<!DOCTYPE html>
<meta charset="utf-8" />
<meta name="viewport" content="width=device-width" />

<title>[Gen 3] OU: dunsparce_real vs. Scansafatiche - Replays - Pok&eacute;mon Showdown!</title>

<meta name="description" content="Watch a replay of a Pok&eacute;mon battle between dunsparce_real and Scansafatiche! Format: [Gen 3] OU; Date: Oct 17, 2024" />
<!--

Hey, you! Looking in the source for the replay log?

You can find them in JSON format, just add `.json` at the end of a replay URL.

https://replay.pokemonshowdown.com/gen7randomdoublesbattle-865046831.json

Or, if you only need the log itself, add `.log` instead:

https://replay.pokemonshowdown.com/gen7randomdoublesbattle-865046831.log

-->

<link rel="stylesheet" href="//pokemonshowdown.com/style/global.css?0.023195364461161105" />
<link rel="stylesheet" href="//play.pokemonshowdown.com/style/font-awesome.css?0.13261647063804238" />
<link rel="stylesheet" href="//play.pokemonshowdown.com/style/battle.css?0.8753245789963631" />
<link rel="stylesheet" href="//play.pokemonshowdown.com/style/utilichart.css?0.8627959624976733" />

<!-- Global site tag (gtag.js) - Google Analytics -->
<script async src="https://www.googletagmanager.com/gtag/js?id=UA-26211653-1"></script>
<script>
  window.dataLayer = window.dataLayer || [];
  function gtag(){dataLayer.push(arguments);}
  gtag('js', new Date());

  gtag('config', 'UA-26211653-1');
</script>
<!-- End Google Analytics -->
<!-- Venatus Ad Manager - Install in <HEAD> of page -->
	<script src="https://hb.vntsm.com/v3/live/ad-manager.min.js" type="text/javascript" data-site-id="642aba63ec9a7b11c3c9c1be" data-mode="scan" async></script>
<!-- / Venatus Ad Manager -->

<style>
	@media (max-width:820px) {
		.battle {
			margin: 0 auto;
		}
		.battle-log {
			margin: 7px auto 0;
			max-width: 640px;
			height: 300px;
			position: static;
		}
	}
	.optgroup {
		display: inline-block;
		line-height: 22px;
		font-size: 10pt;
	}
	.optgroup .button {
		height: 25px;
		padding-top: 0;
		padding-bottom: 0;
	}
	.optgroup button.button {
		padding-left: 12px;
		padding-right: 12px;
	}
	.linklist {
		list-style: none;
		margin: 0.5em 0;
		padding: 0;
	}
	.linklist li {
		padding: 2px 0;
	}
	.sidebar {
		float: left;
		width: 320px;
	}
	.bar-wrapper {
		max-width: 1100px;
		margin: 0 auto;
	}
	.bar-wrapper.has-sidebar {
		max-width: 1430px;
	}
	.mainbar {
		margin: 0;
		padding-right: 1px;
	}
	.mainbar.has-sidebar {
		margin-left: 330px;
	}
	@media (min-width: 1511px) {
		.sidebar {
			width: 400px;
		}
		.bar-wrapper.has-sidebar {
			max-width: 1510px;
		}
		.mainbar.has-sidebar {
			margin-left: 410px;
		}
	}
	.section.first-section {
		margin-top: 9px;
	}
	.blocklink small {
		white-space: normal;
	}
	.button {
		vertical-align: middle;
	}
	.replay-controls {
		padding-top: 10px;
	}
	.replay-controls h1 {
		font-size: 16pt;
		font-weight: normal;
		color: #CCC;
	}
	.pagelink {
		text-align: center;
	}
	.pagelink a {
		width: 150px;
	}
	.textbox, .button {
		font-size: 11pt;
		vertical-align: middle;
	}
	@media (max-width: 450px) {
		.button {
			font-size: 9pt;
		}
	}
</style>

<div>

	<header>
		<div class="nav-wrapper"><ul class="nav">
			<li><a class="button nav-first" href="//pokemonshowdown.com/"><img src="//pokemonshowdown.com/images/pokemonshowdownbeta.png" srcset="//pokemonshowdown.com/images/pokemonshowdownbeta.png 1x, //pokemonshowdown.com/images/pokemonshowdownbeta@2x.png 2x" alt="Pok&eacute;mon Showdown" width="146" height="44" /> Home</a></li>
			<li><a class="button" href="//pokemonshowdown.com/dex/">Pok&eacute;dex</a></li>
			<li><a class="button cur" href="/">Replays</a></li>
			<li><a class="button" href="//pokemonshowdown.com/ladder/">Ladder</a></li>
			<li><a class="button nav-last" href="//pokemonshowdown.com/forums/">Forum</a></li>
			<li><a class="button greenbutton nav-first nav-last" href="//play.pokemonshowdown.com/">Play</a></li>
		</ul></div>
	</header>

	<div class="main" id="main">

		<noscript><section class="section">You need to enable JavaScript to use this page; sorry!</section></noscript>

	</div>

</div>

<script defer nomodule src="//play.pokemonshowdown.com/js/lib/ps-polyfill.js"></script>
<script defer src="//play.pokemonshowdown.com/js/lib/preact.min.js"></script>

<script defer src="//play.pokemonshowdown.com/config/config.js?2bddbc15"></script>
<script defer src="//play.pokemonshowdown.com/js/lib/jquery-1.11.0.min.js"></script>
<script defer src="//play.pokemonshowdown.com/js/lib/html-sanitizer-minified.js"></script>
<script defer src="//play.pokemonshowdown.com/js/battle-sound.js"></script>
<script defer src="//play.pokemonshowdown.com/js/battledata.js?0.7209276989879541"></script>
<script defer src="//play.pokemonshowdown.com/data/pokedex-mini.js?0.6111056340867951"></script>
<script defer src="//play.pokemonshowdown.com/data/pokedex-mini-bw.js?0.3532142036491459"></script>
<script defer src="//play.pokemonshowdown.com/data/graphics.js?0.24223875632456182"></script>
<script defer src="//play.pokemonshowdown.com/data/pokedex.js?0.38839984266356864"></script>
<script defer src="//play.pokemonshowdown.com/data/moves.js?0.21866028504024015"></script>
<script defer src="//play.pokemonshowdown.com/data/abilities.js?0.2005157953846628"></script>
<script defer src="//play.pokemonshowdown.com/data/items.js?0.9894211263848525"></script>
<script defer src="//play.pokemonshowdown.com/data/teambuilder-tables.js?0.6008791140282215"></script>
<script defer src="//play.pokemonshowdown.com/js/battle-tooltips.js?0.7580118955022959"></script>
<script defer src="//play.pokemonshowdown.com/js/battle.js?0.6057722274234274"></script>

<script defer src="js/utils.js?e31f9a17"></script>
<script defer src="js/replays-battle.js?7008c182"></script>

<!-- don't scrape this data! just add .json or .log after the URL!
Full API docs: https://github.com/smogon/pokemon-showdown-client/blob/master/WEB-API.md -->
<script type="text/plain" class="log" id="replaylog-smogtours-gen3ou-799411">
|inactive|Battle timer is ON: inactive players will automatically lose when time's up.
|t:|1729204254
|gametype|singles
|player|p1|dunsparce_real|guitarist|
|player|p2|Scansafatiche|n|
|teamsize|p1|6
|teamsize|p2|6
|gen|3
|tier|[Gen 3] OU
|rule|Sleep Clause Mod: Limit one foe put to sleep
|rule|Switch Priority Clause Mod: Faster Pokémon switch first
|rule|Species Clause: Limit one of each Pokémon
|rule|OHKO Clause: OHKO moves are banned
|rule|Evasion Items Clause: Evasion items are banned
|rule|Evasion Moves Clause: Evasion moves are banned
|rule|Endless Battle Clause: Forcing endless battles is banned
|rule|HP Percentage Mod: HP is shown in percentages
|rule|One Boost Passer Clause: Limit one Baton Passer that has a way to boost its stats
|rule|Freeze Clause Mod: Limit one foe frozen
|
|t:|1729204254
|start
|switch|p1a: Limozeen|Zapdos|100/100
|switch|p2a: Tyranitar|Tyranitar, F|100/100
|-weather|Sandstorm|[from] ability: Sand Stream|[of] p2a: Tyranitar
|turn|1
|
|t:|1729204268
|move|p1a: Limozeen|Baton Pass|p1a: Limozeen
|
|t:|1729204280
|switch|p1a: Green Truffle|Breloom, M|100/100|[from] Baton Pass
|move|p2a: Tyranitar|Rock Slide|p1a: Green Truffle
|-resisted|p1a: Green Truffle
|-damage|p1a: Green Truffle|70/100
|
|-weather|Sandstorm|[upkeep]
|-damage|p1a: Green Truffle|64/100|[from] Sandstorm
|upkeep
|turn|2
|
|t:|1729204306
|switch|p2a: Claydol|Claydol|100/100
|move|p1a: Green Truffle|Spore|p2a: Claydol
|-status|p2a: Claydol|slp|[from] move: Spore
|
|-weather|Sandstorm|[upkeep]
|-damage|p1a: Green Truffle|58/100|[from] Sandstorm
|upkeep
|turn|3
|inactive|dunsparce_real has 270 seconds left.
|inactive|Scansafatiche has 270 seconds left.
|inactive|Scansafatiche has 240 seconds left.
|
|t:|1729204361
|switch|p1a: Shrek 2|Swampert, M|100/100
|cant|p2a: Claydol|slp
|
|-weather|Sandstorm|[upkeep]
|upkeep
|turn|4
|inactive|Scansafatiche has 240 seconds left.
|
|t:|1729204384
|-singleturn|p1a: Shrek 2|move: Focus Punch
|switch|p2a: Skarmory|Skarmory, F|100/100
|move|p1a: Shrek 2|Focus Punch|p2a: Skarmory
|-damage|p2a: Skarmory|70/100
|
|-weather|Sandstorm|[upkeep]
|-heal|p2a: Skarmory|76/100|[from] item: Leftovers
|upkeep
|turn|5
|inactive|dunsparce_real has 270 seconds left.
|
|t:|1729204403
|switch|p1a: FE7 Final Boss|Charizard, M|100/100
|move|p2a: Skarmory|Spikes|p1a: FE7 Final Boss
|-sidestart|p1: dunsparce_real|Spikes
|
|-weather|Sandstorm|[upkeep]
|-damage|p1a: FE7 Final Boss|94/100|[from] Sandstorm
|-heal|p1a: FE7 Final Boss|100/100|[from] item: Leftovers
|-heal|p2a: Skarmory|82/100|[from] item: Leftovers
|upkeep
|turn|6
|inactive|dunsparce_real has 270 seconds left.
|
|t:|1729204421
|switch|p2a: Milotic|Milotic, F|100/100
|move|p1a: FE7 Final Boss|Fire Blast|p2a: Milotic
|-resisted|p2a: Milotic
|-damage|p2a: Milotic|80/100
|
|-weather|Sandstorm|[upkeep]
|-damage|p1a: FE7 Final Boss|94/100|[from] Sandstorm
|-damage|p2a: Milotic|74/100|[from] Sandstorm
|-heal|p1a: FE7 Final Boss|100/100|[from] item: Leftovers
|-heal|p2a: Milotic|80/100|[from] item: Leftovers
|upkeep
|turn|7
|inactive|dunsparce_real has 270 seconds left.
|inactive|Scansafatiche has 210 seconds left.
|
|t:|1729204447
|switch|p1a: Limozeen|Zapdos|100/100
|move|p2a: Milotic|Surf|p1a: Limozeen
|-damage|p1a: Limozeen|65/100
|
|-weather|Sandstorm|[upkeep]
|-damage|p1a: Limozeen|59/100|[from] Sandstorm
|-damage|p2a: Milotic|74/100|[from] Sandstorm
|-heal|p1a: Limozeen|65/100|[from] item: Leftovers
|-heal|p2a: Milotic|80/100|[from] item: Leftovers
|upkeep
|turn|8
|inactive|Scansafatiche has 210 seconds left.
|
|t:|1729204463
|switch|p2a: Blissey|Blissey, F|100/100
|move|p1a: Limozeen|Baton Pass|p1a: Limozeen
|inactive|dunsparce_real has 240 seconds left.
|
|t:|1729204493
|switch|p1a: Green Truffle|Breloom, M|58/100|[from] Baton Pass
|-damage|p1a: Green Truffle|45/100|[from] Spikes
|
|-weather|Sandstorm|[upkeep]
|-damage|p1a: Green Truffle|39/100|[from] Sandstorm
|-damage|p2a: Blissey|94/100|[from] Sandstorm
|-heal|p2a: Blissey|100/100|[from] item: Leftovers
|upkeep
|turn|9
|inactive|Scansafatiche has 210 seconds left.
|
|t:|1729204508
|switch|p2a: Milotic|Milotic, F|80/100
|move|p1a: Green Truffle|Sky Uppercut|p2a: Milotic
|-damage|p2a: Milotic|43/100
|
|-weather|Sandstorm|[upkeep]
|-damage|p1a: Green Truffle|33/100|[from] Sandstorm
|-damage|p2a: Milotic|37/100|[from] Sandstorm
|-heal|p2a: Milotic|43/100|[from] item: Leftovers
|upkeep
|turn|10
|inactive|dunsparce_real has 240 seconds left.
|
|t:|1729204522
|move|p1a: Green Truffle|Sky Uppercut|p2a: Milotic
|-damage|p2a: Milotic|3/100
|move|p2a: Milotic|Recover|p2a: Milotic
|-heal|p2a: Milotic|53/100
|
|-weather|Sandstorm|[upkeep]
|-damage|p1a: Green Truffle|27/100|[from] Sandstorm
|-damage|p2a: Milotic|47/100|[from] Sandstorm
|-heal|p2a: Milotic|53/100|[from] item: Leftovers
|upkeep
|turn|11
|
|t:|1729204538
|-singleturn|p1a: Green Truffle|move: Focus Punch
|move|p2a: Milotic|Recover|p2a: Milotic
|-heal|p2a: Milotic|100/100
|move|p1a: Green Truffle|Focus Punch|p2a: Milotic
|-damage|p2a: Milotic|35/100
|
|-weather|Sandstorm|[upkeep]
|-damage|p1a: Green Truffle|21/100|[from] Sandstorm
|-damage|p2a: Milotic|28/100|[from] Sandstorm
|-enditem|p1a: Green Truffle|Salac Berry|[eat]
|-boost|p1a: Green Truffle|spe|1|[from] item: Salac Berry
|-heal|p2a: Milotic|35/100|[from] item: Leftovers
|upkeep
|turn|12
|inactive|Scansafatiche has 210 seconds left.
|
|t:|1729204554
|switch|p2a: Claydol|Claydol|100/100 slp
|move|p1a: Green Truffle|Sky Uppercut|p2a: Claydol
|-resisted|p2a: Claydol
|-damage|p2a: Claydol|75/100 slp
|
|-weather|Sandstorm|[upkeep]
|-damage|p1a: Green Truffle|15/100|[from] Sandstorm
|-heal|p2a: Claydol|81/100 slp|[from] item: Leftovers
|upkeep
|turn|13
|
|t:|1729204565
|-singleturn|p1a: Green Truffle|move: Focus Punch
|cant|p2a: Claydol|slp
|move|p1a: Green Truffle|Focus Punch|p2a: Claydol
|-resisted|p2a: Claydol
|-damage|p2a: Claydol|36/100 slp
|
|-weather|Sandstorm|[upkeep]
|-damage|p1a: Green Truffle|9/100|[from] Sandstorm
|-heal|p2a: Claydol|42/100 slp|[from] item: Leftovers
|upkeep
|turn|14
|
|t:|1729204577
|-singleturn|p1a: Green Truffle|move: Focus Punch
|-curestatus|p2a: Claydol|slp|[msg]
|move|p2a: Claydol|Psychic|p1a: Green Truffle
|-supereffective|p1a: Green Truffle
|-damage|p1a: Green Truffle|0 fnt
|faint|p1a: Green Truffle
|inactive|dunsparce_real has 240 seconds left.
|inactive|dunsparce_real has 210 seconds left.
|
|t:|1729204630
|switch|p1a: Shrek 2|Swampert, M|100/100
|-damage|p1a: Shrek 2|88/100|[from] Spikes
|
|-weather|Sandstorm|[upkeep]
|-heal|p1a: Shrek 2|94/100|[from] item: Leftovers
|-heal|p2a: Claydol|48/100|[from] item: Leftovers
|upkeep
|turn|15
|inactive|Scansafatiche has 210 seconds left.
|
|t:|1729204656
|move|p1a: Shrek 2|Hydro Pump|p2a: Claydol
|-supereffective|p2a: Claydol
|-damage|p2a: Claydol|0 fnt
|faint|p2a: Claydol
|
|t:|1729204667
|switch|p2a: Blissey|Blissey, F|100/100
|
|-weather|Sandstorm|[upkeep]
|-damage|p2a: Blissey|94/100|[from] Sandstorm
|-heal|p1a: Shrek 2|100/100|[from] item: Leftovers
|-heal|p2a: Blissey|100/100|[from] item: Leftovers
|upkeep
|turn|16
|inactive|dunsparce_real has 210 seconds left.
|
|t:|1729204691
|switch|p1a: SUPERCOMPUTER|Metagross|100/100
|-damage|p1a: SUPERCOMPUTER|88/100|[from] Spikes
|move|p2a: Blissey|Seismic Toss|p1a: SUPERCOMPUTER
|-damage|p1a: SUPERCOMPUTER|57/100
|
|-weather|Sandstorm|[upkeep]
|-damage|p2a: Blissey|94/100|[from] Sandstorm
|-heal|p1a: SUPERCOMPUTER|63/100|[from] item: Leftovers
|-heal|p2a: Blissey|100/100|[from] item: Leftovers
|upkeep
|turn|17
|inactive|Scansafatiche has 210 seconds left.
|
|t:|1729204706
|switch|p2a: Skarmory|Skarmory, F|82/100
|move|p1a: SUPERCOMPUTER|Meteor Mash|p2a: Skarmory
|-resisted|p2a: Skarmory
|-damage|p2a: Skarmory|64/100
|
|-weather|Sandstorm|[upkeep]
|-heal|p1a: SUPERCOMPUTER|69/100|[from] item: Leftovers
|-heal|p2a: Skarmory|70/100|[from] item: Leftovers
|upkeep
|turn|18
|
|t:|1729204719
|move|p1a: SUPERCOMPUTER|Hidden Power|p2a: Skarmory
|-supereffective|p2a: Skarmory
|-damage|p2a: Skarmory|32/100
|move|p2a: Skarmory|Toxic|p1a: SUPERCOMPUTER
|-immune|p1a: SUPERCOMPUTER
|
|-weather|Sandstorm|[upkeep]
|-heal|p1a: SUPERCOMPUTER|75/100|[from] item: Leftovers
|-heal|p2a: Skarmory|38/100|[from] item: Leftovers
|upkeep
|turn|19
|
|t:|1729204732
|switch|p2a: Blissey|Blissey, F|100/100
|move|p1a: SUPERCOMPUTER|Meteor Mash|p2a: Blissey
|-damage|p2a: Blissey|60/100
|-boost|p1a: SUPERCOMPUTER|atk|1
|
|-weather|Sandstorm|[upkeep]
|-damage|p2a: Blissey|54/100|[from] Sandstorm
|-heal|p1a: SUPERCOMPUTER|81/100|[from] item: Leftovers
|-heal|p2a: Blissey|60/100|[from] item: Leftovers
|upkeep
|turn|20
|
|t:|1729204741
|move|p1a: SUPERCOMPUTER|Meteor Mash|p2a: Blissey
|-damage|p2a: Blissey|0 fnt
|faint|p2a: Blissey
|
|t:|1729204748
|switch|p2a: Dugtrio|Dugtrio, M|100/100
|
|-weather|Sandstorm|[upkeep]
|-heal|p1a: SUPERCOMPUTER|87/100|[from] item: Leftovers
|upkeep
|turn|21
|
|t:|1729204754
|move|p2a: Dugtrio|Earthquake|p1a: SUPERCOMPUTER
|-supereffective|p1a: SUPERCOMPUTER
|-damage|p1a: SUPERCOMPUTER|0 fnt
|faint|p1a: SUPERCOMPUTER
|inactive|dunsparce_real has 240 seconds left.
|
|t:|1729204780
|switch|p1a: FE7 Final Boss|Charizard, M|100/100
|
|-weather|Sandstorm|[upkeep]
|-damage|p1a: FE7 Final Boss|94/100|[from] Sandstorm
|-heal|p1a: FE7 Final Boss|100/100|[from] item: Leftovers
|upkeep
|turn|22
|inactive|Scansafatiche has 210 seconds left.
|
|t:|1729204804
|switch|p2a: Skarmory|Skarmory, F|38/100
|move|p1a: FE7 Final Boss|Hidden Power|p2a: Skarmory
|-resisted|p2a: Skarmory
|-damage|p2a: Skarmory|34/100
|
|-weather|Sandstorm|[upkeep]
|-damage|p1a: FE7 Final Boss|94/100|[from] Sandstorm
|-heal|p1a: FE7 Final Boss|100/100|[from] item: Leftovers
|-heal|p2a: Skarmory|40/100|[from] item: Leftovers
|upkeep
|turn|23
|
|t:|1729204812
|switch|p2a: Tyranitar|Tyranitar, F|100/100
|move|p1a: FE7 Final Boss|Fire Blast|p2a: Tyranitar|[miss]
|-miss|p1a: FE7 Final Boss|p2a: Tyranitar
|
|-weather|Sandstorm|[upkeep]
|-damage|p1a: FE7 Final Boss|94/100|[from] Sandstorm
|-heal|p1a: FE7 Final Boss|100/100|[from] item: Leftovers
|upkeep
|turn|24
|
|t:|1729204825
|switch|p1a: Shrek 2|Swampert, M|100/100
|-damage|p1a: Shrek 2|88/100|[from] Spikes
|move|p2a: Tyranitar|Roar|p1a: Shrek 2
|drag|p1a: FE7 Final Boss|Charizard, M|100/100
|
|-weather|Sandstorm|[upkeep]
|-damage|p1a: FE7 Final Boss|94/100|[from] Sandstorm
|-heal|p1a: FE7 Final Boss|100/100|[from] item: Leftovers
|upkeep
|turn|25
|
|t:|1729204829
|switch|p1a: Shrek 2|Swampert, M|88/100
|-damage|p1a: Shrek 2|76/100|[from] Spikes
|move|p2a: Tyranitar|Rock Slide|p1a: Shrek 2
|-resisted|p1a: Shrek 2
|-damage|p1a: Shrek 2|53/100
|
|-weather|Sandstorm|[upkeep]
|-heal|p1a: Shrek 2|59/100|[from] item: Leftovers
|upkeep
|turn|26
|inactive|dunsparce_real has 270 seconds left.
|
|t:|1729204834
|move|p1a: Shrek 2|Hydro Pump|p2a: Tyranitar
|-supereffective|p2a: Tyranitar
|-damage|p2a: Tyranitar|12/100
|move|p2a: Tyranitar|Earthquake|p1a: Shrek 2
|-damage|p1a: Shrek 2|15/100
|
|-weather|Sandstorm|[upkeep]
|-heal|p1a: Shrek 2|22/100|[from] item: Leftovers
|-heal|p2a: Tyranitar|19/100|[from] item: Leftovers
|upkeep
|turn|27
|inactive|Scansafatiche has 240 seconds left.
|
|t:|1729204844
|move|p1a: Shrek 2|Earthquake|p2a: Tyranitar
|-supereffective|p2a: Tyranitar
|-crit|p2a: Tyranitar
|-damage|p2a: Tyranitar|0 fnt
|faint|p2a: Tyranitar
|inactive|Scansafatiche has 240 seconds left.
|
|t:|1729204855
|switch|p2a: Milotic|Milotic, F|35/100
|
|-weather|Sandstorm|[upkeep]
|-damage|p2a: Milotic|28/100|[from] Sandstorm
|-heal|p1a: Shrek 2|28/100|[from] item: Leftovers
|-heal|p2a: Milotic|35/100|[from] item: Leftovers
|upkeep
|turn|28
|
|t:|1729204870
|move|p1a: Shrek 2|Earthquake|p2a: Milotic
|-damage|p2a: Milotic|7/100
|move|p2a: Milotic|Recover|p2a: Milotic
|-heal|p2a: Milotic|57/100
|
|-weather|Sandstorm|[upkeep]
|-damage|p2a: Milotic|51/100|[from] Sandstorm
|-heal|p1a: Shrek 2|34/100|[from] item: Leftovers
|-heal|p2a: Milotic|57/100|[from] item: Leftovers
|upkeep
|turn|29
|
|t:|1729204881
|switch|p1a: Limozeen|Zapdos|65/100
|move|p2a: Milotic|Recover|p2a: Milotic
|-heal|p2a: Milotic|100/100
|
|-weather|Sandstorm|[upkeep]
|-damage|p1a: Limozeen|59/100|[from] Sandstorm
|-damage|p2a: Milotic|94/100|[from] Sandstorm
|-heal|p1a: Limozeen|65/100|[from] item: Leftovers
|-heal|p2a: Milotic|100/100|[from] item: Leftovers
|upkeep
|turn|30
|
|t:|1729204899
|move|p1a: Limozeen|Hidden Power|p2a: Milotic
|-supereffective|p2a: Milotic
|-damage|p2a: Milotic|66/100
|move|p2a: Milotic|Toxic|p1a: Limozeen|[miss]
|-miss|p2a: Milotic|p1a: Limozeen
|
|-weather|Sandstorm|[upkeep]
|-damage|p1a: Limozeen|59/100|[from] Sandstorm
|-damage|p2a: Milotic|60/100|[from] Sandstorm
|-heal|p1a: Limozeen|65/100|[from] item: Leftovers
|-heal|p2a: Milotic|66/100|[from] item: Leftovers
|upkeep
|turn|31
|
|t:|1729204910
|move|p1a: Limozeen|Thunderbolt|p2a: Milotic
|-supereffective|p2a: Milotic
|-damage|p2a: Milotic|0 fnt
|faint|p2a: Milotic
|c|☆Scansafatiche|gg
|-message|Scansafatiche forfeited.
|
|win|dunsparce_real
|c|☆dunsparce_real|gg
|player|p1|
|c|☆Scansafatiche|/log Scansafatiche made the replay of this battle unlisted.

</script>
<script type="application/json" class="data" id="replaydata-smogtours-gen3ou-799411">
{"id":"smogtours-gen3ou-799411","format":"[Gen 3] OU","players":["dunsparce_real","Scansafatiche"],"uploadtime":1729204920,"views":72,"formatid":"gen3ou","rating":null,"private":1,"password":null}
</script>

<script defer src="js/replays.js?9d40a366"></script>
