<!DOCTYPE html>
<meta charset="utf-8" />
<meta name="viewport" content="width=device-width" />

<title>[Gen 3] OU: zoyotte vs. FunkyCop1998 - Replays - Pok&eacute;mon Showdown!</title>

<meta name="description" content="Watch a replay of a Pok&eacute;mon battle between zoyotte and FunkyCop1998! Format: [Gen 3] OU; Date: Oct 25, 2024" />
<!--

Hey, you! Looking in the source for the replay log?

You can find them in JSON format, just add `.json` at the end of a replay URL.

https://replay.pokemonshowdown.com/gen7randomdoublesbattle-865046831.json

Or, if you only need the log itself, add `.log` instead:

https://replay.pokemonshowdown.com/gen7randomdoublesbattle-865046831.log

-->

<link rel="stylesheet" href="//pokemonshowdown.com/style/global.css?0.767286132409787" />
<link rel="stylesheet" href="//play.pokemonshowdown.com/style/font-awesome.css?0.9266228007934947" />
<link rel="stylesheet" href="//play.pokemonshowdown.com/style/battle.css?0.7924700842790926" />
<link rel="stylesheet" href="//play.pokemonshowdown.com/style/utilichart.css?0.8777417872839479" />

<!-- Global site tag (gtag.js) - Google Analytics -->
<script async src="https://www.googletagmanager.com/gtag/js?id=UA-26211653-1"></script>
<script>
  window.dataLayer = window.dataLayer || [];
  function gtag(){dataLayer.push(arguments);}
  gtag('js', new Date());

  gtag('config', 'UA-26211653-1');
</script>
<!-- End Google Analytics -->
<!-- Venatus Ad Manager - Install in <HEAD> of page -->
	<script src="https://hb.vntsm.com/v3/live/ad-manager.min.js" type="text/javascript" data-site-id="642aba63ec9a7b11c3c9c1be" data-mode="scan" async></script>
<!-- / Venatus Ad Manager -->

<style>
	@media (max-width:820px) {
		.battle {
			margin: 0 auto;
		}
		.battle-log {
			margin: 7px auto 0;
			max-width: 640px;
			height: 300px;
			position: static;
		}
	}
	.optgroup {
		display: inline-block;
		line-height: 22px;
		font-size: 10pt;
	}
	.optgroup .button {
		height: 25px;
		padding-top: 0;
		padding-bottom: 0;
	}
	.optgroup button.button {
		padding-left: 12px;
		padding-right: 12px;
	}
	.linklist {
		list-style: none;
		margin: 0.5em 0;
		padding: 0;
	}
	.linklist li {
		padding: 2px 0;
	}
	.sidebar {
		float: left;
		width: 320px;
	}
	.bar-wrapper {
		max-width: 1100px;
		margin: 0 auto;
	}
	.bar-wrapper.has-sidebar {
		max-width: 1430px;
	}
	.mainbar {
		margin: 0;
		padding-right: 1px;
	}
	.mainbar.has-sidebar {
		margin-left: 330px;
	}
	@media (min-width: 1511px) {
		.sidebar {
			width: 400px;
		}
		.bar-wrapper.has-sidebar {
			max-width: 1510px;
		}
		.mainbar.has-sidebar {
			margin-left: 410px;
		}
	}
	.section.first-section {
		margin-top: 9px;
	}
	.blocklink small {
		white-space: normal;
	}
	.button {
		vertical-align: middle;
	}
	.replay-controls {
		padding-top: 10px;
	}
	.replay-controls h1 {
		font-size: 16pt;
		font-weight: normal;
		color: #CCC;
	}
	.pagelink {
		text-align: center;
	}
	.pagelink a {
		width: 150px;
	}
	.textbox, .button {
		font-size: 11pt;
		vertical-align: middle;
	}
	@media (max-width: 450px) {
		.button {
			font-size: 9pt;
		}
	}
</style>

<div>

	<header>
		<div class="nav-wrapper"><ul class="nav">
			<li><a class="button nav-first" href="//pokemonshowdown.com/"><img src="//pokemonshowdown.com/images/pokemonshowdownbeta.png" srcset="//pokemonshowdown.com/images/pokemonshowdownbeta.png 1x, //pokemonshowdown.com/images/pokemonshowdownbeta@2x.png 2x" alt="Pok&eacute;mon Showdown" width="146" height="44" /> Home</a></li>
			<li><a class="button" href="//pokemonshowdown.com/dex/">Pok&eacute;dex</a></li>
			<li><a class="button cur" href="/">Replays</a></li>
			<li><a class="button" href="//pokemonshowdown.com/ladder/">Ladder</a></li>
			<li><a class="button nav-last" href="//pokemonshowdown.com/forums/">Forum</a></li>
			<li><a class="button greenbutton nav-first nav-last" href="//play.pokemonshowdown.com/">Play</a></li>
		</ul></div>
	</header>

	<div class="main" id="main">

		<noscript><section class="section">You need to enable JavaScript to use this page; sorry!</section></noscript>

	</div>

</div>

<script defer nomodule src="//play.pokemonshowdown.com/js/lib/ps-polyfill.js"></script>
<script defer src="//play.pokemonshowdown.com/js/lib/preact.min.js"></script>

<script defer src="//play.pokemonshowdown.com/config/config.js?6dec07f6"></script>
<script defer src="//play.pokemonshowdown.com/js/lib/jquery-1.11.0.min.js"></script>
<script defer src="//play.pokemonshowdown.com/js/lib/html-sanitizer-minified.js"></script>
<script defer src="//play.pokemonshowdown.com/js/battle-sound.js"></script>
<script defer src="//play.pokemonshowdown.com/js/battledata.js?0.6315294753075389"></script>
<script defer src="//play.pokemonshowdown.com/data/pokedex-mini.js?0.7603743185311358"></script>
<script defer src="//play.pokemonshowdown.com/data/pokedex-mini-bw.js?0.030888842834281283"></script>
<script defer src="//play.pokemonshowdown.com/data/graphics.js?0.05593094747507488"></script>
<script defer src="//play.pokemonshowdown.com/data/pokedex.js?0.47064822249611904"></script>
<script defer src="//play.pokemonshowdown.com/data/moves.js?0.8583693120512459"></script>
<script defer src="//play.pokemonshowdown.com/data/abilities.js?0.16017181182386842"></script>
<script defer src="//play.pokemonshowdown.com/data/items.js?0.4163379185673943"></script>
<script defer src="//play.pokemonshowdown.com/data/teambuilder-tables.js?0.31075597372830477"></script>
<script defer src="//play.pokemonshowdown.com/js/battle-tooltips.js?0.6536193500708172"></script>
<script defer src="//play.pokemonshowdown.com/js/battle.js?0.1916591943277901"></script>

<script defer src="js/utils.js?e31f9a17"></script>
<script defer src="js/replays-battle.js?7008c182"></script>

<!-- don't scrape this data! just add .json or .log after the URL!
Full API docs: https://github.com/smogon/pokemon-showdown-client/blob/master/WEB-API.md -->
<script type="text/plain" class="log" id="replaylog-smogtours-gen3ou-801905">
|inactive|Battle timer is ON: inactive players will automatically lose when time's up.
|t:|1729887104
|gametype|singles
|player|p1|zoyotte|#zoyotte|
|player|p2|FunkyCop1998|169|
|teamsize|p1|6
|teamsize|p2|6
|gen|3
|tier|[Gen 3] OU
|rule|Sleep Clause Mod: Limit one foe put to sleep
|rule|Switch Priority Clause Mod: Faster Pokémon switch first
|rule|Species Clause: Limit one of each Pokémon
|rule|OHKO Clause: OHKO moves are banned
|rule|Evasion Items Clause: Evasion items are banned
|rule|Evasion Moves Clause: Evasion moves are banned
|rule|Endless Battle Clause: Forcing endless battles is banned
|rule|HP Percentage Mod: HP is shown in percentages
|rule|One Boost Passer Clause: Limit one Baton Passer that has a way to boost its stats
|rule|Freeze Clause Mod: Limit one foe frozen
|
|t:|1729887104
|start
|switch|p1a: Salamence|Salamence, F|100/100
|switch|p2a: Metagross|Metagross|100/100
|-ability|p1a: Salamence|Intimidate|boost
|-fail|p2a: Metagross|unboost|[from] ability: Clear Body|[of] p2a: Metagross
|turn|1
|c|☆FunkyCop1998|gl hf
|c|☆zoyotte|hf
|
|t:|1729887115
|switch|p1a: Skarmory|Skarmory, M|100/100
|switch|p2a: Porygon2|Porygon2|100/100
|-ability|p2a: Porygon2|Keen Eye|[from] ability: Trace|[of] p1a: Skarmory
|
|upkeep
|turn|2
|
|t:|1729887123
|switch|p1a: Claydol|Claydol|100/100
|switch|p2a: Magneton|Magneton|100/100
|
|upkeep
|turn|3
|
|t:|1729887138
|switch|p2a: Celebi|Celebi|100/100
|move|p1a: Claydol|Earthquake|p2a: Celebi
|-resisted|p2a: Celebi
|-damage|p2a: Celebi|88/100
|
|-heal|p2a: Celebi|94/100|[from] item: Leftovers
|upkeep
|turn|4
|
|t:|1729887165
|switch|p2a: Porygon2|Porygon2|100/100
|-ability|p2a: Porygon2|Levitate|[from] ability: Trace|[of] p1a: Claydol
|switch|p1a: Jirachi|Jirachi|100/100
|
|upkeep
|turn|5
|
|t:|1729887174
|switch|p1a: Milotic|Milotic, F|100/100
|move|p2a: Porygon2|Thunder Wave|p1a: Milotic
|-status|p1a: Milotic|par
|
|upkeep
|turn|6
|
|t:|1729887181
|move|p2a: Porygon2|Thunderbolt|p1a: Milotic
|-supereffective|p1a: Milotic
|-damage|p1a: Milotic|66/100 par
|move|p1a: Milotic|Toxic|p2a: Porygon2|[miss]
|-miss|p1a: Milotic|p2a: Porygon2
|
|-heal|p1a: Milotic|72/100 par|[from] item: Leftovers
|upkeep
|turn|7
|
|t:|1729887195
|switch|p2a: Celebi|Celebi|94/100
|cant|p1a: Milotic|par
|
|-heal|p2a: Celebi|99/100|[from] item: Leftovers
|-heal|p1a: Milotic|78/100 par|[from] item: Leftovers
|upkeep
|turn|8
|
|t:|1729887205
|switch|p2a: Camerupt|Camerupt, M|100/100
|switch|p1a: Salamence|Salamence, F|100/100
|-ability|p1a: Salamence|Intimidate|boost
|-unboost|p2a: Camerupt|atk|1
|
|upkeep
|turn|9
|inactive|zoyotte has 270 seconds left.
|c|☆zoyotte|o
|c|☆zoyotte|cool
|
|t:|1729887240
|move|p1a: Salamence|Hidden Power|p2a: Camerupt
|-damage|p2a: Camerupt|19/100
|move|p2a: Camerupt|Fire Blast|p1a: Salamence
|-resisted|p1a: Salamence
|-damage|p1a: Salamence|71/100
|
|-heal|p2a: Camerupt|25/100|[from] item: Leftovers
|upkeep
|turn|10
|
|t:|1729887249
|switch|p2a: Metagross|Metagross|100/100
|move|p1a: Salamence|Hidden Power|p2a: Metagross
|-resisted|p2a: Metagross
|-damage|p2a: Metagross|83/100
|
|-heal|p2a: Metagross|90/100|[from] item: Leftovers
|upkeep
|turn|11
|
|t:|1729887262
|switch|p1a: Skarmory|Skarmory, M|100/100
|switch|p2a: Magneton|Magneton|100/100
|
|upkeep
|turn|12
|
|t:|1729887266
|move|p1a: Skarmory|Protect|p1a: Skarmory
|-singleturn|p1a: Skarmory|Protect
|move|p2a: Magneton|Thunderbolt|p1a: Skarmory
|-activate|p1a: Skarmory|Protect
|
|upkeep
|turn|13
|
|t:|1729887271
|move|p2a: Magneton|Thunderbolt|p1a: Skarmory
|-supereffective|p1a: Skarmory
|-damage|p1a: Skarmory|0 fnt
|faint|p1a: Skarmory
|
|t:|1729887275
|switch|p1a: Claydol|Claydol|100/100
|
|upkeep
|turn|14
|
|t:|1729887279
|switch|p2a: Porygon2|Porygon2|100/100
|-ability|p2a: Porygon2|Levitate|[from] ability: Trace|[of] p1a: Claydol
|move|p1a: Claydol|Explosion|p2a: Porygon2
|-damage|p2a: Porygon2|11/100
|faint|p1a: Claydol
|
|t:|1729887286
|switch|p1a: Salamence|Salamence, F|71/100
|-ability|p1a: Salamence|Intimidate|boost
|-unboost|p2a: Porygon2|atk|1
|
|-heal|p2a: Porygon2|17/100|[from] item: Leftovers
|upkeep
|turn|15
|c|☆FunkyCop1998|its a team i saw from callus
|
|t:|1729887315
|switch|p2a: Camerupt|Camerupt, M|25/100
|move|p1a: Salamence|Hidden Power|p2a: Camerupt
|-damage|p2a: Camerupt|0 fnt
|faint|p2a: Camerupt
|
|t:|1729887319
|switch|p2a: Metagross|Metagross|90/100
|
|-heal|p2a: Metagross|96/100|[from] item: Leftovers
|upkeep
|turn|16
|
|t:|1729887341
|switch|p1a: Milotic|Milotic, F|78/100 par
|move|p2a: Metagross|Earthquake|p1a: Milotic
|-damage|p1a: Milotic|64/100 par
|
|-heal|p2a: Metagross|100/100|[from] item: Leftovers
|-heal|p1a: Milotic|70/100 par|[from] item: Leftovers
|upkeep
|turn|17
|
|t:|1729887348
|switch|p2a: Porygon2|Porygon2|17/100
|-ability|p2a: Porygon2|Marvel Scale|[from] ability: Trace|[of] p1a: Milotic
|cant|p1a: Milotic|par
|
|-heal|p2a: Porygon2|23/100|[from] item: Leftovers
|-heal|p1a: Milotic|76/100 par|[from] item: Leftovers
|upkeep
|turn|18
|
|t:|1729887357
|switch|p1a: Salamence|Salamence, F|71/100
|-ability|p1a: Salamence|Intimidate|boost
|-unboost|p2a: Porygon2|atk|1
|move|p2a: Porygon2|Recover|p2a: Porygon2
|-heal|p2a: Porygon2|73/100
|
|-heal|p2a: Porygon2|79/100|[from] item: Leftovers
|upkeep
|turn|19
|
|t:|1729887368
|switch|p1a: Porygon2|Porygon2|100/100
|-ability|p1a: Porygon2|Marvel Scale|[from] ability: Trace|[of] p2a: Porygon2
|move|p2a: Porygon2|Ice Beam|p1a: Porygon2
|-damage|p1a: Porygon2|80/100
|
|-heal|p2a: Porygon2|86/100|[from] item: Leftovers
|-heal|p1a: Porygon2|87/100|[from] item: Leftovers
|upkeep
|turn|20
|
|t:|1729887376
|move|p1a: Porygon2|Thunder Wave|p2a: Porygon2
|-status|p2a: Porygon2|par
|cant|p2a: Porygon2|par
|
|-heal|p1a: Porygon2|93/100|[from] item: Leftovers
|-heal|p2a: Porygon2|92/100 par|[from] item: Leftovers
|upkeep
|turn|21
|
|t:|1729887390
|switch|p1a: Jirachi|Jirachi|100/100
|move|p2a: Porygon2|Thunder Wave|p1a: Jirachi
|-status|p1a: Jirachi|par
|
|-heal|p2a: Porygon2|98/100 par|[from] item: Leftovers
|upkeep
|turn|22
|
|t:|1729887404
|switch|p2a: Celebi|Celebi|99/100
|cant|p1a: Jirachi|par
|
|-heal|p2a: Celebi|100/100|[from] item: Leftovers
|upkeep
|turn|23
|
|t:|1729887424
|move|p2a: Celebi|Calm Mind|p2a: Celebi
|-boost|p2a: Celebi|spa|1
|-boost|p2a: Celebi|spd|1
|move|p1a: Jirachi|Calm Mind|p1a: Jirachi
|-boost|p1a: Jirachi|spa|1
|-boost|p1a: Jirachi|spd|1
|
|upkeep
|turn|24
|
|t:|1729887428
|switch|p2a: Metagross|Metagross|100/100
|move|p1a: Jirachi|Calm Mind|p1a: Jirachi
|-boost|p1a: Jirachi|spa|1
|-boost|p1a: Jirachi|spd|1
|
|upkeep
|turn|25
|
|t:|1729887433
|switch|p1a: Salamence|Salamence, F|71/100
|-ability|p1a: Salamence|Intimidate|boost
|-fail|p2a: Metagross|unboost|[from] ability: Clear Body|[of] p2a: Metagross
|move|p2a: Metagross|Earthquake|p1a: Salamence
|-immune|p1a: Salamence
|
|upkeep
|turn|26
|
|t:|1729887441
|move|p2a: Metagross|Protect|p2a: Metagross
|-singleturn|p2a: Metagross|Protect
|move|p1a: Salamence|Hidden Power|p2a: Metagross
|-activate|p2a: Metagross|Protect
|
|upkeep
|turn|27
|
|t:|1729887459
|switch|p1a: Milotic|Milotic, F|76/100 par
|switch|p2a: Gyarados|Gyarados, M|100/100
|-ability|p2a: Gyarados|Intimidate|boost
|-unboost|p1a: Milotic|atk|1
|
|-heal|p1a: Milotic|82/100 par|[from] item: Leftovers
|upkeep
|turn|28
|
|t:|1729887492
|move|p2a: Gyarados|Taunt|p1a: Milotic
|-start|p1a: Milotic|move: Taunt
|cant|p1a: Milotic|move: Taunt|Toxic
|
|-heal|p1a: Milotic|88/100 par|[from] item: Leftovers
|upkeep
|turn|29
|inactive|zoyotte has 270 seconds left.
|
|t:|1729887517
|switch|p1a: Porygon2|Porygon2|93/100
|-ability|p1a: Porygon2|Intimidate|[from] ability: Trace|[of] p2a: Gyarados
|move|p2a: Gyarados|Dragon Dance|p2a: Gyarados
|-boost|p2a: Gyarados|atk|1
|-boost|p2a: Gyarados|spe|1
|
|-heal|p1a: Porygon2|99/100|[from] item: Leftovers
|upkeep
|turn|30
|inactive|FunkyCop1998 has 270 seconds left.
|inactive|FunkyCop1998 has 240 seconds left.
|inactive|FunkyCop1998 has 210 seconds left.
|
|t:|1729887607
|move|p2a: Gyarados|Dragon Dance|p2a: Gyarados
|-boost|p2a: Gyarados|atk|1
|-boost|p2a: Gyarados|spe|1
|move|p1a: Porygon2|Thunderbolt|p2a: Gyarados
|-supereffective|p2a: Gyarados
|-damage|p2a: Gyarados|5/100
|-status|p2a: Gyarados|par
|
|-heal|p1a: Porygon2|100/100|[from] item: Leftovers
|-heal|p2a: Gyarados|12/100 par|[from] item: Leftovers
|upkeep
|turn|31
|inactive|zoyotte has 270 seconds left.
|inactive|FunkyCop1998 has 210 seconds left.
|
|t:|1729887648
|move|p1a: Porygon2|Thunderbolt|p2a: Gyarados
|-supereffective|p2a: Gyarados
|-damage|p2a: Gyarados|0 fnt
|faint|p2a: Gyarados
|inactive|FunkyCop1998 has 210 seconds left.
|
|t:|1729887660
|switch|p2a: Porygon2|Porygon2|98/100 par
|-ability|p2a: Porygon2|Intimidate|[from] ability: Trace|[of] p1a: Porygon2
|
|-heal|p2a: Porygon2|100/100 par|[from] item: Leftovers
|upkeep
|turn|32
|
|t:|1729887679
|switch|p1a: Jirachi|Jirachi|100/100 par
|switch|p2a: Magneton|Magneton|100/100
|
|upkeep
|turn|33
|
|t:|1729887684
|move|p2a: Magneton|Thunderbolt|p1a: Jirachi
|-damage|p1a: Jirachi|40/100 par
|cant|p1a: Jirachi|par
|
|-heal|p1a: Jirachi|46/100 par|[from] item: Leftovers
|upkeep
|turn|34
|c|☆zoyotte|aaaa
|
|t:|1729887692
|move|p2a: Magneton|Thunderbolt|p1a: Jirachi
|-damage|p1a: Jirachi|0 fnt
|faint|p1a: Jirachi
|
|t:|1729887694
|switch|p1a: Salamence|Salamence, F|71/100
|-ability|p1a: Salamence|Intimidate|boost
|-unboost|p2a: Magneton|atk|1
|
|upkeep
|turn|35
|c|☆FunkyCop1998|:(
|inactive|FunkyCop1998 has 240 seconds left.
|
|t:|1729887711
|switch|p2a: Celebi|Celebi|100/100
|move|p1a: Salamence|Hidden Power|p2a: Celebi
|-supereffective|p2a: Celebi
|-crit|p2a: Celebi
|-damage|p2a: Celebi|0 fnt
|faint|p2a: Celebi
|
|t:|1729887714
|switch|p2a: Magneton|Magneton|100/100
|
|upkeep
|turn|36
|inactive|FunkyCop1998 has 240 seconds left.
|inactive|zoyotte has 270 seconds left.
|
|t:|1729887745
|switch|p1a: Milotic|Milotic, F|88/100 par
|move|p2a: Magneton|Toxic||[still]
|-fail|p2a: Magneton
|
|-heal|p1a: Milotic|94/100 par|[from] item: Leftovers
|upkeep
|turn|37
|
|t:|1729887753
|switch|p1a: Porygon2|Porygon2|100/100
|-ability|p1a: Porygon2|Magnet Pull|[from] ability: Trace|[of] p2a: Magneton
|move|p2a: Magneton|Thunderbolt|p1a: Porygon2
|-damage|p1a: Porygon2|46/100
|
|-heal|p1a: Porygon2|53/100|[from] item: Leftovers
|upkeep
|turn|38
|
|t:|1729887758
|move|p2a: Magneton|Thunderbolt|p1a: Porygon2
|-damage|p1a: Porygon2|0 fnt
|faint|p1a: Porygon2
|
|t:|1729887761
|switch|p1a: Salamence|Salamence, F|71/100
|-ability|p1a: Salamence|Intimidate|boost
|-unboost|p2a: Magneton|atk|1
|
|upkeep
|turn|39
|inactive|FunkyCop1998 has 270 seconds left.
|
|t:|1729887771
|switch|p2a: Porygon2|Porygon2|100/100 par
|-ability|p2a: Porygon2|Intimidate|[from] ability: Trace|[of] p1a: Salamence
|move|p1a: Salamence|Brick Break|p2a: Porygon2
|-supereffective|p2a: Porygon2
|-damage|p2a: Porygon2|40/100 par
|
|-heal|p2a: Porygon2|46/100 par|[from] item: Leftovers
|upkeep
|turn|40
|
|t:|1729887780
|move|p1a: Salamence|Brick Break|p2a: Porygon2
|-supereffective|p2a: Porygon2
|-damage|p2a: Porygon2|0 fnt
|faint|p2a: Porygon2
|
|t:|1729887785
|switch|p2a: Metagross|Metagross|100/100
|
|upkeep
|turn|41
|
|t:|1729887790
|switch|p1a: Milotic|Milotic, F|94/100 par
|move|p2a: Metagross|Meteor Mash|p1a: Milotic|[miss]
|-miss|p2a: Metagross|p1a: Milotic
|
|-heal|p1a: Milotic|99/100 par|[from] item: Leftovers
|upkeep
|turn|42
|
|t:|1729887796
|switch|p1a: Salamence|Salamence, F|71/100
|-ability|p1a: Salamence|Intimidate|boost
|-fail|p2a: Metagross|unboost|[from] ability: Clear Body|[of] p2a: Metagross
|move|p2a: Metagross|Meteor Mash|p1a: Salamence
|-damage|p1a: Salamence|16/100
|
|upkeep
|turn|43
|
|t:|1729887802
|switch|p1a: Milotic|Milotic, F|99/100 par
|move|p2a: Metagross|Protect||[still]
|-fail|p2a: Metagross
|
|-heal|p1a: Milotic|100/100 par|[from] item: Leftovers
|upkeep
|turn|44
|
|t:|1729887805
|move|p2a: Metagross|Meteor Mash|p1a: Milotic
|-resisted|p1a: Milotic
|-damage|p1a: Milotic|89/100 par
|-boost|p2a: Metagross|atk|1
|cant|p1a: Milotic|par
|
|-heal|p1a: Milotic|95/100 par|[from] item: Leftovers
|upkeep
|turn|45
|
|t:|1729887813
|move|p2a: Metagross|Earthquake|p1a: Milotic
|-damage|p1a: Milotic|71/100 par
|move|p1a: Milotic|Surf|p2a: Metagross
|-damage|p2a: Metagross|68/100
|
|-heal|p2a: Metagross|74/100|[from] item: Leftovers
|-heal|p1a: Milotic|77/100 par|[from] item: Leftovers
|upkeep
|turn|46
|
|t:|1729887817
|move|p2a: Metagross|Meteor Mash|p1a: Milotic
|-resisted|p1a: Milotic
|-damage|p1a: Milotic|60/100 par
|move|p1a: Milotic|Surf|p2a: Metagross
|-damage|p2a: Metagross|41/100
|
|-heal|p2a: Metagross|47/100|[from] item: Leftovers
|-heal|p1a: Milotic|66/100 par|[from] item: Leftovers
|upkeep
|turn|47
|
|t:|1729887826
|move|p2a: Metagross|Meteor Mash|p1a: Milotic
|-resisted|p1a: Milotic
|-damage|p1a: Milotic|48/100 par
|move|p1a: Milotic|Surf|p2a: Metagross
|-damage|p2a: Metagross|15/100
|
|-heal|p2a: Metagross|21/100|[from] item: Leftovers
|-heal|p1a: Milotic|54/100 par|[from] item: Leftovers
|upkeep
|turn|48
|
|t:|1729887837
|move|p2a: Metagross|Earthquake|p1a: Milotic
|-damage|p1a: Milotic|30/100 par
|move|p1a: Milotic|Surf|p2a: Metagross
|-crit|p2a: Metagross
|-damage|p2a: Metagross|0 fnt
|faint|p2a: Metagross
|
|t:|1729887839
|switch|p2a: Magneton|Magneton|100/100
|
|-heal|p1a: Milotic|36/100 par|[from] item: Leftovers
|upkeep
|turn|49
|
|t:|1729887843
|move|p2a: Magneton|Thunderbolt|p1a: Milotic
|-supereffective|p1a: Milotic
|-damage|p1a: Milotic|0 fnt
|faint|p1a: Milotic
|
|t:|1729887846
|switch|p1a: Salamence|Salamence, F|16/100
|-ability|p1a: Salamence|Intimidate|boost
|-unboost|p2a: Magneton|atk|1
|
|upkeep
|turn|50
|
|t:|1729887850
|move|p1a: Salamence|Earthquake|p2a: Magneton
|-supereffective|p2a: Magneton
|-damage|p2a: Magneton|0 fnt
|faint|p2a: Magneton
|
|win|zoyotte
|c|☆FunkyCop1998|gg
|c|☆FunkyCop1998|close game

</script>
<script type="application/json" class="data" id="replaydata-smogtours-gen3ou-801905">
{"id":"smogtours-gen3ou-801905","format":"[Gen 3] OU","players":["zoyotte","FunkyCop1998"],"uploadtime":1729887850,"views":74,"formatid":"gen3ou","rating":null,"private":0,"password":null}
</script>

<script defer src="js/replays.js?9d40a366"></script>
