<!DOCTYPE html>
<meta charset="utf-8" />
<meta name="viewport" content="width=device-width" />

<title>[Gen 3] OU: JoeFlint vs. Milkshook♡ - Replays - Pok&eacute;mon Showdown!</title>

<meta name="description" content="Watch a replay of a Pok&eacute;mon battle between JoeFlint and Milkshook♡! Format: [Gen 3] OU; Date: Oct 10, 2024" />
<!--

Hey, you! Looking in the source for the replay log?

You can find them in JSON format, just add `.json` at the end of a replay URL.

https://replay.pokemonshowdown.com/gen7randomdoublesbattle-865046831.json

Or, if you only need the log itself, add `.log` instead:

https://replay.pokemonshowdown.com/gen7randomdoublesbattle-865046831.log

-->

<link rel="stylesheet" href="//pokemonshowdown.com/style/global.css?0.767286132409787" />
<link rel="stylesheet" href="//play.pokemonshowdown.com/style/font-awesome.css?0.9266228007934947" />
<link rel="stylesheet" href="//play.pokemonshowdown.com/style/battle.css?0.7924700842790926" />
<link rel="stylesheet" href="//play.pokemonshowdown.com/style/utilichart.css?0.8777417872839479" />

<!-- Global site tag (gtag.js) - Google Analytics -->
<script async src="https://www.googletagmanager.com/gtag/js?id=UA-26211653-1"></script>
<script>
  window.dataLayer = window.dataLayer || [];
  function gtag(){dataLayer.push(arguments);}
  gtag('js', new Date());

  gtag('config', 'UA-26211653-1');
</script>
<!-- End Google Analytics -->
<!-- Venatus Ad Manager - Install in <HEAD> of page -->
	<script src="https://hb.vntsm.com/v3/live/ad-manager.min.js" type="text/javascript" data-site-id="642aba63ec9a7b11c3c9c1be" data-mode="scan" async></script>
<!-- / Venatus Ad Manager -->

<style>
	@media (max-width:820px) {
		.battle {
			margin: 0 auto;
		}
		.battle-log {
			margin: 7px auto 0;
			max-width: 640px;
			height: 300px;
			position: static;
		}
	}
	.optgroup {
		display: inline-block;
		line-height: 22px;
		font-size: 10pt;
	}
	.optgroup .button {
		height: 25px;
		padding-top: 0;
		padding-bottom: 0;
	}
	.optgroup button.button {
		padding-left: 12px;
		padding-right: 12px;
	}
	.linklist {
		list-style: none;
		margin: 0.5em 0;
		padding: 0;
	}
	.linklist li {
		padding: 2px 0;
	}
	.sidebar {
		float: left;
		width: 320px;
	}
	.bar-wrapper {
		max-width: 1100px;
		margin: 0 auto;
	}
	.bar-wrapper.has-sidebar {
		max-width: 1430px;
	}
	.mainbar {
		margin: 0;
		padding-right: 1px;
	}
	.mainbar.has-sidebar {
		margin-left: 330px;
	}
	@media (min-width: 1511px) {
		.sidebar {
			width: 400px;
		}
		.bar-wrapper.has-sidebar {
			max-width: 1510px;
		}
		.mainbar.has-sidebar {
			margin-left: 410px;
		}
	}
	.section.first-section {
		margin-top: 9px;
	}
	.blocklink small {
		white-space: normal;
	}
	.button {
		vertical-align: middle;
	}
	.replay-controls {
		padding-top: 10px;
	}
	.replay-controls h1 {
		font-size: 16pt;
		font-weight: normal;
		color: #CCC;
	}
	.pagelink {
		text-align: center;
	}
	.pagelink a {
		width: 150px;
	}
	.textbox, .button {
		font-size: 11pt;
		vertical-align: middle;
	}
	@media (max-width: 450px) {
		.button {
			font-size: 9pt;
		}
	}
</style>

<div>

	<header>
		<div class="nav-wrapper"><ul class="nav">
			<li><a class="button nav-first" href="//pokemonshowdown.com/"><img src="//pokemonshowdown.com/images/pokemonshowdownbeta.png" srcset="//pokemonshowdown.com/images/pokemonshowdownbeta.png 1x, //pokemonshowdown.com/images/pokemonshowdownbeta@2x.png 2x" alt="Pok&eacute;mon Showdown" width="146" height="44" /> Home</a></li>
			<li><a class="button" href="//pokemonshowdown.com/dex/">Pok&eacute;dex</a></li>
			<li><a class="button cur" href="/">Replays</a></li>
			<li><a class="button" href="//pokemonshowdown.com/ladder/">Ladder</a></li>
			<li><a class="button nav-last" href="//pokemonshowdown.com/forums/">Forum</a></li>
			<li><a class="button greenbutton nav-first nav-last" href="//play.pokemonshowdown.com/">Play</a></li>
		</ul></div>
	</header>

	<div class="main" id="main">

		<noscript><section class="section">You need to enable JavaScript to use this page; sorry!</section></noscript>

	</div>

</div>

<script defer nomodule src="//play.pokemonshowdown.com/js/lib/ps-polyfill.js"></script>
<script defer src="//play.pokemonshowdown.com/js/lib/preact.min.js"></script>

<script defer src="//play.pokemonshowdown.com/config/config.js?6dec07f6"></script>
<script defer src="//play.pokemonshowdown.com/js/lib/jquery-1.11.0.min.js"></script>
<script defer src="//play.pokemonshowdown.com/js/lib/html-sanitizer-minified.js"></script>
<script defer src="//play.pokemonshowdown.com/js/battle-sound.js"></script>
<script defer src="//play.pokemonshowdown.com/js/battledata.js?0.6315294753075389"></script>
<script defer src="//play.pokemonshowdown.com/data/pokedex-mini.js?0.7603743185311358"></script>
<script defer src="//play.pokemonshowdown.com/data/pokedex-mini-bw.js?0.030888842834281283"></script>
<script defer src="//play.pokemonshowdown.com/data/graphics.js?0.05593094747507488"></script>
<script defer src="//play.pokemonshowdown.com/data/pokedex.js?0.47064822249611904"></script>
<script defer src="//play.pokemonshowdown.com/data/moves.js?0.8583693120512459"></script>
<script defer src="//play.pokemonshowdown.com/data/abilities.js?0.16017181182386842"></script>
<script defer src="//play.pokemonshowdown.com/data/items.js?0.4163379185673943"></script>
<script defer src="//play.pokemonshowdown.com/data/teambuilder-tables.js?0.31075597372830477"></script>
<script defer src="//play.pokemonshowdown.com/js/battle-tooltips.js?0.6536193500708172"></script>
<script defer src="//play.pokemonshowdown.com/js/battle.js?0.1916591943277901"></script>

<script defer src="js/utils.js?e31f9a17"></script>
<script defer src="js/replays-battle.js?7008c182"></script>

<!-- don't scrape this data! just add .json or .log after the URL!
Full API docs: https://github.com/smogon/pokemon-showdown-client/blob/master/WEB-API.md -->
<script type="text/plain" class="log" id="replaylog-smogtours-gen3ou-796958">
|inactive|Battle timer is ON: inactive players will automatically lose when time's up.
|t:|1728584560
|gametype|singles
|player|p1|JoeFlint|170|
|player|p2|Milkshook♡|iris-gen5bw2|
|teamsize|p1|6
|teamsize|p2|6
|gen|3
|tier|[Gen 3] OU
|rule|Sleep Clause Mod: Limit one foe put to sleep
|rule|Switch Priority Clause Mod: Faster Pokémon switch first
|rule|Species Clause: Limit one of each Pokémon
|rule|OHKO Clause: OHKO moves are banned
|rule|Evasion Items Clause: Evasion items are banned
|rule|Evasion Moves Clause: Evasion moves are banned
|rule|Endless Battle Clause: Forcing endless battles is banned
|rule|HP Percentage Mod: HP is shown in percentages
|rule|One Boost Passer Clause: Limit one Baton Passer that has a way to boost its stats
|rule|Freeze Clause Mod: Limit one foe frozen
|
|t:|1728584560
|start
|switch|p1a: Zapdos|Zapdos|100/100
|switch|p2a: Tyranitar|Tyranitar, F|100/100
|-weather|Sandstorm|[from] ability: Sand Stream|[of] p2a: Tyranitar
|turn|1
|inactive|Milkshook♡ also wants the timer to be on.
|c|☆Milkshook♡|gl hf
|
|t:|1728584566
|switch|p1a: Metagross|Metagross|100/100
|move|p2a: Tyranitar|Ice Beam|p1a: Metagross
|-resisted|p1a: Metagross
|-damage|p1a: Metagross|88/100
|
|-weather|Sandstorm|[upkeep]
|-heal|p1a: Metagross|94/100|[from] item: Leftovers
|upkeep
|turn|2
|c|☆JoeFlint|Glhf
|
|t:|1728584590
|switch|p2a: Skarmory|Skarmory, F|100/100
|move|p1a: Metagross|Meteor Mash|p2a: Skarmory|[miss]
|-miss|p1a: Metagross|p2a: Skarmory
|
|-weather|Sandstorm|[upkeep]
|-heal|p1a: Metagross|99/100|[from] item: Leftovers
|upkeep
|turn|3
|
|t:|1728584595
|switch|p1a: Zapdos|Zapdos|100/100
|move|p2a: Skarmory|Spikes|p1a: Zapdos
|-sidestart|p1: JoeFlint|Spikes
|
|-weather|Sandstorm|[upkeep]
|-damage|p1a: Zapdos|94/100|[from] Sandstorm
|-heal|p1a: Zapdos|100/100|[from] item: Leftovers
|upkeep
|turn|4
|
|t:|1728584598
|switch|p2a: Celebi|Celebi|100/100
|move|p1a: Zapdos|Thunderbolt|p2a: Celebi
|-resisted|p2a: Celebi
|-damage|p2a: Celebi|78/100
|
|-weather|Sandstorm|[upkeep]
|-damage|p1a: Zapdos|94/100|[from] Sandstorm
|-damage|p2a: Celebi|72/100|[from] Sandstorm
|-heal|p1a: Zapdos|100/100|[from] item: Leftovers
|-heal|p2a: Celebi|78/100|[from] item: Leftovers
|upkeep
|turn|5
|
|t:|1728584603
|move|p1a: Zapdos|Hidden Power|p2a: Celebi
|-supereffective|p2a: Celebi
|-damage|p2a: Celebi|33/100
|move|p2a: Celebi|Psychic|p1a: Zapdos
|-damage|p1a: Zapdos|57/100
|
|-weather|Sandstorm|[upkeep]
|-damage|p1a: Zapdos|50/100|[from] Sandstorm
|-damage|p2a: Celebi|26/100|[from] Sandstorm
|-heal|p1a: Zapdos|57/100|[from] item: Leftovers
|-heal|p2a: Celebi|33/100|[from] item: Leftovers
|upkeep
|turn|6
|
|t:|1728584615
|switch|p2a: Tyranitar|Tyranitar, F|100/100
|move|p1a: Zapdos|Baton Pass|p1a: Zapdos
|
|t:|1728584617
|switch|p1a: Hariyama|Hariyama, F|100/100|[from] Baton Pass
|-damage|p1a: Hariyama|88/100|[from] Spikes
|
|-weather|Sandstorm|[upkeep]
|-damage|p1a: Hariyama|82/100|[from] Sandstorm
|-heal|p1a: Hariyama|88/100|[from] item: Leftovers
|upkeep
|turn|7
|inactive|Milkshook♡ has 270 seconds left.
|
|t:|1728584662
|-singleturn|p1a: Hariyama|move: Focus Punch
|switch|p2a: Celebi|Celebi|33/100
|move|p1a: Hariyama|Focus Punch|p2a: Celebi
|-resisted|p2a: Celebi
|-crit|p2a: Celebi
|-damage|p2a: Celebi|0 fnt
|faint|p2a: Celebi
|
|t:|1728584674
|switch|p2a: Aerodactyl|Aerodactyl, M|100/100
|
|-weather|Sandstorm|[upkeep]
|-damage|p1a: Hariyama|82/100|[from] Sandstorm
|-heal|p1a: Hariyama|88/100|[from] item: Leftovers
|upkeep
|turn|8
|
|t:|1728584680
|move|p2a: Aerodactyl|Double-Edge|p1a: Hariyama
|-damage|p1a: Hariyama|34/100
|move|p1a: Hariyama|Rock Slide|p2a: Aerodactyl
|-supereffective|p2a: Aerodactyl
|-damage|p2a: Aerodactyl|21/100
|
|-weather|Sandstorm|[upkeep]
|-damage|p1a: Hariyama|28/100|[from] Sandstorm
|-heal|p1a: Hariyama|34/100|[from] item: Leftovers
|upkeep
|turn|9
|inactive|Milkshook♡ has 270 seconds left.
|
|t:|1728584688
|switch|p1a: Tyranitar|Tyranitar, M|100/100
|-damage|p1a: Tyranitar|88/100|[from] Spikes
|move|p2a: Aerodactyl|Double-Edge|p1a: Tyranitar
|-resisted|p1a: Tyranitar
|-damage|p1a: Tyranitar|60/100
|
|-weather|Sandstorm|[upkeep]
|-heal|p1a: Tyranitar|66/100|[from] item: Leftovers
|upkeep
|turn|10
|inactive|Milkshook♡ has 270 seconds left.
|
|t:|1728584727
|switch|p2a: Skarmory|Skarmory, F|100/100
|move|p1a: Tyranitar|Fire Blast|p2a: Skarmory
|-supereffective|p2a: Skarmory
|-damage|p2a: Skarmory|37/100
|
|-weather|Sandstorm|[upkeep]
|-heal|p1a: Tyranitar|72/100|[from] item: Leftovers
|-heal|p2a: Skarmory|43/100|[from] item: Leftovers
|upkeep
|turn|11
|inactive|Milkshook♡ has 240 seconds left.
|
|t:|1728584747
|-singleturn|p1a: Tyranitar|move: Focus Punch
|switch|p2a: Salamence|Salamence, F|100/100
|-ability|p2a: Salamence|Intimidate|boost
|-unboost|p1a: Tyranitar|atk|1
|move|p1a: Tyranitar|Focus Punch|p2a: Salamence
|-resisted|p2a: Salamence
|-damage|p2a: Salamence|76/100
|
|-weather|Sandstorm|[upkeep]
|-damage|p2a: Salamence|70/100|[from] Sandstorm
|-heal|p2a: Salamence|76/100|[from] item: Leftovers
|-heal|p1a: Tyranitar|78/100|[from] item: Leftovers
|upkeep
|turn|12
|
|t:|1728584766
|switch|p1a: Metagross|Metagross|99/100
|-damage|p1a: Metagross|88/100|[from] Spikes
|move|p2a: Salamence|Brick Break|p1a: Metagross
|-damage|p1a: Metagross|75/100
|
|-weather|Sandstorm|[upkeep]
|-damage|p2a: Salamence|70/100|[from] Sandstorm
|-heal|p2a: Salamence|76/100|[from] item: Leftovers
|-heal|p1a: Metagross|81/100|[from] item: Leftovers
|upkeep
|turn|13
|inactive|Milkshook♡ has 240 seconds left.
|
|t:|1728584795
|move|p2a: Salamence|Fire Blast|p1a: Metagross
|-supereffective|p1a: Metagross
|-damage|p1a: Metagross|0 fnt
|faint|p1a: Metagross
|
|t:|1728584804
|switch|p1a: Zapdos|Zapdos|57/100
|
|-weather|Sandstorm|[upkeep]
|-damage|p1a: Zapdos|50/100|[from] Sandstorm
|-damage|p2a: Salamence|70/100|[from] Sandstorm
|-heal|p1a: Zapdos|57/100|[from] item: Leftovers
|-heal|p2a: Salamence|76/100|[from] item: Leftovers
|upkeep
|turn|14
|
|t:|1728584809
|switch|p2a: Swampert|Swampert, F|100/100
|move|p1a: Zapdos|Hidden Power|p2a: Swampert
|-damage|p2a: Swampert|78/100
|
|-weather|Sandstorm|[upkeep]
|-damage|p1a: Zapdos|50/100|[from] Sandstorm
|-heal|p1a: Zapdos|57/100|[from] item: Leftovers
|-heal|p2a: Swampert|84/100|[from] item: Leftovers
|upkeep
|turn|15
|
|t:|1728584819
|move|p1a: Zapdos|Baton Pass|p1a: Zapdos
|
|t:|1728584847
|switch|p1a: Hariyama|Hariyama, F|34/100|[from] Baton Pass
|-damage|p1a: Hariyama|22/100|[from] Spikes
|move|p2a: Swampert|Ice Beam|p1a: Hariyama
|-damage|p1a: Hariyama|3/100
|-status|p1a: Hariyama|frz
|
|-weather|Sandstorm|[upkeep]
|-damage|p1a: Hariyama|0 fnt|[from] Sandstorm
|faint|p1a: Hariyama
|-heal|p2a: Swampert|90/100|[from] item: Leftovers
|upkeep
|
|t:|1728584849
|switch|p1a: Tyranitar|Tyranitar, M|78/100
|-damage|p1a: Tyranitar|66/100|[from] Spikes
|turn|16
|
|t:|1728584862
|switch|p2a: Salamence|Salamence, F|76/100
|-ability|p2a: Salamence|Intimidate|boost
|-unboost|p1a: Tyranitar|atk|1
|move|p1a: Tyranitar|Hidden Power|p2a: Salamence
|-resisted|p2a: Salamence
|-damage|p2a: Salamence|69/100
|
|-weather|Sandstorm|[upkeep]
|-damage|p2a: Salamence|63/100|[from] Sandstorm
|-heal|p2a: Salamence|69/100|[from] item: Leftovers
|-heal|p1a: Tyranitar|72/100|[from] item: Leftovers
|upkeep
|turn|17
|
|t:|1728584872
|switch|p1a: Starmie|Starmie|100/100
|-damage|p1a: Starmie|88/100|[from] Spikes
|move|p2a: Salamence|Dragon Claw|p1a: Starmie
|-damage|p1a: Starmie|43/100
|
|-weather|Sandstorm|[upkeep]
|-damage|p1a: Starmie|37/100|[from] Sandstorm
|-damage|p2a: Salamence|63/100|[from] Sandstorm
|-heal|p1a: Starmie|43/100|[from] item: Leftovers
|-heal|p2a: Salamence|69/100|[from] item: Leftovers
|upkeep
|turn|18
|
|t:|1728584897
|move|p1a: Starmie|Recover|p1a: Starmie
|-heal|p1a: Starmie|93/100
|move|p2a: Salamence|Hidden Power|p1a: Starmie
|-supereffective|p1a: Starmie
|-damage|p1a: Starmie|37/100
|
|-weather|Sandstorm|[upkeep]
|-damage|p1a: Starmie|30/100|[from] Sandstorm
|-damage|p2a: Salamence|63/100|[from] Sandstorm
|-heal|p1a: Starmie|37/100|[from] item: Leftovers
|-heal|p2a: Salamence|69/100|[from] item: Leftovers
|upkeep
|turn|19
|inactive|Milkshook♡ has 240 seconds left.
|
|t:|1728584922
|switch|p2a: Tyranitar|Tyranitar, F|100/100
|move|p1a: Starmie|Thunder Wave|p2a: Tyranitar
|-status|p2a: Tyranitar|par
|-enditem|p2a: Tyranitar|Lum Berry|[eat]
|-curestatus|p2a: Tyranitar|par|[msg]
|
|-weather|Sandstorm|[upkeep]
|-damage|p1a: Starmie|30/100|[from] Sandstorm
|-heal|p1a: Starmie|37/100|[from] item: Leftovers
|upkeep
|turn|20
|
|t:|1728584929
|switch|p1a: Tyranitar|Tyranitar, M|72/100
|-damage|p1a: Tyranitar|60/100|[from] Spikes
|move|p2a: Tyranitar|Hidden Power|p1a: Tyranitar
|-supereffective|p1a: Tyranitar
|-damage|p1a: Tyranitar|20/100
|
|-weather|Sandstorm|[upkeep]
|-heal|p1a: Tyranitar|26/100|[from] item: Leftovers
|upkeep
|turn|21
|
|t:|1728584943
|-singleturn|p1a: Tyranitar|move: Focus Punch
|switch|p2a: Skarmory|Skarmory, F|43/100
|move|p1a: Tyranitar|Focus Punch|p2a: Skarmory
|-damage|p2a: Skarmory|3/100
|
|-weather|Sandstorm|[upkeep]
|-heal|p1a: Tyranitar|32/100|[from] item: Leftovers
|-heal|p2a: Skarmory|9/100|[from] item: Leftovers
|upkeep
|turn|22
|
|t:|1728584950
|move|p1a: Tyranitar|Rock Slide|p2a: Skarmory
|-damage|p2a: Skarmory|0 fnt
|faint|p2a: Skarmory
|
|t:|1728584964
|switch|p2a: Aerodactyl|Aerodactyl, M|21/100
|
|-weather|Sandstorm|[upkeep]
|-heal|p1a: Tyranitar|38/100|[from] item: Leftovers
|upkeep
|turn|23
|
|t:|1728584994
|move|p2a: Aerodactyl|Rock Slide|p1a: Tyranitar|[miss]
|-miss|p2a: Aerodactyl|p1a: Tyranitar
|move|p1a: Tyranitar|Rock Slide|p2a: Aerodactyl
|-supereffective|p2a: Aerodactyl
|-damage|p2a: Aerodactyl|0 fnt
|faint|p2a: Aerodactyl
|
|t:|1728584997
|switch|p2a: Salamence|Salamence, F|69/100
|-ability|p2a: Salamence|Intimidate|boost
|-unboost|p1a: Tyranitar|atk|1
|
|-weather|Sandstorm|[upkeep]
|-damage|p2a: Salamence|63/100|[from] Sandstorm
|-heal|p2a: Salamence|69/100|[from] item: Leftovers
|-heal|p1a: Tyranitar|44/100|[from] item: Leftovers
|upkeep
|turn|24
|
|t:|1728585004
|move|p2a: Salamence|Dragon Claw|p1a: Tyranitar
|-crit|p1a: Tyranitar
|-damage|p1a: Tyranitar|0 fnt
|faint|p1a: Tyranitar
|
|t:|1728585007
|switch|p1a: Zapdos|Zapdos|57/100
|
|-weather|Sandstorm|[upkeep]
|-damage|p1a: Zapdos|50/100|[from] Sandstorm
|-damage|p2a: Salamence|63/100|[from] Sandstorm
|-heal|p1a: Zapdos|57/100|[from] item: Leftovers
|-heal|p2a: Salamence|69/100|[from] item: Leftovers
|upkeep
|turn|25
|
|t:|1728585010
|switch|p2a: Swampert|Swampert, F|90/100
|move|p1a: Zapdos|Baton Pass|p1a: Zapdos
|
|t:|1728585014
|switch|p1a: Starmie|Starmie|37/100|[from] Baton Pass
|-damage|p1a: Starmie|24/100|[from] Spikes
|
|-weather|Sandstorm|[upkeep]
|-damage|p1a: Starmie|18/100|[from] Sandstorm
|-heal|p1a: Starmie|24/100|[from] item: Leftovers
|-heal|p2a: Swampert|96/100|[from] item: Leftovers
|upkeep
|turn|26
|
|t:|1728585016
|move|p1a: Starmie|Recover|p1a: Starmie
|-heal|p1a: Starmie|74/100
|move|p2a: Swampert|Earthquake|p1a: Starmie
|-damage|p1a: Starmie|30/100
|
|-weather|Sandstorm|[upkeep]
|-damage|p1a: Starmie|24/100|[from] Sandstorm
|-heal|p1a: Starmie|30/100|[from] item: Leftovers
|-heal|p2a: Swampert|100/100|[from] item: Leftovers
|upkeep
|turn|27
|
|t:|1728585019
|move|p1a: Starmie|Recover|p1a: Starmie
|-heal|p1a: Starmie|80/100
|move|p2a: Swampert|Earthquake|p1a: Starmie
|-damage|p1a: Starmie|35/100
|
|-weather|Sandstorm|[upkeep]
|-damage|p1a: Starmie|29/100|[from] Sandstorm
|-heal|p1a: Starmie|35/100|[from] item: Leftovers
|upkeep
|turn|28
|
|t:|1728585022
|move|p1a: Starmie|Recover|p1a: Starmie
|-heal|p1a: Starmie|85/100
|move|p2a: Swampert|Earthquake|p1a: Starmie
|-damage|p1a: Starmie|42/100
|
|-weather|Sandstorm|[upkeep]
|-damage|p1a: Starmie|36/100|[from] Sandstorm
|-heal|p1a: Starmie|42/100|[from] item: Leftovers
|upkeep
|turn|29
|
|t:|1728585028
|move|p1a: Starmie|Surf|p2a: Swampert
|-damage|p2a: Swampert|73/100
|move|p2a: Swampert|Earthquake|p1a: Starmie
|-crit|p1a: Starmie
|-damage|p1a: Starmie|0 fnt
|faint|p1a: Starmie
|
|t:|1728585031
|switch|p1a: Blissey|Blissey, F|100/100
|-damage|p1a: Blissey|88/100|[from] Spikes
|
|-weather|Sandstorm|[upkeep]
|-damage|p1a: Blissey|82/100|[from] Sandstorm
|-heal|p1a: Blissey|88/100|[from] item: Leftovers
|-heal|p2a: Swampert|79/100|[from] item: Leftovers
|upkeep
|turn|30
|
|t:|1728585036
|move|p2a: Swampert|Protect|p2a: Swampert
|-singleturn|p2a: Swampert|Protect
|move|p1a: Blissey|Wish|p1a: Blissey
|
|-weather|Sandstorm|[upkeep]
|-damage|p1a: Blissey|82/100|[from] Sandstorm
|-heal|p1a: Blissey|88/100|[from] item: Leftovers
|-heal|p2a: Swampert|86/100|[from] item: Leftovers
|upkeep
|turn|31
|
|t:|1728585039
|move|p1a: Blissey|Seismic Toss|p2a: Swampert
|-damage|p2a: Swampert|61/100
|move|p2a: Swampert|Earthquake|p1a: Blissey
|-damage|p1a: Blissey|56/100
|
|-heal|p1a: Blissey|100/100|[from] move: Wish|[wisher] Blissey
|-weather|Sandstorm|[upkeep]
|-damage|p1a: Blissey|94/100|[from] Sandstorm
|-heal|p1a: Blissey|100/100|[from] item: Leftovers
|-heal|p2a: Swampert|67/100|[from] item: Leftovers
|upkeep
|turn|32
|
|t:|1728585048
|move|p1a: Blissey|Seismic Toss|p2a: Swampert
|-damage|p2a: Swampert|42/100
|move|p2a: Swampert|Earthquake|p1a: Blissey
|-damage|p1a: Blissey|70/100
|
|-weather|Sandstorm|[upkeep]
|-damage|p1a: Blissey|64/100|[from] Sandstorm
|-heal|p1a: Blissey|70/100|[from] item: Leftovers
|-heal|p2a: Swampert|48/100|[from] item: Leftovers
|upkeep
|turn|33
|
|t:|1728585056
|move|p1a: Blissey|Seismic Toss|p2a: Swampert
|-damage|p2a: Swampert|24/100
|move|p2a: Swampert|Earthquake|p1a: Blissey
|-damage|p1a: Blissey|38/100
|
|-weather|Sandstorm|[upkeep]
|-damage|p1a: Blissey|32/100|[from] Sandstorm
|-heal|p1a: Blissey|38/100|[from] item: Leftovers
|-heal|p2a: Swampert|30/100|[from] item: Leftovers
|upkeep
|turn|34
|
|t:|1728585075
|-singleturn|p2a: Swampert|move: Focus Punch
|move|p1a: Blissey|Soft-Boiled|p1a: Blissey
|-heal|p1a: Blissey|88/100
|move|p2a: Swampert|Focus Punch|p1a: Blissey
|-supereffective|p1a: Blissey
|-damage|p1a: Blissey|18/100
|
|-weather|Sandstorm|[upkeep]
|-damage|p1a: Blissey|12/100|[from] Sandstorm
|-heal|p1a: Blissey|18/100|[from] item: Leftovers
|-heal|p2a: Swampert|36/100|[from] item: Leftovers
|upkeep
|turn|35
|
|t:|1728585092
|move|p1a: Blissey|Soft-Boiled|p1a: Blissey
|-heal|p1a: Blissey|68/100
|move|p2a: Swampert|Earthquake|p1a: Blissey
|-damage|p1a: Blissey|34/100
|
|-weather|Sandstorm|[upkeep]
|-damage|p1a: Blissey|27/100|[from] Sandstorm
|-heal|p1a: Blissey|34/100|[from] item: Leftovers
|-heal|p2a: Swampert|42/100|[from] item: Leftovers
|upkeep
|turn|36
|
|t:|1728585111
|-singleturn|p2a: Swampert|move: Focus Punch
|move|p1a: Blissey|Seismic Toss|p2a: Swampert
|-damage|p2a: Swampert|17/100
|move|p2a: Swampert|Focus Punch||[still]
|cant|p2a: Swampert|Focus Punch|Focus Punch
|
|-weather|Sandstorm|[upkeep]
|-damage|p1a: Blissey|27/100|[from] Sandstorm
|-heal|p1a: Blissey|34/100|[from] item: Leftovers
|-heal|p2a: Swampert|24/100|[from] item: Leftovers
|upkeep
|turn|37
|
|t:|1728585114
|-singleturn|p2a: Swampert|move: Focus Punch
|move|p1a: Blissey|Seismic Toss|p2a: Swampert
|-damage|p2a: Swampert|0 fnt
|faint|p2a: Swampert
|
|t:|1728585117
|switch|p2a: Tyranitar|Tyranitar, F|100/100
|
|-weather|Sandstorm|[upkeep]
|-damage|p1a: Blissey|27/100|[from] Sandstorm
|-heal|p1a: Blissey|34/100|[from] item: Leftovers
|upkeep
|turn|38
|
|t:|1728585120
|move|p2a: Tyranitar|Brick Break|p1a: Blissey
|-supereffective|p1a: Blissey
|-damage|p1a: Blissey|0 fnt
|faint|p1a: Blissey
|
|t:|1728585122
|switch|p1a: Zapdos|Zapdos|57/100
|
|-weather|Sandstorm|[upkeep]
|-damage|p1a: Zapdos|50/100|[from] Sandstorm
|-heal|p1a: Zapdos|57/100|[from] item: Leftovers
|upkeep
|turn|39
|
|t:|1728585129
|move|p1a: Zapdos|Thunderbolt|p2a: Tyranitar
|-damage|p2a: Tyranitar|51/100
|move|p2a: Tyranitar|Ice Beam|p1a: Zapdos
|-supereffective|p1a: Zapdos
|-damage|p1a: Zapdos|0 fnt
|faint|p1a: Zapdos
|
|win|Milkshook♡
|c|☆Milkshook♡|gg
|c|☆JoeFlint|Ggs

</script>
<script type="application/json" class="data" id="replaydata-smogtours-gen3ou-796958">
{"id":"smogtours-gen3ou-796958","format":"[Gen 3] OU","players":["JoeFlint","Milkshook\u2661"],"uploadtime":1728585129,"views":112,"formatid":"gen3ou","rating":null,"private":1,"password":null}
</script>

<script defer src="js/replays.js?9d40a366"></script>
