<!DOCTYPE html>
<meta charset="utf-8" />
<meta name="viewport" content="width=device-width" />

<title>[Gen 3] OU: TaviTavi vs. Darksamer - Replays - Pok&eacute;mon Showdown!</title>

<meta name="description" content="Watch a replay of a Pok&eacute;mon battle between TaviTavi and Darksamer! Format: [Gen 3] OU; Date: Oct 15, 2024" />
<!--

Hey, you! Looking in the source for the replay log?

You can find them in JSON format, just add `.json` at the end of a replay URL.

https://replay.pokemonshowdown.com/gen7randomdoublesbattle-865046831.json

Or, if you only need the log itself, add `.log` instead:

https://replay.pokemonshowdown.com/gen7randomdoublesbattle-865046831.log

-->

<link rel="stylesheet" href="//pokemonshowdown.com/style/global.css?0.023195364461161105" />
<link rel="stylesheet" href="//play.pokemonshowdown.com/style/font-awesome.css?0.13261647063804238" />
<link rel="stylesheet" href="//play.pokemonshowdown.com/style/battle.css?0.8753245789963631" />
<link rel="stylesheet" href="//play.pokemonshowdown.com/style/utilichart.css?0.8627959624976733" />

<!-- Global site tag (gtag.js) - Google Analytics -->
<script async src="https://www.googletagmanager.com/gtag/js?id=UA-26211653-1"></script>
<script>
  window.dataLayer = window.dataLayer || [];
  function gtag(){dataLayer.push(arguments);}
  gtag('js', new Date());

  gtag('config', 'UA-26211653-1');
</script>
<!-- End Google Analytics -->
<!-- Venatus Ad Manager - Install in <HEAD> of page -->
	<script src="https://hb.vntsm.com/v3/live/ad-manager.min.js" type="text/javascript" data-site-id="642aba63ec9a7b11c3c9c1be" data-mode="scan" async></script>
<!-- / Venatus Ad Manager -->

<style>
	@media (max-width:820px) {
		.battle {
			margin: 0 auto;
		}
		.battle-log {
			margin: 7px auto 0;
			max-width: 640px;
			height: 300px;
			position: static;
		}
	}
	.optgroup {
		display: inline-block;
		line-height: 22px;
		font-size: 10pt;
	}
	.optgroup .button {
		height: 25px;
		padding-top: 0;
		padding-bottom: 0;
	}
	.optgroup button.button {
		padding-left: 12px;
		padding-right: 12px;
	}
	.linklist {
		list-style: none;
		margin: 0.5em 0;
		padding: 0;
	}
	.linklist li {
		padding: 2px 0;
	}
	.sidebar {
		float: left;
		width: 320px;
	}
	.bar-wrapper {
		max-width: 1100px;
		margin: 0 auto;
	}
	.bar-wrapper.has-sidebar {
		max-width: 1430px;
	}
	.mainbar {
		margin: 0;
		padding-right: 1px;
	}
	.mainbar.has-sidebar {
		margin-left: 330px;
	}
	@media (min-width: 1511px) {
		.sidebar {
			width: 400px;
		}
		.bar-wrapper.has-sidebar {
			max-width: 1510px;
		}
		.mainbar.has-sidebar {
			margin-left: 410px;
		}
	}
	.section.first-section {
		margin-top: 9px;
	}
	.blocklink small {
		white-space: normal;
	}
	.button {
		vertical-align: middle;
	}
	.replay-controls {
		padding-top: 10px;
	}
	.replay-controls h1 {
		font-size: 16pt;
		font-weight: normal;
		color: #CCC;
	}
	.pagelink {
		text-align: center;
	}
	.pagelink a {
		width: 150px;
	}
	.textbox, .button {
		font-size: 11pt;
		vertical-align: middle;
	}
	@media (max-width: 450px) {
		.button {
			font-size: 9pt;
		}
	}
</style>

<div>

	<header>
		<div class="nav-wrapper"><ul class="nav">
			<li><a class="button nav-first" href="//pokemonshowdown.com/"><img src="//pokemonshowdown.com/images/pokemonshowdownbeta.png" srcset="//pokemonshowdown.com/images/pokemonshowdownbeta.png 1x, //pokemonshowdown.com/images/pokemonshowdownbeta@2x.png 2x" alt="Pok&eacute;mon Showdown" width="146" height="44" /> Home</a></li>
			<li><a class="button" href="//pokemonshowdown.com/dex/">Pok&eacute;dex</a></li>
			<li><a class="button cur" href="/">Replays</a></li>
			<li><a class="button" href="//pokemonshowdown.com/ladder/">Ladder</a></li>
			<li><a class="button nav-last" href="//pokemonshowdown.com/forums/">Forum</a></li>
			<li><a class="button greenbutton nav-first nav-last" href="//play.pokemonshowdown.com/">Play</a></li>
		</ul></div>
	</header>

	<div class="main" id="main">

		<noscript><section class="section">You need to enable JavaScript to use this page; sorry!</section></noscript>

	</div>

</div>

<script defer nomodule src="//play.pokemonshowdown.com/js/lib/ps-polyfill.js"></script>
<script defer src="//play.pokemonshowdown.com/js/lib/preact.min.js"></script>

<script defer src="//play.pokemonshowdown.com/config/config.js?2bddbc15"></script>
<script defer src="//play.pokemonshowdown.com/js/lib/jquery-1.11.0.min.js"></script>
<script defer src="//play.pokemonshowdown.com/js/lib/html-sanitizer-minified.js"></script>
<script defer src="//play.pokemonshowdown.com/js/battle-sound.js"></script>
<script defer src="//play.pokemonshowdown.com/js/battledata.js?0.7209276989879541"></script>
<script defer src="//play.pokemonshowdown.com/data/pokedex-mini.js?0.6111056340867951"></script>
<script defer src="//play.pokemonshowdown.com/data/pokedex-mini-bw.js?0.3532142036491459"></script>
<script defer src="//play.pokemonshowdown.com/data/graphics.js?0.24223875632456182"></script>
<script defer src="//play.pokemonshowdown.com/data/pokedex.js?0.38839984266356864"></script>
<script defer src="//play.pokemonshowdown.com/data/moves.js?0.21866028504024015"></script>
<script defer src="//play.pokemonshowdown.com/data/abilities.js?0.2005157953846628"></script>
<script defer src="//play.pokemonshowdown.com/data/items.js?0.9894211263848525"></script>
<script defer src="//play.pokemonshowdown.com/data/teambuilder-tables.js?0.6008791140282215"></script>
<script defer src="//play.pokemonshowdown.com/js/battle-tooltips.js?0.7580118955022959"></script>
<script defer src="//play.pokemonshowdown.com/js/battle.js?0.6057722274234274"></script>

<script defer src="js/utils.js?e31f9a17"></script>
<script defer src="js/replays-battle.js?7008c182"></script>

<!-- don't scrape this data! just add .json or .log after the URL!
Full API docs: https://github.com/smogon/pokemon-showdown-client/blob/master/WEB-API.md -->
<script type="text/plain" class="log" id="replaylog-smogtours-gen3ou-798847">
|inactive|Battle timer is ON: inactive players will automatically lose when time's up.
|t:|1728952680
|gametype|singles
|player|p1|TaviTavi|102|
|player|p2|Darksamer|1|
|teamsize|p1|6
|teamsize|p2|6
|gen|3
|tier|[Gen 3] OU
|rule|Sleep Clause Mod: Limit one foe put to sleep
|rule|Switch Priority Clause Mod: Faster Pokémon switch first
|rule|Species Clause: Limit one of each Pokémon
|rule|OHKO Clause: OHKO moves are banned
|rule|Evasion Items Clause: Evasion items are banned
|rule|Evasion Moves Clause: Evasion moves are banned
|rule|Endless Battle Clause: Forcing endless battles is banned
|rule|HP Percentage Mod: HP is shown in percentages
|rule|One Boost Passer Clause: Limit one Baton Passer that has a way to boost its stats
|rule|Freeze Clause Mod: Limit one foe frozen
|
|t:|1728952680
|start
|switch|p1a: Tyranitar|Tyranitar, F|100/100
|switch|p2a: Starmie|Starmie|100/100
|-weather|Sandstorm|[from] ability: Sand Stream|[of] p1a: Tyranitar
|turn|1
|
|t:|1728952694
|switch|p1a: Blissey|Blissey, F|100/100
|move|p2a: Starmie|Surf|p1a: Blissey
|-damage|p1a: Blissey|83/100
|
|-weather|Sandstorm|[upkeep]
|-damage|p2a: Starmie|94/100|[from] Sandstorm
|-damage|p1a: Blissey|77/100|[from] Sandstorm
|-heal|p2a: Starmie|100/100|[from] item: Leftovers
|-heal|p1a: Blissey|83/100|[from] item: Leftovers
|upkeep
|turn|2
|c|☆TaviTavi|gl hf!
|
|t:|1728952722
|switch|p2a: Claydol|Claydol|100/100
|move|p1a: Blissey|Seismic Toss|p2a: Claydol
|-damage|p2a: Claydol|70/100
|
|-weather|Sandstorm|[upkeep]
|-damage|p1a: Blissey|77/100|[from] Sandstorm
|-heal|p2a: Claydol|76/100|[from] item: Leftovers
|-heal|p1a: Blissey|83/100|[from] item: Leftovers
|upkeep
|turn|3
|
|t:|1728952732
|switch|p1a: Gengar|Gengar, F|100/100
|move|p2a: Claydol|Ice Beam|p1a: Gengar
|-damage|p1a: Gengar|70/100
|
|-weather|Sandstorm|[upkeep]
|-damage|p1a: Gengar|64/100|[from] Sandstorm
|-heal|p1a: Gengar|70/100|[from] item: Leftovers
|-heal|p2a: Claydol|82/100|[from] item: Leftovers
|upkeep
|turn|4
|c|☆Darksamer|gl hf
|
|t:|1728952745
|move|p1a: Gengar|Ice Punch|p2a: Claydol
|-supereffective|p2a: Claydol
|-damage|p2a: Claydol|42/100
|-status|p2a: Claydol|frz
|cant|p2a: Claydol|frz
|
|-weather|Sandstorm|[upkeep]
|-damage|p1a: Gengar|64/100|[from] Sandstorm
|-heal|p1a: Gengar|70/100|[from] item: Leftovers
|-heal|p2a: Claydol|48/100 frz|[from] item: Leftovers
|upkeep
|turn|5
|
|t:|1728952752
|move|p1a: Gengar|Ice Punch|p2a: Claydol
|-supereffective|p2a: Claydol
|-damage|p2a: Claydol|10/100 frz
|-curestatus|p2a: Claydol|frz|[msg]
|move|p2a: Claydol|Psychic|p1a: Gengar
|-supereffective|p1a: Gengar
|-damage|p1a: Gengar|0 fnt
|faint|p1a: Gengar
|
|t:|1728952770
|switch|p1a: Flygon|Flygon, F|100/100
|
|-weather|Sandstorm|[upkeep]
|-heal|p2a: Claydol|16/100|[from] item: Leftovers
|upkeep
|turn|6
|
|t:|1728952777
|move|p1a: Flygon|Rock Slide|p2a: Claydol
|-resisted|p2a: Claydol
|-damage|p2a: Claydol|7/100
|cant|p2a: Claydol|flinch
|
|-weather|Sandstorm|[upkeep]
|-heal|p2a: Claydol|13/100|[from] item: Leftovers
|upkeep
|turn|7
|
|t:|1728952787
|switch|p1a: Skarmory|Skarmory, F|100/100
|move|p2a: Claydol|Ice Beam|p1a: Skarmory
|-damage|p1a: Skarmory|78/100
|
|-weather|Sandstorm|[upkeep]
|-heal|p1a: Skarmory|84/100|[from] item: Leftovers
|-heal|p2a: Claydol|20/100|[from] item: Leftovers
|upkeep
|turn|8
|
|t:|1728952793
|move|p1a: Skarmory|Spikes|p2a: Claydol
|-sidestart|p2: Darksamer|Spikes
|move|p2a: Claydol|Hidden Power|p1a: Skarmory
|-supereffective|p1a: Skarmory
|-crit|p1a: Skarmory
|-damage|p1a: Skarmory|19/100
|
|-weather|Sandstorm|[upkeep]
|-heal|p1a: Skarmory|25/100|[from] item: Leftovers
|-heal|p2a: Claydol|26/100|[from] item: Leftovers
|upkeep
|turn|9
|
|t:|1728952811
|switch|p1a: Charizard|Charizard, F|100/100
|move|p2a: Claydol|Ice Beam|p1a: Charizard
|-damage|p1a: Charizard|70/100
|
|-weather|Sandstorm|[upkeep]
|-damage|p1a: Charizard|64/100|[from] Sandstorm
|-heal|p1a: Charizard|70/100|[from] item: Leftovers
|-heal|p2a: Claydol|32/100|[from] item: Leftovers
|upkeep
|turn|10
|
|t:|1728952815
|move|p1a: Charizard|Hidden Power|p2a: Claydol
|-supereffective|p2a: Claydol
|-damage|p2a: Claydol|0 fnt
|faint|p2a: Claydol
|
|t:|1728952830
|switch|p2a: Zapdos|Zapdos|100/100
|
|-weather|Sandstorm|[upkeep]
|-damage|p1a: Charizard|64/100|[from] Sandstorm
|-damage|p2a: Zapdos|94/100|[from] Sandstorm
|-heal|p2a: Zapdos|100/100|[from] item: Leftovers
|-heal|p1a: Charizard|70/100|[from] item: Leftovers
|upkeep
|turn|11
|
|t:|1728952835
|switch|p1a: Blissey|Blissey, F|83/100
|move|p2a: Zapdos|Substitute|p2a: Zapdos
|-start|p2a: Zapdos|Substitute
|-damage|p2a: Zapdos|76/100
|
|-weather|Sandstorm|[upkeep]
|-damage|p2a: Zapdos|69/100|[from] Sandstorm
|-damage|p1a: Blissey|77/100|[from] Sandstorm
|-heal|p2a: Zapdos|76/100|[from] item: Leftovers
|-heal|p1a: Blissey|83/100|[from] item: Leftovers
|upkeep
|turn|12
|
|t:|1728952838
|move|p2a: Zapdos|Baton Pass|p2a: Zapdos
|
|t:|1728952849
|switch|p2a: Slaking|Slaking, F|100/100|[from] Baton Pass
|-damage|p2a: Slaking|88/100|[from] Spikes
|move|p1a: Blissey|Seismic Toss|p2a: Slaking
|-end|p2a: Slaking|Substitute
|
|-weather|Sandstorm|[upkeep]
|-damage|p2a: Slaking|82/100|[from] Sandstorm
|-damage|p1a: Blissey|77/100|[from] Sandstorm
|-heal|p1a: Blissey|83/100|[from] item: Leftovers
|upkeep
|turn|13
|
|t:|1728952865
|switch|p1a: Skarmory|Skarmory, F|25/100
|move|p2a: Slaking|Brick Break|p1a: Skarmory
|-damage|p1a: Skarmory|0 fnt
|faint|p1a: Skarmory
|
|t:|1728952878
|switch|p1a: Flygon|Flygon, F|100/100
|
|-weather|Sandstorm|[upkeep]
|-damage|p2a: Slaking|76/100|[from] Sandstorm
|upkeep
|turn|14
|
|t:|1728952886
|switch|p2a: Jirachi|Jirachi|100/100
|-damage|p2a: Jirachi|88/100|[from] Spikes
|move|p1a: Flygon|Toxic|p2a: Jirachi
|-immune|p2a: Jirachi
|
|-weather|Sandstorm|[upkeep]
|-heal|p2a: Jirachi|94/100|[from] item: Leftovers
|upkeep
|turn|15
|
|t:|1728952893
|switch|p1a: Tyranitar|Tyranitar, F|100/100
|move|p2a: Jirachi|Body Slam|p1a: Tyranitar
|-resisted|p1a: Tyranitar
|-damage|p1a: Tyranitar|93/100
|-status|p1a: Tyranitar|par
|
|-weather|Sandstorm|[upkeep]
|-heal|p2a: Jirachi|100/100|[from] item: Leftovers
|-heal|p1a: Tyranitar|99/100 par|[from] item: Leftovers
|upkeep
|turn|16
|
|t:|1728952904
|move|p2a: Jirachi|Protect|p2a: Jirachi
|-singleturn|p2a: Jirachi|Protect
|move|p1a: Tyranitar|Fire Blast|p2a: Jirachi
|-activate|p2a: Jirachi|Protect
|
|-weather|Sandstorm|[upkeep]
|-heal|p1a: Tyranitar|100/100 par|[from] item: Leftovers
|upkeep
|turn|17
|
|t:|1728952916
|switch|p2a: Starmie|Starmie|100/100
|-damage|p2a: Starmie|88/100|[from] Spikes
|move|p1a: Tyranitar|Crunch|p2a: Starmie
|-supereffective|p2a: Starmie
|-crit|p2a: Starmie
|-damage|p2a: Starmie|0 fnt
|faint|p2a: Starmie
|
|t:|1728952925
|switch|p2a: Slaking|Slaking, F|76/100
|-damage|p2a: Slaking|63/100|[from] Spikes
|
|-weather|Sandstorm|[upkeep]
|-damage|p2a: Slaking|57/100|[from] Sandstorm
|upkeep
|turn|18
|
|t:|1728952952
|move|p2a: Slaking|Brick Break|p1a: Tyranitar
|-supereffective|p1a: Tyranitar
|-damage|p1a: Tyranitar|0 fnt
|faint|p1a: Tyranitar
|
|t:|1728952960
|switch|p1a: Charizard|Charizard, F|70/100
|
|-weather|Sandstorm|[upkeep]
|-damage|p2a: Slaking|51/100|[from] Sandstorm
|-damage|p1a: Charizard|64/100|[from] Sandstorm
|-heal|p1a: Charizard|70/100|[from] item: Leftovers
|upkeep
|turn|19
|
|t:|1728952968
|switch|p2a: Zapdos|Zapdos|76/100
|move|p1a: Charizard|Fire Blast|p2a: Zapdos
|-damage|p2a: Zapdos|14/100
|
|-weather|Sandstorm|[upkeep]
|-damage|p2a: Zapdos|7/100|[from] Sandstorm
|-damage|p1a: Charizard|64/100|[from] Sandstorm
|-heal|p1a: Charizard|70/100|[from] item: Leftovers
|-heal|p2a: Zapdos|14/100|[from] item: Leftovers
|upkeep
|turn|20
|
|t:|1728952973
|switch|p1a: Blissey|Blissey, F|83/100
|move|p2a: Zapdos|Thunderbolt|p1a: Blissey
|-damage|p1a: Blissey|65/100
|
|-weather|Sandstorm|[upkeep]
|-damage|p2a: Zapdos|7/100|[from] Sandstorm
|-damage|p1a: Blissey|59/100|[from] Sandstorm
|-heal|p2a: Zapdos|14/100|[from] item: Leftovers
|-heal|p1a: Blissey|65/100|[from] item: Leftovers
|upkeep
|turn|21
|
|t:|1728952981
|move|p2a: Zapdos|Thunderbolt|p1a: Blissey
|-damage|p1a: Blissey|46/100
|move|p1a: Blissey|Seismic Toss|p2a: Zapdos
|-damage|p2a: Zapdos|0 fnt
|faint|p2a: Zapdos
|
|t:|1728952990
|switch|p2a: Slaking|Slaking, F|51/100
|-damage|p2a: Slaking|39/100|[from] Spikes
|
|-weather|Sandstorm|[upkeep]
|-damage|p2a: Slaking|32/100|[from] Sandstorm
|-damage|p1a: Blissey|40/100|[from] Sandstorm
|-heal|p1a: Blissey|46/100|[from] item: Leftovers
|upkeep
|turn|22
|
|t:|1728952997
|move|p2a: Slaking|Double-Edge|p1a: Blissey
|-crit|p1a: Blissey
|-damage|p1a: Blissey|0 fnt
|-damage|p2a: Slaking|10/100|[from] Recoil|[of] p1a: Blissey
|faint|p1a: Blissey
|
|t:|1728953007
|switch|p1a: Flygon|Flygon, F|100/100
|
|-weather|Sandstorm|[upkeep]
|-damage|p2a: Slaking|4/100|[from] Sandstorm
|upkeep
|turn|23
|
|t:|1728953010
|cant|p2a: Slaking|ability: Truant
|move|p1a: Flygon|Earthquake|p2a: Slaking
|-damage|p2a: Slaking|0 fnt
|faint|p2a: Slaking
|
|t:|1728953017
|switch|p2a: Jirachi|Jirachi|100/100
|-damage|p2a: Jirachi|88/100|[from] Spikes
|
|-weather|Sandstorm|[upkeep]
|-heal|p2a: Jirachi|94/100|[from] item: Leftovers
|upkeep
|turn|24
|
|t:|1728953023
|move|p2a: Jirachi|Body Slam|p1a: Flygon
|-damage|p1a: Flygon|83/100
|move|p1a: Flygon|Earthquake|p2a: Jirachi
|-supereffective|p2a: Jirachi
|-damage|p2a: Jirachi|32/100
|
|-weather|Sandstorm|[upkeep]
|-heal|p2a: Jirachi|38/100|[from] item: Leftovers
|-heal|p1a: Flygon|89/100|[from] item: Leftovers
|upkeep
|turn|25
|
|t:|1728953032
|move|p1a: Flygon|Protect|p1a: Flygon
|-singleturn|p1a: Flygon|Protect
|move|p2a: Jirachi|Wish|p2a: Jirachi
|
|-weather|Sandstorm|[upkeep]
|-heal|p2a: Jirachi|44/100|[from] item: Leftovers
|-heal|p1a: Flygon|95/100|[from] item: Leftovers
|upkeep
|turn|26
|
|t:|1728953039
|move|p2a: Jirachi|Body Slam|p1a: Flygon
|-damage|p1a: Flygon|79/100
|move|p1a: Flygon|Earthquake|p2a: Jirachi
|-supereffective|p2a: Jirachi
|-damage|p2a: Jirachi|0 fnt
|faint|p2a: Jirachi
|
|t:|1728953041
|switch|p2a: Metagross|Metagross|100/100
|-damage|p2a: Metagross|88/100|[from] Spikes
|
|-heal|p2a: Metagross|100/100|[from] move: Wish|[wisher] Jirachi
|-weather|Sandstorm|[upkeep]
|-heal|p1a: Flygon|85/100|[from] item: Leftovers
|upkeep
|turn|27
|
|t:|1728953046
|move|p1a: Flygon|Earthquake|p2a: Metagross
|-supereffective|p2a: Metagross
|-damage|p2a: Metagross|52/100
|move|p2a: Metagross|Explosion|p1a: Flygon
|-damage|p1a: Flygon|0 fnt
|faint|p2a: Metagross
|faint|p1a: Flygon
|
|win|TaviTavi
|c|☆Darksamer|gg
|c|☆TaviTavi|gg
|player|p2|

</script>
<script type="application/json" class="data" id="replaydata-smogtours-gen3ou-798847">
{"id":"smogtours-gen3ou-798847","format":"[Gen 3] OU","players":["TaviTavi","Darksamer"],"uploadtime":1728953046,"views":102,"formatid":"gen3ou","rating":null,"private":0,"password":null}
</script>

<script defer src="js/replays.js?9d40a366"></script>
