<!DOCTYPE html>
<meta charset="utf-8" />
<meta name="viewport" content="width=device-width" />

<title>[Gen 3] OU: Stockings vs. knexhawk2 - Replays - Pok&eacute;mon Showdown!</title>

<meta name="description" content="Watch a replay of a Pok&eacute;mon battle between Stockings and knexhawk2! Format: [Gen 3] OU; Date: Nov 8, 2024" />
<!--

Hey, you! Looking in the source for the replay log?

You can find them in JSON format, just add `.json` at the end of a replay URL.

https://replay.pokemonshowdown.com/gen7randomdoublesbattle-865046831.json

Or, if you only need the log itself, add `.log` instead:

https://replay.pokemonshowdown.com/gen7randomdoublesbattle-865046831.log

-->

<link rel="stylesheet" href="//pokemonshowdown.com/style/global.css?0.023195364461161105" />
<link rel="stylesheet" href="//play.pokemonshowdown.com/style/font-awesome.css?0.13261647063804238" />
<link rel="stylesheet" href="//play.pokemonshowdown.com/style/battle.css?0.8753245789963631" />
<link rel="stylesheet" href="//play.pokemonshowdown.com/style/utilichart.css?0.8627959624976733" />

<!-- Global site tag (gtag.js) - Google Analytics -->
<script async src="https://www.googletagmanager.com/gtag/js?id=UA-26211653-1"></script>
<script>
  window.dataLayer = window.dataLayer || [];
  function gtag(){dataLayer.push(arguments);}
  gtag('js', new Date());

  gtag('config', 'UA-26211653-1');
</script>
<!-- End Google Analytics -->
<!-- Venatus Ad Manager - Install in <HEAD> of page -->
	<script src="https://hb.vntsm.com/v3/live/ad-manager.min.js" type="text/javascript" data-site-id="642aba63ec9a7b11c3c9c1be" data-mode="scan" async></script>
<!-- / Venatus Ad Manager -->

<style>
	@media (max-width:820px) {
		.battle {
			margin: 0 auto;
		}
		.battle-log {
			margin: 7px auto 0;
			max-width: 640px;
			height: 300px;
			position: static;
		}
	}
	.optgroup {
		display: inline-block;
		line-height: 22px;
		font-size: 10pt;
	}
	.optgroup .button {
		height: 25px;
		padding-top: 0;
		padding-bottom: 0;
	}
	.optgroup button.button {
		padding-left: 12px;
		padding-right: 12px;
	}
	.linklist {
		list-style: none;
		margin: 0.5em 0;
		padding: 0;
	}
	.linklist li {
		padding: 2px 0;
	}
	.sidebar {
		float: left;
		width: 320px;
	}
	.bar-wrapper {
		max-width: 1100px;
		margin: 0 auto;
	}
	.bar-wrapper.has-sidebar {
		max-width: 1430px;
	}
	.mainbar {
		margin: 0;
		padding-right: 1px;
	}
	.mainbar.has-sidebar {
		margin-left: 330px;
	}
	@media (min-width: 1511px) {
		.sidebar {
			width: 400px;
		}
		.bar-wrapper.has-sidebar {
			max-width: 1510px;
		}
		.mainbar.has-sidebar {
			margin-left: 410px;
		}
	}
	.section.first-section {
		margin-top: 9px;
	}
	.blocklink small {
		white-space: normal;
	}
	.button {
		vertical-align: middle;
	}
	.replay-controls {
		padding-top: 10px;
	}
	.replay-controls h1 {
		font-size: 16pt;
		font-weight: normal;
		color: #CCC;
	}
	.pagelink {
		text-align: center;
	}
	.pagelink a {
		width: 150px;
	}
	.textbox, .button {
		font-size: 11pt;
		vertical-align: middle;
	}
	@media (max-width: 450px) {
		.button {
			font-size: 9pt;
		}
	}
</style>

<div>

	<header>
		<div class="nav-wrapper"><ul class="nav">
			<li><a class="button nav-first" href="//pokemonshowdown.com/"><img src="//pokemonshowdown.com/images/pokemonshowdownbeta.png" srcset="//pokemonshowdown.com/images/pokemonshowdownbeta.png 1x, //pokemonshowdown.com/images/pokemonshowdownbeta@2x.png 2x" alt="Pok&eacute;mon Showdown" width="146" height="44" /> Home</a></li>
			<li><a class="button" href="//pokemonshowdown.com/dex/">Pok&eacute;dex</a></li>
			<li><a class="button cur" href="/">Replays</a></li>
			<li><a class="button" href="//pokemonshowdown.com/ladder/">Ladder</a></li>
			<li><a class="button nav-last" href="//pokemonshowdown.com/forums/">Forum</a></li>
			<li><a class="button greenbutton nav-first nav-last" href="//play.pokemonshowdown.com/">Play</a></li>
		</ul></div>
	</header>

	<div class="main" id="main">

		<noscript><section class="section">You need to enable JavaScript to use this page; sorry!</section></noscript>

	</div>

</div>

<script defer nomodule src="//play.pokemonshowdown.com/js/lib/ps-polyfill.js"></script>
<script defer src="//play.pokemonshowdown.com/js/lib/preact.min.js"></script>

<script defer src="//play.pokemonshowdown.com/config/config.js?2bddbc15"></script>
<script defer src="//play.pokemonshowdown.com/js/lib/jquery-1.11.0.min.js"></script>
<script defer src="//play.pokemonshowdown.com/js/lib/html-sanitizer-minified.js"></script>
<script defer src="//play.pokemonshowdown.com/js/battle-sound.js"></script>
<script defer src="//play.pokemonshowdown.com/js/battledata.js?0.7209276989879541"></script>
<script defer src="//play.pokemonshowdown.com/data/pokedex-mini.js?0.6111056340867951"></script>
<script defer src="//play.pokemonshowdown.com/data/pokedex-mini-bw.js?0.3532142036491459"></script>
<script defer src="//play.pokemonshowdown.com/data/graphics.js?0.24223875632456182"></script>
<script defer src="//play.pokemonshowdown.com/data/pokedex.js?0.38839984266356864"></script>
<script defer src="//play.pokemonshowdown.com/data/moves.js?0.21866028504024015"></script>
<script defer src="//play.pokemonshowdown.com/data/abilities.js?0.2005157953846628"></script>
<script defer src="//play.pokemonshowdown.com/data/items.js?0.9894211263848525"></script>
<script defer src="//play.pokemonshowdown.com/data/teambuilder-tables.js?0.6008791140282215"></script>
<script defer src="//play.pokemonshowdown.com/js/battle-tooltips.js?0.7580118955022959"></script>
<script defer src="//play.pokemonshowdown.com/js/battle.js?0.6057722274234274"></script>

<script defer src="js/utils.js?e31f9a17"></script>
<script defer src="js/replays-battle.js?7008c182"></script>

<!-- don't scrape this data! just add .json or .log after the URL!
Full API docs: https://github.com/smogon/pokemon-showdown-client/blob/master/WEB-API.md -->
<script type="text/plain" class="log" id="replaylog-smogtours-gen3ou-805240">
|inactive|Battle timer is ON: inactive players will automatically lose when time's up.
|badge|p2|gold|gen9ou|3-3
|uhtml|medal-msg|<div class="broadcast-blue">Curious what those medals under the avatar are? PS now has Ladder Seasons! For more information, check out the <a href="https://www.smogon.com/forums/threads/3740067/">thread on Smogon.<\/a><\/div>
|t:|1731087364
|gametype|singles
|player|p1|Stockings|#advpliii|
|player|p2|knexhawk2|benga|
|teamsize|p1|6
|teamsize|p2|6
|gen|3
|tier|[Gen 3] OU
|rule|Sleep Clause Mod: Limit one foe put to sleep
|rule|Switch Priority Clause Mod: Faster Pokémon switch first
|rule|Species Clause: Limit one of each Pokémon
|rule|OHKO Clause: OHKO moves are banned
|rule|Evasion Items Clause: Evasion items are banned
|rule|Evasion Moves Clause: Evasion moves are banned
|rule|Endless Battle Clause: Forcing endless battles is banned
|rule|HP Percentage Mod: HP is shown in percentages
|rule|One Boost Passer Clause: Limit one Baton Passer that has a way to boost its stats
|rule|Freeze Clause Mod: Limit one foe frozen
|
|t:|1731087364
|start
|switch|p1a: FRIEND MAKER|Salamence, F|100/100
|switch|p2a: Blissey|Blissey, F|100/100
|-ability|p1a: FRIEND MAKER|Intimidate|boost
|-unboost|p2a: Blissey|atk|1
|turn|1
|c|☆Stockings|hfhf
|inactive|Stockings has 270 seconds left.
|
|t:|1731087406
|switch|p1a: HUMZH|Blissey, F|100/100
|switch|p2a: Skarmory|Skarmory, F|100/100
|
|upkeep
|turn|2
|
|t:|1731087413
|move|p2a: Skarmory|Spikes|p1a: HUMZH
|-sidestart|p1: Stockings|Spikes
|move|p1a: HUMZH|Thunderbolt|p2a: Skarmory
|-supereffective|p2a: Skarmory
|-damage|p2a: Skarmory|51/100
|
|-heal|p2a: Skarmory|57/100|[from] item: Leftovers
|upkeep
|turn|3
|
|t:|1731087427
|switch|p2a: Dusclops|Dusclops, M|100/100
|move|p1a: HUMZH|Thunderbolt|p2a: Dusclops
|-damage|p2a: Dusclops|78/100
|
|-heal|p2a: Dusclops|84/100|[from] item: Leftovers
|upkeep
|turn|4
|
|t:|1731087455
|switch|p1a: LITTLE CARRY|Skarmory, F|100/100
|move|p2a: Dusclops|Will-O-Wisp|p1a: LITTLE CARRY|[miss]
|-miss|p2a: Dusclops|p1a: LITTLE CARRY
|
|-heal|p2a: Dusclops|90/100|[from] item: Leftovers
|upkeep
|turn|5
|
|t:|1731087468
|move|p1a: LITTLE CARRY|Toxic|p2a: Dusclops
|-status|p2a: Dusclops|tox
|move|p2a: Dusclops|Will-O-Wisp|p1a: LITTLE CARRY|[miss]
|-miss|p2a: Dusclops|p1a: LITTLE CARRY
|
|-heal|p2a: Dusclops|96/100 tox|[from] item: Leftovers
|-damage|p2a: Dusclops|90/100 tox|[from] psn
|upkeep
|turn|6
|c|☆Stockings|mb
|
|t:|1731087476
|move|p1a: LITTLE CARRY|Spikes|p2a: Dusclops
|-sidestart|p2: knexhawk2|Spikes
|move|p2a: Dusclops|Will-O-Wisp|p1a: LITTLE CARRY
|-status|p1a: LITTLE CARRY|brn
|
|-damage|p1a: LITTLE CARRY|88/100 brn|[from] brn
|-heal|p2a: Dusclops|96/100 tox|[from] item: Leftovers
|-damage|p2a: Dusclops|84/100 tox|[from] psn
|upkeep
|turn|7
|
|t:|1731087490
|switch|p2a: Skarmory|Skarmory, F|57/100
|move|p1a: LITTLE CARRY|Roar|p2a: Skarmory
|drag|p2a: Blissey|Blissey, F|100/100
|-damage|p2a: Blissey|88/100|[from] Spikes
|
|-heal|p1a: LITTLE CARRY|94/100 brn|[from] item: Leftovers
|-damage|p1a: LITTLE CARRY|82/100 brn|[from] brn
|-heal|p2a: Blissey|94/100|[from] item: Leftovers
|upkeep
|turn|8
|inactive|Stockings has 270 seconds left.
|
|t:|1731087516
|move|p1a: LITTLE CARRY|Spikes|p2a: Blissey
|-sidestart|p2: knexhawk2|Spikes
|move|p2a: Blissey|Aromatherapy|p2a: Blissey
|-cureteam|p2a: Blissey|[from] move: Aromatherapy
|
|-heal|p1a: LITTLE CARRY|88/100 brn|[from] item: Leftovers
|-damage|p1a: LITTLE CARRY|76/100 brn|[from] brn
|-heal|p2a: Blissey|99/100|[from] item: Leftovers
|upkeep
|turn|9
|inactive|Stockings has 270 seconds left.
|
|t:|1731087554
|switch|p1a: WHAT'S UP THERE|Swampert, F|100/100
|-damage|p1a: WHAT'S UP THERE|88/100|[from] Spikes
|switch|p2a: Claydol|Claydol|100/100
|
|-heal|p1a: WHAT'S UP THERE|94/100|[from] item: Leftovers
|upkeep
|turn|10
|inactive|Stockings has 240 seconds left.
|
|t:|1731087574
|move|p2a: Claydol|Rapid Spin|p1a: WHAT'S UP THERE
|-damage|p1a: WHAT'S UP THERE|90/100
|-sideend|p2: knexhawk2|Spikes|[from] move: Rapid Spin|[of] p2a: Claydol
|move|p1a: WHAT'S UP THERE|Hydro Pump|p2a: Claydol
|-supereffective|p2a: Claydol
|-damage|p2a: Claydol|23/100
|
|-heal|p2a: Claydol|29/100|[from] item: Leftovers
|-heal|p1a: WHAT'S UP THERE|96/100|[from] item: Leftovers
|upkeep
|turn|11
|inactive|Stockings has 240 seconds left.
|
|t:|1731087602
|switch|p2a: Suicune|Suicune|100/100
|move|p1a: WHAT'S UP THERE|Earthquake|p2a: Suicune
|-damage|p2a: Suicune|79/100
|
|-heal|p2a: Suicune|85/100|[from] item: Leftovers
|-heal|p1a: WHAT'S UP THERE|100/100|[from] item: Leftovers
|upkeep
|turn|12
|
|t:|1731087607
|switch|p1a: HUMZH|Blissey, F|100/100
|-damage|p1a: HUMZH|88/100|[from] Spikes
|move|p2a: Suicune|Calm Mind|p2a: Suicune
|-boost|p2a: Suicune|spa|1
|-boost|p2a: Suicune|spd|1
|
|-heal|p2a: Suicune|92/100|[from] item: Leftovers
|-heal|p1a: HUMZH|94/100|[from] item: Leftovers
|upkeep
|turn|13
|
|t:|1731087612
|switch|p2a: Dusclops|Dusclops, M|84/100
|move|p1a: HUMZH|Calm Mind|p1a: HUMZH
|-boost|p1a: HUMZH|spa|1
|-boost|p1a: HUMZH|spd|1
|
|-heal|p1a: HUMZH|99/100|[from] item: Leftovers
|-heal|p2a: Dusclops|90/100|[from] item: Leftovers
|upkeep
|turn|14
|inactive|Stockings has 240 seconds left.
|
|t:|1731087619
|move|p1a: HUMZH|Ice Beam|p2a: Dusclops
|-damage|p2a: Dusclops|60/100
|move|p2a: Dusclops|Will-O-Wisp|p1a: HUMZH|[miss]
|-miss|p2a: Dusclops|p1a: HUMZH
|
|-heal|p1a: HUMZH|100/100|[from] item: Leftovers
|-heal|p2a: Dusclops|66/100|[from] item: Leftovers
|upkeep
|turn|15
|
|t:|1731087624
|move|p1a: HUMZH|Ice Beam|p2a: Dusclops
|-crit|p2a: Dusclops
|-damage|p2a: Dusclops|0 fnt
|faint|p2a: Dusclops
|
|t:|1731087634
|switch|p2a: Suicune|Suicune|92/100
|
|-heal|p2a: Suicune|98/100|[from] item: Leftovers
|upkeep
|turn|16
|
|t:|1731087639
|move|p2a: Suicune|Calm Mind|p2a: Suicune
|-boost|p2a: Suicune|spa|1
|-boost|p2a: Suicune|spd|1
|move|p1a: HUMZH|Thunderbolt|p2a: Suicune
|-supereffective|p2a: Suicune
|-damage|p2a: Suicune|58/100
|
|-heal|p2a: Suicune|64/100|[from] item: Leftovers
|upkeep
|turn|17
|inactive|Stockings has 270 seconds left.
|
|t:|1731087644
|move|p2a: Suicune|Calm Mind|p2a: Suicune
|-boost|p2a: Suicune|spa|1
|-boost|p2a: Suicune|spd|1
|move|p1a: HUMZH|Thunderbolt|p2a: Suicune
|-supereffective|p2a: Suicune
|-damage|p2a: Suicune|33/100
|
|-heal|p2a: Suicune|39/100|[from] item: Leftovers
|upkeep
|turn|18
|
|t:|1731087648
|move|p2a: Suicune|Ice Beam|p1a: HUMZH
|-damage|p1a: HUMZH|90/100
|move|p1a: HUMZH|Calm Mind|p1a: HUMZH
|-boost|p1a: HUMZH|spa|1
|-boost|p1a: HUMZH|spd|1
|
|-heal|p2a: Suicune|46/100|[from] item: Leftovers
|-heal|p1a: HUMZH|96/100|[from] item: Leftovers
|upkeep
|turn|19
|
|t:|1731087655
|move|p2a: Suicune|Calm Mind|p2a: Suicune
|-boost|p2a: Suicune|spa|1
|-boost|p2a: Suicune|spd|1
|move|p1a: HUMZH|Thunderbolt|p2a: Suicune
|-supereffective|p2a: Suicune
|-damage|p2a: Suicune|15/100
|
|-heal|p2a: Suicune|21/100|[from] item: Leftovers
|-heal|p1a: HUMZH|100/100|[from] item: Leftovers
|upkeep
|turn|20
|
|t:|1731087660
|move|p2a: Suicune|Rest|p2a: Suicune
|-status|p2a: Suicune|slp|[from] move: Rest
|-heal|p2a: Suicune|100/100 slp|[silent]
|move|p1a: HUMZH|Calm Mind|p1a: HUMZH
|-boost|p1a: HUMZH|spa|1
|-boost|p1a: HUMZH|spd|1
|
|upkeep
|turn|21
|
|t:|1731087671
|cant|p2a: Suicune|slp
|move|p1a: HUMZH|Calm Mind|p1a: HUMZH
|-boost|p1a: HUMZH|spa|1
|-boost|p1a: HUMZH|spd|1
|
|upkeep
|turn|22
|
|t:|1731087674
|cant|p2a: Suicune|slp
|move|p1a: HUMZH|Thunderbolt|p2a: Suicune
|-supereffective|p2a: Suicune
|-damage|p2a: Suicune|56/100 slp
|
|-heal|p2a: Suicune|62/100 slp|[from] item: Leftovers
|upkeep
|turn|23
|
|t:|1731087683
|-curestatus|p2a: Suicune|slp|[msg]
|move|p2a: Suicune|Calm Mind|p2a: Suicune
|-boost|p2a: Suicune|spa|1
|-boost|p2a: Suicune|spd|1
|move|p1a: HUMZH|Thunderbolt|p2a: Suicune
|-supereffective|p2a: Suicune
|-damage|p2a: Suicune|23/100
|
|-heal|p2a: Suicune|30/100|[from] item: Leftovers
|upkeep
|turn|24
|
|t:|1731087689
|move|p2a: Suicune|Rest|p2a: Suicune
|-status|p2a: Suicune|slp|[from] move: Rest
|-heal|p2a: Suicune|100/100 slp|[silent]
|move|p1a: HUMZH|Thunderbolt|p2a: Suicune
|-supereffective|p2a: Suicune
|-damage|p2a: Suicune|65/100 slp
|
|-heal|p2a: Suicune|72/100 slp|[from] item: Leftovers
|upkeep
|turn|25
|
|t:|1731087693
|cant|p2a: Suicune|slp
|move|p1a: HUMZH|Thunderbolt|p2a: Suicune
|-supereffective|p2a: Suicune
|-damage|p2a: Suicune|31/100 slp
|
|-heal|p2a: Suicune|37/100 slp|[from] item: Leftovers
|upkeep
|turn|26
|
|t:|1731087701
|cant|p2a: Suicune|slp
|move|p1a: HUMZH|Calm Mind|p1a: HUMZH
|-boost|p1a: HUMZH|spa|1
|-boost|p1a: HUMZH|spd|1
|
|-heal|p2a: Suicune|44/100 slp|[from] item: Leftovers
|upkeep
|turn|27
|
|t:|1731087709
|-curestatus|p2a: Suicune|slp|[msg]
|move|p2a: Suicune|Calm Mind|p2a: Suicune
|-boost|p2a: Suicune|spa|1
|-boost|p2a: Suicune|spd|1
|move|p1a: HUMZH|Thunderbolt|p2a: Suicune
|-supereffective|p2a: Suicune
|-damage|p2a: Suicune|8/100
|
|-heal|p2a: Suicune|14/100|[from] item: Leftovers
|upkeep
|turn|28
|
|t:|1731087717
|move|p2a: Suicune|Rest|p2a: Suicune
|-status|p2a: Suicune|slp|[from] move: Rest
|-heal|p2a: Suicune|100/100 slp|[silent]
|move|p1a: HUMZH|Calm Mind|p1a: HUMZH
|-boost|p1a: HUMZH|spa|1
|-boost|p1a: HUMZH|spd|1
|
|upkeep
|turn|29
|
|t:|1731087725
|cant|p2a: Suicune|slp
|move|p1a: HUMZH|Thunderbolt|p2a: Suicune
|-supereffective|p2a: Suicune
|-damage|p2a: Suicune|56/100 slp
|
|-heal|p2a: Suicune|62/100 slp|[from] item: Leftovers
|upkeep
|turn|30
|
|t:|1731087729
|cant|p2a: Suicune|slp
|move|p1a: HUMZH|Thunderbolt|p2a: Suicune
|-supereffective|p2a: Suicune
|-damage|p2a: Suicune|18/100 slp
|
|-heal|p2a: Suicune|25/100 slp|[from] item: Leftovers
|upkeep
|turn|31
|
|t:|1731087741
|switch|p2a: Claydol|Claydol|29/100
|move|p1a: HUMZH|Thunderbolt|p2a: Claydol
|-immune|p2a: Claydol
|
|-heal|p2a: Claydol|35/100|[from] item: Leftovers
|upkeep
|turn|32
|
|t:|1731087747
|switch|p2a: Blissey|Blissey, F|99/100
|move|p1a: HUMZH|Ice Beam|p2a: Blissey
|-damage|p2a: Blissey|58/100
|-status|p2a: Blissey|frz
|
|-heal|p2a: Blissey|64/100 frz|[from] item: Leftovers
|upkeep
|turn|33
|inactive|knexhawk2 has 270 seconds left.
|
|t:|1731087777
|-curestatus|p2a: Blissey|frz|[from] ability: Natural Cure
|switch|p2a: Skarmory|Skarmory, F|57/100
|move|p1a: HUMZH|Ice Beam|p2a: Skarmory
|-damage|p2a: Skarmory|0 fnt
|faint|p2a: Skarmory
|
|t:|1731087779
|switch|p2a: Suicune|Suicune|25/100 slp
|
|-heal|p2a: Suicune|31/100 slp|[from] item: Leftovers
|upkeep
|turn|34
|
|t:|1731087792
|-curestatus|p2a: Suicune|slp|[msg]
|move|p2a: Suicune|Calm Mind|p2a: Suicune
|-boost|p2a: Suicune|spa|1
|-boost|p2a: Suicune|spd|1
|move|p1a: HUMZH|Ice Beam|p2a: Suicune
|-resisted|p2a: Suicune
|-damage|p2a: Suicune|7/100
|
|-heal|p2a: Suicune|13/100|[from] item: Leftovers
|upkeep
|turn|35
|
|t:|1731087815
|switch|p1a: ?|Jirachi|100/100
|-damage|p1a: ?|88/100|[from] Spikes
|move|p2a: Suicune|Rest|p2a: Suicune
|-status|p2a: Suicune|slp|[from] move: Rest
|-heal|p2a: Suicune|100/100 slp|[silent]
|
|-heal|p1a: ?|94/100|[from] item: Leftovers
|upkeep
|turn|36
|
|t:|1731087834
|switch|p2a: Claydol|Claydol|35/100
|move|p1a: ?|Substitute|p1a: ?
|-start|p1a: ?|Substitute
|-damage|p1a: ?|69/100
|
|-heal|p1a: ?|75/100|[from] item: Leftovers
|-heal|p2a: Claydol|41/100|[from] item: Leftovers
|upkeep
|turn|37
|
|t:|1731087843
|move|p1a: ?|Hidden Power|p2a: Claydol
|-supereffective|p2a: Claydol
|-damage|p2a: Claydol|6/100
|move|p2a: Claydol|Earthquake|p1a: ?
|-supereffective|p1a: ?
|-end|p1a: ?|Substitute
|
|-heal|p1a: ?|82/100|[from] item: Leftovers
|-heal|p2a: Claydol|13/100|[from] item: Leftovers
|upkeep
|turn|38
|
|t:|1731087852
|switch|p1a: FRIEND MAKER|Salamence, F|100/100
|-ability|p1a: FRIEND MAKER|Intimidate|boost
|-unboost|p2a: Claydol|atk|1
|move|p2a: Claydol|Earthquake|p1a: FRIEND MAKER
|-immune|p1a: FRIEND MAKER
|
|-heal|p2a: Claydol|19/100|[from] item: Leftovers
|upkeep
|turn|39
|
|t:|1731087866
|switch|p2a: Blissey|Blissey, F|64/100
|move|p1a: FRIEND MAKER|Dragon Claw|p2a: Blissey
|-crit|p2a: Blissey
|-damage|p2a: Blissey|30/100
|
|-heal|p2a: Blissey|36/100|[from] item: Leftovers
|upkeep
|turn|40
|
|t:|1731087874
|move|p1a: FRIEND MAKER|Brick Break|p2a: Blissey
|-supereffective|p2a: Blissey
|-damage|p2a: Blissey|0 fnt
|faint|p2a: Blissey
|
|t:|1731087877
|switch|p2a: Suicune|Suicune|100/100 slp
|
|upkeep
|turn|41
|
|t:|1731087893
|switch|p1a: ?|Jirachi|82/100
|-damage|p1a: ?|69/100|[from] Spikes
|cant|p2a: Suicune|slp
|
|-heal|p1a: ?|75/100|[from] item: Leftovers
|upkeep
|turn|42
|
|t:|1731087896
|move|p1a: ?|Calm Mind|p1a: ?
|-boost|p1a: ?|spa|1
|-boost|p1a: ?|spd|1
|cant|p2a: Suicune|slp
|
|-heal|p1a: ?|82/100|[from] item: Leftovers
|upkeep
|turn|43
|
|t:|1731087901
|move|p1a: ?|Thunderbolt|p2a: Suicune
|-supereffective|p2a: Suicune
|-damage|p2a: Suicune|41/100 slp
|-curestatus|p2a: Suicune|slp|[msg]
|move|p2a: Suicune|Calm Mind|p2a: Suicune
|-boost|p2a: Suicune|spa|1
|-boost|p2a: Suicune|spd|1
|
|-heal|p1a: ?|88/100|[from] item: Leftovers
|-heal|p2a: Suicune|48/100|[from] item: Leftovers
|upkeep
|turn|44
|
|t:|1731087910
|switch|p2a: Dugtrio|Dugtrio, M|100/100
|move|p1a: ?|Thunderbolt|p2a: Dugtrio
|-immune|p2a: Dugtrio
|
|-heal|p1a: ?|94/100|[from] item: Leftovers
|upkeep
|turn|45
|
|t:|1731087915
|move|p2a: Dugtrio|Earthquake|p1a: ?
|-supereffective|p1a: ?
|-damage|p1a: ?|7/100
|move|p1a: ?|Hidden Power|p2a: Dugtrio
|-supereffective|p2a: Dugtrio
|-damage|p2a: Dugtrio|0 fnt
|faint|p2a: Dugtrio
|
|t:|1731087918
|switch|p2a: Suicune|Suicune|48/100
|
|-heal|p1a: ?|13/100|[from] item: Leftovers
|-heal|p2a: Suicune|54/100|[from] item: Leftovers
|upkeep
|turn|46
|
|t:|1731087923
|move|p1a: ?|Thunderbolt|p2a: Suicune
|-supereffective|p2a: Suicune
|-damage|p2a: Suicune|0 fnt
|faint|p2a: Suicune
|
|t:|1731087924
|switch|p2a: Claydol|Claydol|19/100
|
|-heal|p1a: ?|19/100|[from] item: Leftovers
|-heal|p2a: Claydol|25/100|[from] item: Leftovers
|upkeep
|turn|47
|
|t:|1731087926
|move|p1a: ?|Hidden Power|p2a: Claydol
|-supereffective|p2a: Claydol
|-damage|p2a: Claydol|0 fnt
|faint|p2a: Claydol
|
|win|Stockings
|c|☆Stockings|sry bout that 1

</script>
<script type="application/json" class="data" id="replaydata-smogtours-gen3ou-805240">
{"id":"smogtours-gen3ou-805240","format":"[Gen 3] OU","players":["Stockings","knexhawk2"],"uploadtime":1731087926,"views":38,"formatid":"gen3ou","rating":null,"private":0,"password":null}
</script>

<script defer src="js/replays.js?9d40a366"></script>
