<!DOCTYPE html>
<meta charset="utf-8" />
<meta name="viewport" content="width=device-width" />

<title>[Gen 3] OU: dadaasdcfaw vs. pea-kah - Replays - Pok&eacute;mon Showdown!</title>

<meta name="description" content="Watch a replay of a Pok&eacute;mon battle between dadaasdcfaw and pea-kah! Format: [Gen 3] OU; Date: Oct 12, 2024" />
<!--

Hey, you! Looking in the source for the replay log?

You can find them in JSON format, just add `.json` at the end of a replay URL.

https://replay.pokemonshowdown.com/gen7randomdoublesbattle-865046831.json

Or, if you only need the log itself, add `.log` instead:

https://replay.pokemonshowdown.com/gen7randomdoublesbattle-865046831.log

-->

<link rel="stylesheet" href="//pokemonshowdown.com/style/global.css?0.023195364461161105" />
<link rel="stylesheet" href="//play.pokemonshowdown.com/style/font-awesome.css?0.13261647063804238" />
<link rel="stylesheet" href="//play.pokemonshowdown.com/style/battle.css?0.8753245789963631" />
<link rel="stylesheet" href="//play.pokemonshowdown.com/style/utilichart.css?0.8627959624976733" />

<!-- Global site tag (gtag.js) - Google Analytics -->
<script async src="https://www.googletagmanager.com/gtag/js?id=UA-26211653-1"></script>
<script>
  window.dataLayer = window.dataLayer || [];
  function gtag(){dataLayer.push(arguments);}
  gtag('js', new Date());

  gtag('config', 'UA-26211653-1');
</script>
<!-- End Google Analytics -->
<!-- Venatus Ad Manager - Install in <HEAD> of page -->
	<script src="https://hb.vntsm.com/v3/live/ad-manager.min.js" type="text/javascript" data-site-id="642aba63ec9a7b11c3c9c1be" data-mode="scan" async></script>
<!-- / Venatus Ad Manager -->

<style>
	@media (max-width:820px) {
		.battle {
			margin: 0 auto;
		}
		.battle-log {
			margin: 7px auto 0;
			max-width: 640px;
			height: 300px;
			position: static;
		}
	}
	.optgroup {
		display: inline-block;
		line-height: 22px;
		font-size: 10pt;
	}
	.optgroup .button {
		height: 25px;
		padding-top: 0;
		padding-bottom: 0;
	}
	.optgroup button.button {
		padding-left: 12px;
		padding-right: 12px;
	}
	.linklist {
		list-style: none;
		margin: 0.5em 0;
		padding: 0;
	}
	.linklist li {
		padding: 2px 0;
	}
	.sidebar {
		float: left;
		width: 320px;
	}
	.bar-wrapper {
		max-width: 1100px;
		margin: 0 auto;
	}
	.bar-wrapper.has-sidebar {
		max-width: 1430px;
	}
	.mainbar {
		margin: 0;
		padding-right: 1px;
	}
	.mainbar.has-sidebar {
		margin-left: 330px;
	}
	@media (min-width: 1511px) {
		.sidebar {
			width: 400px;
		}
		.bar-wrapper.has-sidebar {
			max-width: 1510px;
		}
		.mainbar.has-sidebar {
			margin-left: 410px;
		}
	}
	.section.first-section {
		margin-top: 9px;
	}
	.blocklink small {
		white-space: normal;
	}
	.button {
		vertical-align: middle;
	}
	.replay-controls {
		padding-top: 10px;
	}
	.replay-controls h1 {
		font-size: 16pt;
		font-weight: normal;
		color: #CCC;
	}
	.pagelink {
		text-align: center;
	}
	.pagelink a {
		width: 150px;
	}
	.textbox, .button {
		font-size: 11pt;
		vertical-align: middle;
	}
	@media (max-width: 450px) {
		.button {
			font-size: 9pt;
		}
	}
</style>

<div>

	<header>
		<div class="nav-wrapper"><ul class="nav">
			<li><a class="button nav-first" href="//pokemonshowdown.com/"><img src="//pokemonshowdown.com/images/pokemonshowdownbeta.png" srcset="//pokemonshowdown.com/images/pokemonshowdownbeta.png 1x, //pokemonshowdown.com/images/pokemonshowdownbeta@2x.png 2x" alt="Pok&eacute;mon Showdown" width="146" height="44" /> Home</a></li>
			<li><a class="button" href="//pokemonshowdown.com/dex/">Pok&eacute;dex</a></li>
			<li><a class="button cur" href="/">Replays</a></li>
			<li><a class="button" href="//pokemonshowdown.com/ladder/">Ladder</a></li>
			<li><a class="button nav-last" href="//pokemonshowdown.com/forums/">Forum</a></li>
			<li><a class="button greenbutton nav-first nav-last" href="//play.pokemonshowdown.com/">Play</a></li>
		</ul></div>
	</header>

	<div class="main" id="main">

		<noscript><section class="section">You need to enable JavaScript to use this page; sorry!</section></noscript>

	</div>

</div>

<script defer nomodule src="//play.pokemonshowdown.com/js/lib/ps-polyfill.js"></script>
<script defer src="//play.pokemonshowdown.com/js/lib/preact.min.js"></script>

<script defer src="//play.pokemonshowdown.com/config/config.js?2bddbc15"></script>
<script defer src="//play.pokemonshowdown.com/js/lib/jquery-1.11.0.min.js"></script>
<script defer src="//play.pokemonshowdown.com/js/lib/html-sanitizer-minified.js"></script>
<script defer src="//play.pokemonshowdown.com/js/battle-sound.js"></script>
<script defer src="//play.pokemonshowdown.com/js/battledata.js?0.7209276989879541"></script>
<script defer src="//play.pokemonshowdown.com/data/pokedex-mini.js?0.6111056340867951"></script>
<script defer src="//play.pokemonshowdown.com/data/pokedex-mini-bw.js?0.3532142036491459"></script>
<script defer src="//play.pokemonshowdown.com/data/graphics.js?0.24223875632456182"></script>
<script defer src="//play.pokemonshowdown.com/data/pokedex.js?0.38839984266356864"></script>
<script defer src="//play.pokemonshowdown.com/data/moves.js?0.21866028504024015"></script>
<script defer src="//play.pokemonshowdown.com/data/abilities.js?0.2005157953846628"></script>
<script defer src="//play.pokemonshowdown.com/data/items.js?0.9894211263848525"></script>
<script defer src="//play.pokemonshowdown.com/data/teambuilder-tables.js?0.6008791140282215"></script>
<script defer src="//play.pokemonshowdown.com/js/battle-tooltips.js?0.7580118955022959"></script>
<script defer src="//play.pokemonshowdown.com/js/battle.js?0.6057722274234274"></script>

<script defer src="js/utils.js?e31f9a17"></script>
<script defer src="js/replays-battle.js?7008c182"></script>

<!-- don't scrape this data! just add .json or .log after the URL!
Full API docs: https://github.com/smogon/pokemon-showdown-client/blob/master/WEB-API.md -->
<script type="text/plain" class="log" id="replaylog-smogtours-gen3ou-797571">
|inactive|Battle timer is ON: inactive players will automatically lose when time's up.
|t:|1728751394
|gametype|singles
|player|p1|dadaasdcfaw|1|
|player|p2|pea-kah|2|
|teamsize|p1|6
|teamsize|p2|6
|gen|3
|tier|[Gen 3] OU
|rule|Sleep Clause Mod: Limit one foe put to sleep
|rule|Switch Priority Clause Mod: Faster Pokémon switch first
|rule|Species Clause: Limit one of each Pokémon
|rule|OHKO Clause: OHKO moves are banned
|rule|Evasion Items Clause: Evasion items are banned
|rule|Evasion Moves Clause: Evasion moves are banned
|rule|Endless Battle Clause: Forcing endless battles is banned
|rule|HP Percentage Mod: HP is shown in percentages
|rule|One Boost Passer Clause: Limit one Baton Passer that has a way to boost its stats
|rule|Freeze Clause Mod: Limit one foe frozen
|
|t:|1728751394
|start
|switch|p1a: Skarmory|Skarmory, M|100/100
|switch|p2a: BOOM?|Metagross|100/100
|turn|1
|c|☆pea-kah|hf gl!
|c|☆dadaasdcfaw|same :)
|
|t:|1728751407
|switch|p2a: Nemesis|Magneton|100/100
|move|p1a: Skarmory|Spikes|p2a: Nemesis
|-sidestart|p2: pea-kah|Spikes
|
|upkeep
|turn|2
|
|t:|1728751414
|move|p1a: Skarmory|Hidden Power|p2a: Nemesis
|-supereffective|p2a: Nemesis
|-damage|p2a: Nemesis|0 fnt
|faint|p2a: Nemesis
|
|t:|1728751434
|switch|p2a: Milkman|Salamence, M|100/100
|-ability|p2a: Milkman|Intimidate|boost
|-unboost|p1a: Skarmory|atk|1
|
|upkeep
|turn|3
|
|t:|1728751440
|switch|p1a: Swampert|Swampert, M|100/100
|move|p2a: Milkman|Dragon Dance|p2a: Milkman
|-boost|p2a: Milkman|atk|1
|-boost|p2a: Milkman|spe|1
|
|upkeep
|turn|4
|inactive|pea-kah has 270 seconds left.
|
|t:|1728751466
|switch|p2a: Cabij|Celebi|100/100
|-damage|p2a: Cabij|88/100|[from] Spikes
|move|p1a: Swampert|Ice Beam|p2a: Cabij
|-supereffective|p2a: Cabij
|-damage|p2a: Cabij|59/100
|
|-heal|p2a: Cabij|65/100|[from] item: Leftovers
|upkeep
|turn|5
|
|t:|1728751483
|switch|p1a: Salamence|Salamence, F|100/100
|-ability|p1a: Salamence|Intimidate|boost
|-unboost|p2a: Cabij|atk|1
|move|p2a: Cabij|Leech Seed|p1a: Salamence
|-start|p1a: Salamence|move: Leech Seed
|
|-heal|p2a: Cabij|71/100|[from] item: Leftovers
|-damage|p1a: Salamence|88/100|[from] Leech Seed|[of] p2a: Cabij
|-heal|p2a: Cabij|81/100|[silent]
|upkeep
|turn|6
|
|t:|1728751490
|switch|p2a: BigBlueCarp|Gyarados, M|100/100
|-ability|p2a: BigBlueCarp|Intimidate|boost
|-unboost|p1a: Salamence|atk|1
|switch|p1a: Skarmory|Skarmory, M|100/100
|
|upkeep
|turn|7
|inactive|pea-kah has 270 seconds left.
|inactive|dadaasdcfaw has 270 seconds left.
|inactive|dadaasdcfaw has 240 seconds left.
|
|t:|1728751575
|switch|p2a: Cabij|Celebi|81/100
|-damage|p2a: Cabij|69/100|[from] Spikes
|switch|p1a: Zapdos|Zapdos|100/100
|
|-heal|p2a: Cabij|75/100|[from] item: Leftovers
|upkeep
|turn|8
|
|t:|1728751583
|move|p1a: Zapdos|Thunder Wave|p2a: Cabij
|-status|p2a: Cabij|par
|move|p2a: Cabij|Substitute|p2a: Cabij
|-start|p2a: Cabij|Substitute
|-damage|p2a: Cabij|50/100 par
|
|-heal|p2a: Cabij|56/100 par|[from] item: Leftovers
|upkeep
|turn|9
|inactive|pea-kah has 270 seconds left.
|
|t:|1728751611
|switch|p1a: Metagross|Metagross|100/100
|move|p2a: Cabij|Leech Seed|p1a: Metagross
|-start|p1a: Metagross|move: Leech Seed
|
|-damage|p1a: Metagross|88/100|[from] Leech Seed|[of] p2a: Cabij
|-heal|p2a: Cabij|67/100 par|[silent]
|-heal|p2a: Cabij|73/100 par|[from] item: Leftovers
|upkeep
|turn|10
|inactive|dadaasdcfaw has 210 seconds left.
|inactive|dadaasdcfaw has 180 seconds left.
|
|t:|1728751665
|move|p1a: Metagross|Meteor Mash|p2a: Cabij
|-end|p2a: Cabij|Substitute
|cant|p2a: Cabij|par
|
|-damage|p1a: Metagross|76/100|[from] Leech Seed|[of] p2a: Cabij
|-heal|p2a: Cabij|83/100 par|[silent]
|-heal|p2a: Cabij|89/100 par|[from] item: Leftovers
|upkeep
|turn|11
|inactive|dadaasdcfaw has 180 seconds left.
|
|t:|1728751677
|switch|p1a: Salamence|Salamence, F|88/100
|-ability|p1a: Salamence|Intimidate|boost
|-unboost|p2a: Cabij|atk|1
|-curestatus|p2a: Cabij|par|[from] ability: Natural Cure
|switch|p2a: BigBlueCarp|Gyarados, M|100/100
|-ability|p2a: BigBlueCarp|Intimidate|boost
|-unboost|p1a: Salamence|atk|1
|
|-heal|p1a: Salamence|94/100|[from] item: Leftovers
|upkeep
|turn|12
|inactive|dadaasdcfaw has 180 seconds left.
|
|t:|1728751692
|switch|p1a: Zapdos|Zapdos|100/100
|move|p2a: BigBlueCarp|Dragon Dance|p2a: BigBlueCarp
|-boost|p2a: BigBlueCarp|atk|1
|-boost|p2a: BigBlueCarp|spe|1
|
|upkeep
|turn|13
|inactive|dadaasdcfaw has 180 seconds left.
|inactive|pea-kah has 240 seconds left.
|inactive|dadaasdcfaw has 150 seconds left.
|inactive|pea-kah has 210 seconds left.
|inactive|dadaasdcfaw has 120 seconds left.
|
|t:|1728751784
|switch|p2a: Cabij|Celebi|89/100
|-damage|p2a: Cabij|77/100|[from] Spikes
|move|p1a: Zapdos|Thunderbolt|p2a: Cabij
|-resisted|p2a: Cabij
|-damage|p2a: Cabij|59/100
|
|-heal|p2a: Cabij|65/100|[from] item: Leftovers
|upkeep
|turn|14
|inactive|dadaasdcfaw has 120 seconds left.
|
|t:|1728751819
|switch|p1a: Skarmory|Skarmory, M|100/100
|move|p2a: Cabij|Leech Seed|p1a: Skarmory
|-start|p1a: Skarmory|move: Leech Seed
|
|-heal|p2a: Cabij|71/100|[from] item: Leftovers
|-damage|p1a: Skarmory|88/100|[from] Leech Seed|[of] p2a: Cabij
|-heal|p2a: Cabij|79/100|[silent]
|upkeep
|turn|15
|inactive|dadaasdcfaw has 90 seconds left.
|inactive|pea-kah has 180 seconds left.
|
|t:|1728751862
|move|p2a: Cabij|Leech Seed|p1a: Skarmory|[miss]
|-miss|p2a: Cabij|p1a: Skarmory
|move|p1a: Skarmory|Taunt|p2a: Cabij
|-start|p2a: Cabij|move: Taunt
|
|-heal|p2a: Cabij|86/100|[from] item: Leftovers
|-damage|p1a: Skarmory|76/100|[from] Leech Seed|[of] p2a: Cabij
|-heal|p2a: Cabij|94/100|[silent]
|upkeep
|turn|16
|inactive|pea-kah has 180 seconds left.
|inactive|dadaasdcfaw has 60 seconds left.
|
|t:|1728751893
|switch|p2a: Milkman|Salamence, M|100/100
|-ability|p2a: Milkman|Intimidate|boost
|-unboost|p1a: Skarmory|atk|1
|switch|p1a: Zapdos|Zapdos|100/100
|
|upkeep
|turn|17
|inactive|pea-kah has 180 seconds left.
|
|t:|1728751922
|switch|p1a: Swampert|Swampert, M|100/100
|move|p2a: Milkman|Rock Slide|p1a: Swampert
|-resisted|p1a: Swampert
|-damage|p1a: Swampert|91/100
|
|-heal|p1a: Swampert|98/100|[from] item: Leftovers
|upkeep
|turn|18
|
|t:|1728751931
|switch|p2a: BigBlueCarp|Gyarados, M|100/100
|-ability|p2a: BigBlueCarp|Intimidate|boost
|-unboost|p1a: Swampert|atk|1
|switch|p1a: Skarmory|Skarmory, M|76/100
|
|upkeep
|turn|19
|inactive|pea-kah has 180 seconds left.
|inactive|dadaasdcfaw has 30 seconds left.
|
|t:|1728751953
|switch|p2a: BOOM?|Metagross|100/100
|-damage|p2a: BOOM?|88/100|[from] Spikes
|switch|p1a: Zapdos|Zapdos|100/100
|
|upkeep
|turn|20
|inactive|pea-kah has 180 seconds left.
|inactive|dadaasdcfaw has 30 seconds left.
|
|t:|1728751966
|switch|p1a: Breloom|Breloom, M|100/100
|move|p2a: BOOM?|Meteor Mash|p1a: Breloom|[miss]
|-miss|p2a: BOOM?|p1a: Breloom
|
|upkeep
|turn|21
|
|t:|1728751973
|switch|p2a: Cabij|Celebi|94/100
|-damage|p2a: Cabij|81/100|[from] Spikes
|move|p1a: Breloom|Spore|p2a: Cabij
|-status|p2a: Cabij|slp|[from] move: Spore
|
|-heal|p2a: Cabij|88/100 slp|[from] item: Leftovers
|upkeep
|turn|22
|inactive|pea-kah has 180 seconds left.
|
|t:|1728751991
|-curestatus|p2a: Cabij|slp|[from] ability: Natural Cure
|switch|p2a: BigBlueCarp|Gyarados, M|100/100
|-ability|p2a: BigBlueCarp|Intimidate|boost
|-unboost|p1a: Breloom|atk|1
|switch|p1a: Metagross|Metagross|76/100
|
|upkeep
|turn|23
|inactive|pea-kah has 180 seconds left.
|
|t:|1728752001
|move|p2a: BigBlueCarp|Dragon Dance|p2a: BigBlueCarp
|-boost|p2a: BigBlueCarp|atk|1
|-boost|p2a: BigBlueCarp|spe|1
|move|p1a: Metagross|Agility|p1a: Metagross
|-boost|p1a: Metagross|spe|2
|
|upkeep
|turn|24
|inactive|pea-kah has 180 seconds left.
|
|t:|1728752013
|move|p2a: BigBlueCarp|Earthquake|p1a: Metagross
|-supereffective|p1a: Metagross
|-damage|p1a: Metagross|0 fnt
|faint|p1a: Metagross
|inactive|dadaasdcfaw has 60 seconds left.
|
|t:|1728752019
|switch|p1a: Salamence|Salamence, F|94/100
|-ability|p1a: Salamence|Intimidate|boost
|-unboost|p2a: BigBlueCarp|atk|1
|
|-heal|p1a: Salamence|99/100|[from] item: Leftovers
|upkeep
|turn|25
|inactive|pea-kah has 180 seconds left.
|
|t:|1728752051
|switch|p2a: Milkman|Salamence, M|100/100
|-ability|p2a: Milkman|Intimidate|boost
|-unboost|p1a: Salamence|atk|1
|switch|p1a: Swampert|Swampert, M|98/100
|
|-heal|p1a: Swampert|100/100|[from] item: Leftovers
|upkeep
|turn|26
|
|t:|1728752059
|switch|p2a: Cabij|Celebi|88/100
|-damage|p2a: Cabij|75/100|[from] Spikes
|move|p1a: Swampert|Ice Beam|p2a: Cabij
|-supereffective|p2a: Cabij
|-damage|p2a: Cabij|44/100
|
|-heal|p2a: Cabij|50/100|[from] item: Leftovers
|upkeep
|turn|27
|
|t:|1728752069
|switch|p1a: Skarmory|Skarmory, M|76/100
|move|p2a: Cabij|Psychic|p1a: Skarmory
|-resisted|p1a: Skarmory
|-damage|p1a: Skarmory|48/100
|
|-heal|p2a: Cabij|56/100|[from] item: Leftovers
|upkeep
|turn|28
|inactive|pea-kah has 180 seconds left.
|
|t:|1728752077
|move|p2a: Cabij|Psychic|p1a: Skarmory
|-resisted|p1a: Skarmory
|-damage|p1a: Skarmory|22/100
|move|p1a: Skarmory|Spikes|p2a: Cabij
|-sidestart|p2: pea-kah|Spikes
|
|-heal|p2a: Cabij|62/100|[from] item: Leftovers
|upkeep
|turn|29
|inactive|dadaasdcfaw has 90 seconds left.
|
|t:|1728752111
|move|p2a: Cabij|Psychic|p1a: Skarmory
|-resisted|p1a: Skarmory
|-damage|p1a: Skarmory|0 fnt
|faint|p1a: Skarmory
|
|t:|1728752116
|switch|p1a: Salamence|Salamence, F|99/100
|-ability|p1a: Salamence|Intimidate|boost
|-unboost|p2a: Cabij|atk|1
|
|-heal|p2a: Cabij|68/100|[from] item: Leftovers
|-heal|p1a: Salamence|100/100|[from] item: Leftovers
|upkeep
|turn|30
|
|t:|1728752127
|switch|p2a: BigBlueCarp|Gyarados, M|100/100
|-ability|p2a: BigBlueCarp|Intimidate|boost
|-unboost|p1a: Salamence|atk|1
|move|p1a: Salamence|Dragon Dance|p1a: Salamence
|-boost|p1a: Salamence|atk|1
|-boost|p1a: Salamence|spe|1
|
|upkeep
|turn|31
|
|t:|1728752137
|move|p1a: Salamence|Dragon Dance|p1a: Salamence
|-boost|p1a: Salamence|atk|1
|-boost|p1a: Salamence|spe|1
|move|p2a: BigBlueCarp|Dragon Dance|p2a: BigBlueCarp
|-boost|p2a: BigBlueCarp|atk|1
|-boost|p2a: BigBlueCarp|spe|1
|
|upkeep
|turn|32
|inactive|dadaasdcfaw has 90 seconds left.
|
|t:|1728752158
|move|p1a: Salamence|Rock Slide|p2a: BigBlueCarp
|-supereffective|p2a: BigBlueCarp
|-damage|p2a: BigBlueCarp|0 fnt
|faint|p2a: BigBlueCarp
|
|t:|1728752172
|switch|p2a: Milkman|Salamence, M|100/100
|-ability|p2a: Milkman|Intimidate|boost
|-unboost|p1a: Salamence|atk|1
|
|upkeep
|turn|33
|inactive|dadaasdcfaw has 90 seconds left.
|inactive|pea-kah has 180 seconds left.
|inactive|dadaasdcfaw has 60 seconds left.
|
|t:|1728752235
|switch|p1a: Swampert|Swampert, M|100/100
|switch|p2a: BOOM?|Metagross|88/100
|-damage|p2a: BOOM?|72/100|[from] Spikes
|
|upkeep
|turn|34
|inactive|dadaasdcfaw has 60 seconds left.
|
|t:|1728752258
|move|p1a: Swampert|Protect|p1a: Swampert
|-singleturn|p1a: Swampert|Protect
|move|p2a: BOOM?|Explosion|p1a: Swampert
|-activate|p1a: Swampert|Protect
|faint|p2a: BOOM?
|
|t:|1728752262
|switch|p2a: Cabij|Celebi|68/100
|-damage|p2a: Cabij|52/100|[from] Spikes
|
|-heal|p2a: Cabij|58/100|[from] item: Leftovers
|upkeep
|turn|35
|inactive|dadaasdcfaw has 60 seconds left.
|
|t:|1728752271
|switch|p1a: Breloom|Breloom, M|100/100
|move|p2a: Cabij|Leech Seed|p1a: Breloom
|-immune|p1a: Breloom
|
|-heal|p2a: Cabij|64/100|[from] item: Leftovers
|upkeep
|turn|36
|inactive|dadaasdcfaw has 60 seconds left.
|inactive|pea-kah has 180 seconds left.
|
|t:|1728752283
|switch|p2a: Milkman|Salamence, M|100/100
|-ability|p2a: Milkman|Intimidate|boost
|-unboost|p1a: Breloom|atk|1
|move|p1a: Breloom|Spore|p2a: Milkman
|-status|p2a: Milkman|slp|[from] move: Spore
|
|upkeep
|turn|37
|inactive|dadaasdcfaw has 60 seconds left.
|
|t:|1728752297
|switch|p2a: Cabij|Celebi|64/100
|-damage|p2a: Cabij|48/100|[from] Spikes
|switch|p1a: Swampert|Swampert, M|100/100
|
|-heal|p2a: Cabij|54/100|[from] item: Leftovers
|upkeep
|turn|38
|
|t:|1728752304
|switch|p1a: Breloom|Breloom, M|100/100
|move|p2a: Cabij|Leech Seed|p1a: Breloom
|-immune|p1a: Breloom
|
|-heal|p2a: Cabij|60/100|[from] item: Leftovers
|upkeep
|turn|39
|
|t:|1728752309
|move|p2a: Cabij|Psychic|p1a: Breloom
|-supereffective|p1a: Breloom
|-damage|p1a: Breloom|0 fnt
|faint|p1a: Breloom
|
|t:|1728752314
|switch|p1a: Salamence|Salamence, F|100/100
|-ability|p1a: Salamence|Intimidate|boost
|-unboost|p2a: Cabij|atk|1
|
|-heal|p2a: Cabij|66/100|[from] item: Leftovers
|upkeep
|turn|40
|
|t:|1728752320
|move|p2a: Cabij|Leech Seed|p1a: Salamence
|-start|p1a: Salamence|move: Leech Seed
|move|p1a: Salamence|Hidden Power|p2a: Cabij
|-supereffective|p2a: Cabij
|-crit|p2a: Cabij
|-damage|p2a: Cabij|0 fnt
|faint|p2a: Cabij
|
|t:|1728752329
|switch|p2a: Milkman|Salamence, M|100/100 slp
|-ability|p2a: Milkman|Intimidate|boost
|-unboost|p1a: Salamence|atk|1
|
|-damage|p1a: Salamence|88/100|[from] Leech Seed|[of] p2a: Milkman
|upkeep
|turn|41
|
|t:|1728752334
|switch|p1a: Zapdos|Zapdos|100/100
|cant|p2a: Milkman|slp
|
|upkeep
|turn|42
|
|t:|1728752338
|move|p1a: Zapdos|Thunderbolt|p2a: Milkman
|-damage|p2a: Milkman|54/100 slp
|cant|p2a: Milkman|slp
|
|-heal|p2a: Milkman|60/100 slp|[from] item: Leftovers
|upkeep
|turn|43
|inactive|pea-kah has 240 seconds left.
|
|t:|1728752344
|move|p1a: Zapdos|Thunderbolt|p2a: Milkman
|-damage|p2a: Milkman|13/100 slp
|cant|p2a: Milkman|slp
|
|-heal|p2a: Milkman|19/100 slp|[from] item: Leftovers
|upkeep
|turn|44
|
|t:|1728752348
|move|p1a: Zapdos|Thunderbolt|p2a: Milkman
|-damage|p2a: Milkman|0 fnt
|faint|p2a: Milkman
|
|t:|1728752351
|switch|p2a: Mommy|Tyranitar, F|100/100
|-damage|p2a: Mommy|84/100|[from] Spikes
|-weather|Sandstorm|[from] ability: Sand Stream|[of] p2a: Mommy
|
|-weather|Sandstorm|[upkeep]
|-damage|p1a: Zapdos|94/100|[from] Sandstorm
|-heal|p1a: Zapdos|100/100|[from] item: Leftovers
|upkeep
|turn|45
|
|t:|1728752360
|move|p1a: Zapdos|Hidden Power|p2a: Mommy
|-supereffective|p2a: Mommy
|-damage|p2a: Mommy|36/100
|move|p2a: Mommy|Dragon Dance|p2a: Mommy
|-boost|p2a: Mommy|atk|1
|-boost|p2a: Mommy|spe|1
|
|-weather|Sandstorm|[upkeep]
|-damage|p1a: Zapdos|94/100|[from] Sandstorm
|-heal|p1a: Zapdos|100/100|[from] item: Leftovers
|upkeep
|turn|46
|
|t:|1728752366
|move|p2a: Mommy|Dragon Dance|p2a: Mommy
|-boost|p2a: Mommy|atk|1
|-boost|p2a: Mommy|spe|1
|move|p1a: Zapdos|Hidden Power|p2a: Mommy
|-supereffective|p2a: Mommy
|-damage|p2a: Mommy|0 fnt
|faint|p2a: Mommy
|
|win|dadaasdcfaw
|c|☆dadaasdcfaw|gg
|c|☆pea-kah|gg man

</script>
<script type="application/json" class="data" id="replaydata-smogtours-gen3ou-797571">
{"id":"smogtours-gen3ou-797571","format":"[Gen 3] OU","players":["dadaasdcfaw","pea-kah"],"uploadtime":1728752366,"views":100,"formatid":"gen3ou","rating":null,"private":0,"password":null}
</script>

<script defer src="js/replays.js?9d40a366"></script>
