<!DOCTYPE html>
<meta charset="utf-8" />
<meta name="viewport" content="width=device-width" />

<title>[Gen 3] OU: CodeRedSP vs. Witchgender - Replays - Pok&eacute;mon Showdown!</title>

<meta name="description" content="Watch a replay of a Pok&eacute;mon battle between CodeRedSP and Witchgender! Format: [Gen 3] OU; Date: Oct 8, 2024" />
<!--

Hey, you! Looking in the source for the replay log?

You can find them in JSON format, just add `.json` at the end of a replay URL.

https://replay.pokemonshowdown.com/gen7randomdoublesbattle-865046831.json

Or, if you only need the log itself, add `.log` instead:

https://replay.pokemonshowdown.com/gen7randomdoublesbattle-865046831.log

-->

<link rel="stylesheet" href="//pokemonshowdown.com/style/global.css?0.767286132409787" />
<link rel="stylesheet" href="//play.pokemonshowdown.com/style/font-awesome.css?0.9266228007934947" />
<link rel="stylesheet" href="//play.pokemonshowdown.com/style/battle.css?0.7924700842790926" />
<link rel="stylesheet" href="//play.pokemonshowdown.com/style/utilichart.css?0.8777417872839479" />

<!-- Global site tag (gtag.js) - Google Analytics -->
<script async src="https://www.googletagmanager.com/gtag/js?id=UA-26211653-1"></script>
<script>
  window.dataLayer = window.dataLayer || [];
  function gtag(){dataLayer.push(arguments);}
  gtag('js', new Date());

  gtag('config', 'UA-26211653-1');
</script>
<!-- End Google Analytics -->
<!-- Venatus Ad Manager - Install in <HEAD> of page -->
	<script src="https://hb.vntsm.com/v3/live/ad-manager.min.js" type="text/javascript" data-site-id="642aba63ec9a7b11c3c9c1be" data-mode="scan" async></script>
<!-- / Venatus Ad Manager -->

<style>
	@media (max-width:820px) {
		.battle {
			margin: 0 auto;
		}
		.battle-log {
			margin: 7px auto 0;
			max-width: 640px;
			height: 300px;
			position: static;
		}
	}
	.optgroup {
		display: inline-block;
		line-height: 22px;
		font-size: 10pt;
	}
	.optgroup .button {
		height: 25px;
		padding-top: 0;
		padding-bottom: 0;
	}
	.optgroup button.button {
		padding-left: 12px;
		padding-right: 12px;
	}
	.linklist {
		list-style: none;
		margin: 0.5em 0;
		padding: 0;
	}
	.linklist li {
		padding: 2px 0;
	}
	.sidebar {
		float: left;
		width: 320px;
	}
	.bar-wrapper {
		max-width: 1100px;
		margin: 0 auto;
	}
	.bar-wrapper.has-sidebar {
		max-width: 1430px;
	}
	.mainbar {
		margin: 0;
		padding-right: 1px;
	}
	.mainbar.has-sidebar {
		margin-left: 330px;
	}
	@media (min-width: 1511px) {
		.sidebar {
			width: 400px;
		}
		.bar-wrapper.has-sidebar {
			max-width: 1510px;
		}
		.mainbar.has-sidebar {
			margin-left: 410px;
		}
	}
	.section.first-section {
		margin-top: 9px;
	}
	.blocklink small {
		white-space: normal;
	}
	.button {
		vertical-align: middle;
	}
	.replay-controls {
		padding-top: 10px;
	}
	.replay-controls h1 {
		font-size: 16pt;
		font-weight: normal;
		color: #CCC;
	}
	.pagelink {
		text-align: center;
	}
	.pagelink a {
		width: 150px;
	}
	.textbox, .button {
		font-size: 11pt;
		vertical-align: middle;
	}
	@media (max-width: 450px) {
		.button {
			font-size: 9pt;
		}
	}
</style>

<div>

	<header>
		<div class="nav-wrapper"><ul class="nav">
			<li><a class="button nav-first" href="//pokemonshowdown.com/"><img src="//pokemonshowdown.com/images/pokemonshowdownbeta.png" srcset="//pokemonshowdown.com/images/pokemonshowdownbeta.png 1x, //pokemonshowdown.com/images/pokemonshowdownbeta@2x.png 2x" alt="Pok&eacute;mon Showdown" width="146" height="44" /> Home</a></li>
			<li><a class="button" href="//pokemonshowdown.com/dex/">Pok&eacute;dex</a></li>
			<li><a class="button cur" href="/">Replays</a></li>
			<li><a class="button" href="//pokemonshowdown.com/ladder/">Ladder</a></li>
			<li><a class="button nav-last" href="//pokemonshowdown.com/forums/">Forum</a></li>
			<li><a class="button greenbutton nav-first nav-last" href="//play.pokemonshowdown.com/">Play</a></li>
		</ul></div>
	</header>

	<div class="main" id="main">

		<noscript><section class="section">You need to enable JavaScript to use this page; sorry!</section></noscript>

	</div>

</div>

<script defer nomodule src="//play.pokemonshowdown.com/js/lib/ps-polyfill.js"></script>
<script defer src="//play.pokemonshowdown.com/js/lib/preact.min.js"></script>

<script defer src="//play.pokemonshowdown.com/config/config.js?6dec07f6"></script>
<script defer src="//play.pokemonshowdown.com/js/lib/jquery-1.11.0.min.js"></script>
<script defer src="//play.pokemonshowdown.com/js/lib/html-sanitizer-minified.js"></script>
<script defer src="//play.pokemonshowdown.com/js/battle-sound.js"></script>
<script defer src="//play.pokemonshowdown.com/js/battledata.js?0.6315294753075389"></script>
<script defer src="//play.pokemonshowdown.com/data/pokedex-mini.js?0.7603743185311358"></script>
<script defer src="//play.pokemonshowdown.com/data/pokedex-mini-bw.js?0.030888842834281283"></script>
<script defer src="//play.pokemonshowdown.com/data/graphics.js?0.05593094747507488"></script>
<script defer src="//play.pokemonshowdown.com/data/pokedex.js?0.47064822249611904"></script>
<script defer src="//play.pokemonshowdown.com/data/moves.js?0.8583693120512459"></script>
<script defer src="//play.pokemonshowdown.com/data/abilities.js?0.16017181182386842"></script>
<script defer src="//play.pokemonshowdown.com/data/items.js?0.4163379185673943"></script>
<script defer src="//play.pokemonshowdown.com/data/teambuilder-tables.js?0.31075597372830477"></script>
<script defer src="//play.pokemonshowdown.com/js/battle-tooltips.js?0.6536193500708172"></script>
<script defer src="//play.pokemonshowdown.com/js/battle.js?0.1916591943277901"></script>

<script defer src="js/utils.js?e31f9a17"></script>
<script defer src="js/replays-battle.js?7008c182"></script>

<!-- don't scrape this data! just add .json or .log after the URL!
Full API docs: https://github.com/smogon/pokemon-showdown-client/blob/master/WEB-API.md -->
<script type="text/plain" class="log" id="replaylog-smogtours-gen3ou-796523">
|inactive|Battle timer is ON: inactive players will automatically lose when time's up.
|t:|1728425993
|gametype|singles
|player|p1|CodeRedSP|102|
|player|p2|Witchgender|265|
|teamsize|p1|6
|teamsize|p2|6
|gen|3
|tier|[Gen 3] OU
|rule|Sleep Clause Mod: Limit one foe put to sleep
|rule|Switch Priority Clause Mod: Faster Pokémon switch first
|rule|Species Clause: Limit one of each Pokémon
|rule|OHKO Clause: OHKO moves are banned
|rule|Evasion Items Clause: Evasion items are banned
|rule|Evasion Moves Clause: Evasion moves are banned
|rule|Endless Battle Clause: Forcing endless battles is banned
|rule|HP Percentage Mod: HP is shown in percentages
|rule|One Boost Passer Clause: Limit one Baton Passer that has a way to boost its stats
|rule|Freeze Clause Mod: Limit one foe frozen
|
|t:|1728425993
|start
|switch|p1a: Family Guy|Slaking, M|100/100
|switch|p2a: Jynx|Jynx, F|100/100
|turn|1
|
|t:|1728426008
|switch|p2a: Jirachi|Jirachi|100/100
|move|p1a: Family Guy|Rock Slide|p2a: Jirachi
|-resisted|p2a: Jirachi
|-damage|p2a: Jirachi|79/100
|
|-heal|p2a: Jirachi|85/100|[from] item: Leftovers
|upkeep
|turn|2
|
|t:|1728426023
|switch|p1a: Soup|Gengar, F|100/100
|move|p2a: Jirachi|Psychic|p1a: Soup
|-supereffective|p1a: Soup
|-damage|p1a: Soup|0 fnt
|faint|p1a: Soup
|c|☆CodeRedSP|Oh shit big oof
|
|t:|1728426043
|switch|p1a: WTF IS A KM|Suicune|100/100
|
|-heal|p2a: Jirachi|91/100|[from] item: Leftovers
|upkeep
|turn|3
|
|t:|1728426046
|move|p2a: Jirachi|Hidden Power|p1a: WTF IS A KM
|-supereffective|p1a: WTF IS A KM
|-damage|p1a: WTF IS A KM|69/100
|move|p1a: WTF IS A KM|Calm Mind|p1a: WTF IS A KM
|-boost|p1a: WTF IS A KM|spa|1
|-boost|p1a: WTF IS A KM|spd|1
|
|-heal|p2a: Jirachi|97/100|[from] item: Leftovers
|-heal|p1a: WTF IS A KM|75/100|[from] item: Leftovers
|upkeep
|turn|4
|
|t:|1728426052
|switch|p2a: Jynx|Jynx, F|100/100
|move|p1a: WTF IS A KM|Calm Mind|p1a: WTF IS A KM
|-boost|p1a: WTF IS A KM|spa|1
|-boost|p1a: WTF IS A KM|spd|1
|
|-heal|p1a: WTF IS A KM|81/100|[from] item: Leftovers
|upkeep
|turn|5
|
|t:|1728426054
|move|p2a: Jynx|Lovely Kiss|p1a: WTF IS A KM|[miss]
|-miss|p2a: Jynx|p1a: WTF IS A KM
|move|p1a: WTF IS A KM|Surf|p2a: Jynx
|-damage|p2a: Jynx|0 fnt
|faint|p2a: Jynx
|
|t:|1728426062
|switch|p2a: Raikou|Raikou|100/100
|
|-heal|p1a: WTF IS A KM|88/100|[from] item: Leftovers
|upkeep
|turn|6
|
|t:|1728426068
|move|p1a: WTF IS A KM|Surf|p2a: Raikou
|-damage|p2a: Raikou|5/100
|move|p2a: Raikou|Roar|p1a: WTF IS A KM
|drag|p1a: Windows 87|Metagross, shiny|100/100
|
|-heal|p2a: Raikou|11/100|[from] item: Leftovers
|upkeep
|turn|7
|
|t:|1728426097
|switch|p2a: Zapdos|Zapdos|100/100
|move|p1a: Windows 87|Meteor Mash|p2a: Zapdos
|-resisted|p2a: Zapdos
|-damage|p2a: Zapdos|56/100
|
|-heal|p2a: Zapdos|62/100|[from] item: Leftovers
|upkeep
|turn|8
|
|t:|1728426106
|move|p2a: Zapdos|Substitute|p2a: Zapdos
|-start|p2a: Zapdos|Substitute
|-damage|p2a: Zapdos|37/100
|move|p1a: Windows 87|Meteor Mash|p2a: Zapdos
|-resisted|p2a: Zapdos
|-end|p2a: Zapdos|Substitute
|
|-heal|p2a: Zapdos|43/100|[from] item: Leftovers
|upkeep
|turn|9
|
|t:|1728426110
|move|p2a: Zapdos|Thunderbolt|p1a: Windows 87
|-damage|p1a: Windows 87|55/100
|move|p1a: Windows 87|Meteor Mash|p2a: Zapdos
|-resisted|p2a: Zapdos
|-damage|p2a: Zapdos|0 fnt
|faint|p2a: Zapdos
|
|t:|1728426112
|switch|p2a: Dugtrio|Dugtrio, F|100/100
|
|upkeep
|turn|10
|
|t:|1728426139
|move|p2a: Dugtrio|Earthquake|p1a: Windows 87
|-supereffective|p1a: Windows 87
|-damage|p1a: Windows 87|0 fnt
|faint|p1a: Windows 87
|inactive|CodeRedSP has 270 seconds left.
|
|t:|1728426155
|switch|p1a: Family Guy|Slaking, M|100/100
|
|upkeep
|turn|11
|inactive|CodeRedSP has 270 seconds left.
|inactive|Witchgender has 270 seconds left.
|
|t:|1728426211
|move|p2a: Dugtrio|Earthquake|p1a: Family Guy
|-damage|p1a: Family Guy|60/100
|move|p1a: Family Guy|Double-Edge|p2a: Dugtrio
|-damage|p2a: Dugtrio|0 fnt
|-damage|p1a: Family Guy|42/100|[from] Recoil|[of] p2a: Dugtrio
|faint|p2a: Dugtrio
|
|t:|1728426216
|switch|p2a: Raikou|Raikou|11/100
|
|-heal|p2a: Raikou|17/100|[from] item: Leftovers
|upkeep
|turn|12
|
|t:|1728426222
|switch|p1a: Relinquished|Claydol|100/100
|move|p2a: Raikou|Thunderbolt|p1a: Relinquished
|-immune|p1a: Relinquished
|
|-heal|p2a: Raikou|23/100|[from] item: Leftovers
|upkeep
|turn|13
|inactive|CodeRedSP has 270 seconds left.
|
|t:|1728426242
|move|p2a: Raikou|Hidden Power|p1a: Relinquished
|-supereffective|p1a: Relinquished
|-damage|p1a: Relinquished|72/100
|move|p1a: Relinquished|Rock Slide|p2a: Raikou
|-damage|p2a: Raikou|5/100
|
|-heal|p2a: Raikou|11/100|[from] item: Leftovers
|-heal|p1a: Relinquished|78/100|[from] item: Leftovers
|upkeep
|turn|14
|inactive|CodeRedSP has 270 seconds left.
|
|t:|1728426247
|move|p2a: Raikou|Hidden Power|p1a: Relinquished
|-supereffective|p1a: Relinquished
|-damage|p1a: Relinquished|47/100
|move|p1a: Relinquished|Rock Slide|p2a: Raikou
|-crit|p2a: Raikou
|-damage|p2a: Raikou|0 fnt
|faint|p2a: Raikou
|
|t:|1728426249
|switch|p2a: Suicune|Suicune|100/100
|
|-heal|p1a: Relinquished|53/100|[from] item: Leftovers
|upkeep
|turn|15
|
|t:|1728426258
|switch|p1a: WTF IS A KM|Suicune|88/100
|move|p2a: Suicune|Hydro Pump|p1a: WTF IS A KM
|-resisted|p1a: WTF IS A KM
|-damage|p1a: WTF IS A KM|68/100
|
|-heal|p1a: WTF IS A KM|74/100|[from] item: Leftovers
|upkeep
|turn|16
|
|t:|1728426260
|move|p2a: Suicune|Calm Mind|p2a: Suicune
|-boost|p2a: Suicune|spa|1
|-boost|p2a: Suicune|spd|1
|move|p1a: WTF IS A KM|Calm Mind|p1a: WTF IS A KM
|-boost|p1a: WTF IS A KM|spa|1
|-boost|p1a: WTF IS A KM|spd|1
|
|-heal|p1a: WTF IS A KM|80/100|[from] item: Leftovers
|upkeep
|turn|17
|
|t:|1728426262
|move|p2a: Suicune|Calm Mind|p2a: Suicune
|-boost|p2a: Suicune|spa|1
|-boost|p2a: Suicune|spd|1
|move|p1a: WTF IS A KM|Calm Mind|p1a: WTF IS A KM
|-boost|p1a: WTF IS A KM|spa|1
|-boost|p1a: WTF IS A KM|spd|1
|
|-heal|p1a: WTF IS A KM|86/100|[from] item: Leftovers
|upkeep
|turn|18
|
|t:|1728426264
|move|p2a: Suicune|Calm Mind|p2a: Suicune
|-boost|p2a: Suicune|spa|1
|-boost|p2a: Suicune|spd|1
|move|p1a: WTF IS A KM|Calm Mind|p1a: WTF IS A KM
|-boost|p1a: WTF IS A KM|spa|1
|-boost|p1a: WTF IS A KM|spd|1
|
|-heal|p1a: WTF IS A KM|92/100|[from] item: Leftovers
|upkeep
|turn|19
|
|t:|1728426267
|move|p2a: Suicune|Calm Mind|p2a: Suicune
|-boost|p2a: Suicune|spa|1
|-boost|p2a: Suicune|spd|1
|move|p1a: WTF IS A KM|Surf|p2a: Suicune
|-resisted|p2a: Suicune
|-damage|p2a: Suicune|86/100
|
|-heal|p2a: Suicune|92/100|[from] item: Leftovers
|-heal|p1a: WTF IS A KM|99/100|[from] item: Leftovers
|upkeep
|turn|20
|
|t:|1728426271
|move|p2a: Suicune|Calm Mind|p2a: Suicune
|-boost|p2a: Suicune|spa|1
|-boost|p2a: Suicune|spd|1
|move|p1a: WTF IS A KM|Calm Mind|p1a: WTF IS A KM
|-boost|p1a: WTF IS A KM|spa|1
|-boost|p1a: WTF IS A KM|spd|1
|
|-heal|p2a: Suicune|98/100|[from] item: Leftovers
|-heal|p1a: WTF IS A KM|100/100|[from] item: Leftovers
|upkeep
|turn|21
|
|t:|1728426276
|move|p2a: Suicune|Calm Mind|p2a: Suicune
|-boost|p2a: Suicune|spa|1
|-boost|p2a: Suicune|spd|1
|move|p1a: WTF IS A KM|Calm Mind|p1a: WTF IS A KM
|-boost|p1a: WTF IS A KM|spa|1
|-boost|p1a: WTF IS A KM|spd|1
|
|-heal|p2a: Suicune|100/100|[from] item: Leftovers
|upkeep
|turn|22
|
|t:|1728426278
|move|p2a: Suicune|Hidden Power|p1a: WTF IS A KM
|-supereffective|p1a: WTF IS A KM
|-damage|p1a: WTF IS A KM|68/100
|move|p1a: WTF IS A KM|Calm Mind|p1a: WTF IS A KM
|-boost|p1a: WTF IS A KM|spa|1
|-boost|p1a: WTF IS A KM|spd|1
|
|-heal|p1a: WTF IS A KM|74/100|[from] item: Leftovers
|upkeep
|turn|23
|
|t:|1728426282
|move|p2a: Suicune|Hidden Power|p1a: WTF IS A KM
|-supereffective|p1a: WTF IS A KM
|-damage|p1a: WTF IS A KM|42/100
|move|p1a: WTF IS A KM|Surf|p2a: Suicune
|-resisted|p2a: Suicune
|-damage|p2a: Suicune|82/100
|
|-heal|p2a: Suicune|88/100|[from] item: Leftovers
|-heal|p1a: WTF IS A KM|48/100|[from] item: Leftovers
|upkeep
|turn|24
|
|t:|1728426284
|move|p2a: Suicune|Hidden Power|p1a: WTF IS A KM
|-supereffective|p1a: WTF IS A KM
|-damage|p1a: WTF IS A KM|15/100
|move|p1a: WTF IS A KM|Rest|p1a: WTF IS A KM
|-status|p1a: WTF IS A KM|slp|[from] move: Rest
|-heal|p1a: WTF IS A KM|100/100 slp|[silent]
|
|-heal|p2a: Suicune|94/100|[from] item: Leftovers
|upkeep
|turn|25
|
|t:|1728426289
|move|p2a: Suicune|Hidden Power|p1a: WTF IS A KM
|-supereffective|p1a: WTF IS A KM
|-damage|p1a: WTF IS A KM|68/100 slp
|cant|p1a: WTF IS A KM|slp
|move|p1a: WTF IS A KM|Sleep Talk|p1a: WTF IS A KM
|move|p1a: WTF IS A KM|Surf|p2a: Suicune|[from]Sleep Talk
|-resisted|p2a: Suicune
|-damage|p2a: Suicune|77/100
|
|-heal|p2a: Suicune|83/100|[from] item: Leftovers
|-heal|p1a: WTF IS A KM|74/100 slp|[from] item: Leftovers
|upkeep
|turn|26
|
|t:|1728426291
|move|p2a: Suicune|Hidden Power|p1a: WTF IS A KM
|-supereffective|p1a: WTF IS A KM
|-damage|p1a: WTF IS A KM|42/100 slp
|cant|p1a: WTF IS A KM|slp
|move|p1a: WTF IS A KM|Sleep Talk|p1a: WTF IS A KM
|move|p1a: WTF IS A KM|Calm Mind|p1a: WTF IS A KM|[from]Sleep Talk
|-boost|p1a: WTF IS A KM|spa|0
|-boost|p1a: WTF IS A KM|spd|0
|
|-heal|p2a: Suicune|89/100|[from] item: Leftovers
|-heal|p1a: WTF IS A KM|48/100 slp|[from] item: Leftovers
|upkeep
|turn|27
|
|t:|1728426293
|move|p2a: Suicune|Hidden Power|p1a: WTF IS A KM
|-supereffective|p1a: WTF IS A KM
|-damage|p1a: WTF IS A KM|19/100 slp
|-curestatus|p1a: WTF IS A KM|slp|[msg]
|move|p1a: WTF IS A KM|Sleep Talk|p1a: WTF IS A KM
|
|-heal|p2a: Suicune|95/100|[from] item: Leftovers
|-heal|p1a: WTF IS A KM|25/100|[from] item: Leftovers
|upkeep
|turn|28
|
|t:|1728426296
|move|p2a: Suicune|Hidden Power|p1a: WTF IS A KM
|-supereffective|p1a: WTF IS A KM
|-damage|p1a: WTF IS A KM|0 fnt
|faint|p1a: WTF IS A KM
|
|t:|1728426298
|switch|p1a: Family Guy|Slaking, M|42/100
|
|-heal|p2a: Suicune|100/100|[from] item: Leftovers
|upkeep
|turn|29
|inactive|Witchgender has 270 seconds left.
|
|t:|1728426341
|switch|p2a: Jirachi|Jirachi|97/100
|move|p1a: Family Guy|Double-Edge|p2a: Jirachi
|-resisted|p2a: Jirachi
|-damage|p2a: Jirachi|44/100
|-damage|p1a: Family Guy|29/100|[from] Recoil|[of] p2a: Jirachi
|
|-heal|p2a: Jirachi|50/100|[from] item: Leftovers
|upkeep
|turn|30
|
|t:|1728426350
|switch|p1a: Relinquished|Claydol|53/100
|move|p2a: Jirachi|Hidden Power|p1a: Relinquished
|-supereffective|p1a: Relinquished
|-damage|p1a: Relinquished|25/100
|
|-heal|p2a: Jirachi|57/100|[from] item: Leftovers
|-heal|p1a: Relinquished|31/100|[from] item: Leftovers
|upkeep
|turn|31
|inactive|Witchgender has 270 seconds left.
|
|t:|1728426361
|switch|p2a: Suicune|Suicune|100/100
|move|p1a: Relinquished|Explosion|p2a: Suicune
|-damage|p2a: Suicune|30/100
|faint|p1a: Relinquished
|
|t:|1728426365
|switch|p1a: Family Guy|Slaking, M|29/100
|
|-heal|p2a: Suicune|36/100|[from] item: Leftovers
|upkeep
|turn|32
|
|t:|1728426371
|move|p1a: Family Guy|Double-Edge|p2a: Suicune
|-damage|p2a: Suicune|0 fnt
|-damage|p1a: Family Guy|20/100|[from] Recoil|[of] p2a: Suicune
|faint|p2a: Suicune
|
|t:|1728426372
|switch|p2a: Jirachi|Jirachi|57/100
|
|-heal|p2a: Jirachi|63/100|[from] item: Leftovers
|upkeep
|turn|33
|
|t:|1728426377
|switch|p1a: Charicif|Charizard, F|100/100
|move|p2a: Jirachi|Calm Mind|p2a: Jirachi
|-boost|p2a: Jirachi|spa|1
|-boost|p2a: Jirachi|spd|1
|
|-heal|p2a: Jirachi|69/100|[from] item: Leftovers
|upkeep
|turn|34
|
|t:|1728426383
|move|p1a: Charicif|Substitute|p1a: Charicif
|-start|p1a: Charicif|Substitute
|-damage|p1a: Charicif|76/100
|move|p2a: Jirachi|Psychic|p1a: Charicif
|-end|p1a: Charicif|Substitute
|
|-heal|p2a: Jirachi|75/100|[from] item: Leftovers
|upkeep
|turn|35
|
|t:|1728426385
|move|p1a: Charicif|Substitute|p1a: Charicif
|-start|p1a: Charicif|Substitute
|-damage|p1a: Charicif|51/100
|move|p2a: Jirachi|Psychic|p1a: Charicif
|-end|p1a: Charicif|Substitute
|
|-heal|p2a: Jirachi|81/100|[from] item: Leftovers
|upkeep
|turn|36
|
|t:|1728426388
|move|p1a: Charicif|Substitute|p1a: Charicif
|-start|p1a: Charicif|Substitute
|-damage|p1a: Charicif|26/100
|move|p2a: Jirachi|Psychic|p1a: Charicif
|-end|p1a: Charicif|Substitute
|
|-heal|p2a: Jirachi|87/100|[from] item: Leftovers
|upkeep
|turn|37
|
|t:|1728426394
|move|p1a: Charicif|Overheat|p2a: Jirachi
|-supereffective|p2a: Jirachi
|-damage|p2a: Jirachi|0 fnt
|-unboost|p1a: Charicif|spa|2
|faint|p2a: Jirachi
|
|win|CodeRedSP
|c|☆Witchgender|gg
|c|☆CodeRedSP|Gg
|player|p2|
|player|p1|
|player|p2|Witchgender|265|

</script>
<script type="application/json" class="data" id="replaydata-smogtours-gen3ou-796523">
{"id":"smogtours-gen3ou-796523","format":"[Gen 3] OU","players":["CodeRedSP","Witchgender"],"uploadtime":1728426394,"views":110,"formatid":"gen3ou","rating":null,"private":0,"password":null}
</script>

<script defer src="js/replays.js?9d40a366"></script>
