<!DOCTYPE html>
<meta charset="utf-8" />
<meta name="viewport" content="width=device-width" />

<title>[Gen 3] OU: Xamvant vs. UponLink - Replays - Pok&eacute;mon Showdown!</title>

<meta name="description" content="Watch a replay of a Pok&eacute;mon battle between Xamvant and UponLink! Format: [Gen 3] OU; Date: Oct 23, 2024" />
<!--

Hey, you! Looking in the source for the replay log?

You can find them in JSON format, just add `.json` at the end of a replay URL.

https://replay.pokemonshowdown.com/gen7randomdoublesbattle-865046831.json

Or, if you only need the log itself, add `.log` instead:

https://replay.pokemonshowdown.com/gen7randomdoublesbattle-865046831.log

-->

<link rel="stylesheet" href="//pokemonshowdown.com/style/global.css?0.767286132409787" />
<link rel="stylesheet" href="//play.pokemonshowdown.com/style/font-awesome.css?0.9266228007934947" />
<link rel="stylesheet" href="//play.pokemonshowdown.com/style/battle.css?0.7924700842790926" />
<link rel="stylesheet" href="//play.pokemonshowdown.com/style/utilichart.css?0.8777417872839479" />

<!-- Global site tag (gtag.js) - Google Analytics -->
<script async src="https://www.googletagmanager.com/gtag/js?id=UA-26211653-1"></script>
<script>
  window.dataLayer = window.dataLayer || [];
  function gtag(){dataLayer.push(arguments);}
  gtag('js', new Date());

  gtag('config', 'UA-26211653-1');
</script>
<!-- End Google Analytics -->
<!-- Venatus Ad Manager - Install in <HEAD> of page -->
	<script src="https://hb.vntsm.com/v3/live/ad-manager.min.js" type="text/javascript" data-site-id="642aba63ec9a7b11c3c9c1be" data-mode="scan" async></script>
<!-- / Venatus Ad Manager -->

<style>
	@media (max-width:820px) {
		.battle {
			margin: 0 auto;
		}
		.battle-log {
			margin: 7px auto 0;
			max-width: 640px;
			height: 300px;
			position: static;
		}
	}
	.optgroup {
		display: inline-block;
		line-height: 22px;
		font-size: 10pt;
	}
	.optgroup .button {
		height: 25px;
		padding-top: 0;
		padding-bottom: 0;
	}
	.optgroup button.button {
		padding-left: 12px;
		padding-right: 12px;
	}
	.linklist {
		list-style: none;
		margin: 0.5em 0;
		padding: 0;
	}
	.linklist li {
		padding: 2px 0;
	}
	.sidebar {
		float: left;
		width: 320px;
	}
	.bar-wrapper {
		max-width: 1100px;
		margin: 0 auto;
	}
	.bar-wrapper.has-sidebar {
		max-width: 1430px;
	}
	.mainbar {
		margin: 0;
		padding-right: 1px;
	}
	.mainbar.has-sidebar {
		margin-left: 330px;
	}
	@media (min-width: 1511px) {
		.sidebar {
			width: 400px;
		}
		.bar-wrapper.has-sidebar {
			max-width: 1510px;
		}
		.mainbar.has-sidebar {
			margin-left: 410px;
		}
	}
	.section.first-section {
		margin-top: 9px;
	}
	.blocklink small {
		white-space: normal;
	}
	.button {
		vertical-align: middle;
	}
	.replay-controls {
		padding-top: 10px;
	}
	.replay-controls h1 {
		font-size: 16pt;
		font-weight: normal;
		color: #CCC;
	}
	.pagelink {
		text-align: center;
	}
	.pagelink a {
		width: 150px;
	}
	.textbox, .button {
		font-size: 11pt;
		vertical-align: middle;
	}
	@media (max-width: 450px) {
		.button {
			font-size: 9pt;
		}
	}
</style>

<div>

	<header>
		<div class="nav-wrapper"><ul class="nav">
			<li><a class="button nav-first" href="//pokemonshowdown.com/"><img src="//pokemonshowdown.com/images/pokemonshowdownbeta.png" srcset="//pokemonshowdown.com/images/pokemonshowdownbeta.png 1x, //pokemonshowdown.com/images/pokemonshowdownbeta@2x.png 2x" alt="Pok&eacute;mon Showdown" width="146" height="44" /> Home</a></li>
			<li><a class="button" href="//pokemonshowdown.com/dex/">Pok&eacute;dex</a></li>
			<li><a class="button cur" href="/">Replays</a></li>
			<li><a class="button" href="//pokemonshowdown.com/ladder/">Ladder</a></li>
			<li><a class="button nav-last" href="//pokemonshowdown.com/forums/">Forum</a></li>
			<li><a class="button greenbutton nav-first nav-last" href="//play.pokemonshowdown.com/">Play</a></li>
		</ul></div>
	</header>

	<div class="main" id="main">

		<noscript><section class="section">You need to enable JavaScript to use this page; sorry!</section></noscript>

	</div>

</div>

<script defer nomodule src="//play.pokemonshowdown.com/js/lib/ps-polyfill.js"></script>
<script defer src="//play.pokemonshowdown.com/js/lib/preact.min.js"></script>

<script defer src="//play.pokemonshowdown.com/config/config.js?6dec07f6"></script>
<script defer src="//play.pokemonshowdown.com/js/lib/jquery-1.11.0.min.js"></script>
<script defer src="//play.pokemonshowdown.com/js/lib/html-sanitizer-minified.js"></script>
<script defer src="//play.pokemonshowdown.com/js/battle-sound.js"></script>
<script defer src="//play.pokemonshowdown.com/js/battledata.js?0.6315294753075389"></script>
<script defer src="//play.pokemonshowdown.com/data/pokedex-mini.js?0.7603743185311358"></script>
<script defer src="//play.pokemonshowdown.com/data/pokedex-mini-bw.js?0.030888842834281283"></script>
<script defer src="//play.pokemonshowdown.com/data/graphics.js?0.05593094747507488"></script>
<script defer src="//play.pokemonshowdown.com/data/pokedex.js?0.47064822249611904"></script>
<script defer src="//play.pokemonshowdown.com/data/moves.js?0.8583693120512459"></script>
<script defer src="//play.pokemonshowdown.com/data/abilities.js?0.16017181182386842"></script>
<script defer src="//play.pokemonshowdown.com/data/items.js?0.4163379185673943"></script>
<script defer src="//play.pokemonshowdown.com/data/teambuilder-tables.js?0.31075597372830477"></script>
<script defer src="//play.pokemonshowdown.com/js/battle-tooltips.js?0.6536193500708172"></script>
<script defer src="//play.pokemonshowdown.com/js/battle.js?0.1916591943277901"></script>

<script defer src="js/utils.js?e31f9a17"></script>
<script defer src="js/replays-battle.js?7008c182"></script>

<!-- don't scrape this data! just add .json or .log after the URL!
Full API docs: https://github.com/smogon/pokemon-showdown-client/blob/master/WEB-API.md -->
<script type="text/plain" class="log" id="replaylog-smogtours-gen3ou-801327">
|inactive|Battle timer is ON: inactive players will automatically lose when time's up.
|t:|1729646078
|gametype|singles
|player|p1|Xamvant|170|
|player|p2|UponLink|169|
|teamsize|p1|6
|teamsize|p2|6
|gen|3
|tier|[Gen 3] OU
|rule|Sleep Clause Mod: Limit one foe put to sleep
|rule|Switch Priority Clause Mod: Faster Pokémon switch first
|rule|Species Clause: Limit one of each Pokémon
|rule|OHKO Clause: OHKO moves are banned
|rule|Evasion Items Clause: Evasion items are banned
|rule|Evasion Moves Clause: Evasion moves are banned
|rule|Endless Battle Clause: Forcing endless battles is banned
|rule|HP Percentage Mod: HP is shown in percentages
|rule|One Boost Passer Clause: Limit one Baton Passer that has a way to boost its stats
|rule|Freeze Clause Mod: Limit one foe frozen
|
|t:|1729646078
|start
|switch|p1a: Salamence|Salamence, M|100/100
|switch|p2a: Zapdos|Zapdos|100/100
|-ability|p1a: Salamence|Intimidate|boost
|-unboost|p2a: Zapdos|atk|1
|turn|1
|
|t:|1729646086
|switch|p1a: Steelix|Steelix, F|100/100
|move|p2a: Zapdos|Baton Pass|p2a: Zapdos
|
|t:|1729646092
|switch|p2a: Swampert|Swampert, F|100/100|[from] Baton Pass
|
|upkeep
|turn|2
|
|t:|1729646099
|switch|p1a: Milotic|Milotic, M|100/100
|move|p2a: Swampert|Ice Beam|p1a: Milotic
|-resisted|p1a: Milotic
|-damage|p1a: Milotic|94/100
|-status|p1a: Milotic|frz
|
|-heal|p1a: Milotic|99/100 frz|[from] item: Leftovers
|upkeep
|turn|3
|
|t:|1729646102
|switch|p2a: Zapdos|Zapdos|100/100
|-curestatus|p1a: Milotic|frz|[msg]
|move|p1a: Milotic|Toxic|p2a: Zapdos
|-status|p2a: Zapdos|tox
|
|-damage|p2a: Zapdos|94/100 tox|[from] psn
|-heal|p1a: Milotic|100/100|[from] item: Leftovers
|upkeep
|turn|4
|
|t:|1729646110
|switch|p1a: Steelix|Steelix, F|100/100
|move|p2a: Zapdos|Baton Pass|p2a: Zapdos
|
|t:|1729646118
|switch|p2a: Starmie|Starmie|100/100|[from] Baton Pass
|
|upkeep
|turn|5
|
|t:|1729646133
|switch|p1a: Milotic|Milotic, M|100/100
|move|p2a: Starmie|Hydro Pump|p1a: Milotic|[miss]
|-miss|p2a: Starmie|p1a: Milotic
|
|upkeep
|turn|6
|
|t:|1729646136
|move|p2a: Starmie|Thunderbolt|p1a: Milotic
|-supereffective|p1a: Milotic
|-damage|p1a: Milotic|62/100
|move|p1a: Milotic|Surf|p2a: Starmie
|-resisted|p2a: Starmie
|-damage|p2a: Starmie|77/100
|
|-heal|p2a: Starmie|83/100|[from] item: Leftovers
|-heal|p1a: Milotic|68/100|[from] item: Leftovers
|upkeep
|turn|7
|
|t:|1729646141
|move|p2a: Starmie|Thunderbolt|p1a: Milotic
|-supereffective|p1a: Milotic
|-damage|p1a: Milotic|30/100
|move|p1a: Milotic|Toxic|p2a: Starmie|[miss]
|-miss|p1a: Milotic|p2a: Starmie
|
|-heal|p2a: Starmie|89/100|[from] item: Leftovers
|-heal|p1a: Milotic|37/100|[from] item: Leftovers
|upkeep
|turn|8
|
|t:|1729646147
|switch|p1a: Umbreon|Umbreon, M|100/100
|move|p2a: Starmie|Thunderbolt|p1a: Umbreon
|-damage|p1a: Umbreon|85/100
|
|-heal|p2a: Starmie|95/100|[from] item: Leftovers
|-heal|p1a: Umbreon|91/100|[from] item: Leftovers
|upkeep
|turn|9
|
|t:|1729646158
|-activate|p2a: Starmie|move: Pursuit
|move|p1a: Umbreon|Pursuit|p2a: Starmie|[from]Pursuit
|-supereffective|p2a: Starmie
|-damage|p2a: Starmie|17/100
|switch|p2a: Zapdos|Zapdos|94/100 tox
|
|-heal|p2a: Zapdos|100/100 tox|[from] item: Leftovers
|-damage|p2a: Zapdos|94/100 tox|[from] psn
|-heal|p1a: Umbreon|97/100|[from] item: Leftovers
|upkeep
|turn|10
|
|t:|1729646173
|switch|p1a: Forretress|Forretress, F|100/100
|move|p2a: Zapdos|Baton Pass|p2a: Zapdos
|inactive|UponLink has 270 seconds left.
|
|t:|1729646202
|switch|p2a: Starmie|Starmie|17/100|[from] Baton Pass
|
|-heal|p2a: Starmie|23/100|[from] item: Leftovers
|upkeep
|turn|11
|
|t:|1729646207
|move|p2a: Starmie|Hydro Pump|p1a: Forretress
|-damage|p1a: Forretress|51/100
|move|p1a: Forretress|Zap Cannon|p2a: Starmie
|-supereffective|p2a: Starmie
|-damage|p2a: Starmie|0 fnt
|faint|p2a: Starmie
|
|t:|1729646209
|switch|p2a: Zapdos|Zapdos|94/100 tox
|
|-heal|p2a: Zapdos|100/100 tox|[from] item: Leftovers
|-damage|p2a: Zapdos|94/100 tox|[from] psn
|-heal|p1a: Forretress|58/100|[from] item: Leftovers
|upkeep
|turn|12
|
|t:|1729646217
|move|p2a: Zapdos|Thunderbolt|p1a: Forretress
|-damage|p1a: Forretress|14/100
|move|p1a: Forretress|Spikes|p2a: Zapdos
|-sidestart|p2: UponLink|Spikes
|
|-heal|p2a: Zapdos|100/100 tox|[from] item: Leftovers
|-damage|p2a: Zapdos|88/100 tox|[from] psn
|-heal|p1a: Forretress|20/100|[from] item: Leftovers
|upkeep
|turn|13
|
|t:|1729646223
|switch|p1a: Umbreon|Umbreon, M|97/100
|move|p2a: Zapdos|Thunderbolt|p1a: Umbreon
|-damage|p1a: Umbreon|67/100
|
|-heal|p2a: Zapdos|94/100 tox|[from] item: Leftovers
|-damage|p2a: Zapdos|76/100 tox|[from] psn
|-heal|p1a: Umbreon|73/100|[from] item: Leftovers
|upkeep
|turn|14
|
|t:|1729646228
|move|p2a: Zapdos|Baton Pass|p2a: Zapdos
|
|t:|1729646233
|switch|p2a: Tyranitar|Tyranitar, M|100/100|[from] Baton Pass
|-damage|p2a: Tyranitar|88/100|[from] Spikes
|-weather|Sandstorm|[from] ability: Sand Stream|[of] p2a: Tyranitar
|move|p1a: Umbreon|Wish|p1a: Umbreon
|
|-weather|Sandstorm|[upkeep]
|-damage|p1a: Umbreon|67/100|[from] Sandstorm
|-heal|p1a: Umbreon|73/100|[from] item: Leftovers
|-heal|p2a: Tyranitar|94/100|[from] item: Leftovers
|upkeep
|turn|15
|
|t:|1729646240
|-singleturn|p2a: Tyranitar|move: Focus Punch
|move|p1a: Umbreon|Toxic|p2a: Tyranitar
|-status|p2a: Tyranitar|tox
|move|p2a: Tyranitar|Focus Punch|p1a: Umbreon
|-supereffective|p1a: Umbreon
|-damage|p1a: Umbreon|0 fnt
|faint|p1a: Umbreon
|
|t:|1729646253
|switch|p1a: Salamence|Salamence, M|100/100
|-ability|p1a: Salamence|Intimidate|boost
|-unboost|p2a: Tyranitar|atk|1
|
|-weather|Sandstorm|[upkeep]
|-damage|p1a: Salamence|94/100|[from] Sandstorm
|-heal|p1a: Salamence|100/100|[from] item: Leftovers
|-heal|p2a: Tyranitar|100/100 tox|[from] item: Leftovers
|-damage|p2a: Tyranitar|94/100 tox|[from] psn
|upkeep
|turn|16
|
|t:|1729646258
|move|p1a: Salamence|Hydro Pump|p2a: Tyranitar
|-supereffective|p2a: Tyranitar
|-damage|p2a: Tyranitar|28/100 tox
|move|p2a: Tyranitar|Rock Slide|p1a: Salamence
|-supereffective|p1a: Salamence
|-damage|p1a: Salamence|30/100
|
|-weather|Sandstorm|[upkeep]
|-damage|p1a: Salamence|24/100|[from] Sandstorm
|-heal|p1a: Salamence|30/100|[from] item: Leftovers
|-heal|p2a: Tyranitar|34/100 tox|[from] item: Leftovers
|-damage|p2a: Tyranitar|22/100 tox|[from] psn
|upkeep
|turn|17
|
|t:|1729646274
|move|p1a: Salamence|Hidden Power|p2a: Tyranitar
|-supereffective|p2a: Tyranitar
|-damage|p2a: Tyranitar|0 fnt
|faint|p2a: Tyranitar
|
|t:|1729646280
|switch|p2a: Celebi|Celebi|100/100
|-damage|p2a: Celebi|88/100|[from] Spikes
|
|-weather|Sandstorm|[upkeep]
|-damage|p1a: Salamence|24/100|[from] Sandstorm
|-damage|p2a: Celebi|82/100|[from] Sandstorm
|-heal|p1a: Salamence|30/100|[from] item: Leftovers
|-heal|p2a: Celebi|88/100|[from] item: Leftovers
|upkeep
|turn|18
|
|t:|1729646288
|move|p1a: Salamence|Fire Blast|p2a: Celebi
|-supereffective|p2a: Celebi
|-damage|p2a: Celebi|35/100
|move|p2a: Celebi|Leech Seed|p1a: Salamence
|-start|p1a: Salamence|move: Leech Seed
|
|-weather|Sandstorm|[upkeep]
|-damage|p1a: Salamence|24/100|[from] Sandstorm
|-damage|p2a: Celebi|29/100|[from] Sandstorm
|-heal|p1a: Salamence|30/100|[from] item: Leftovers
|-damage|p1a: Salamence|18/100|[from] Leech Seed|[of] p2a: Celebi
|-heal|p2a: Celebi|39/100|[silent]
|-heal|p2a: Celebi|46/100|[from] item: Leftovers
|upkeep
|turn|19
|
|t:|1729646297
|move|p1a: Salamence|Fire Blast|p2a: Celebi|[miss]
|-miss|p1a: Salamence|p2a: Celebi
|move|p2a: Celebi|Recover|p2a: Celebi
|-heal|p2a: Celebi|96/100
|
|-weather|Sandstorm|[upkeep]
|-damage|p1a: Salamence|12/100|[from] Sandstorm
|-damage|p2a: Celebi|89/100|[from] Sandstorm
|-heal|p1a: Salamence|18/100|[from] item: Leftovers
|-damage|p1a: Salamence|6/100|[from] Leech Seed|[of] p2a: Celebi
|-heal|p2a: Celebi|99/100|[silent]
|-heal|p2a: Celebi|100/100|[from] item: Leftovers
|upkeep
|turn|20
|
|t:|1729646302
|move|p1a: Salamence|Fire Blast|p2a: Celebi
|-supereffective|p2a: Celebi
|-damage|p2a: Celebi|46/100
|move|p2a: Celebi|Recover|p2a: Celebi
|-heal|p2a: Celebi|96/100
|
|-weather|Sandstorm|[upkeep]
|-damage|p1a: Salamence|0 fnt|[from] Sandstorm
|-damage|p2a: Celebi|90/100|[from] Sandstorm
|faint|p1a: Salamence
|-heal|p2a: Celebi|96/100|[from] item: Leftovers
|upkeep
|
|t:|1729646311
|switch|p1a: Tyranitar|Tyranitar, M|100/100
|turn|21
|
|t:|1729646316
|move|p2a: Celebi|Baton Pass|p2a: Celebi
|
|t:|1729646318
|switch|p2a: Swampert|Swampert, F|100/100|[from] Baton Pass
|-damage|p2a: Swampert|88/100|[from] Spikes
|move|p1a: Tyranitar|Hidden Power|p2a: Swampert
|-damage|p2a: Swampert|59/100
|
|-weather|Sandstorm|[upkeep]
|-heal|p2a: Swampert|65/100|[from] item: Leftovers
|upkeep
|turn|22
|
|t:|1729646330
|switch|p1a: Forretress|Forretress, F|20/100
|move|p2a: Swampert|Earthquake|p1a: Forretress
|-damage|p1a: Forretress|0 fnt
|faint|p1a: Forretress
|
|t:|1729646332
|switch|p1a: Milotic|Milotic, M|37/100
|
|-weather|Sandstorm|[upkeep]
|-damage|p1a: Milotic|30/100|[from] Sandstorm
|-heal|p1a: Milotic|37/100|[from] item: Leftovers
|-heal|p2a: Swampert|71/100|[from] item: Leftovers
|upkeep
|turn|23
|
|t:|1729646339
|move|p1a: Milotic|Recover|p1a: Milotic
|-heal|p1a: Milotic|87/100
|move|p2a: Swampert|Earthquake|p1a: Milotic
|-damage|p1a: Milotic|59/100
|
|-weather|Sandstorm|[upkeep]
|-damage|p1a: Milotic|53/100|[from] Sandstorm
|-heal|p1a: Milotic|59/100|[from] item: Leftovers
|-heal|p2a: Swampert|77/100|[from] item: Leftovers
|upkeep
|turn|24
|
|t:|1729646342
|switch|p2a: Celebi|Celebi|96/100
|-damage|p2a: Celebi|84/100|[from] Spikes
|move|p1a: Milotic|Toxic|p2a: Celebi
|-status|p2a: Celebi|tox
|
|-weather|Sandstorm|[upkeep]
|-damage|p2a: Celebi|78/100 tox|[from] Sandstorm
|-damage|p1a: Milotic|53/100|[from] Sandstorm
|-heal|p2a: Celebi|84/100 tox|[from] item: Leftovers
|-damage|p2a: Celebi|78/100 tox|[from] psn
|-heal|p1a: Milotic|59/100|[from] item: Leftovers
|upkeep
|turn|25
|
|t:|1729646348
|move|p2a: Celebi|Leech Seed|p1a: Milotic
|-start|p1a: Milotic|move: Leech Seed
|move|p1a: Milotic|Recover|p1a: Milotic
|-heal|p1a: Milotic|100/100
|
|-weather|Sandstorm|[upkeep]
|-damage|p2a: Celebi|72/100 tox|[from] Sandstorm
|-damage|p1a: Milotic|94/100|[from] Sandstorm
|-heal|p2a: Celebi|78/100 tox|[from] item: Leftovers
|-damage|p2a: Celebi|65/100 tox|[from] psn
|-heal|p1a: Milotic|100/100|[from] item: Leftovers
|-damage|p1a: Milotic|88/100|[from] Leech Seed|[of] p2a: Celebi
|-heal|p2a: Celebi|77/100 tox|[silent]
|upkeep
|turn|26
|
|t:|1729646358
|move|p2a: Celebi|Baton Pass|p2a: Celebi
|
|t:|1729646363
|-curestatus|p2a: Celebi|tox|[from] ability: Natural Cure
|switch|p2a: Zapdos|Zapdos|76/100 tox|[from] Baton Pass
|move|p1a: Milotic|Surf|p2a: Zapdos
|-crit|p2a: Zapdos
|-damage|p2a: Zapdos|2/100 tox
|
|-weather|Sandstorm|[upkeep]
|-damage|p2a: Zapdos|0 fnt|[from] Sandstorm
|-damage|p1a: Milotic|82/100|[from] Sandstorm
|faint|p2a: Zapdos
|-heal|p1a: Milotic|88/100|[from] item: Leftovers
|upkeep
|
|t:|1729646379
|switch|p2a: Swampert|Swampert, F|77/100
|-damage|p2a: Swampert|65/100|[from] Spikes
|turn|27
|
|t:|1729646384
|move|p1a: Milotic|Toxic|p2a: Swampert|[miss]
|-miss|p1a: Milotic|p2a: Swampert
|move|p2a: Swampert|Earthquake|p1a: Milotic
|-damage|p1a: Milotic|63/100
|
|-weather|Sandstorm|[upkeep]
|-damage|p1a: Milotic|57/100|[from] Sandstorm
|-heal|p1a: Milotic|63/100|[from] item: Leftovers
|-damage|p1a: Milotic|50/100|[from] Leech Seed|[of] p2a: Swampert
|-heal|p2a: Swampert|77/100|[silent]
|-heal|p2a: Swampert|83/100|[from] item: Leftovers
|upkeep
|turn|28
|
|t:|1729646387
|move|p1a: Milotic|Toxic|p2a: Swampert
|-status|p2a: Swampert|tox
|move|p2a: Swampert|Earthquake|p1a: Milotic
|-damage|p1a: Milotic|22/100
|
|-weather|Sandstorm|[upkeep]
|-damage|p1a: Milotic|16/100|[from] Sandstorm
|-heal|p1a: Milotic|22/100|[from] item: Leftovers
|-damage|p1a: Milotic|10/100|[from] Leech Seed|[of] p2a: Swampert
|-heal|p2a: Swampert|96/100 tox|[silent]
|-heal|p2a: Swampert|100/100 tox|[from] item: Leftovers
|-damage|p2a: Swampert|94/100 tox|[from] psn
|upkeep
|turn|29
|
|t:|1729646394
|switch|p1a: Steelix|Steelix, F|100/100
|move|p2a: Swampert|Earthquake|p1a: Steelix
|-supereffective|p1a: Steelix
|-damage|p1a: Steelix|63/100
|
|-weather|Sandstorm|[upkeep]
|-heal|p2a: Swampert|100/100 tox|[from] item: Leftovers
|-damage|p2a: Swampert|88/100 tox|[from] psn
|-heal|p1a: Steelix|70/100|[from] item: Leftovers
|upkeep
|turn|30
|
|t:|1729646397
|switch|p2a: Dugtrio|Dugtrio, M|100/100
|-damage|p2a: Dugtrio|88/100|[from] Spikes
|move|p1a: Steelix|Explosion|p2a: Dugtrio
|-damage|p2a: Dugtrio|0 fnt
|faint|p1a: Steelix
|faint|p2a: Dugtrio
|
|t:|1729646416
|switch|p2a: Celebi|Celebi|77/100
|switch|p1a: Milotic|Milotic, M|10/100
|-damage|p2a: Celebi|65/100|[from] Spikes
|
|-weather|Sandstorm|[upkeep]
|-damage|p2a: Celebi|59/100|[from] Sandstorm
|-damage|p1a: Milotic|4/100|[from] Sandstorm
|-heal|p2a: Celebi|65/100|[from] item: Leftovers
|-heal|p1a: Milotic|10/100|[from] item: Leftovers
|upkeep
|turn|31
|
|t:|1729646419
|move|p2a: Celebi|Psychic|p1a: Milotic
|-damage|p1a: Milotic|0 fnt
|faint|p1a: Milotic
|
|t:|1729646421
|switch|p1a: Tyranitar|Tyranitar, M|100/100
|
|-weather|Sandstorm|[upkeep]
|-damage|p2a: Celebi|59/100|[from] Sandstorm
|-heal|p2a: Celebi|65/100|[from] item: Leftovers
|upkeep
|turn|32
|
|t:|1729646425
|move|p2a: Celebi|Baton Pass|p2a: Celebi
|
|t:|1729646426
|switch|p2a: Swampert|Swampert, F|88/100 tox|[from] Baton Pass
|-damage|p2a: Swampert|76/100 tox|[from] Spikes
|move|p1a: Tyranitar|Hidden Power|p2a: Swampert
|-damage|p2a: Swampert|47/100 tox
|
|-weather|Sandstorm|[upkeep]
|-heal|p2a: Swampert|53/100 tox|[from] item: Leftovers
|-damage|p2a: Swampert|47/100 tox|[from] psn
|upkeep
|turn|33
|
|t:|1729646431
|move|p1a: Tyranitar|Hidden Power|p2a: Swampert
|-damage|p2a: Swampert|20/100 tox
|move|p2a: Swampert|Hydro Pump|p1a: Tyranitar
|-supereffective|p1a: Tyranitar
|-damage|p1a: Tyranitar|1/100
|
|-weather|Sandstorm|[upkeep]
|-heal|p2a: Swampert|26/100 tox|[from] item: Leftovers
|-damage|p2a: Swampert|13/100 tox|[from] psn
|upkeep
|turn|34
|
|t:|1729646438
|move|p1a: Tyranitar|Hidden Power|p2a: Swampert
|-crit|p2a: Swampert
|-damage|p2a: Swampert|0 fnt
|faint|p2a: Swampert
|
|t:|1729646439
|switch|p2a: Celebi|Celebi|65/100
|-damage|p2a: Celebi|53/100|[from] Spikes
|
|-weather|Sandstorm|[upkeep]
|-damage|p2a: Celebi|47/100|[from] Sandstorm
|-heal|p2a: Celebi|53/100|[from] item: Leftovers
|upkeep
|turn|35
|
|t:|1729646441
|move|p2a: Celebi|Leech Seed|p1a: Tyranitar
|-start|p1a: Tyranitar|move: Leech Seed
|move|p1a: Tyranitar|Hidden Power|p2a: Celebi
|-supereffective|p2a: Celebi
|-damage|p2a: Celebi|0 fnt
|faint|p2a: Celebi
|
|win|Xamvant
|c|☆Xamvant|GG!!!
|c|☆UponLink|Nice roll dodge gg

</script>
<script type="application/json" class="data" id="replaydata-smogtours-gen3ou-801327">
{"id":"smogtours-gen3ou-801327","format":"[Gen 3] OU","players":["Xamvant","UponLink"],"uploadtime":1729646441,"views":91,"formatid":"gen3ou","rating":null,"private":0,"password":null}
</script>

<script defer src="js/replays.js?9d40a366"></script>
