<!DOCTYPE html>
<meta charset="utf-8" />
<meta name="viewport" content="width=device-width" />

<title>[Gen 3] OU: Key to Life vs. Please ban rachi - Replays - Pok&eacute;mon Showdown!</title>

<meta name="description" content="Watch a replay of a Pok&eacute;mon battle between Key to Life and Please ban rachi! Format: [Gen 3] OU; Date: Oct 12, 2024" />
<!--

Hey, you! Looking in the source for the replay log?

You can find them in JSON format, just add `.json` at the end of a replay URL.

https://replay.pokemonshowdown.com/gen7randomdoublesbattle-865046831.json

Or, if you only need the log itself, add `.log` instead:

https://replay.pokemonshowdown.com/gen7randomdoublesbattle-865046831.log

-->

<link rel="stylesheet" href="//pokemonshowdown.com/style/global.css?0.023195364461161105" />
<link rel="stylesheet" href="//play.pokemonshowdown.com/style/font-awesome.css?0.13261647063804238" />
<link rel="stylesheet" href="//play.pokemonshowdown.com/style/battle.css?0.8753245789963631" />
<link rel="stylesheet" href="//play.pokemonshowdown.com/style/utilichart.css?0.8627959624976733" />

<!-- Global site tag (gtag.js) - Google Analytics -->
<script async src="https://www.googletagmanager.com/gtag/js?id=UA-26211653-1"></script>
<script>
  window.dataLayer = window.dataLayer || [];
  function gtag(){dataLayer.push(arguments);}
  gtag('js', new Date());

  gtag('config', 'UA-26211653-1');
</script>
<!-- End Google Analytics -->
<!-- Venatus Ad Manager - Install in <HEAD> of page -->
	<script src="https://hb.vntsm.com/v3/live/ad-manager.min.js" type="text/javascript" data-site-id="642aba63ec9a7b11c3c9c1be" data-mode="scan" async></script>
<!-- / Venatus Ad Manager -->

<style>
	@media (max-width:820px) {
		.battle {
			margin: 0 auto;
		}
		.battle-log {
			margin: 7px auto 0;
			max-width: 640px;
			height: 300px;
			position: static;
		}
	}
	.optgroup {
		display: inline-block;
		line-height: 22px;
		font-size: 10pt;
	}
	.optgroup .button {
		height: 25px;
		padding-top: 0;
		padding-bottom: 0;
	}
	.optgroup button.button {
		padding-left: 12px;
		padding-right: 12px;
	}
	.linklist {
		list-style: none;
		margin: 0.5em 0;
		padding: 0;
	}
	.linklist li {
		padding: 2px 0;
	}
	.sidebar {
		float: left;
		width: 320px;
	}
	.bar-wrapper {
		max-width: 1100px;
		margin: 0 auto;
	}
	.bar-wrapper.has-sidebar {
		max-width: 1430px;
	}
	.mainbar {
		margin: 0;
		padding-right: 1px;
	}
	.mainbar.has-sidebar {
		margin-left: 330px;
	}
	@media (min-width: 1511px) {
		.sidebar {
			width: 400px;
		}
		.bar-wrapper.has-sidebar {
			max-width: 1510px;
		}
		.mainbar.has-sidebar {
			margin-left: 410px;
		}
	}
	.section.first-section {
		margin-top: 9px;
	}
	.blocklink small {
		white-space: normal;
	}
	.button {
		vertical-align: middle;
	}
	.replay-controls {
		padding-top: 10px;
	}
	.replay-controls h1 {
		font-size: 16pt;
		font-weight: normal;
		color: #CCC;
	}
	.pagelink {
		text-align: center;
	}
	.pagelink a {
		width: 150px;
	}
	.textbox, .button {
		font-size: 11pt;
		vertical-align: middle;
	}
	@media (max-width: 450px) {
		.button {
			font-size: 9pt;
		}
	}
</style>

<div>

	<header>
		<div class="nav-wrapper"><ul class="nav">
			<li><a class="button nav-first" href="//pokemonshowdown.com/"><img src="//pokemonshowdown.com/images/pokemonshowdownbeta.png" srcset="//pokemonshowdown.com/images/pokemonshowdownbeta.png 1x, //pokemonshowdown.com/images/pokemonshowdownbeta@2x.png 2x" alt="Pok&eacute;mon Showdown" width="146" height="44" /> Home</a></li>
			<li><a class="button" href="//pokemonshowdown.com/dex/">Pok&eacute;dex</a></li>
			<li><a class="button cur" href="/">Replays</a></li>
			<li><a class="button" href="//pokemonshowdown.com/ladder/">Ladder</a></li>
			<li><a class="button nav-last" href="//pokemonshowdown.com/forums/">Forum</a></li>
			<li><a class="button greenbutton nav-first nav-last" href="//play.pokemonshowdown.com/">Play</a></li>
		</ul></div>
	</header>

	<div class="main" id="main">

		<noscript><section class="section">You need to enable JavaScript to use this page; sorry!</section></noscript>

	</div>

</div>

<script defer nomodule src="//play.pokemonshowdown.com/js/lib/ps-polyfill.js"></script>
<script defer src="//play.pokemonshowdown.com/js/lib/preact.min.js"></script>

<script defer src="//play.pokemonshowdown.com/config/config.js?2bddbc15"></script>
<script defer src="//play.pokemonshowdown.com/js/lib/jquery-1.11.0.min.js"></script>
<script defer src="//play.pokemonshowdown.com/js/lib/html-sanitizer-minified.js"></script>
<script defer src="//play.pokemonshowdown.com/js/battle-sound.js"></script>
<script defer src="//play.pokemonshowdown.com/js/battledata.js?0.7209276989879541"></script>
<script defer src="//play.pokemonshowdown.com/data/pokedex-mini.js?0.6111056340867951"></script>
<script defer src="//play.pokemonshowdown.com/data/pokedex-mini-bw.js?0.3532142036491459"></script>
<script defer src="//play.pokemonshowdown.com/data/graphics.js?0.24223875632456182"></script>
<script defer src="//play.pokemonshowdown.com/data/pokedex.js?0.38839984266356864"></script>
<script defer src="//play.pokemonshowdown.com/data/moves.js?0.21866028504024015"></script>
<script defer src="//play.pokemonshowdown.com/data/abilities.js?0.2005157953846628"></script>
<script defer src="//play.pokemonshowdown.com/data/items.js?0.9894211263848525"></script>
<script defer src="//play.pokemonshowdown.com/data/teambuilder-tables.js?0.6008791140282215"></script>
<script defer src="//play.pokemonshowdown.com/js/battle-tooltips.js?0.7580118955022959"></script>
<script defer src="//play.pokemonshowdown.com/js/battle.js?0.6057722274234274"></script>

<script defer src="js/utils.js?e31f9a17"></script>
<script defer src="js/replays-battle.js?7008c182"></script>

<!-- don't scrape this data! just add .json or .log after the URL!
Full API docs: https://github.com/smogon/pokemon-showdown-client/blob/master/WEB-API.md -->
<script type="text/plain" class="log" id="replaylog-smogtours-gen3ou-797334">
|inactive|Battle timer is ON: inactive players will automatically lose when time's up.
|t:|1728693859
|gametype|singles
|player|p1|Key to Life|169|
|player|p2|Please ban rachi|265|
|teamsize|p1|6
|teamsize|p2|6
|gen|3
|tier|[Gen 3] OU
|rule|Sleep Clause Mod: Limit one foe put to sleep
|rule|Switch Priority Clause Mod: Faster Pokémon switch first
|rule|Species Clause: Limit one of each Pokémon
|rule|OHKO Clause: OHKO moves are banned
|rule|Evasion Items Clause: Evasion items are banned
|rule|Evasion Moves Clause: Evasion moves are banned
|rule|Endless Battle Clause: Forcing endless battles is banned
|rule|HP Percentage Mod: HP is shown in percentages
|rule|One Boost Passer Clause: Limit one Baton Passer that has a way to boost its stats
|rule|Freeze Clause Mod: Limit one foe frozen
|
|t:|1728693859
|start
|switch|p1a: イガク|Metagross, shiny|100/100
|switch|p2a: Tyranitar|Tyranitar, F|100/100
|-weather|Sandstorm|[from] ability: Sand Stream|[of] p2a: Tyranitar
|turn|1
|
|t:|1728693865
|switch|p2a: Swampert|Swampert, M|100/100
|move|p1a: イガク|Meteor Mash|p2a: Swampert|[miss]
|-miss|p1a: イガク|p2a: Swampert
|
|-weather|Sandstorm|[upkeep]
|upkeep
|turn|2
|
|t:|1728693872
|switch|p1a: ユレ弧|Suicune, shiny|100/100
|switch|p2a: Skarmory|Skarmory, M|100/100
|
|-weather|Sandstorm|[upkeep]
|-damage|p1a: ユレ弧|94/100|[from] Sandstorm
|-heal|p1a: ユレ弧|100/100|[from] item: Leftovers
|upkeep
|turn|3
|
|t:|1728693879
|move|p1a: ユレ弧|Calm Mind|p1a: ユレ弧
|-boost|p1a: ユレ弧|spa|1
|-boost|p1a: ユレ弧|spd|1
|move|p2a: Skarmory|Spikes|p1a: ユレ弧
|-sidestart|p1: Key to Life|Spikes
|
|-weather|Sandstorm|[upkeep]
|-damage|p1a: ユレ弧|94/100|[from] Sandstorm
|-heal|p1a: ユレ弧|100/100|[from] item: Leftovers
|upkeep
|turn|4
|
|t:|1728693883
|move|p1a: ユレ弧|Hydro Pump|p2a: Skarmory
|-damage|p2a: Skarmory|27/100
|move|p2a: Skarmory|Roar|p1a: ユレ弧
|drag|p1a: ミニ偏|Snorlax, F|100/100
|-damage|p1a: ミニ偏|88/100|[from] Spikes
|
|-weather|Sandstorm|[upkeep]
|-damage|p1a: ミニ偏|82/100|[from] Sandstorm
|-heal|p2a: Skarmory|33/100|[from] item: Leftovers
|-heal|p1a: ミニ偏|88/100|[from] item: Leftovers
|upkeep
|turn|5
|
|t:|1728693886
|-singleturn|p1a: ミニ偏|move: Focus Punch
|move|p2a: Skarmory|Protect|p2a: Skarmory
|-singleturn|p2a: Skarmory|Protect
|move|p1a: ミニ偏|Focus Punch|p2a: Skarmory
|-activate|p2a: Skarmory|Protect
|
|-weather|Sandstorm|[upkeep]
|-damage|p1a: ミニ偏|82/100|[from] Sandstorm
|-heal|p2a: Skarmory|39/100|[from] item: Leftovers
|-heal|p1a: ミニ偏|88/100|[from] item: Leftovers
|upkeep
|turn|6
|
|t:|1728693891
|-singleturn|p1a: ミニ偏|move: Focus Punch
|switch|p2a: Gengar|Gengar, M|100/100
|move|p1a: ミニ偏|Focus Punch|p2a: Gengar
|-immune|p2a: Gengar
|
|-weather|Sandstorm|[upkeep]
|-damage|p2a: Gengar|94/100|[from] Sandstorm
|-damage|p1a: ミニ偏|82/100|[from] Sandstorm
|-heal|p2a: Gengar|100/100|[from] item: Leftovers
|-heal|p1a: ミニ偏|88/100|[from] item: Leftovers
|upkeep
|turn|7
|
|t:|1728693904
|switch|p1a: 歌うbot|Tyranitar, F, shiny|100/100
|-damage|p1a: 歌うbot|88/100|[from] Spikes
|move|p2a: Gengar|Will-O-Wisp|p1a: 歌うbot
|-status|p1a: 歌うbot|brn
|
|-weather|Sandstorm|[upkeep]
|-damage|p2a: Gengar|94/100|[from] Sandstorm
|-heal|p2a: Gengar|100/100|[from] item: Leftovers
|-heal|p1a: 歌うbot|94/100 brn|[from] item: Leftovers
|-damage|p1a: 歌うbot|82/100 brn|[from] brn
|upkeep
|turn|8
|
|t:|1728693924
|-activate|p2a: Gengar|move: Pursuit
|move|p1a: 歌うbot|Pursuit|p2a: Gengar|[from]Pursuit
|-supereffective|p2a: Gengar
|-damage|p2a: Gengar|7/100
|switch|p2a: Blissey|Blissey, F|100/100
|
|-weather|Sandstorm|[upkeep]
|-damage|p2a: Blissey|94/100|[from] Sandstorm
|-heal|p1a: 歌うbot|88/100 brn|[from] item: Leftovers
|-damage|p1a: 歌うbot|76/100 brn|[from] brn
|-heal|p2a: Blissey|100/100|[from] item: Leftovers
|upkeep
|turn|9
|
|t:|1728693931
|switch|p1a: イガク|Metagross, shiny|100/100
|-damage|p1a: イガク|88/100|[from] Spikes
|move|p2a: Blissey|Seismic Toss|p1a: イガク
|-damage|p1a: イガク|58/100
|
|-weather|Sandstorm|[upkeep]
|-damage|p2a: Blissey|94/100|[from] Sandstorm
|-heal|p2a: Blissey|100/100|[from] item: Leftovers
|upkeep
|turn|10
|
|t:|1728693943
|switch|p2a: Skarmory|Skarmory, M|39/100
|move|p1a: イガク|Explosion|p2a: Skarmory
|-resisted|p2a: Skarmory
|-damage|p2a: Skarmory|0 fnt
|faint|p1a: イガク
|faint|p2a: Skarmory
|
|t:|1728693957
|switch|p1a: 人マニア|Claydol|100/100
|switch|p2a: Swampert|Swampert, M|100/100
|
|-weather|Sandstorm|[upkeep]
|upkeep
|turn|11
|
|t:|1728693961
|move|p1a: 人マニア|Rapid Spin|p2a: Swampert
|-damage|p2a: Swampert|97/100
|-sideend|p1: Key to Life|Spikes|[from] move: Rapid Spin|[of] p1a: 人マニア
|move|p2a: Swampert|Hydro Pump|p1a: 人マニア
|-supereffective|p1a: 人マニア
|-damage|p1a: 人マニア|27/100
|
|-weather|Sandstorm|[upkeep]
|-heal|p1a: 人マニア|33/100|[from] item: Leftovers
|-heal|p2a: Swampert|100/100|[from] item: Leftovers
|upkeep
|turn|12
|
|t:|1728693964
|switch|p1a: ユレ弧|Suicune, shiny|100/100
|move|p2a: Swampert|Protect||[still]
|-fail|p2a: Swampert
|
|-weather|Sandstorm|[upkeep]
|-damage|p1a: ユレ弧|94/100|[from] Sandstorm
|-heal|p1a: ユレ弧|100/100|[from] item: Leftovers
|upkeep
|turn|13
|
|t:|1728693970
|switch|p1a: ミニ偏|Snorlax, F|88/100
|move|p2a: Swampert|Earthquake|p1a: ミニ偏
|-damage|p1a: ミニ偏|59/100
|
|-weather|Sandstorm|[upkeep]
|-damage|p1a: ミニ偏|53/100|[from] Sandstorm
|-heal|p1a: ミニ偏|59/100|[from] item: Leftovers
|upkeep
|turn|14
|
|t:|1728693977
|move|p2a: Swampert|Earthquake|p1a: ミニ偏
|-damage|p1a: ミニ偏|26/100
|move|p1a: ミニ偏|Return|p2a: Swampert
|-damage|p2a: Swampert|70/100
|
|-weather|Sandstorm|[upkeep]
|-damage|p1a: ミニ偏|20/100|[from] Sandstorm
|-heal|p2a: Swampert|76/100|[from] item: Leftovers
|-heal|p1a: ミニ偏|26/100|[from] item: Leftovers
|upkeep
|turn|15
|
|t:|1728693984
|switch|p1a: ユレ弧|Suicune, shiny|100/100
|move|p2a: Swampert|Earthquake|p1a: ユレ弧
|-damage|p1a: ユレ弧|73/100
|
|-weather|Sandstorm|[upkeep]
|-damage|p1a: ユレ弧|67/100|[from] Sandstorm
|-heal|p1a: ユレ弧|73/100|[from] item: Leftovers
|-heal|p2a: Swampert|82/100|[from] item: Leftovers
|upkeep
|turn|16
|
|t:|1728693993
|switch|p2a: Starmie|Starmie|100/100
|move|p1a: ユレ弧|Calm Mind|p1a: ユレ弧
|-boost|p1a: ユレ弧|spa|1
|-boost|p1a: ユレ弧|spd|1
|
|-weather|Sandstorm|[upkeep]
|-damage|p2a: Starmie|94/100|[from] Sandstorm
|-damage|p1a: ユレ弧|67/100|[from] Sandstorm
|-heal|p2a: Starmie|100/100|[from] item: Leftovers
|-heal|p1a: ユレ弧|73/100|[from] item: Leftovers
|upkeep
|turn|17
|
|t:|1728693998
|move|p2a: Starmie|Thunderbolt|p1a: ユレ弧
|-supereffective|p1a: ユレ弧
|-damage|p1a: ユレ弧|47/100
|move|p1a: ユレ弧|Calm Mind|p1a: ユレ弧
|-boost|p1a: ユレ弧|spa|1
|-boost|p1a: ユレ弧|spd|1
|
|-weather|Sandstorm|[upkeep]
|-damage|p2a: Starmie|94/100|[from] Sandstorm
|-damage|p1a: ユレ弧|40/100|[from] Sandstorm
|-heal|p2a: Starmie|100/100|[from] item: Leftovers
|-heal|p1a: ユレ弧|47/100|[from] item: Leftovers
|upkeep
|turn|18
|
|t:|1728694004
|move|p2a: Starmie|Thunderbolt|p1a: ユレ弧
|-supereffective|p1a: ユレ弧
|-damage|p1a: ユレ弧|25/100
|move|p1a: ユレ弧|Rest|p1a: ユレ弧
|-status|p1a: ユレ弧|slp|[from] move: Rest
|-heal|p1a: ユレ弧|100/100 slp|[silent]
|
|-weather|Sandstorm|[upkeep]
|-damage|p2a: Starmie|94/100|[from] Sandstorm
|-damage|p1a: ユレ弧|94/100 slp|[from] Sandstorm
|-heal|p2a: Starmie|100/100|[from] item: Leftovers
|-heal|p1a: ユレ弧|100/100 slp|[from] item: Leftovers
|upkeep
|turn|19
|
|t:|1728694007
|switch|p2a: Tyranitar|Tyranitar, F|100/100
|cant|p1a: ユレ弧|slp
|
|-weather|Sandstorm|[upkeep]
|-damage|p1a: ユレ弧|94/100 slp|[from] Sandstorm
|-heal|p1a: ユレ弧|100/100 slp|[from] item: Leftovers
|upkeep
|turn|20
|
|t:|1728694009
|-singleturn|p2a: Tyranitar|move: Focus Punch
|cant|p1a: ユレ弧|slp
|move|p2a: Tyranitar|Focus Punch|p1a: ユレ弧
|-damage|p1a: ユレ弧|59/100 slp
|
|-weather|Sandstorm|[upkeep]
|-damage|p1a: ユレ弧|53/100 slp|[from] Sandstorm
|-heal|p1a: ユレ弧|59/100 slp|[from] item: Leftovers
|upkeep
|turn|21
|
|t:|1728694029
|switch|p2a: Gengar|Gengar, M|7/100
|-curestatus|p1a: ユレ弧|slp|[msg]
|move|p1a: ユレ弧|Hydro Pump|p2a: Gengar
|-damage|p2a: Gengar|0 fnt
|faint|p2a: Gengar
|
|t:|1728694034
|switch|p2a: Blissey|Blissey, F|100/100
|
|-weather|Sandstorm|[upkeep]
|-damage|p1a: ユレ弧|53/100|[from] Sandstorm
|-damage|p2a: Blissey|94/100|[from] Sandstorm
|-heal|p1a: ユレ弧|59/100|[from] item: Leftovers
|-heal|p2a: Blissey|100/100|[from] item: Leftovers
|upkeep
|turn|22
|
|t:|1728694037
|move|p1a: ユレ弧|Calm Mind|p1a: ユレ弧
|-boost|p1a: ユレ弧|spa|1
|-boost|p1a: ユレ弧|spd|1
|move|p2a: Blissey|Seismic Toss|p1a: ユレ弧
|-damage|p1a: ユレ弧|34/100
|
|-weather|Sandstorm|[upkeep]
|-damage|p1a: ユレ弧|28/100|[from] Sandstorm
|-damage|p2a: Blissey|94/100|[from] Sandstorm
|-heal|p1a: ユレ弧|34/100|[from] item: Leftovers
|-heal|p2a: Blissey|100/100|[from] item: Leftovers
|upkeep
|turn|23
|
|t:|1728694041
|move|p1a: ユレ弧|Rest|p1a: ユレ弧
|-status|p1a: ユレ弧|slp|[from] move: Rest
|-heal|p1a: ユレ弧|100/100 slp|[silent]
|move|p2a: Blissey|Seismic Toss|p1a: ユレ弧
|-damage|p1a: ユレ弧|76/100 slp
|
|-weather|Sandstorm|[upkeep]
|-damage|p1a: ユレ弧|69/100 slp|[from] Sandstorm
|-damage|p2a: Blissey|94/100|[from] Sandstorm
|-heal|p1a: ユレ弧|76/100 slp|[from] item: Leftovers
|-heal|p2a: Blissey|100/100|[from] item: Leftovers
|upkeep
|turn|24
|
|t:|1728694048
|cant|p1a: ユレ弧|slp
|move|p2a: Blissey|Seismic Toss|p1a: ユレ弧
|-damage|p1a: ユレ弧|51/100 slp
|
|-weather|Sandstorm|[upkeep]
|-damage|p1a: ユレ弧|44/100 slp|[from] Sandstorm
|-damage|p2a: Blissey|94/100|[from] Sandstorm
|-heal|p1a: ユレ弧|51/100 slp|[from] item: Leftovers
|-heal|p2a: Blissey|100/100|[from] item: Leftovers
|upkeep
|turn|25
|
|t:|1728694054
|cant|p1a: ユレ弧|slp
|move|p2a: Blissey|Seismic Toss|p1a: ユレ弧
|-damage|p1a: ユレ弧|26/100 slp
|
|-weather|Sandstorm|[upkeep]
|-damage|p1a: ユレ弧|19/100 slp|[from] Sandstorm
|-damage|p2a: Blissey|94/100|[from] Sandstorm
|-heal|p1a: ユレ弧|26/100 slp|[from] item: Leftovers
|-heal|p2a: Blissey|100/100|[from] item: Leftovers
|upkeep
|turn|26
|
|t:|1728694060
|-curestatus|p1a: ユレ弧|slp|[msg]
|move|p1a: ユレ弧|Rest|p1a: ユレ弧
|-status|p1a: ユレ弧|slp|[from] move: Rest
|-heal|p1a: ユレ弧|100/100 slp|[silent]
|move|p2a: Blissey|Seismic Toss|p1a: ユレ弧
|-damage|p1a: ユレ弧|76/100 slp
|
|-weather|Sandstorm|[upkeep]
|-damage|p1a: ユレ弧|69/100 slp|[from] Sandstorm
|-damage|p2a: Blissey|94/100|[from] Sandstorm
|-heal|p1a: ユレ弧|76/100 slp|[from] item: Leftovers
|-heal|p2a: Blissey|100/100|[from] item: Leftovers
|upkeep
|turn|27
|
|t:|1728694076
|cant|p1a: ユレ弧|slp
|move|p2a: Blissey|Seismic Toss|p1a: ユレ弧
|-damage|p1a: ユレ弧|51/100 slp
|
|-weather|Sandstorm|[upkeep]
|-damage|p1a: ユレ弧|44/100 slp|[from] Sandstorm
|-damage|p2a: Blissey|94/100|[from] Sandstorm
|-heal|p1a: ユレ弧|51/100 slp|[from] item: Leftovers
|-heal|p2a: Blissey|100/100|[from] item: Leftovers
|upkeep
|turn|28
|
|t:|1728694081
|cant|p1a: ユレ弧|slp
|move|p2a: Blissey|Ice Beam|p1a: ユレ弧
|-resisted|p1a: ユレ弧
|-damage|p1a: ユレ弧|47/100 slp
|
|-weather|Sandstorm|[upkeep]
|-damage|p1a: ユレ弧|41/100 slp|[from] Sandstorm
|-damage|p2a: Blissey|94/100|[from] Sandstorm
|-heal|p1a: ユレ弧|47/100 slp|[from] item: Leftovers
|-heal|p2a: Blissey|100/100|[from] item: Leftovers
|upkeep
|turn|29
|
|t:|1728694085
|-curestatus|p1a: ユレ弧|slp|[msg]
|move|p1a: ユレ弧|Calm Mind|p1a: ユレ弧
|-boost|p1a: ユレ弧|spa|1
|-boost|p1a: ユレ弧|spd|1
|move|p2a: Blissey|Ice Beam|p1a: ユレ弧
|-resisted|p1a: ユレ弧
|-damage|p1a: ユレ弧|44/100
|
|-weather|Sandstorm|[upkeep]
|-damage|p1a: ユレ弧|38/100|[from] Sandstorm
|-damage|p2a: Blissey|94/100|[from] Sandstorm
|-heal|p1a: ユレ弧|44/100|[from] item: Leftovers
|-heal|p2a: Blissey|100/100|[from] item: Leftovers
|upkeep
|turn|30
|
|t:|1728694087
|move|p1a: ユレ弧|Rest|p1a: ユレ弧
|-status|p1a: ユレ弧|slp|[from] move: Rest
|-heal|p1a: ユレ弧|100/100 slp|[silent]
|move|p2a: Blissey|Ice Beam|p1a: ユレ弧
|-resisted|p1a: ユレ弧
|-damage|p1a: ユレ弧|97/100 slp
|
|-weather|Sandstorm|[upkeep]
|-damage|p1a: ユレ弧|91/100 slp|[from] Sandstorm
|-damage|p2a: Blissey|94/100|[from] Sandstorm
|-heal|p1a: ユレ弧|97/100 slp|[from] item: Leftovers
|-heal|p2a: Blissey|100/100|[from] item: Leftovers
|upkeep
|turn|31
|
|t:|1728694089
|cant|p1a: ユレ弧|slp
|move|p2a: Blissey|Ice Beam|p1a: ユレ弧
|-resisted|p1a: ユレ弧
|-damage|p1a: ユレ弧|94/100 slp
|
|-weather|Sandstorm|[upkeep]
|-damage|p1a: ユレ弧|88/100 slp|[from] Sandstorm
|-damage|p2a: Blissey|94/100|[from] Sandstorm
|-heal|p1a: ユレ弧|94/100 slp|[from] item: Leftovers
|-heal|p2a: Blissey|100/100|[from] item: Leftovers
|upkeep
|turn|32
|
|t:|1728694091
|cant|p1a: ユレ弧|slp
|move|p2a: Blissey|Thunder Wave||[still]
|-fail|p2a: Blissey
|
|-weather|Sandstorm|[upkeep]
|-damage|p1a: ユレ弧|88/100 slp|[from] Sandstorm
|-damage|p2a: Blissey|94/100|[from] Sandstorm
|-heal|p1a: ユレ弧|94/100 slp|[from] item: Leftovers
|-heal|p2a: Blissey|100/100|[from] item: Leftovers
|upkeep
|turn|33
|
|t:|1728694093
|-curestatus|p1a: ユレ弧|slp|[msg]
|move|p1a: ユレ弧|Calm Mind|p1a: ユレ弧
|-boost|p1a: ユレ弧|spa|1
|-boost|p1a: ユレ弧|spd|1
|move|p2a: Blissey|Ice Beam|p1a: ユレ弧
|-resisted|p1a: ユレ弧
|-damage|p1a: ユレ弧|91/100
|
|-weather|Sandstorm|[upkeep]
|-damage|p1a: ユレ弧|85/100|[from] Sandstorm
|-damage|p2a: Blissey|94/100|[from] Sandstorm
|-heal|p1a: ユレ弧|91/100|[from] item: Leftovers
|-heal|p2a: Blissey|100/100|[from] item: Leftovers
|upkeep
|turn|34
|
|t:|1728694097
|move|p1a: ユレ弧|Calm Mind|p1a: ユレ弧
|-boost|p1a: ユレ弧|spa|1
|-boost|p1a: ユレ弧|spd|1
|move|p2a: Blissey|Seismic Toss|p1a: ユレ弧
|-damage|p1a: ユレ弧|66/100
|
|-weather|Sandstorm|[upkeep]
|-damage|p1a: ユレ弧|60/100|[from] Sandstorm
|-damage|p2a: Blissey|94/100|[from] Sandstorm
|-heal|p1a: ユレ弧|66/100|[from] item: Leftovers
|-heal|p2a: Blissey|100/100|[from] item: Leftovers
|upkeep
|turn|35
|
|t:|1728694101
|move|p1a: ユレ弧|Hydro Pump|p2a: Blissey
|-damage|p2a: Blissey|18/100
|move|p2a: Blissey|Seismic Toss|p1a: ユレ弧
|-damage|p1a: ユレ弧|41/100
|
|-weather|Sandstorm|[upkeep]
|-damage|p1a: ユレ弧|35/100|[from] Sandstorm
|-damage|p2a: Blissey|12/100|[from] Sandstorm
|-heal|p1a: ユレ弧|41/100|[from] item: Leftovers
|-heal|p2a: Blissey|18/100|[from] item: Leftovers
|upkeep
|turn|36
|
|t:|1728694114
|move|p1a: ユレ弧|Ice Beam|p2a: Blissey
|-damage|p2a: Blissey|0 fnt
|faint|p2a: Blissey
|
|t:|1728694116
|switch|p2a: Starmie|Starmie|100/100
|
|-weather|Sandstorm|[upkeep]
|-damage|p2a: Starmie|94/100|[from] Sandstorm
|-damage|p1a: ユレ弧|35/100|[from] Sandstorm
|-heal|p2a: Starmie|100/100|[from] item: Leftovers
|-heal|p1a: ユレ弧|41/100|[from] item: Leftovers
|upkeep
|turn|37
|
|t:|1728694120
|move|p2a: Starmie|Thunderbolt|p1a: ユレ弧
|-supereffective|p1a: ユレ弧
|-damage|p1a: ユレ弧|30/100
|move|p1a: ユレ弧|Rest|p1a: ユレ弧
|-status|p1a: ユレ弧|slp|[from] move: Rest
|-heal|p1a: ユレ弧|100/100 slp|[silent]
|
|-weather|Sandstorm|[upkeep]
|-damage|p2a: Starmie|94/100|[from] Sandstorm
|-damage|p1a: ユレ弧|94/100 slp|[from] Sandstorm
|-heal|p2a: Starmie|100/100|[from] item: Leftovers
|-heal|p1a: ユレ弧|100/100 slp|[from] item: Leftovers
|upkeep
|turn|38
|
|t:|1728694123
|move|p2a: Starmie|Thunderbolt|p1a: ユレ弧
|-supereffective|p1a: ユレ弧
|-damage|p1a: ユレ弧|90/100 slp
|cant|p1a: ユレ弧|slp
|
|-weather|Sandstorm|[upkeep]
|-damage|p2a: Starmie|94/100|[from] Sandstorm
|-damage|p1a: ユレ弧|83/100 slp|[from] Sandstorm
|-heal|p2a: Starmie|100/100|[from] item: Leftovers
|-heal|p1a: ユレ弧|90/100 slp|[from] item: Leftovers
|upkeep
|turn|39
|
|t:|1728694124
|move|p2a: Starmie|Thunderbolt|p1a: ユレ弧
|-supereffective|p1a: ユレ弧
|-crit|p1a: ユレ弧
|-damage|p1a: ユレ弧|0 fnt
|faint|p1a: ユレ弧
|
|t:|1728694128
|switch|p1a: 歌うbot|Tyranitar, F, shiny|76/100 brn
|
|-weather|Sandstorm|[upkeep]
|-damage|p2a: Starmie|94/100|[from] Sandstorm
|-heal|p2a: Starmie|100/100|[from] item: Leftovers
|-heal|p1a: 歌うbot|82/100 brn|[from] item: Leftovers
|-damage|p1a: 歌うbot|69/100 brn|[from] brn
|upkeep
|turn|40
|
|t:|1728694131
|move|p2a: Starmie|Hydro Pump|p1a: 歌うbot|[miss]
|-miss|p2a: Starmie|p1a: 歌うbot
|move|p1a: 歌うbot|Pursuit|p2a: Starmie
|-supereffective|p2a: Starmie
|-damage|p2a: Starmie|45/100
|
|-weather|Sandstorm|[upkeep]
|-damage|p2a: Starmie|39/100|[from] Sandstorm
|-heal|p2a: Starmie|45/100|[from] item: Leftovers
|-heal|p1a: 歌うbot|76/100 brn|[from] item: Leftovers
|-damage|p1a: 歌うbot|63/100 brn|[from] brn
|upkeep
|turn|41
|
|t:|1728694139
|move|p2a: Starmie|Hydro Pump|p1a: 歌うbot|[miss]
|-miss|p2a: Starmie|p1a: 歌うbot
|move|p1a: 歌うbot|Crunch|p2a: Starmie
|-supereffective|p2a: Starmie
|-damage|p2a: Starmie|0 fnt
|faint|p2a: Starmie
|
|t:|1728694144
|switch|p2a: Tyranitar|Tyranitar, F|100/100
|
|-weather|Sandstorm|[upkeep]
|-heal|p1a: 歌うbot|69/100 brn|[from] item: Leftovers
|-damage|p1a: 歌うbot|57/100 brn|[from] brn
|upkeep
|turn|42
|
|t:|1728694157
|switch|p1a: ホントノ|Salamence, F|100/100
|-ability|p1a: ホントノ|Intimidate|boost
|-unboost|p2a: Tyranitar|atk|1
|move|p2a: Tyranitar|Earthquake|p1a: ホントノ
|-immune|p1a: ホントノ
|
|-weather|Sandstorm|[upkeep]
|-damage|p1a: ホントノ|94/100|[from] Sandstorm
|-heal|p1a: ホントノ|100/100|[from] item: Leftovers
|upkeep
|turn|43
|
|t:|1728694162
|switch|p2a: Swampert|Swampert, M|82/100
|move|p1a: ホントノ|Brick Break|p2a: Swampert
|-damage|p2a: Swampert|62/100
|
|-weather|Sandstorm|[upkeep]
|-damage|p1a: ホントノ|94/100|[from] Sandstorm
|-heal|p1a: ホントノ|100/100|[from] item: Leftovers
|-heal|p2a: Swampert|68/100|[from] item: Leftovers
|upkeep
|turn|44
|
|t:|1728694165
|switch|p1a: 歌うbot|Tyranitar, F, shiny|57/100 brn
|move|p2a: Swampert|Ice Beam|p1a: 歌うbot
|-damage|p1a: 歌うbot|40/100 brn
|
|-weather|Sandstorm|[upkeep]
|-heal|p1a: 歌うbot|46/100 brn|[from] item: Leftovers
|-damage|p1a: 歌うbot|34/100 brn|[from] brn
|-heal|p2a: Swampert|75/100|[from] item: Leftovers
|upkeep
|turn|45
|
|t:|1728694171
|move|p2a: Swampert|Protect|p2a: Swampert
|-singleturn|p2a: Swampert|Protect
|move|p1a: 歌うbot|Hidden Power|p2a: Swampert
|-activate|p2a: Swampert|Protect
|
|-weather|Sandstorm|[upkeep]
|-heal|p1a: 歌うbot|40/100 brn|[from] item: Leftovers
|-damage|p1a: 歌うbot|28/100 brn|[from] brn
|-heal|p2a: Swampert|81/100|[from] item: Leftovers
|upkeep
|turn|46
|
|t:|1728694177
|switch|p2a: Tyranitar|Tyranitar, F|100/100
|move|p1a: 歌うbot|Hidden Power|p2a: Tyranitar
|-supereffective|p2a: Tyranitar
|-crit|p2a: Tyranitar
|-damage|p2a: Tyranitar|28/100
|
|-weather|Sandstorm|[upkeep]
|-heal|p1a: 歌うbot|34/100 brn|[from] item: Leftovers
|-damage|p1a: 歌うbot|22/100 brn|[from] brn
|-heal|p2a: Tyranitar|34/100|[from] item: Leftovers
|upkeep
|turn|47
|
|t:|1728694183
|move|p1a: 歌うbot|Hidden Power|p2a: Tyranitar
|-supereffective|p2a: Tyranitar
|-damage|p2a: Tyranitar|0 fnt
|faint|p2a: Tyranitar
|
|t:|1728694186
|switch|p2a: Swampert|Swampert, M|81/100
|
|-weather|Sandstorm|[upkeep]
|-heal|p1a: 歌うbot|28/100 brn|[from] item: Leftovers
|-damage|p1a: 歌うbot|15/100 brn|[from] brn
|-heal|p2a: Swampert|87/100|[from] item: Leftovers
|upkeep
|turn|48
|
|t:|1728694190
|move|p1a: 歌うbot|Hidden Power|p2a: Swampert
|-supereffective|p2a: Swampert
|-damage|p2a: Swampert|7/100
|move|p2a: Swampert|Earthquake|p1a: 歌うbot
|-supereffective|p1a: 歌うbot
|-damage|p1a: 歌うbot|0 fnt
|faint|p1a: 歌うbot
|
|t:|1728694192
|switch|p1a: ホントノ|Salamence, F|100/100
|-ability|p1a: ホントノ|Intimidate|boost
|-unboost|p2a: Swampert|atk|1
|
|-weather|Sandstorm|[upkeep]
|-damage|p1a: ホントノ|94/100|[from] Sandstorm
|-heal|p1a: ホントノ|100/100|[from] item: Leftovers
|-heal|p2a: Swampert|13/100|[from] item: Leftovers
|upkeep
|turn|49
|
|t:|1728694195
|move|p1a: ホントノ|Hidden Power|p2a: Swampert
|-damage|p2a: Swampert|0 fnt
|faint|p2a: Swampert
|
|win|Key to Life
|player|p2|
|c|☆Key to Life|Ggs

</script>
<script type="application/json" class="data" id="replaydata-smogtours-gen3ou-797334">
{"id":"smogtours-gen3ou-797334","format":"[Gen 3] OU","players":["Key to Life","Please ban rachi"],"uploadtime":1728694195,"views":129,"formatid":"gen3ou","rating":null,"private":0,"password":null}
</script>

<script defer src="js/replays.js?9d40a366"></script>
