<!DOCTYPE html>
<meta charset="utf-8" />
<meta name="viewport" content="width=device-width" />

<title>[Gen 3] OU: valiantbattlerextr vs. banana plus plus - Replays - Pok&eacute;mon Showdown!</title>

<meta name="description" content="Watch a replay of a Pok&eacute;mon battle between valiantbattlerextr and banana plus plus! Format: [Gen 3] OU; Date: Oct 18, 2024" />
<!--

Hey, you! Looking in the source for the replay log?

You can find them in JSON format, just add `.json` at the end of a replay URL.

https://replay.pokemonshowdown.com/gen7randomdoublesbattle-865046831.json

Or, if you only need the log itself, add `.log` instead:

https://replay.pokemonshowdown.com/gen7randomdoublesbattle-865046831.log

-->

<link rel="stylesheet" href="//pokemonshowdown.com/style/global.css?0.023195364461161105" />
<link rel="stylesheet" href="//play.pokemonshowdown.com/style/font-awesome.css?0.13261647063804238" />
<link rel="stylesheet" href="//play.pokemonshowdown.com/style/battle.css?0.8753245789963631" />
<link rel="stylesheet" href="//play.pokemonshowdown.com/style/utilichart.css?0.8627959624976733" />

<!-- Global site tag (gtag.js) - Google Analytics -->
<script async src="https://www.googletagmanager.com/gtag/js?id=UA-26211653-1"></script>
<script>
  window.dataLayer = window.dataLayer || [];
  function gtag(){dataLayer.push(arguments);}
  gtag('js', new Date());

  gtag('config', 'UA-26211653-1');
</script>
<!-- End Google Analytics -->
<!-- Venatus Ad Manager - Install in <HEAD> of page -->
	<script src="https://hb.vntsm.com/v3/live/ad-manager.min.js" type="text/javascript" data-site-id="642aba63ec9a7b11c3c9c1be" data-mode="scan" async></script>
<!-- / Venatus Ad Manager -->

<style>
	@media (max-width:820px) {
		.battle {
			margin: 0 auto;
		}
		.battle-log {
			margin: 7px auto 0;
			max-width: 640px;
			height: 300px;
			position: static;
		}
	}
	.optgroup {
		display: inline-block;
		line-height: 22px;
		font-size: 10pt;
	}
	.optgroup .button {
		height: 25px;
		padding-top: 0;
		padding-bottom: 0;
	}
	.optgroup button.button {
		padding-left: 12px;
		padding-right: 12px;
	}
	.linklist {
		list-style: none;
		margin: 0.5em 0;
		padding: 0;
	}
	.linklist li {
		padding: 2px 0;
	}
	.sidebar {
		float: left;
		width: 320px;
	}
	.bar-wrapper {
		max-width: 1100px;
		margin: 0 auto;
	}
	.bar-wrapper.has-sidebar {
		max-width: 1430px;
	}
	.mainbar {
		margin: 0;
		padding-right: 1px;
	}
	.mainbar.has-sidebar {
		margin-left: 330px;
	}
	@media (min-width: 1511px) {
		.sidebar {
			width: 400px;
		}
		.bar-wrapper.has-sidebar {
			max-width: 1510px;
		}
		.mainbar.has-sidebar {
			margin-left: 410px;
		}
	}
	.section.first-section {
		margin-top: 9px;
	}
	.blocklink small {
		white-space: normal;
	}
	.button {
		vertical-align: middle;
	}
	.replay-controls {
		padding-top: 10px;
	}
	.replay-controls h1 {
		font-size: 16pt;
		font-weight: normal;
		color: #CCC;
	}
	.pagelink {
		text-align: center;
	}
	.pagelink a {
		width: 150px;
	}
	.textbox, .button {
		font-size: 11pt;
		vertical-align: middle;
	}
	@media (max-width: 450px) {
		.button {
			font-size: 9pt;
		}
	}
</style>

<div>

	<header>
		<div class="nav-wrapper"><ul class="nav">
			<li><a class="button nav-first" href="//pokemonshowdown.com/"><img src="//pokemonshowdown.com/images/pokemonshowdownbeta.png" srcset="//pokemonshowdown.com/images/pokemonshowdownbeta.png 1x, //pokemonshowdown.com/images/pokemonshowdownbeta@2x.png 2x" alt="Pok&eacute;mon Showdown" width="146" height="44" /> Home</a></li>
			<li><a class="button" href="//pokemonshowdown.com/dex/">Pok&eacute;dex</a></li>
			<li><a class="button cur" href="/">Replays</a></li>
			<li><a class="button" href="//pokemonshowdown.com/ladder/">Ladder</a></li>
			<li><a class="button nav-last" href="//pokemonshowdown.com/forums/">Forum</a></li>
			<li><a class="button greenbutton nav-first nav-last" href="//play.pokemonshowdown.com/">Play</a></li>
		</ul></div>
	</header>

	<div class="main" id="main">

		<noscript><section class="section">You need to enable JavaScript to use this page; sorry!</section></noscript>

	</div>

</div>

<script defer nomodule src="//play.pokemonshowdown.com/js/lib/ps-polyfill.js"></script>
<script defer src="//play.pokemonshowdown.com/js/lib/preact.min.js"></script>

<script defer src="//play.pokemonshowdown.com/config/config.js?2bddbc15"></script>
<script defer src="//play.pokemonshowdown.com/js/lib/jquery-1.11.0.min.js"></script>
<script defer src="//play.pokemonshowdown.com/js/lib/html-sanitizer-minified.js"></script>
<script defer src="//play.pokemonshowdown.com/js/battle-sound.js"></script>
<script defer src="//play.pokemonshowdown.com/js/battledata.js?0.7209276989879541"></script>
<script defer src="//play.pokemonshowdown.com/data/pokedex-mini.js?0.6111056340867951"></script>
<script defer src="//play.pokemonshowdown.com/data/pokedex-mini-bw.js?0.3532142036491459"></script>
<script defer src="//play.pokemonshowdown.com/data/graphics.js?0.24223875632456182"></script>
<script defer src="//play.pokemonshowdown.com/data/pokedex.js?0.38839984266356864"></script>
<script defer src="//play.pokemonshowdown.com/data/moves.js?0.21866028504024015"></script>
<script defer src="//play.pokemonshowdown.com/data/abilities.js?0.2005157953846628"></script>
<script defer src="//play.pokemonshowdown.com/data/items.js?0.9894211263848525"></script>
<script defer src="//play.pokemonshowdown.com/data/teambuilder-tables.js?0.6008791140282215"></script>
<script defer src="//play.pokemonshowdown.com/js/battle-tooltips.js?0.7580118955022959"></script>
<script defer src="//play.pokemonshowdown.com/js/battle.js?0.6057722274234274"></script>

<script defer src="js/utils.js?e31f9a17"></script>
<script defer src="js/replays-battle.js?7008c182"></script>

<!-- don't scrape this data! just add .json or .log after the URL!
Full API docs: https://github.com/smogon/pokemon-showdown-client/blob/master/WEB-API.md -->
<script type="text/plain" class="log" id="replaylog-smogtours-gen3ou-799578">
|inactive|Battle timer is ON: inactive players will automatically lose when time's up.
|t:|1729274602
|gametype|singles
|player|p1|valiantbattlerextr|101|
|player|p2|banana plus plus|102|
|teamsize|p1|6
|teamsize|p2|6
|gen|3
|tier|[Gen 3] OU
|rule|Sleep Clause Mod: Limit one foe put to sleep
|rule|Switch Priority Clause Mod: Faster Pokémon switch first
|rule|Species Clause: Limit one of each Pokémon
|rule|OHKO Clause: OHKO moves are banned
|rule|Evasion Items Clause: Evasion items are banned
|rule|Evasion Moves Clause: Evasion moves are banned
|rule|Endless Battle Clause: Forcing endless battles is banned
|rule|HP Percentage Mod: HP is shown in percentages
|rule|One Boost Passer Clause: Limit one Baton Passer that has a way to boost its stats
|rule|Freeze Clause Mod: Limit one foe frozen
|
|t:|1729274602
|start
|switch|p1a: Tyranitar|Tyranitar, F|100/100
|switch|p2a: GOOPU LOOPU|Tyranitar, M|100/100
|-weather|Sandstorm|[from] ability: Sand Stream|[of] p2a: GOOPU LOOPU
|turn|1
|c|☆banana plus plus|glhf
|
|t:|1729274615
|switch|p2a: DJ KREEN|Skarmory, M|100/100
|move|p1a: Tyranitar|Earthquake|p2a: DJ KREEN
|-immune|p2a: DJ KREEN
|
|-weather|Sandstorm|[upkeep]
|upkeep
|turn|2
|c|☆valiantbattlerextr|u2
|
|t:|1729274622
|switch|p1a: Charizard|Charizard, M|100/100
|move|p2a: DJ KREEN|Spikes|p1a: Charizard
|-sidestart|p1: valiantbattlerextr|Spikes
|
|-weather|Sandstorm|[upkeep]
|-damage|p1a: Charizard|94/100|[from] Sandstorm
|-heal|p1a: Charizard|100/100|[from] item: Leftovers
|upkeep
|turn|3
|
|t:|1729274635
|move|p1a: Charizard|Fire Blast|p2a: DJ KREEN
|-supereffective|p2a: DJ KREEN
|-damage|p2a: DJ KREEN|0 fnt
|faint|p2a: DJ KREEN
|
|t:|1729274652
|switch|p2a: GOOPU LOOPU|Tyranitar, M|100/100
|
|-weather|Sandstorm|[upkeep]
|-damage|p1a: Charizard|94/100|[from] Sandstorm
|-heal|p1a: Charizard|100/100|[from] item: Leftovers
|upkeep
|turn|4
|
|t:|1729274658
|switch|p1a: Claydol|Claydol|100/100
|move|p2a: GOOPU LOOPU|Rock Slide|p1a: Claydol
|-resisted|p1a: Claydol
|-damage|p1a: Claydol|78/100
|
|-weather|Sandstorm|[upkeep]
|-heal|p1a: Claydol|84/100|[from] item: Leftovers
|upkeep
|turn|5
|
|t:|1729274668
|switch|p2a: ERËN|Salamence, M|100/100
|-ability|p2a: ERËN|Intimidate|boost
|-unboost|p1a: Claydol|atk|1
|move|p1a: Claydol|Rapid Spin|p2a: ERËN
|-damage|p2a: ERËN|96/100
|-sideend|p1: valiantbattlerextr|Spikes|[from] move: Rapid Spin|[of] p1a: Claydol
|
|-weather|Sandstorm|[upkeep]
|-damage|p2a: ERËN|90/100|[from] Sandstorm
|-heal|p2a: ERËN|96/100|[from] item: Leftovers
|-heal|p1a: Claydol|90/100|[from] item: Leftovers
|upkeep
|turn|6
|
|t:|1729274687
|move|p2a: ERËN|Hydro Pump|p1a: Claydol
|-supereffective|p1a: Claydol
|-damage|p1a: Claydol|12/100
|move|p1a: Claydol|Explosion|p2a: ERËN
|-crit|p2a: ERËN
|-damage|p2a: ERËN|0 fnt
|faint|p1a: Claydol
|faint|p2a: ERËN
|
|t:|1729274697
|switch|p2a: STOOPU DOOPU|Gengar, F|100/100
|switch|p1a: Swampert|Swampert, M|100/100
|
|-weather|Sandstorm|[upkeep]
|-damage|p2a: STOOPU DOOPU|94/100|[from] Sandstorm
|-heal|p2a: STOOPU DOOPU|100/100|[from] item: Leftovers
|upkeep
|turn|7
|
|t:|1729274709
|switch|p1a: Charizard|Charizard, M|100/100
|move|p2a: STOOPU DOOPU|Will-O-Wisp|p1a: Charizard
|-immune|p1a: Charizard
|
|-weather|Sandstorm|[upkeep]
|-damage|p2a: STOOPU DOOPU|94/100|[from] Sandstorm
|-damage|p1a: Charizard|94/100|[from] Sandstorm
|-heal|p2a: STOOPU DOOPU|100/100|[from] item: Leftovers
|-heal|p1a: Charizard|100/100|[from] item: Leftovers
|upkeep
|turn|8
|
|t:|1729274718
|move|p2a: STOOPU DOOPU|Thunderbolt|p1a: Charizard
|-supereffective|p1a: Charizard
|-damage|p1a: Charizard|26/100
|move|p1a: Charizard|Fire Blast|p2a: STOOPU DOOPU|[miss]
|-miss|p1a: Charizard|p2a: STOOPU DOOPU
|
|-weather|Sandstorm|[upkeep]
|-damage|p2a: STOOPU DOOPU|94/100|[from] Sandstorm
|-damage|p1a: Charizard|20/100|[from] Sandstorm
|-heal|p2a: STOOPU DOOPU|100/100|[from] item: Leftovers
|-heal|p1a: Charizard|26/100|[from] item: Leftovers
|upkeep
|turn|9
|
|t:|1729274729
|switch|p2a: GUB GUB|Celebi|100/100
|switch|p1a: Blissey|Blissey, F|100/100
|
|-weather|Sandstorm|[upkeep]
|-damage|p2a: GUB GUB|94/100|[from] Sandstorm
|-damage|p1a: Blissey|94/100|[from] Sandstorm
|-heal|p2a: GUB GUB|100/100|[from] item: Leftovers
|-heal|p1a: Blissey|100/100|[from] item: Leftovers
|upkeep
|turn|10
|
|t:|1729274739
|move|p2a: GUB GUB|Leech Seed|p1a: Blissey
|-start|p1a: Blissey|move: Leech Seed
|move|p1a: Blissey|Ice Beam|p2a: GUB GUB
|-supereffective|p2a: GUB GUB
|-damage|p2a: GUB GUB|60/100
|
|-weather|Sandstorm|[upkeep]
|-damage|p2a: GUB GUB|53/100|[from] Sandstorm
|-damage|p1a: Blissey|94/100|[from] Sandstorm
|-heal|p2a: GUB GUB|60/100|[from] item: Leftovers
|-heal|p1a: Blissey|100/100|[from] item: Leftovers
|-damage|p1a: Blissey|88/100|[from] Leech Seed|[of] p2a: GUB GUB
|-heal|p2a: GUB GUB|80/100|[silent]
|upkeep
|turn|11
|
|t:|1729274751
|switch|p2a: GOOPU LOOPU|Tyranitar, M|100/100
|switch|p1a: Tyranitar|Tyranitar, F|100/100
|
|-weather|Sandstorm|[upkeep]
|upkeep
|turn|12
|
|t:|1729274768
|switch|p2a: STOOPU DOOPU|Gengar, F|100/100
|move|p1a: Tyranitar|Rock Slide|p2a: STOOPU DOOPU
|-damage|p2a: STOOPU DOOPU|30/100
|
|-weather|Sandstorm|[upkeep]
|-damage|p2a: STOOPU DOOPU|24/100|[from] Sandstorm
|-heal|p2a: STOOPU DOOPU|30/100|[from] item: Leftovers
|upkeep
|turn|13
|
|t:|1729274777
|move|p2a: STOOPU DOOPU|Will-O-Wisp|p1a: Tyranitar
|-status|p1a: Tyranitar|brn
|move|p1a: Tyranitar|Rock Slide|p2a: STOOPU DOOPU
|-damage|p2a: STOOPU DOOPU|0 fnt
|faint|p2a: STOOPU DOOPU
|
|t:|1729274789
|switch|p2a: GUB GUB|Celebi|80/100
|
|-weather|Sandstorm|[upkeep]
|-damage|p2a: GUB GUB|74/100|[from] Sandstorm
|-heal|p2a: GUB GUB|80/100|[from] item: Leftovers
|-damage|p1a: Tyranitar|88/100 brn|[from] brn
|upkeep
|turn|14
|
|t:|1729274796
|switch|p1a: Charizard|Charizard, M|26/100
|move|p2a: GUB GUB|Giga Drain|p1a: Charizard
|-resisted|p1a: Charizard
|-damage|p1a: Charizard|18/100
|-heal|p2a: GUB GUB|84/100|[from] drain|[of] p1a: Charizard
|
|-weather|Sandstorm|[upkeep]
|-damage|p1a: Charizard|12/100|[from] Sandstorm
|-damage|p2a: GUB GUB|77/100|[from] Sandstorm
|-heal|p1a: Charizard|18/100|[from] item: Leftovers
|-heal|p2a: GUB GUB|84/100|[from] item: Leftovers
|upkeep
|turn|15
|
|t:|1729274811
|-singleturn|p1a: Charizard|move: Focus Punch
|switch|p2a: GOOPU LOOPU|Tyranitar, M|100/100
|move|p1a: Charizard|Focus Punch|p2a: GOOPU LOOPU
|-supereffective|p2a: GOOPU LOOPU
|-damage|p2a: GOOPU LOOPU|13/100
|
|-weather|Sandstorm|[upkeep]
|-damage|p1a: Charizard|12/100|[from] Sandstorm
|-heal|p1a: Charizard|18/100|[from] item: Leftovers
|-heal|p2a: GOOPU LOOPU|19/100|[from] item: Leftovers
|upkeep
|turn|16
|c|☆banana plus plus|i knew it
|c|☆valiantbattlerextr|It happens
|
|t:|1729274831
|move|p1a: Charizard|Fire Blast|p2a: GOOPU LOOPU
|-resisted|p2a: GOOPU LOOPU
|-damage|p2a: GOOPU LOOPU|0 fnt
|faint|p2a: GOOPU LOOPU
|
|t:|1729274839
|switch|p2a: GUB GUB|Celebi|84/100
|
|-weather|Sandstorm|[upkeep]
|-damage|p1a: Charizard|12/100|[from] Sandstorm
|-damage|p2a: GUB GUB|77/100|[from] Sandstorm
|-heal|p1a: Charizard|18/100|[from] item: Leftovers
|-heal|p2a: GUB GUB|84/100|[from] item: Leftovers
|upkeep
|turn|17
|
|t:|1729274846
|move|p1a: Charizard|Fire Blast|p2a: GUB GUB|[miss]
|-miss|p1a: Charizard|p2a: GUB GUB
|move|p2a: GUB GUB|Psychic|p1a: Charizard
|-damage|p1a: Charizard|0 fnt
|faint|p1a: Charizard
|c|☆valiantbattlerextr|Just like that lol
|
|t:|1729274858
|switch|p1a: Gengar|Gengar, M|100/100
|
|-weather|Sandstorm|[upkeep]
|-damage|p1a: Gengar|94/100|[from] Sandstorm
|-damage|p2a: GUB GUB|77/100|[from] Sandstorm
|-heal|p1a: Gengar|100/100|[from] item: Leftovers
|-heal|p2a: GUB GUB|84/100|[from] item: Leftovers
|upkeep
|turn|18
|
|t:|1729274865
|move|p1a: Gengar|Ice Punch|p2a: GUB GUB
|-supereffective|p2a: GUB GUB
|-damage|p2a: GUB GUB|46/100
|move|p2a: GUB GUB|Psychic|p1a: Gengar
|-supereffective|p1a: Gengar
|-damage|p1a: Gengar|0 fnt
|faint|p1a: Gengar
|
|t:|1729274881
|switch|p1a: Tyranitar|Tyranitar, F|88/100 brn
|
|-weather|Sandstorm|[upkeep]
|-damage|p2a: GUB GUB|40/100|[from] Sandstorm
|-heal|p2a: GUB GUB|46/100|[from] item: Leftovers
|-heal|p1a: Tyranitar|94/100 brn|[from] item: Leftovers
|-damage|p1a: Tyranitar|82/100 brn|[from] brn
|upkeep
|turn|19
|
|t:|1729274888
|move|p2a: GUB GUB|Giga Drain|p1a: Tyranitar
|-supereffective|p1a: Tyranitar
|-damage|p1a: Tyranitar|35/100 brn
|-heal|p2a: GUB GUB|70/100|[from] drain|[of] p1a: Tyranitar
|move|p1a: Tyranitar|Rock Slide|p2a: GUB GUB
|-damage|p2a: GUB GUB|51/100
|
|-weather|Sandstorm|[upkeep]
|-damage|p2a: GUB GUB|45/100|[from] Sandstorm
|-heal|p2a: GUB GUB|51/100|[from] item: Leftovers
|-heal|p1a: Tyranitar|42/100 brn|[from] item: Leftovers
|-damage|p1a: Tyranitar|29/100 brn|[from] brn
|upkeep
|turn|20
|
|t:|1729274900
|move|p2a: GUB GUB|Giga Drain|p1a: Tyranitar
|-supereffective|p1a: Tyranitar
|-damage|p1a: Tyranitar|0 fnt
|-heal|p2a: GUB GUB|66/100|[from] drain|[of] p1a: Tyranitar
|faint|p1a: Tyranitar
|
|t:|1729274903
|switch|p1a: Blissey|Blissey, F|88/100
|
|-weather|Sandstorm|[upkeep]
|-damage|p2a: GUB GUB|60/100|[from] Sandstorm
|-damage|p1a: Blissey|82/100|[from] Sandstorm
|-heal|p2a: GUB GUB|66/100|[from] item: Leftovers
|-heal|p1a: Blissey|88/100|[from] item: Leftovers
|upkeep
|turn|21
|
|t:|1729274911
|move|p2a: GUB GUB|Leech Seed|p1a: Blissey
|-start|p1a: Blissey|move: Leech Seed
|move|p1a: Blissey|Thunder Wave|p2a: GUB GUB
|-status|p2a: GUB GUB|par
|
|-weather|Sandstorm|[upkeep]
|-damage|p1a: Blissey|82/100|[from] Sandstorm
|-damage|p2a: GUB GUB|60/100 par|[from] Sandstorm
|-heal|p1a: Blissey|88/100|[from] item: Leftovers
|-damage|p1a: Blissey|76/100|[from] Leech Seed|[of] p2a: GUB GUB
|-heal|p2a: GUB GUB|81/100 par|[silent]
|-heal|p2a: GUB GUB|87/100 par|[from] item: Leftovers
|upkeep
|turn|22
|
|t:|1729274922
|-curestatus|p2a: GUB GUB|par|[from] ability: Natural Cure
|switch|p2a: GLUB TUBBUS WEPPLE|Metagross|100/100
|move|p1a: Blissey|Ice Beam|p2a: GLUB TUBBUS WEPPLE
|-resisted|p2a: GLUB TUBBUS WEPPLE
|-damage|p2a: GLUB TUBBUS WEPPLE|88/100
|
|-weather|Sandstorm|[upkeep]
|-damage|p1a: Blissey|69/100|[from] Sandstorm
|-heal|p2a: GLUB TUBBUS WEPPLE|94/100|[from] item: Leftovers
|-heal|p1a: Blissey|76/100|[from] item: Leftovers
|-damage|p1a: Blissey|63/100|[from] Leech Seed|[of] p2a: GLUB TUBBUS WEPPLE
|-heal|p2a: GLUB TUBBUS WEPPLE|100/100|[silent]
|upkeep
|turn|23
|
|t:|1729274936
|switch|p1a: Swampert|Swampert, M|100/100
|move|p2a: GLUB TUBBUS WEPPLE|Meteor Mash|p1a: Swampert|[miss]
|-miss|p2a: GLUB TUBBUS WEPPLE|p1a: Swampert
|
|-weather|Sandstorm|[upkeep]
|upkeep
|turn|24
|
|t:|1729274944
|switch|p2a: GUB GUB|Celebi|87/100
|move|p1a: Swampert|Toxic|p2a: GUB GUB|[miss]
|-miss|p1a: Swampert|p2a: GUB GUB
|
|-weather|Sandstorm|[upkeep]
|-damage|p2a: GUB GUB|81/100|[from] Sandstorm
|-heal|p2a: GUB GUB|87/100|[from] item: Leftovers
|upkeep
|turn|25
|
|t:|1729274953
|move|p1a: Swampert|Protect|p1a: Swampert
|-singleturn|p1a: Swampert|Protect
|move|p2a: GUB GUB|Leech Seed|p1a: Swampert
|-activate|p1a: Swampert|Protect
|
|-weather|Sandstorm|[upkeep]
|-damage|p2a: GUB GUB|81/100|[from] Sandstorm
|-heal|p2a: GUB GUB|87/100|[from] item: Leftovers
|upkeep
|turn|26
|
|t:|1729274962
|switch|p1a: Blissey|Blissey, F|63/100
|move|p2a: GUB GUB|Leech Seed|p1a: Blissey
|-start|p1a: Blissey|move: Leech Seed
|
|-weather|Sandstorm|[upkeep]
|-damage|p2a: GUB GUB|81/100|[from] Sandstorm
|-damage|p1a: Blissey|57/100|[from] Sandstorm
|-heal|p2a: GUB GUB|87/100|[from] item: Leftovers
|-heal|p1a: Blissey|63/100|[from] item: Leftovers
|-damage|p1a: Blissey|51/100|[from] Leech Seed|[of] p2a: GUB GUB
|-heal|p2a: GUB GUB|100/100|[silent]
|upkeep
|turn|27
|
|t:|1729274979
|switch|p2a: GLUB TUBBUS WEPPLE|Metagross|100/100
|move|p1a: Blissey|Thunder Wave|p2a: GLUB TUBBUS WEPPLE
|-status|p2a: GLUB TUBBUS WEPPLE|par
|
|-weather|Sandstorm|[upkeep]
|-damage|p1a: Blissey|45/100|[from] Sandstorm
|-heal|p1a: Blissey|51/100|[from] item: Leftovers
|-damage|p1a: Blissey|38/100|[from] Leech Seed|[of] p2a: GLUB TUBBUS WEPPLE
|upkeep
|turn|28
|
|t:|1729274988
|switch|p1a: Swampert|Swampert, M|100/100
|move|p2a: GLUB TUBBUS WEPPLE|Agility|p2a: GLUB TUBBUS WEPPLE
|-boost|p2a: GLUB TUBBUS WEPPLE|spe|2
|
|-weather|Sandstorm|[upkeep]
|upkeep
|turn|29
|
|t:|1729275010
|switch|p2a: GUB GUB|Celebi|100/100
|move|p1a: Swampert|Toxic|p2a: GUB GUB
|-status|p2a: GUB GUB|tox
|
|-weather|Sandstorm|[upkeep]
|-damage|p2a: GUB GUB|94/100 tox|[from] Sandstorm
|-heal|p2a: GUB GUB|100/100 tox|[from] item: Leftovers
|-damage|p2a: GUB GUB|94/100 tox|[from] psn
|upkeep
|turn|30
|
|t:|1729275019
|-curestatus|p2a: GUB GUB|tox|[from] ability: Natural Cure
|switch|p2a: GLUB TUBBUS WEPPLE|Metagross|100/100 par
|move|p1a: Swampert|Protect||[still]
|-fail|p1a: Swampert
|
|-weather|Sandstorm|[upkeep]
|upkeep
|turn|31
|
|t:|1729275028
|move|p1a: Swampert|Protect|p1a: Swampert
|-singleturn|p1a: Swampert|Protect
|cant|p2a: GLUB TUBBUS WEPPLE|par
|
|-weather|Sandstorm|[upkeep]
|upkeep
|turn|32
|
|t:|1729275033
|move|p1a: Swampert|Earthquake|p2a: GLUB TUBBUS WEPPLE
|-supereffective|p2a: GLUB TUBBUS WEPPLE
|-damage|p2a: GLUB TUBBUS WEPPLE|44/100 par
|cant|p2a: GLUB TUBBUS WEPPLE|par
|
|-weather|Sandstorm|[upkeep]
|-heal|p2a: GLUB TUBBUS WEPPLE|50/100 par|[from] item: Leftovers
|upkeep
|turn|33
|
|t:|1729275040
|switch|p2a: GUB GUB|Celebi|94/100
|move|p1a: Swampert|Earthquake|p2a: GUB GUB
|-resisted|p2a: GUB GUB
|-damage|p2a: GUB GUB|77/100
|
|-weather|Sandstorm|[upkeep]
|-damage|p2a: GUB GUB|71/100|[from] Sandstorm
|-heal|p2a: GUB GUB|77/100|[from] item: Leftovers
|upkeep
|turn|34
|
|t:|1729275050
|switch|p1a: Blissey|Blissey, F|38/100
|move|p2a: GUB GUB|Hidden Power|p1a: Blissey
|-damage|p1a: Blissey|30/100
|
|-weather|Sandstorm|[upkeep]
|-damage|p2a: GUB GUB|71/100|[from] Sandstorm
|-damage|p1a: Blissey|23/100|[from] Sandstorm
|-heal|p2a: GUB GUB|77/100|[from] item: Leftovers
|-heal|p1a: Blissey|30/100|[from] item: Leftovers
|upkeep
|turn|35
|
|t:|1729275059
|move|p2a: GUB GUB|Leech Seed|p1a: Blissey|[miss]
|-miss|p2a: GUB GUB|p1a: Blissey
|move|p1a: Blissey|Soft-Boiled|p1a: Blissey
|-heal|p1a: Blissey|79/100
|
|-weather|Sandstorm|[upkeep]
|-damage|p2a: GUB GUB|71/100|[from] Sandstorm
|-damage|p1a: Blissey|73/100|[from] Sandstorm
|-heal|p2a: GUB GUB|77/100|[from] item: Leftovers
|-heal|p1a: Blissey|79/100|[from] item: Leftovers
|upkeep
|turn|36
|
|t:|1729275069
|move|p2a: GUB GUB|Leech Seed|p1a: Blissey
|-start|p1a: Blissey|move: Leech Seed
|move|p1a: Blissey|Ice Beam|p2a: GUB GUB
|-supereffective|p2a: GUB GUB
|-damage|p2a: GUB GUB|36/100
|
|-weather|Sandstorm|[upkeep]
|-damage|p2a: GUB GUB|30/100|[from] Sandstorm
|-damage|p1a: Blissey|73/100|[from] Sandstorm
|-heal|p2a: GUB GUB|36/100|[from] item: Leftovers
|-heal|p1a: Blissey|79/100|[from] item: Leftovers
|-damage|p1a: Blissey|67/100|[from] Leech Seed|[of] p2a: GUB GUB
|-heal|p2a: GUB GUB|57/100|[silent]
|upkeep
|turn|37
|
|t:|1729275082
|switch|p2a: GLUB TUBBUS WEPPLE|Metagross|50/100 par
|move|p1a: Blissey|Thunderbolt|p2a: GLUB TUBBUS WEPPLE
|-damage|p2a: GLUB TUBBUS WEPPLE|25/100 par
|
|-weather|Sandstorm|[upkeep]
|-damage|p1a: Blissey|61/100|[from] Sandstorm
|-heal|p1a: Blissey|67/100|[from] item: Leftovers
|-damage|p1a: Blissey|55/100|[from] Leech Seed|[of] p2a: GLUB TUBBUS WEPPLE
|-heal|p2a: GLUB TUBBUS WEPPLE|48/100 par|[silent]
|-heal|p2a: GLUB TUBBUS WEPPLE|54/100 par|[from] item: Leftovers
|upkeep
|turn|38
|
|t:|1729275092
|switch|p1a: Swampert|Swampert, M|100/100
|move|p2a: GLUB TUBBUS WEPPLE|Earthquake|p1a: Swampert
|-damage|p1a: Swampert|73/100
|
|-weather|Sandstorm|[upkeep]
|-heal|p1a: Swampert|80/100|[from] item: Leftovers
|-heal|p2a: GLUB TUBBUS WEPPLE|61/100 par|[from] item: Leftovers
|upkeep
|turn|39
|
|t:|1729275103
|switch|p2a: GUB GUB|Celebi|57/100
|move|p1a: Swampert|Earthquake|p2a: GUB GUB
|-resisted|p2a: GUB GUB
|-damage|p2a: GUB GUB|41/100
|
|-weather|Sandstorm|[upkeep]
|-damage|p2a: GUB GUB|35/100|[from] Sandstorm
|-heal|p2a: GUB GUB|41/100|[from] item: Leftovers
|-heal|p1a: Swampert|86/100|[from] item: Leftovers
|upkeep
|turn|40
|
|t:|1729275114
|move|p2a: GUB GUB|Leech Seed|p1a: Swampert
|-start|p1a: Swampert|move: Leech Seed
|move|p1a: Swampert|Toxic|p2a: GUB GUB
|-status|p2a: GUB GUB|tox
|
|-weather|Sandstorm|[upkeep]
|-damage|p2a: GUB GUB|35/100 tox|[from] Sandstorm
|-heal|p2a: GUB GUB|41/100 tox|[from] item: Leftovers
|-damage|p2a: GUB GUB|35/100 tox|[from] psn
|-heal|p1a: Swampert|92/100|[from] item: Leftovers
|-damage|p1a: Swampert|80/100|[from] Leech Seed|[of] p2a: GUB GUB
|-heal|p2a: GUB GUB|48/100 tox|[silent]
|upkeep
|turn|41
|
|t:|1729275128
|-curestatus|p2a: GUB GUB|tox|[from] ability: Natural Cure
|switch|p2a: GLUB TUBBUS WEPPLE|Metagross|61/100 par
|switch|p1a: Blissey|Blissey, F|55/100
|
|-weather|Sandstorm|[upkeep]
|-damage|p1a: Blissey|48/100|[from] Sandstorm
|-heal|p1a: Blissey|55/100|[from] item: Leftovers
|-heal|p2a: GLUB TUBBUS WEPPLE|67/100 par|[from] item: Leftovers
|upkeep
|turn|42
|
|t:|1729275137
|switch|p1a: Swampert|Swampert, M|80/100
|move|p2a: GLUB TUBBUS WEPPLE|Earthquake|p1a: Swampert
|-damage|p1a: Swampert|51/100
|
|-weather|Sandstorm|[upkeep]
|-heal|p1a: Swampert|57/100|[from] item: Leftovers
|-heal|p2a: GLUB TUBBUS WEPPLE|73/100 par|[from] item: Leftovers
|upkeep
|turn|43
|
|t:|1729275147
|move|p1a: Swampert|Earthquake|p2a: GLUB TUBBUS WEPPLE
|-supereffective|p2a: GLUB TUBBUS WEPPLE
|-crit|p2a: GLUB TUBBUS WEPPLE
|-damage|p2a: GLUB TUBBUS WEPPLE|0 fnt
|faint|p2a: GLUB TUBBUS WEPPLE
|
|t:|1729275152
|switch|p2a: GUB GUB|Celebi|48/100
|
|-weather|Sandstorm|[upkeep]
|-damage|p2a: GUB GUB|42/100|[from] Sandstorm
|-heal|p2a: GUB GUB|48/100|[from] item: Leftovers
|-heal|p1a: Swampert|63/100|[from] item: Leftovers
|upkeep
|turn|44
|
|t:|1729275158
|move|p1a: Swampert|Protect|p1a: Swampert
|-singleturn|p1a: Swampert|Protect
|move|p2a: GUB GUB|Leech Seed|p1a: Swampert
|-activate|p1a: Swampert|Protect
|
|-weather|Sandstorm|[upkeep]
|-damage|p2a: GUB GUB|42/100|[from] Sandstorm
|-heal|p2a: GUB GUB|48/100|[from] item: Leftovers
|-heal|p1a: Swampert|69/100|[from] item: Leftovers
|upkeep
|turn|45
|
|t:|1729275168
|move|p2a: GUB GUB|Leech Seed|p1a: Swampert
|-start|p1a: Swampert|move: Leech Seed
|move|p1a: Swampert|Toxic|p2a: GUB GUB
|-status|p2a: GUB GUB|tox
|
|-weather|Sandstorm|[upkeep]
|-damage|p2a: GUB GUB|42/100 tox|[from] Sandstorm
|-heal|p2a: GUB GUB|48/100 tox|[from] item: Leftovers
|-damage|p2a: GUB GUB|42/100 tox|[from] psn
|-heal|p1a: Swampert|75/100|[from] item: Leftovers
|-damage|p1a: Swampert|63/100|[from] Leech Seed|[of] p2a: GUB GUB
|-heal|p2a: GUB GUB|54/100 tox|[silent]
|upkeep
|turn|46
|c|☆valiantbattlerextr|gg
|c|☆banana plus plus|gg
|
|t:|1729275180
|move|p1a: Swampert|Protect|p1a: Swampert
|-singleturn|p1a: Swampert|Protect
|move|p2a: GUB GUB|Giga Drain|p1a: Swampert
|-activate|p1a: Swampert|Protect
|
|-weather|Sandstorm|[upkeep]
|-damage|p2a: GUB GUB|48/100 tox|[from] Sandstorm
|-heal|p2a: GUB GUB|54/100 tox|[from] item: Leftovers
|-damage|p2a: GUB GUB|42/100 tox|[from] psn
|-heal|p1a: Swampert|69/100|[from] item: Leftovers
|-damage|p1a: Swampert|57/100|[from] Leech Seed|[of] p2a: GUB GUB
|-heal|p2a: GUB GUB|55/100 tox|[silent]
|upkeep
|turn|47
|-message|banana plus plus forfeited.
|
|win|valiantbattlerextr
|player|p2|
|player|p1|
|player|p1|valiantbattlerextr|101|
|player|p2|banana plus plus|102|
|player|p2|

</script>
<script type="application/json" class="data" id="replaydata-smogtours-gen3ou-799578">
{"id":"smogtours-gen3ou-799578","format":"[Gen 3] OU","players":["valiantbattlerextr","banana plus plus"],"uploadtime":1729275185,"views":75,"formatid":"gen3ou","rating":null,"private":0,"password":null}
</script>

<script defer src="js/replays.js?9d40a366"></script>
