<!DOCTYPE html>
<meta charset="utf-8" />
<meta name="viewport" content="width=device-width" />

<title>[Gen 3] OU: jeffoly vs. inkyno1 - Replays - Pok&eacute;mon Showdown!</title>

<meta name="description" content="Watch a replay of a Pok&eacute;mon battle between jeffoly and inkyno1! Format: [Gen 3] OU; Date: Oct 8, 2024" />
<!--

Hey, you! Looking in the source for the replay log?

You can find them in JSON format, just add `.json` at the end of a replay URL.

https://replay.pokemonshowdown.com/gen7randomdoublesbattle-865046831.json

Or, if you only need the log itself, add `.log` instead:

https://replay.pokemonshowdown.com/gen7randomdoublesbattle-865046831.log

-->

<link rel="stylesheet" href="//pokemonshowdown.com/style/global.css?0.767286132409787" />
<link rel="stylesheet" href="//play.pokemonshowdown.com/style/font-awesome.css?0.9266228007934947" />
<link rel="stylesheet" href="//play.pokemonshowdown.com/style/battle.css?0.7924700842790926" />
<link rel="stylesheet" href="//play.pokemonshowdown.com/style/utilichart.css?0.8777417872839479" />

<!-- Global site tag (gtag.js) - Google Analytics -->
<script async src="https://www.googletagmanager.com/gtag/js?id=UA-26211653-1"></script>
<script>
  window.dataLayer = window.dataLayer || [];
  function gtag(){dataLayer.push(arguments);}
  gtag('js', new Date());

  gtag('config', 'UA-26211653-1');
</script>
<!-- End Google Analytics -->
<!-- Venatus Ad Manager - Install in <HEAD> of page -->
	<script src="https://hb.vntsm.com/v3/live/ad-manager.min.js" type="text/javascript" data-site-id="642aba63ec9a7b11c3c9c1be" data-mode="scan" async></script>
<!-- / Venatus Ad Manager -->

<style>
	@media (max-width:820px) {
		.battle {
			margin: 0 auto;
		}
		.battle-log {
			margin: 7px auto 0;
			max-width: 640px;
			height: 300px;
			position: static;
		}
	}
	.optgroup {
		display: inline-block;
		line-height: 22px;
		font-size: 10pt;
	}
	.optgroup .button {
		height: 25px;
		padding-top: 0;
		padding-bottom: 0;
	}
	.optgroup button.button {
		padding-left: 12px;
		padding-right: 12px;
	}
	.linklist {
		list-style: none;
		margin: 0.5em 0;
		padding: 0;
	}
	.linklist li {
		padding: 2px 0;
	}
	.sidebar {
		float: left;
		width: 320px;
	}
	.bar-wrapper {
		max-width: 1100px;
		margin: 0 auto;
	}
	.bar-wrapper.has-sidebar {
		max-width: 1430px;
	}
	.mainbar {
		margin: 0;
		padding-right: 1px;
	}
	.mainbar.has-sidebar {
		margin-left: 330px;
	}
	@media (min-width: 1511px) {
		.sidebar {
			width: 400px;
		}
		.bar-wrapper.has-sidebar {
			max-width: 1510px;
		}
		.mainbar.has-sidebar {
			margin-left: 410px;
		}
	}
	.section.first-section {
		margin-top: 9px;
	}
	.blocklink small {
		white-space: normal;
	}
	.button {
		vertical-align: middle;
	}
	.replay-controls {
		padding-top: 10px;
	}
	.replay-controls h1 {
		font-size: 16pt;
		font-weight: normal;
		color: #CCC;
	}
	.pagelink {
		text-align: center;
	}
	.pagelink a {
		width: 150px;
	}
	.textbox, .button {
		font-size: 11pt;
		vertical-align: middle;
	}
	@media (max-width: 450px) {
		.button {
			font-size: 9pt;
		}
	}
</style>

<div>

	<header>
		<div class="nav-wrapper"><ul class="nav">
			<li><a class="button nav-first" href="//pokemonshowdown.com/"><img src="//pokemonshowdown.com/images/pokemonshowdownbeta.png" srcset="//pokemonshowdown.com/images/pokemonshowdownbeta.png 1x, //pokemonshowdown.com/images/pokemonshowdownbeta@2x.png 2x" alt="Pok&eacute;mon Showdown" width="146" height="44" /> Home</a></li>
			<li><a class="button" href="//pokemonshowdown.com/dex/">Pok&eacute;dex</a></li>
			<li><a class="button cur" href="/">Replays</a></li>
			<li><a class="button" href="//pokemonshowdown.com/ladder/">Ladder</a></li>
			<li><a class="button nav-last" href="//pokemonshowdown.com/forums/">Forum</a></li>
			<li><a class="button greenbutton nav-first nav-last" href="//play.pokemonshowdown.com/">Play</a></li>
		</ul></div>
	</header>

	<div class="main" id="main">

		<noscript><section class="section">You need to enable JavaScript to use this page; sorry!</section></noscript>

	</div>

</div>

<script defer nomodule src="//play.pokemonshowdown.com/js/lib/ps-polyfill.js"></script>
<script defer src="//play.pokemonshowdown.com/js/lib/preact.min.js"></script>

<script defer src="//play.pokemonshowdown.com/config/config.js?6dec07f6"></script>
<script defer src="//play.pokemonshowdown.com/js/lib/jquery-1.11.0.min.js"></script>
<script defer src="//play.pokemonshowdown.com/js/lib/html-sanitizer-minified.js"></script>
<script defer src="//play.pokemonshowdown.com/js/battle-sound.js"></script>
<script defer src="//play.pokemonshowdown.com/js/battledata.js?0.6315294753075389"></script>
<script defer src="//play.pokemonshowdown.com/data/pokedex-mini.js?0.7603743185311358"></script>
<script defer src="//play.pokemonshowdown.com/data/pokedex-mini-bw.js?0.030888842834281283"></script>
<script defer src="//play.pokemonshowdown.com/data/graphics.js?0.05593094747507488"></script>
<script defer src="//play.pokemonshowdown.com/data/pokedex.js?0.47064822249611904"></script>
<script defer src="//play.pokemonshowdown.com/data/moves.js?0.8583693120512459"></script>
<script defer src="//play.pokemonshowdown.com/data/abilities.js?0.16017181182386842"></script>
<script defer src="//play.pokemonshowdown.com/data/items.js?0.4163379185673943"></script>
<script defer src="//play.pokemonshowdown.com/data/teambuilder-tables.js?0.31075597372830477"></script>
<script defer src="//play.pokemonshowdown.com/js/battle-tooltips.js?0.6536193500708172"></script>
<script defer src="//play.pokemonshowdown.com/js/battle.js?0.1916591943277901"></script>

<script defer src="js/utils.js?e31f9a17"></script>
<script defer src="js/replays-battle.js?7008c182"></script>

<!-- don't scrape this data! just add .json or .log after the URL!
Full API docs: https://github.com/smogon/pokemon-showdown-client/blob/master/WEB-API.md -->
<script type="text/plain" class="log" id="replaylog-smogtours-gen3ou-796485">
|inactive|Battle timer is ON: inactive players will automatically lose when time's up.
|t:|1728420003
|gametype|singles
|player|p1|jeffoly|266|
|player|p2|inkyno1|101|
|teamsize|p1|6
|teamsize|p2|6
|gen|3
|tier|[Gen 3] OU
|rule|Sleep Clause Mod: Limit one foe put to sleep
|rule|Switch Priority Clause Mod: Faster Pokémon switch first
|rule|Species Clause: Limit one of each Pokémon
|rule|OHKO Clause: OHKO moves are banned
|rule|Evasion Items Clause: Evasion items are banned
|rule|Evasion Moves Clause: Evasion moves are banned
|rule|Endless Battle Clause: Forcing endless battles is banned
|rule|HP Percentage Mod: HP is shown in percentages
|rule|One Boost Passer Clause: Limit one Baton Passer that has a way to boost its stats
|rule|Freeze Clause Mod: Limit one foe frozen
|
|t:|1728420003
|start
|switch|p1a: Salamence|Salamence, F|100/100
|switch|p2a: Skarmory|Skarmory, M|100/100
|-ability|p1a: Salamence|Intimidate|boost
|-unboost|p2a: Skarmory|atk|1
|turn|1
|
|t:|1728420019
|move|p1a: Salamence|Dragon Dance|p1a: Salamence
|-boost|p1a: Salamence|atk|1
|-boost|p1a: Salamence|spe|1
|move|p2a: Skarmory|Toxic|p1a: Salamence|[miss]
|-miss|p2a: Skarmory|p1a: Salamence
|
|upkeep
|turn|2
|
|t:|1728420026
|move|p1a: Salamence|Dragon Dance|p1a: Salamence
|-boost|p1a: Salamence|atk|1
|-boost|p1a: Salamence|spe|1
|move|p2a: Skarmory|Roar|p1a: Salamence
|drag|p1a: Swampert|Swampert, F|100/100
|
|upkeep
|turn|3
|
|t:|1728420036
|switch|p1a: Celebi|Celebi|100/100
|move|p2a: Skarmory|Spikes|p1a: Celebi
|-sidestart|p1: jeffoly|Spikes
|
|upkeep
|turn|4
|
|t:|1728420044
|move|p1a: Celebi|Leech Seed|p2a: Skarmory
|-start|p2a: Skarmory|move: Leech Seed
|move|p2a: Skarmory|Roar|p1a: Celebi
|drag|p1a: Aerodactyl|Aerodactyl, M|100/100
|
|-damage|p2a: Skarmory|88/100|[from] Leech Seed|[of] p1a: Aerodactyl
|upkeep
|turn|5
|
|t:|1728420052
|move|p1a: Aerodactyl|Rock Slide|p2a: Skarmory
|-damage|p2a: Skarmory|50/100
|move|p2a: Skarmory|Toxic|p1a: Aerodactyl
|-status|p1a: Aerodactyl|tox
|
|-damage|p1a: Aerodactyl|95/100 tox|[from] psn
|-heal|p2a: Skarmory|56/100|[from] item: Leftovers
|-damage|p2a: Skarmory|44/100|[from] Leech Seed|[of] p1a: Aerodactyl
|-heal|p1a: Aerodactyl|100/100 tox|[silent]
|upkeep
|turn|6
|
|t:|1728420062
|switch|p1a: Magneton|Magneton|100/100
|-damage|p1a: Magneton|88/100|[from] Spikes
|switch|p2a: Metagross|Metagross|100/100
|
|upkeep
|turn|7
|
|t:|1728420069
|move|p1a: Magneton|Thunderbolt|p2a: Metagross
|-damage|p2a: Metagross|34/100
|move|p2a: Metagross|Meteor Mash|p1a: Magneton
|-resisted|p1a: Magneton
|-damage|p1a: Magneton|60/100
|
|upkeep
|turn|8
|
|t:|1728420075
|move|p1a: Magneton|Thunderbolt|p2a: Metagross
|-damage|p2a: Metagross|0 fnt
|faint|p2a: Metagross
|
|t:|1728420083
|switch|p2a: Blissey|Blissey, F|100/100
|
|upkeep
|turn|9
|
|t:|1728420090
|switch|p1a: Celebi|Celebi|100/100
|-damage|p1a: Celebi|88/100|[from] Spikes
|move|p2a: Blissey|Ice Beam|p1a: Celebi
|-supereffective|p1a: Celebi
|-damage|p1a: Celebi|43/100
|
|-heal|p1a: Celebi|49/100|[from] item: Leftovers
|upkeep
|turn|10
|
|t:|1728420100
|move|p1a: Celebi|Leech Seed|p2a: Blissey
|-start|p2a: Blissey|move: Leech Seed
|move|p2a: Blissey|Calm Mind|p2a: Blissey
|-boost|p2a: Blissey|spa|1
|-boost|p2a: Blissey|spd|1
|
|-heal|p1a: Celebi|55/100|[from] item: Leftovers
|-damage|p2a: Blissey|88/100|[from] Leech Seed|[of] p1a: Celebi
|-heal|p1a: Celebi|75/100|[silent]
|upkeep
|turn|11
|
|t:|1728420109
|move|p1a: Celebi|Swords Dance|p1a: Celebi
|-boost|p1a: Celebi|atk|2
|move|p2a: Blissey|Ice Beam|p1a: Celebi
|-supereffective|p1a: Celebi
|-damage|p1a: Celebi|15/100
|
|-heal|p1a: Celebi|21/100|[from] item: Leftovers
|-heal|p2a: Blissey|94/100|[from] item: Leftovers
|-damage|p2a: Blissey|82/100|[from] Leech Seed|[of] p1a: Celebi
|-heal|p1a: Celebi|41/100|[silent]
|upkeep
|turn|12
|
|t:|1728420124
|move|p1a: Celebi|Baton Pass|p1a: Celebi
|
|t:|1728420128
|switch|p1a: Gengar|Gengar, F|100/100|[from] Baton Pass
|move|p2a: Blissey|Ice Beam|p1a: Gengar
|-damage|p1a: Gengar|37/100
|
|-heal|p2a: Blissey|88/100|[from] item: Leftovers
|-damage|p2a: Blissey|75/100|[from] Leech Seed|[of] p1a: Gengar
|-heal|p1a: Gengar|68/100|[silent]
|upkeep
|turn|13
|
|t:|1728420137
|switch|p2a: Skarmory|Skarmory, M|44/100
|move|p1a: Gengar|Brick Break|p2a: Skarmory
|-damage|p2a: Skarmory|16/100
|
|-heal|p2a: Skarmory|22/100|[from] item: Leftovers
|upkeep
|turn|14
|
|t:|1728420145
|move|p2a: Skarmory|Protect|p2a: Skarmory
|-singleturn|p2a: Skarmory|Protect
|move|p1a: Gengar|Brick Break|p2a: Skarmory
|-activate|p2a: Skarmory|Protect
|
|-heal|p2a: Skarmory|28/100|[from] item: Leftovers
|upkeep
|turn|15
|
|t:|1728420152
|switch|p2a: Salamence|Salamence, M|100/100
|-ability|p2a: Salamence|Intimidate|boost
|-unboost|p1a: Gengar|atk|1
|move|p1a: Gengar|Brick Break|p2a: Salamence
|-resisted|p2a: Salamence
|-damage|p2a: Salamence|86/100
|
|-heal|p2a: Salamence|92/100|[from] item: Leftovers
|upkeep
|turn|16
|
|t:|1728420167
|switch|p2a: Skarmory|Skarmory, M|28/100
|move|p1a: Gengar|Explosion|p2a: Skarmory
|-resisted|p2a: Skarmory
|-damage|p2a: Skarmory|0 fnt
|faint|p1a: Gengar
|faint|p2a: Skarmory
|
|t:|1728420177
|switch|p1a: Celebi|Celebi|41/100
|switch|p2a: Blissey|Blissey, F|75/100
|-damage|p1a: Celebi|29/100|[from] Spikes
|
|-heal|p1a: Celebi|35/100|[from] item: Leftovers
|-heal|p2a: Blissey|82/100|[from] item: Leftovers
|upkeep
|turn|17
|
|t:|1728420186
|move|p1a: Celebi|Recover|p1a: Celebi
|-heal|p1a: Celebi|85/100
|move|p2a: Blissey|Ice Beam|p1a: Celebi
|-supereffective|p1a: Celebi
|-damage|p1a: Celebi|46/100
|
|-heal|p1a: Celebi|52/100|[from] item: Leftovers
|-heal|p2a: Blissey|88/100|[from] item: Leftovers
|upkeep
|turn|18
|
|t:|1728420198
|move|p1a: Celebi|Recover|p1a: Celebi
|-heal|p1a: Celebi|100/100
|move|p2a: Blissey|Calm Mind|p2a: Blissey
|-boost|p2a: Blissey|spa|1
|-boost|p2a: Blissey|spd|1
|
|-heal|p2a: Blissey|94/100|[from] item: Leftovers
|upkeep
|turn|19
|
|t:|1728420206
|move|p1a: Celebi|Swords Dance|p1a: Celebi
|-boost|p1a: Celebi|atk|2
|move|p2a: Blissey|Ice Beam|p1a: Celebi
|-supereffective|p1a: Celebi
|-damage|p1a: Celebi|39/100
|
|-heal|p1a: Celebi|46/100|[from] item: Leftovers
|-heal|p2a: Blissey|99/100|[from] item: Leftovers
|upkeep
|turn|20
|
|t:|1728420215
|move|p1a: Celebi|Baton Pass|p1a: Celebi
|
|t:|1728420218
|switch|p1a: Swampert|Swampert, F|100/100|[from] Baton Pass
|-damage|p1a: Swampert|88/100|[from] Spikes
|move|p2a: Blissey|Ice Beam|p1a: Swampert
|-damage|p1a: Swampert|57/100
|
|-heal|p2a: Blissey|100/100|[from] item: Leftovers
|-heal|p1a: Swampert|63/100|[from] item: Leftovers
|upkeep
|turn|21
|
|t:|1728420230
|switch|p2a: Starmie|Starmie|100/100
|move|p1a: Swampert|Rock Slide|p2a: Starmie
|-damage|p2a: Starmie|58/100
|
|-heal|p2a: Starmie|64/100|[from] item: Leftovers
|-heal|p1a: Swampert|69/100|[from] item: Leftovers
|upkeep
|turn|22
|
|t:|1728420242
|move|p2a: Starmie|Psychic|p1a: Swampert
|-damage|p1a: Swampert|40/100
|move|p1a: Swampert|Earthquake|p2a: Starmie
|-damage|p2a: Starmie|0 fnt
|faint|p2a: Starmie
|
|t:|1728420251
|switch|p2a: Salamence|Salamence, M|92/100
|-ability|p2a: Salamence|Intimidate|boost
|-unboost|p1a: Swampert|atk|1
|
|-heal|p2a: Salamence|98/100|[from] item: Leftovers
|-heal|p1a: Swampert|47/100|[from] item: Leftovers
|upkeep
|turn|23
|
|t:|1728420265
|switch|p2a: Kangaskhan|Kangaskhan, F|100/100
|move|p1a: Swampert|Rock Slide|p2a: Kangaskhan
|-damage|p2a: Kangaskhan|82/100
|
|-heal|p2a: Kangaskhan|88/100|[from] item: Leftovers
|-heal|p1a: Swampert|53/100|[from] item: Leftovers
|upkeep
|turn|24
|
|t:|1728420275
|move|p2a: Kangaskhan|Toxic|p1a: Swampert
|-status|p1a: Swampert|tox
|move|p1a: Swampert|Body Slam|p2a: Kangaskhan
|-crit|p2a: Kangaskhan
|-damage|p2a: Kangaskhan|47/100
|
|-heal|p2a: Kangaskhan|53/100|[from] item: Leftovers
|-heal|p1a: Swampert|59/100 tox|[from] item: Leftovers
|-damage|p1a: Swampert|53/100 tox|[from] psn
|upkeep
|turn|25
|
|t:|1728420286
|move|p2a: Kangaskhan|Body Slam|p1a: Swampert
|-damage|p1a: Swampert|33/100 tox
|move|p1a: Swampert|Body Slam|p2a: Kangaskhan
|-damage|p2a: Kangaskhan|32/100
|-status|p2a: Kangaskhan|par
|
|-heal|p1a: Swampert|39/100 tox|[from] item: Leftovers
|-damage|p1a: Swampert|27/100 tox|[from] psn
|-heal|p2a: Kangaskhan|38/100 par|[from] item: Leftovers
|upkeep
|turn|26
|
|t:|1728420296
|move|p1a: Swampert|Earthquake|p2a: Kangaskhan
|-damage|p2a: Kangaskhan|0 fnt
|faint|p2a: Kangaskhan
|
|t:|1728420301
|switch|p2a: Salamence|Salamence, M|98/100
|-ability|p2a: Salamence|Intimidate|boost
|-unboost|p1a: Swampert|atk|1
|
|-heal|p2a: Salamence|100/100|[from] item: Leftovers
|-heal|p1a: Swampert|33/100 tox|[from] item: Leftovers
|-damage|p1a: Swampert|15/100 tox|[from] psn
|upkeep
|turn|27
|
|t:|1728420309
|move|p2a: Salamence|Dragon Dance|p2a: Salamence
|-boost|p2a: Salamence|atk|1
|-boost|p2a: Salamence|spe|1
|move|p1a: Swampert|Rock Slide|p2a: Salamence
|-supereffective|p2a: Salamence
|-damage|p2a: Salamence|55/100
|
|-heal|p2a: Salamence|61/100|[from] item: Leftovers
|-heal|p1a: Swampert|21/100 tox|[from] item: Leftovers
|-damage|p1a: Swampert|0 fnt|[from] psn
|faint|p1a: Swampert
|upkeep
|
|t:|1728420319
|switch|p1a: Magneton|Magneton|60/100
|-damage|p1a: Magneton|48/100|[from] Spikes
|turn|28
|
|t:|1728420323
|move|p2a: Salamence|Earthquake|p1a: Magneton
|-supereffective|p1a: Magneton
|-damage|p1a: Magneton|0 fnt
|faint|p1a: Magneton
|
|t:|1728420330
|switch|p1a: Aerodactyl|Aerodactyl, M|100/100 tox
|
|-heal|p2a: Salamence|67/100|[from] item: Leftovers
|-damage|p1a: Aerodactyl|95/100 tox|[from] psn
|upkeep
|turn|29
|
|t:|1728420337
|move|p2a: Salamence|Rock Slide|p1a: Aerodactyl
|-supereffective|p1a: Aerodactyl
|-damage|p1a: Aerodactyl|0 fnt
|faint|p1a: Aerodactyl
|
|t:|1728420341
|switch|p1a: Salamence|Salamence, F|100/100
|-ability|p1a: Salamence|Intimidate|boost
|-unboost|p2a: Salamence|atk|1
|
|-heal|p2a: Salamence|73/100|[from] item: Leftovers
|upkeep
|turn|30
|
|t:|1728420353
|move|p2a: Salamence|Rock Slide|p1a: Salamence
|-supereffective|p1a: Salamence
|-damage|p1a: Salamence|27/100
|move|p1a: Salamence|Rock Slide|p2a: Salamence
|-supereffective|p2a: Salamence
|-damage|p2a: Salamence|9/100
|
|-heal|p2a: Salamence|15/100|[from] item: Leftovers
|-heal|p1a: Salamence|33/100|[from] item: Leftovers
|upkeep
|turn|31
|
|t:|1728420364
|switch|p1a: Celebi|Celebi|46/100
|-damage|p1a: Celebi|33/100|[from] Spikes
|move|p2a: Salamence|Hidden Power|p1a: Celebi
|-supereffective|p1a: Celebi
|-damage|p1a: Celebi|0 fnt
|faint|p1a: Celebi
|
|t:|1728420370
|switch|p1a: Salamence|Salamence, F|33/100
|-ability|p1a: Salamence|Intimidate|boost
|-unboost|p2a: Salamence|atk|1
|
|-heal|p2a: Salamence|21/100|[from] item: Leftovers
|-heal|p1a: Salamence|39/100|[from] item: Leftovers
|upkeep
|turn|32
|
|t:|1728420377
|move|p2a: Salamence|Rock Slide|p1a: Salamence
|-supereffective|p1a: Salamence
|-damage|p1a: Salamence|0 fnt
|faint|p1a: Salamence
|
|win|inkyno1
|c|☆jeffoly|gg
|c|☆inkyno1|gg

</script>
<script type="application/json" class="data" id="replaydata-smogtours-gen3ou-796485">
{"id":"smogtours-gen3ou-796485","format":"[Gen 3] OU","players":["jeffoly","inkyno1"],"uploadtime":1728420377,"views":83,"formatid":"gen3ou","rating":null,"private":0,"password":null}
</script>

<script defer src="js/replays.js?9d40a366"></script>
