<!DOCTYPE html>
<meta charset="utf-8" />
<meta name="viewport" content="width=device-width" />

<title>[Gen 3] OU: 3 blades vs. pokology2 - Replays - Pok&eacute;mon Showdown!</title>

<meta name="description" content="Watch a replay of a Pok&eacute;mon battle between 3 blades and pokology2! Format: [Gen 3] OU; Date: Nov 4, 2024" />
<!--

Hey, you! Looking in the source for the replay log?

You can find them in JSON format, just add `.json` at the end of a replay URL.

https://replay.pokemonshowdown.com/gen7randomdoublesbattle-865046831.json

Or, if you only need the log itself, add `.log` instead:

https://replay.pokemonshowdown.com/gen7randomdoublesbattle-865046831.log

-->

<link rel="stylesheet" href="//pokemonshowdown.com/style/global.css?0.023195364461161105" />
<link rel="stylesheet" href="//play.pokemonshowdown.com/style/font-awesome.css?0.13261647063804238" />
<link rel="stylesheet" href="//play.pokemonshowdown.com/style/battle.css?0.8753245789963631" />
<link rel="stylesheet" href="//play.pokemonshowdown.com/style/utilichart.css?0.8627959624976733" />

<!-- Global site tag (gtag.js) - Google Analytics -->
<script async src="https://www.googletagmanager.com/gtag/js?id=UA-26211653-1"></script>
<script>
  window.dataLayer = window.dataLayer || [];
  function gtag(){dataLayer.push(arguments);}
  gtag('js', new Date());

  gtag('config', 'UA-26211653-1');
</script>
<!-- End Google Analytics -->
<!-- Venatus Ad Manager - Install in <HEAD> of page -->
	<script src="https://hb.vntsm.com/v3/live/ad-manager.min.js" type="text/javascript" data-site-id="642aba63ec9a7b11c3c9c1be" data-mode="scan" async></script>
<!-- / Venatus Ad Manager -->

<style>
	@media (max-width:820px) {
		.battle {
			margin: 0 auto;
		}
		.battle-log {
			margin: 7px auto 0;
			max-width: 640px;
			height: 300px;
			position: static;
		}
	}
	.optgroup {
		display: inline-block;
		line-height: 22px;
		font-size: 10pt;
	}
	.optgroup .button {
		height: 25px;
		padding-top: 0;
		padding-bottom: 0;
	}
	.optgroup button.button {
		padding-left: 12px;
		padding-right: 12px;
	}
	.linklist {
		list-style: none;
		margin: 0.5em 0;
		padding: 0;
	}
	.linklist li {
		padding: 2px 0;
	}
	.sidebar {
		float: left;
		width: 320px;
	}
	.bar-wrapper {
		max-width: 1100px;
		margin: 0 auto;
	}
	.bar-wrapper.has-sidebar {
		max-width: 1430px;
	}
	.mainbar {
		margin: 0;
		padding-right: 1px;
	}
	.mainbar.has-sidebar {
		margin-left: 330px;
	}
	@media (min-width: 1511px) {
		.sidebar {
			width: 400px;
		}
		.bar-wrapper.has-sidebar {
			max-width: 1510px;
		}
		.mainbar.has-sidebar {
			margin-left: 410px;
		}
	}
	.section.first-section {
		margin-top: 9px;
	}
	.blocklink small {
		white-space: normal;
	}
	.button {
		vertical-align: middle;
	}
	.replay-controls {
		padding-top: 10px;
	}
	.replay-controls h1 {
		font-size: 16pt;
		font-weight: normal;
		color: #CCC;
	}
	.pagelink {
		text-align: center;
	}
	.pagelink a {
		width: 150px;
	}
	.textbox, .button {
		font-size: 11pt;
		vertical-align: middle;
	}
	@media (max-width: 450px) {
		.button {
			font-size: 9pt;
		}
	}
</style>

<div>

	<header>
		<div class="nav-wrapper"><ul class="nav">
			<li><a class="button nav-first" href="//pokemonshowdown.com/"><img src="//pokemonshowdown.com/images/pokemonshowdownbeta.png" srcset="//pokemonshowdown.com/images/pokemonshowdownbeta.png 1x, //pokemonshowdown.com/images/pokemonshowdownbeta@2x.png 2x" alt="Pok&eacute;mon Showdown" width="146" height="44" /> Home</a></li>
			<li><a class="button" href="//pokemonshowdown.com/dex/">Pok&eacute;dex</a></li>
			<li><a class="button cur" href="/">Replays</a></li>
			<li><a class="button" href="//pokemonshowdown.com/ladder/">Ladder</a></li>
			<li><a class="button nav-last" href="//pokemonshowdown.com/forums/">Forum</a></li>
			<li><a class="button greenbutton nav-first nav-last" href="//play.pokemonshowdown.com/">Play</a></li>
		</ul></div>
	</header>

	<div class="main" id="main">

		<noscript><section class="section">You need to enable JavaScript to use this page; sorry!</section></noscript>

	</div>

</div>

<script defer nomodule src="//play.pokemonshowdown.com/js/lib/ps-polyfill.js"></script>
<script defer src="//play.pokemonshowdown.com/js/lib/preact.min.js"></script>

<script defer src="//play.pokemonshowdown.com/config/config.js?2bddbc15"></script>
<script defer src="//play.pokemonshowdown.com/js/lib/jquery-1.11.0.min.js"></script>
<script defer src="//play.pokemonshowdown.com/js/lib/html-sanitizer-minified.js"></script>
<script defer src="//play.pokemonshowdown.com/js/battle-sound.js"></script>
<script defer src="//play.pokemonshowdown.com/js/battledata.js?0.7209276989879541"></script>
<script defer src="//play.pokemonshowdown.com/data/pokedex-mini.js?0.6111056340867951"></script>
<script defer src="//play.pokemonshowdown.com/data/pokedex-mini-bw.js?0.3532142036491459"></script>
<script defer src="//play.pokemonshowdown.com/data/graphics.js?0.24223875632456182"></script>
<script defer src="//play.pokemonshowdown.com/data/pokedex.js?0.38839984266356864"></script>
<script defer src="//play.pokemonshowdown.com/data/moves.js?0.21866028504024015"></script>
<script defer src="//play.pokemonshowdown.com/data/abilities.js?0.2005157953846628"></script>
<script defer src="//play.pokemonshowdown.com/data/items.js?0.9894211263848525"></script>
<script defer src="//play.pokemonshowdown.com/data/teambuilder-tables.js?0.6008791140282215"></script>
<script defer src="//play.pokemonshowdown.com/js/battle-tooltips.js?0.7580118955022959"></script>
<script defer src="//play.pokemonshowdown.com/js/battle.js?0.6057722274234274"></script>

<script defer src="js/utils.js?e31f9a17"></script>
<script defer src="js/replays-battle.js?7008c182"></script>

<!-- don't scrape this data! just add .json or .log after the URL!
Full API docs: https://github.com/smogon/pokemon-showdown-client/blob/master/WEB-API.md -->
<script type="text/plain" class="log" id="replaylog-smogtours-gen3ou-804771">
|inactive|Battle timer is ON: inactive players will automatically lose when time's up.
|t:|1730747518
|gametype|singles
|player|p1|3 blades|guzma|
|player|p2|pokology2|169|
|teamsize|p1|6
|teamsize|p2|6
|gen|3
|tier|[Gen 3] OU
|rule|Sleep Clause Mod: Limit one foe put to sleep
|rule|Switch Priority Clause Mod: Faster Pokémon switch first
|rule|Species Clause: Limit one of each Pokémon
|rule|OHKO Clause: OHKO moves are banned
|rule|Evasion Items Clause: Evasion items are banned
|rule|Evasion Moves Clause: Evasion moves are banned
|rule|Endless Battle Clause: Forcing endless battles is banned
|rule|HP Percentage Mod: HP is shown in percentages
|rule|One Boost Passer Clause: Limit one Baton Passer that has a way to boost its stats
|rule|Freeze Clause Mod: Limit one foe frozen
|
|t:|1730747518
|start
|switch|p1a: GOLDEN EXPERIENCE|Zapdos|100/100
|switch|p2a: Zapdos|Zapdos|100/100
|turn|1
|c|☆3 blades|hf
|c|☆pokology2|gl hf :)
|
|t:|1730747537
|switch|p1a: THE WORLD|Snorlax, M|100/100
|move|p2a: Zapdos|Thunderbolt|p1a: THE WORLD
|-damage|p1a: THE WORLD|74/100
|-status|p1a: THE WORLD|par
|
|-heal|p1a: THE WORLD|80/100 par|[from] item: Leftovers
|upkeep
|turn|2
|
|t:|1730747550
|switch|p2a: Skarmory|Skarmory, M|100/100
|move|p1a: THE WORLD|Curse|p1a: THE WORLD
|-unboost|p1a: THE WORLD|spe|1
|-boost|p1a: THE WORLD|atk|1
|-boost|p1a: THE WORLD|def|1
|
|-heal|p1a: THE WORLD|86/100 par|[from] item: Leftovers
|upkeep
|turn|3
|
|t:|1730747556
|move|p2a: Skarmory|Spikes|p1a: THE WORLD
|-sidestart|p1: 3 blades|Spikes
|move|p1a: THE WORLD|Double-Edge|p2a: Skarmory
|-resisted|p2a: Skarmory
|-damage|p2a: Skarmory|68/100
|-damage|p1a: THE WORLD|78/100 par|[from] Recoil|[of] p2a: Skarmory
|
|-heal|p2a: Skarmory|74/100|[from] item: Leftovers
|-heal|p1a: THE WORLD|84/100 par|[from] item: Leftovers
|upkeep
|turn|4
|
|t:|1730747569
|cant|p1a: THE WORLD|par
|move|p2a: Skarmory|Roar|p1a: THE WORLD
|drag|p1a: STAR PLATINUM|Swampert, F|100/100
|-damage|p1a: STAR PLATINUM|88/100|[from] Spikes
|
|-heal|p2a: Skarmory|80/100|[from] item: Leftovers
|upkeep
|turn|5
|
|t:|1730747581
|switch|p2a: Sceptile|Sceptile, M|100/100
|move|p1a: STAR PLATINUM|Hydro Pump|p2a: Sceptile
|-resisted|p2a: Sceptile
|-damage|p2a: Sceptile|66/100
|
|-heal|p2a: Sceptile|72/100|[from] item: Leftovers
|upkeep
|turn|6
|inactive|3 blades has 270 seconds left.
|inactive|3 blades has 240 seconds left.
|
|t:|1730747663
|switch|p1a: KILLER QUEEN|Salamence, F|100/100
|-ability|p1a: KILLER QUEEN|Intimidate|boost
|-unboost|p2a: Sceptile|atk|1
|move|p2a: Sceptile|Leaf Blade|p1a: KILLER QUEEN
|-resisted|p1a: KILLER QUEEN
|-damage|p1a: KILLER QUEEN|93/100
|
|-heal|p2a: Sceptile|78/100|[from] item: Leftovers
|-heal|p1a: KILLER QUEEN|99/100|[from] item: Leftovers
|upkeep
|turn|7
|inactive|3 blades has 210 seconds left.
|
|t:|1730747693
|switch|p2a: Tyranitar|Tyranitar, M|100/100
|-weather|Sandstorm|[from] ability: Sand Stream|[of] p2a: Tyranitar
|move|p1a: KILLER QUEEN|Dragon Dance|p1a: KILLER QUEEN
|-boost|p1a: KILLER QUEEN|atk|1
|-boost|p1a: KILLER QUEEN|spe|1
|
|-weather|Sandstorm|[upkeep]
|-damage|p1a: KILLER QUEEN|93/100|[from] Sandstorm
|-heal|p1a: KILLER QUEEN|99/100|[from] item: Leftovers
|upkeep
|turn|8
|
|t:|1730747703
|switch|p1a: STAR PLATINUM|Swampert, F|88/100
|-damage|p1a: STAR PLATINUM|76/100|[from] Spikes
|switch|p2a: Skarmory|Skarmory, M|80/100
|
|-weather|Sandstorm|[upkeep]
|-heal|p2a: Skarmory|86/100|[from] item: Leftovers
|upkeep
|turn|9
|
|t:|1730747713
|move|p2a: Skarmory|Protect|p2a: Skarmory
|-singleturn|p2a: Skarmory|Protect
|move|p1a: STAR PLATINUM|Hydro Pump|p2a: Skarmory|[miss]
|-miss|p1a: STAR PLATINUM|p2a: Skarmory
|
|-weather|Sandstorm|[upkeep]
|-heal|p2a: Skarmory|92/100|[from] item: Leftovers
|upkeep
|turn|10
|
|t:|1730747718
|move|p1a: STAR PLATINUM|Hydro Pump|p2a: Skarmory
|-damage|p2a: Skarmory|44/100
|move|p2a: Skarmory|Spikes|p1a: STAR PLATINUM
|-sidestart|p1: 3 blades|Spikes
|
|-weather|Sandstorm|[upkeep]
|-heal|p2a: Skarmory|50/100|[from] item: Leftovers
|upkeep
|turn|11
|
|t:|1730747724
|move|p1a: STAR PLATINUM|Hydro Pump|p2a: Skarmory|[miss]
|-miss|p1a: STAR PLATINUM|p2a: Skarmory
|move|p2a: Skarmory|Roar|p1a: STAR PLATINUM
|drag|p1a: GOLDEN EXPERIENCE|Zapdos|100/100
|
|-weather|Sandstorm|[upkeep]
|-damage|p1a: GOLDEN EXPERIENCE|94/100|[from] Sandstorm
|-heal|p1a: GOLDEN EXPERIENCE|100/100|[from] item: Leftovers
|-heal|p2a: Skarmory|56/100|[from] item: Leftovers
|upkeep
|turn|12
|
|t:|1730747732
|move|p2a: Skarmory|Protect|p2a: Skarmory
|-singleturn|p2a: Skarmory|Protect
|move|p1a: GOLDEN EXPERIENCE|Light Screen|p1a: GOLDEN EXPERIENCE
|-sidestart|p1: 3 blades|Light Screen
|
|-weather|Sandstorm|[upkeep]
|-damage|p1a: GOLDEN EXPERIENCE|94/100|[from] Sandstorm
|-heal|p1a: GOLDEN EXPERIENCE|100/100|[from] item: Leftovers
|-heal|p2a: Skarmory|62/100|[from] item: Leftovers
|upkeep
|turn|13
|
|t:|1730747738
|switch|p1a: STAR PLATINUM|Swampert, F|76/100
|-damage|p1a: STAR PLATINUM|59/100|[from] Spikes
|switch|p2a: Camerupt|Camerupt, M, shiny|100/100
|
|-weather|Sandstorm|[upkeep]
|upkeep
|turn|14
|inactive|3 blades has 270 seconds left.
|
|t:|1730747745
|move|p2a: Camerupt|Protect|p2a: Camerupt
|-singleturn|p2a: Camerupt|Protect
|move|p1a: STAR PLATINUM|Substitute|p1a: STAR PLATINUM
|-start|p1a: STAR PLATINUM|Substitute
|-damage|p1a: STAR PLATINUM|35/100
|
|-weather|Sandstorm|[upkeep]
|upkeep
|turn|15
|
|t:|1730747770
|switch|p2a: Sceptile|Sceptile, M|78/100
|move|p1a: STAR PLATINUM|Toxic|p2a: Sceptile
|-status|p2a: Sceptile|tox
|
|-weather|Sandstorm|[upkeep]
|-damage|p2a: Sceptile|72/100 tox|[from] Sandstorm
|-heal|p2a: Sceptile|78/100 tox|[from] item: Leftovers
|-damage|p2a: Sceptile|72/100 tox|[from] psn
|upkeep
|turn|16
|
|t:|1730747776
|move|p2a: Sceptile|Leaf Blade|p1a: STAR PLATINUM
|-supereffective|p1a: STAR PLATINUM
|-end|p1a: STAR PLATINUM|Substitute
|move|p1a: STAR PLATINUM|Endeavor|p2a: Sceptile
|-damage|p2a: Sceptile|42/100 tox
|
|-sideend|p1: 3 blades|Light Screen
|-weather|Sandstorm|[upkeep]
|-damage|p2a: Sceptile|36/100 tox|[from] Sandstorm
|-heal|p2a: Sceptile|42/100 tox|[from] item: Leftovers
|-damage|p2a: Sceptile|30/100 tox|[from] psn
|upkeep
|turn|17
|
|t:|1730747784
|switch|p1a: GOLDEN EXPERIENCE|Zapdos|100/100
|move|p2a: Sceptile|Leaf Blade|p1a: GOLDEN EXPERIENCE
|-resisted|p1a: GOLDEN EXPERIENCE
|-damage|p1a: GOLDEN EXPERIENCE|72/100
|
|-weather|Sandstorm|[upkeep]
|-damage|p2a: Sceptile|24/100 tox|[from] Sandstorm
|-damage|p1a: GOLDEN EXPERIENCE|66/100|[from] Sandstorm
|-heal|p2a: Sceptile|30/100 tox|[from] item: Leftovers
|-damage|p2a: Sceptile|12/100 tox|[from] psn
|-heal|p1a: GOLDEN EXPERIENCE|72/100|[from] item: Leftovers
|upkeep
|turn|18
|
|t:|1730747790
|move|p2a: Sceptile|Endeavor|p1a: GOLDEN EXPERIENCE
|-damage|p1a: GOLDEN EXPERIENCE|10/100
|move|p1a: GOLDEN EXPERIENCE|Light Screen|p1a: GOLDEN EXPERIENCE
|-sidestart|p1: 3 blades|Light Screen
|
|-weather|Sandstorm|[upkeep]
|-damage|p2a: Sceptile|5/100 tox|[from] Sandstorm
|-damage|p1a: GOLDEN EXPERIENCE|4/100|[from] Sandstorm
|-heal|p2a: Sceptile|12/100 tox|[from] item: Leftovers
|-damage|p2a: Sceptile|0 fnt|[from] psn
|faint|p2a: Sceptile
|-heal|p1a: GOLDEN EXPERIENCE|10/100|[from] item: Leftovers
|upkeep
|c|☆3 blades|oops endeavor was a missclick on my end xd
|c|☆pokology2|haha no problem man :)
|inactive|pokology2 has 270 seconds left.
|c|☆3 blades|sryy
|inactive|pokology2 has 240 seconds left.
|
|t:|1730747862
|switch|p2a: Zapdos|Zapdos|100/100
|turn|19
|inactive|3 blades has 270 seconds left.
|inactive|pokology2 has 210 seconds left.
|
|t:|1730747917
|switch|p1a: THE WORLD|Snorlax, M|84/100 par
|-damage|p1a: THE WORLD|68/100 par|[from] Spikes
|move|p2a: Zapdos|Drill Peck|p1a: THE WORLD
|-damage|p1a: THE WORLD|49/100 par
|
|-weather|Sandstorm|[upkeep]
|-damage|p2a: Zapdos|94/100|[from] Sandstorm
|-damage|p1a: THE WORLD|43/100 par|[from] Sandstorm
|-heal|p2a: Zapdos|100/100|[from] item: Leftovers
|-heal|p1a: THE WORLD|49/100 par|[from] item: Leftovers
|upkeep
|turn|20
|
|t:|1730747930
|switch|p2a: Skarmory|Skarmory, M|62/100
|move|p1a: THE WORLD|Double-Edge|p2a: Skarmory
|-resisted|p2a: Skarmory
|-damage|p2a: Skarmory|37/100
|-damage|p1a: THE WORLD|43/100 par|[from] Recoil|[of] p2a: Skarmory
|
|-weather|Sandstorm|[upkeep]
|-damage|p1a: THE WORLD|37/100 par|[from] Sandstorm
|-heal|p2a: Skarmory|43/100|[from] item: Leftovers
|-heal|p1a: THE WORLD|43/100 par|[from] item: Leftovers
|upkeep
|turn|21
|
|t:|1730747941
|move|p2a: Skarmory|Drill Peck|p1a: THE WORLD
|-damage|p1a: THE WORLD|21/100 par
|move|p1a: THE WORLD|Double-Edge|p2a: Skarmory
|-resisted|p2a: Skarmory
|-damage|p2a: Skarmory|21/100
|-damage|p1a: THE WORLD|16/100 par|[from] Recoil|[of] p2a: Skarmory
|
|-weather|Sandstorm|[upkeep]
|-damage|p1a: THE WORLD|10/100 par|[from] Sandstorm
|-heal|p2a: Skarmory|27/100|[from] item: Leftovers
|-heal|p1a: THE WORLD|16/100 par|[from] item: Leftovers
|upkeep
|turn|22
|
|t:|1730747956
|move|p2a: Skarmory|Drill Peck|p1a: THE WORLD
|-damage|p1a: THE WORLD|0 fnt
|faint|p1a: THE WORLD
|
|t:|1730747959
|switch|p1a: HERMIT PURPLE|Metagross|100/100
|-damage|p1a: HERMIT PURPLE|84/100|[from] Spikes
|
|-sideend|p1: 3 blades|Light Screen
|-weather|Sandstorm|[upkeep]
|-heal|p1a: HERMIT PURPLE|90/100|[from] item: Leftovers
|-heal|p2a: Skarmory|33/100|[from] item: Leftovers
|upkeep
|turn|23
|
|t:|1730747967
|move|p2a: Skarmory|Protect|p2a: Skarmory
|-singleturn|p2a: Skarmory|Protect
|move|p1a: HERMIT PURPLE|Hidden Power|p2a: Skarmory
|-activate|p2a: Skarmory|Protect
|
|-weather|Sandstorm|[upkeep]
|-heal|p1a: HERMIT PURPLE|96/100|[from] item: Leftovers
|-heal|p2a: Skarmory|39/100|[from] item: Leftovers
|upkeep
|turn|24
|
|t:|1730747977
|switch|p2a: Camerupt|Camerupt, M, shiny|100/100
|move|p1a: HERMIT PURPLE|Psychic|p2a: Camerupt
|-damage|p2a: Camerupt|59/100
|
|-weather|Sandstorm|[upkeep]
|-heal|p1a: HERMIT PURPLE|100/100|[from] item: Leftovers
|-heal|p2a: Camerupt|65/100|[from] item: Leftovers
|upkeep
|turn|25
|inactive|3 blades has 270 seconds left.
|
|t:|1730748012
|move|p1a: HERMIT PURPLE|Psychic|p2a: Camerupt
|-damage|p2a: Camerupt|26/100
|move|p2a: Camerupt|Earthquake|p1a: HERMIT PURPLE
|-supereffective|p1a: HERMIT PURPLE
|-damage|p1a: HERMIT PURPLE|50/100
|
|-weather|Sandstorm|[upkeep]
|-heal|p1a: HERMIT PURPLE|56/100|[from] item: Leftovers
|-heal|p2a: Camerupt|32/100|[from] item: Leftovers
|upkeep
|turn|26
|
|t:|1730748018
|move|p2a: Camerupt|Protect|p2a: Camerupt
|-singleturn|p2a: Camerupt|Protect
|move|p1a: HERMIT PURPLE|Psychic|p2a: Camerupt
|-activate|p2a: Camerupt|Protect
|
|-weather|Sandstorm|[upkeep]
|-heal|p1a: HERMIT PURPLE|62/100|[from] item: Leftovers
|-heal|p2a: Camerupt|38/100|[from] item: Leftovers
|upkeep
|turn|27
|inactive|pokology2 has 210 seconds left.
|
|t:|1730748037
|move|p2a: Camerupt|Protect|p2a: Camerupt
|-singleturn|p2a: Camerupt|Protect
|move|p1a: HERMIT PURPLE|Psychic|p2a: Camerupt
|-activate|p2a: Camerupt|Protect
|
|-weather|Sandstorm|[upkeep]
|-heal|p1a: HERMIT PURPLE|68/100|[from] item: Leftovers
|-heal|p2a: Camerupt|45/100|[from] item: Leftovers
|upkeep
|turn|28
|
|t:|1730748044
|move|p1a: HERMIT PURPLE|Explosion|p2a: Camerupt
|-damage|p2a: Camerupt|0 fnt
|faint|p1a: HERMIT PURPLE
|faint|p2a: Camerupt
|
|t:|1730748054
|switch|p1a: STAR PLATINUM|Swampert, F|35/100
|switch|p2a: Zapdos|Zapdos|100/100
|-damage|p1a: STAR PLATINUM|18/100|[from] Spikes
|
|-weather|Sandstorm|[upkeep]
|-damage|p2a: Zapdos|94/100|[from] Sandstorm
|-heal|p2a: Zapdos|100/100|[from] item: Leftovers
|-enditem|p1a: STAR PLATINUM|Salac Berry|[eat]
|-boost|p1a: STAR PLATINUM|spe|1|[from] item: Salac Berry
|upkeep
|turn|29
|c|+EG Sato|STAR PLATINIUM
|inactive|3 blades has 270 seconds left.
|inactive|pokology2 has 210 seconds left.
|
|t:|1730748093
|move|p1a: STAR PLATINUM|Endeavor|p2a: Zapdos
|-damage|p2a: Zapdos|19/100
|move|p2a: Zapdos|Drill Peck|p1a: STAR PLATINUM
|-damage|p1a: STAR PLATINUM|0 fnt
|faint|p1a: STAR PLATINUM
|inactive|3 blades has 270 seconds left.
|
|t:|1730748111
|switch|p1a: GOLDEN EXPERIENCE|Zapdos|10/100
|
|-weather|Sandstorm|[upkeep]
|-damage|p2a: Zapdos|13/100|[from] Sandstorm
|-damage|p1a: GOLDEN EXPERIENCE|4/100|[from] Sandstorm
|-heal|p1a: GOLDEN EXPERIENCE|10/100|[from] item: Leftovers
|-heal|p2a: Zapdos|19/100|[from] item: Leftovers
|upkeep
|turn|30
|
|t:|1730748128
|move|p1a: GOLDEN EXPERIENCE|Hidden Power|p2a: Zapdos
|-supereffective|p2a: Zapdos
|-damage|p2a: Zapdos|0 fnt
|faint|p2a: Zapdos
|inactive|pokology2 has 180 seconds left.
|
|t:|1730748150
|switch|p2a: Tyranitar|Tyranitar, M|100/100
|
|-weather|Sandstorm|[upkeep]
|-damage|p1a: GOLDEN EXPERIENCE|4/100|[from] Sandstorm
|-heal|p1a: GOLDEN EXPERIENCE|10/100|[from] item: Leftovers
|upkeep
|turn|31
|
|t:|1730748156
|move|p1a: GOLDEN EXPERIENCE|Thunder Wave|p2a: Tyranitar
|-status|p2a: Tyranitar|par
|-enditem|p2a: Tyranitar|Lum Berry|[eat]
|-curestatus|p2a: Tyranitar|par|[msg]
|move|p2a: Tyranitar|Dragon Dance|p2a: Tyranitar
|-boost|p2a: Tyranitar|atk|1
|-boost|p2a: Tyranitar|spe|1
|
|-weather|Sandstorm|[upkeep]
|-damage|p1a: GOLDEN EXPERIENCE|4/100|[from] Sandstorm
|-heal|p1a: GOLDEN EXPERIENCE|10/100|[from] item: Leftovers
|upkeep
|turn|32
|
|t:|1730748161
|move|p2a: Tyranitar|Rock Slide|p1a: GOLDEN EXPERIENCE
|-supereffective|p1a: GOLDEN EXPERIENCE
|-damage|p1a: GOLDEN EXPERIENCE|0 fnt
|faint|p1a: GOLDEN EXPERIENCE
|inactive|3 blades has 270 seconds left.
|
|t:|1730748200
|switch|p1a: MILAGROMAN|Heracross, F|100/100
|-damage|p1a: MILAGROMAN|84/100|[from] Spikes
|
|-weather|Sandstorm|[upkeep]
|-damage|p1a: MILAGROMAN|78/100|[from] Sandstorm
|upkeep
|turn|33
|inactive|pokology2 has 180 seconds left.
|inactive|pokology2 has 150 seconds left.
|
|t:|1730748275
|move|p2a: Tyranitar|Rock Slide|p1a: MILAGROMAN
|-damage|p1a: MILAGROMAN|0 fnt
|faint|p1a: MILAGROMAN
|
|t:|1730748278
|switch|p1a: KILLER QUEEN|Salamence, F|99/100
|-ability|p1a: KILLER QUEEN|Intimidate|boost
|-unboost|p2a: Tyranitar|atk|1
|
|-weather|Sandstorm|[upkeep]
|-damage|p1a: KILLER QUEEN|93/100|[from] Sandstorm
|-heal|p1a: KILLER QUEEN|99/100|[from] item: Leftovers
|upkeep
|turn|34
|
|t:|1730748282
|move|p2a: Tyranitar|Rock Slide|p1a: KILLER QUEEN
|-supereffective|p1a: KILLER QUEEN
|-damage|p1a: KILLER QUEEN|2/100
|cant|p1a: KILLER QUEEN|flinch
|
|-weather|Sandstorm|[upkeep]
|-damage|p1a: KILLER QUEEN|0 fnt|[from] Sandstorm
|faint|p1a: KILLER QUEEN
|
|win|pokology2
|upkeep
|c|☆3 blades|g
|c|☆3 blades|gg

</script>
<script type="application/json" class="data" id="replaydata-smogtours-gen3ou-804771">
{"id":"smogtours-gen3ou-804771","format":"[Gen 3] OU","players":["3 blades","pokology2"],"uploadtime":1730748282,"views":103,"formatid":"gen3ou","rating":null,"private":0,"password":null}
</script>

<script defer src="js/replays.js?9d40a366"></script>
