<!DOCTYPE html>
<meta charset="utf-8" />
<meta name="viewport" content="width=device-width" />

<title>[Gen 3] OU: JoeFlint vs. smokingrocks - Replays - Pok&eacute;mon Showdown!</title>

<meta name="description" content="Watch a replay of a Pok&eacute;mon battle between JoeFlint and smokingrocks! Format: [Gen 3] OU; Date: Oct 4, 2024" />
<!--

Hey, you! Looking in the source for the replay log?

You can find them in JSON format, just add `.json` at the end of a replay URL.

https://replay.pokemonshowdown.com/gen7randomdoublesbattle-865046831.json

Or, if you only need the log itself, add `.log` instead:

https://replay.pokemonshowdown.com/gen7randomdoublesbattle-865046831.log

-->

<link rel="stylesheet" href="//pokemonshowdown.com/style/global.css?0.023195364461161105" />
<link rel="stylesheet" href="//play.pokemonshowdown.com/style/font-awesome.css?0.13261647063804238" />
<link rel="stylesheet" href="//play.pokemonshowdown.com/style/battle.css?0.8753245789963631" />
<link rel="stylesheet" href="//play.pokemonshowdown.com/style/utilichart.css?0.8627959624976733" />

<!-- Global site tag (gtag.js) - Google Analytics -->
<script async src="https://www.googletagmanager.com/gtag/js?id=UA-26211653-1"></script>
<script>
  window.dataLayer = window.dataLayer || [];
  function gtag(){dataLayer.push(arguments);}
  gtag('js', new Date());

  gtag('config', 'UA-26211653-1');
</script>
<!-- End Google Analytics -->
<!-- Venatus Ad Manager - Install in <HEAD> of page -->
	<script src="https://hb.vntsm.com/v3/live/ad-manager.min.js" type="text/javascript" data-site-id="642aba63ec9a7b11c3c9c1be" data-mode="scan" async></script>
<!-- / Venatus Ad Manager -->

<style>
	@media (max-width:820px) {
		.battle {
			margin: 0 auto;
		}
		.battle-log {
			margin: 7px auto 0;
			max-width: 640px;
			height: 300px;
			position: static;
		}
	}
	.optgroup {
		display: inline-block;
		line-height: 22px;
		font-size: 10pt;
	}
	.optgroup .button {
		height: 25px;
		padding-top: 0;
		padding-bottom: 0;
	}
	.optgroup button.button {
		padding-left: 12px;
		padding-right: 12px;
	}
	.linklist {
		list-style: none;
		margin: 0.5em 0;
		padding: 0;
	}
	.linklist li {
		padding: 2px 0;
	}
	.sidebar {
		float: left;
		width: 320px;
	}
	.bar-wrapper {
		max-width: 1100px;
		margin: 0 auto;
	}
	.bar-wrapper.has-sidebar {
		max-width: 1430px;
	}
	.mainbar {
		margin: 0;
		padding-right: 1px;
	}
	.mainbar.has-sidebar {
		margin-left: 330px;
	}
	@media (min-width: 1511px) {
		.sidebar {
			width: 400px;
		}
		.bar-wrapper.has-sidebar {
			max-width: 1510px;
		}
		.mainbar.has-sidebar {
			margin-left: 410px;
		}
	}
	.section.first-section {
		margin-top: 9px;
	}
	.blocklink small {
		white-space: normal;
	}
	.button {
		vertical-align: middle;
	}
	.replay-controls {
		padding-top: 10px;
	}
	.replay-controls h1 {
		font-size: 16pt;
		font-weight: normal;
		color: #CCC;
	}
	.pagelink {
		text-align: center;
	}
	.pagelink a {
		width: 150px;
	}
	.textbox, .button {
		font-size: 11pt;
		vertical-align: middle;
	}
	@media (max-width: 450px) {
		.button {
			font-size: 9pt;
		}
	}
</style>

<div>

	<header>
		<div class="nav-wrapper"><ul class="nav">
			<li><a class="button nav-first" href="//pokemonshowdown.com/"><img src="//pokemonshowdown.com/images/pokemonshowdownbeta.png" srcset="//pokemonshowdown.com/images/pokemonshowdownbeta.png 1x, //pokemonshowdown.com/images/pokemonshowdownbeta@2x.png 2x" alt="Pok&eacute;mon Showdown" width="146" height="44" /> Home</a></li>
			<li><a class="button" href="//pokemonshowdown.com/dex/">Pok&eacute;dex</a></li>
			<li><a class="button cur" href="/">Replays</a></li>
			<li><a class="button" href="//pokemonshowdown.com/ladder/">Ladder</a></li>
			<li><a class="button nav-last" href="//pokemonshowdown.com/forums/">Forum</a></li>
			<li><a class="button greenbutton nav-first nav-last" href="//play.pokemonshowdown.com/">Play</a></li>
		</ul></div>
	</header>

	<div class="main" id="main">

		<noscript><section class="section">You need to enable JavaScript to use this page; sorry!</section></noscript>

	</div>

</div>

<script defer nomodule src="//play.pokemonshowdown.com/js/lib/ps-polyfill.js"></script>
<script defer src="//play.pokemonshowdown.com/js/lib/preact.min.js"></script>

<script defer src="//play.pokemonshowdown.com/config/config.js?2bddbc15"></script>
<script defer src="//play.pokemonshowdown.com/js/lib/jquery-1.11.0.min.js"></script>
<script defer src="//play.pokemonshowdown.com/js/lib/html-sanitizer-minified.js"></script>
<script defer src="//play.pokemonshowdown.com/js/battle-sound.js"></script>
<script defer src="//play.pokemonshowdown.com/js/battledata.js?0.7209276989879541"></script>
<script defer src="//play.pokemonshowdown.com/data/pokedex-mini.js?0.6111056340867951"></script>
<script defer src="//play.pokemonshowdown.com/data/pokedex-mini-bw.js?0.3532142036491459"></script>
<script defer src="//play.pokemonshowdown.com/data/graphics.js?0.24223875632456182"></script>
<script defer src="//play.pokemonshowdown.com/data/pokedex.js?0.38839984266356864"></script>
<script defer src="//play.pokemonshowdown.com/data/moves.js?0.21866028504024015"></script>
<script defer src="//play.pokemonshowdown.com/data/abilities.js?0.2005157953846628"></script>
<script defer src="//play.pokemonshowdown.com/data/items.js?0.9894211263848525"></script>
<script defer src="//play.pokemonshowdown.com/data/teambuilder-tables.js?0.6008791140282215"></script>
<script defer src="//play.pokemonshowdown.com/js/battle-tooltips.js?0.7580118955022959"></script>
<script defer src="//play.pokemonshowdown.com/js/battle.js?0.6057722274234274"></script>

<script defer src="js/utils.js?e31f9a17"></script>
<script defer src="js/replays-battle.js?7008c182"></script>

<!-- don't scrape this data! just add .json or .log after the URL!
Full API docs: https://github.com/smogon/pokemon-showdown-client/blob/master/WEB-API.md -->
<script type="text/plain" class="log" id="replaylog-smogtours-gen3ou-794458">
|inactive|Battle timer is ON: inactive players will automatically lose when time's up.
|t:|1728002197
|gametype|singles
|player|p1|JoeFlint|169|
|player|p2|smokingrocks|youngster|
|teamsize|p1|6
|teamsize|p2|6
|gen|3
|tier|[Gen 3] OU
|rule|Sleep Clause Mod: Limit one foe put to sleep
|rule|Switch Priority Clause Mod: Faster Pokémon switch first
|rule|Species Clause: Limit one of each Pokémon
|rule|OHKO Clause: OHKO moves are banned
|rule|Evasion Items Clause: Evasion items are banned
|rule|Evasion Moves Clause: Evasion moves are banned
|rule|Endless Battle Clause: Forcing endless battles is banned
|rule|HP Percentage Mod: HP is shown in percentages
|rule|One Boost Passer Clause: Limit one Baton Passer that has a way to boost its stats
|rule|Freeze Clause Mod: Limit one foe frozen
|
|t:|1728002197
|start
|switch|p1a: Zapdos|Zapdos|100/100
|switch|p2a: Tauros|Tauros, M|100/100
|-ability|p2a: Tauros|Intimidate|boost
|-unboost|p1a: Zapdos|atk|1
|turn|1
|c|☆smokingrocks|gl hf
|
|t:|1728002211
|move|p1a: Zapdos|Baton Pass|p1a: Zapdos
|
|t:|1728002214
|switch|p1a: Metagross|Metagross|100/100|[from] Baton Pass
|move|p2a: Tauros|Double-Edge|p1a: Metagross
|-resisted|p1a: Metagross
|-damage|p1a: Metagross|72/100
|-damage|p2a: Tauros|89/100|[from] Recoil|[of] p1a: Metagross
|
|-heal|p1a: Metagross|79/100|[from] item: Leftovers
|upkeep
|turn|2
|c|☆JoeFlint|Glhd
|c|☆JoeFlint|Hf
|
|t:|1728002234
|switch|p2a: Metagross|Metagross|100/100
|move|p1a: Metagross|Meteor Mash|p2a: Metagross
|-resisted|p2a: Metagross
|-damage|p2a: Metagross|88/100
|
|-heal|p1a: Metagross|85/100|[from] item: Leftovers
|upkeep
|turn|3
|
|t:|1728002244
|switch|p1a: Zapdos|Zapdos|100/100
|move|p2a: Metagross|Earthquake|p1a: Zapdos
|-immune|p1a: Zapdos
|
|upkeep
|turn|4
|
|t:|1728002255
|move|p1a: Zapdos|Thunderbolt|p2a: Metagross
|-damage|p2a: Metagross|41/100
|move|p2a: Metagross|Rock Slide|p1a: Zapdos
|-supereffective|p1a: Zapdos
|-damage|p1a: Zapdos|46/100
|
|-heal|p1a: Zapdos|52/100|[from] item: Leftovers
|upkeep
|turn|5
|
|t:|1728002263
|switch|p2a: Celebi|Celebi|100/100
|move|p1a: Zapdos|Thunderbolt|p2a: Celebi
|-resisted|p2a: Celebi
|-damage|p2a: Celebi|78/100
|
|-heal|p1a: Zapdos|58/100|[from] item: Leftovers
|-heal|p2a: Celebi|84/100|[from] item: Leftovers
|upkeep
|turn|6
|
|t:|1728002269
|move|p1a: Zapdos|Baton Pass|p1a: Zapdos
|
|t:|1728002276
|switch|p1a: Hariyama|Hariyama, M|100/100|[from] Baton Pass
|move|p2a: Celebi|Psychic|p1a: Hariyama
|-supereffective|p1a: Hariyama
|-damage|p1a: Hariyama|20/100
|
|-heal|p2a: Celebi|91/100|[from] item: Leftovers
|-heal|p1a: Hariyama|26/100|[from] item: Leftovers
|upkeep
|turn|7
|
|t:|1728002283
|switch|p1a: Blissey|Blissey, F|100/100
|move|p2a: Celebi|Psychic|p1a: Blissey
|-damage|p1a: Blissey|84/100
|
|-heal|p2a: Celebi|97/100|[from] item: Leftovers
|-heal|p1a: Blissey|90/100|[from] item: Leftovers
|upkeep
|turn|8
|
|t:|1728002292
|switch|p2a: Metagross|Metagross|41/100
|move|p1a: Blissey|Wish|p1a: Blissey
|
|-heal|p1a: Blissey|96/100|[from] item: Leftovers
|upkeep
|turn|9
|
|t:|1728002299
|switch|p1a: Zapdos|Zapdos|58/100
|move|p2a: Metagross|Meteor Mash|p1a: Zapdos
|-resisted|p1a: Zapdos
|-damage|p1a: Zapdos|30/100
|
|-heal|p1a: Zapdos|80/100|[from] move: Wish|[wisher] Blissey
|-heal|p1a: Zapdos|86/100|[from] item: Leftovers
|upkeep
|turn|10
|
|t:|1728002308
|switch|p2a: Celebi|Celebi|97/100
|move|p1a: Zapdos|Substitute|p1a: Zapdos
|-start|p1a: Zapdos|Substitute
|-damage|p1a: Zapdos|62/100
|
|-heal|p1a: Zapdos|68/100|[from] item: Leftovers
|-heal|p2a: Celebi|100/100|[from] item: Leftovers
|upkeep
|turn|11
|
|t:|1728002314
|move|p1a: Zapdos|Hidden Power|p2a: Celebi
|-supereffective|p2a: Celebi
|-damage|p2a: Celebi|62/100
|move|p2a: Celebi|Psychic|p1a: Zapdos
|-end|p1a: Zapdos|Substitute
|
|-heal|p1a: Zapdos|74/100|[from] item: Leftovers
|-heal|p2a: Celebi|68/100|[from] item: Leftovers
|upkeep
|turn|12
|
|t:|1728002320
|move|p1a: Zapdos|Hidden Power|p2a: Celebi
|-supereffective|p2a: Celebi
|-damage|p2a: Celebi|25/100
|move|p2a: Celebi|Psychic|p1a: Zapdos
|-damage|p1a: Zapdos|25/100
|
|-heal|p1a: Zapdos|31/100|[from] item: Leftovers
|-heal|p2a: Celebi|31/100|[from] item: Leftovers
|upkeep
|turn|13
|
|t:|1728002347
|switch|p2a: Magneton|Magneton|100/100
|move|p1a: Zapdos|Hidden Power|p2a: Magneton
|-resisted|p2a: Magneton
|-damage|p2a: Magneton|80/100
|
|-heal|p1a: Zapdos|37/100|[from] item: Leftovers
|upkeep
|turn|14
|
|t:|1728002356
|switch|p1a: Blissey|Blissey, F|96/100
|move|p2a: Magneton|Thunderbolt|p1a: Blissey
|-damage|p1a: Blissey|75/100
|
|-heal|p1a: Blissey|81/100|[from] item: Leftovers
|upkeep
|turn|15
|
|t:|1728002364
|switch|p2a: Tauros|Tauros, M|89/100
|-ability|p2a: Tauros|Intimidate|boost
|-unboost|p1a: Blissey|atk|1
|move|p1a: Blissey|Wish|p1a: Blissey
|
|-heal|p1a: Blissey|87/100|[from] item: Leftovers
|upkeep
|turn|16
|
|t:|1728002374
|switch|p1a: Tyranitar|Tyranitar, M|100/100
|-weather|Sandstorm|[from] ability: Sand Stream|[of] p1a: Tyranitar
|move|p2a: Tauros|Double-Edge|p1a: Tyranitar
|-resisted|p1a: Tyranitar
|-damage|p1a: Tyranitar|54/100
|-damage|p2a: Tauros|71/100|[from] Recoil|[of] p1a: Tyranitar
|
|-heal|p1a: Tyranitar|100/100|[from] move: Wish|[wisher] Blissey
|-weather|Sandstorm|[upkeep]
|-damage|p2a: Tauros|65/100|[from] Sandstorm
|upkeep
|turn|17
|
|t:|1728002384
|switch|p2a: Milotic|Milotic, F|100/100
|move|p1a: Tyranitar|Rock Slide|p2a: Milotic
|-damage|p2a: Milotic|75/100
|
|-weather|Sandstorm|[upkeep]
|-damage|p2a: Milotic|69/100|[from] Sandstorm
|-heal|p2a: Milotic|75/100|[from] item: Leftovers
|upkeep
|turn|18
|
|t:|1728002391
|move|p2a: Milotic|Toxic|p1a: Tyranitar|[miss]
|-miss|p2a: Milotic|p1a: Tyranitar
|move|p1a: Tyranitar|Hidden Power|p2a: Milotic
|-supereffective|p2a: Milotic
|-damage|p2a: Milotic|43/100
|
|-weather|Sandstorm|[upkeep]
|-damage|p2a: Milotic|37/100|[from] Sandstorm
|-heal|p2a: Milotic|43/100|[from] item: Leftovers
|upkeep
|turn|19
|
|t:|1728002402
|switch|p1a: Metagross|Metagross|85/100
|move|p2a: Milotic|Toxic|p1a: Metagross|[miss]
|-miss|p2a: Milotic|p1a: Metagross
|
|-weather|Sandstorm|[upkeep]
|-damage|p2a: Milotic|37/100|[from] Sandstorm
|-heal|p2a: Milotic|43/100|[from] item: Leftovers
|-heal|p1a: Metagross|91/100|[from] item: Leftovers
|upkeep
|turn|20
|
|t:|1728002419
|move|p2a: Milotic|Rest|p2a: Milotic
|-status|p2a: Milotic|slp|[from] move: Rest
|-heal|p2a: Milotic|100/100 slp|[silent]
|move|p1a: Metagross|Earthquake|p2a: Milotic
|-damage|p2a: Milotic|87/100 slp
|
|-weather|Sandstorm|[upkeep]
|-damage|p2a: Milotic|81/100 slp|[from] Sandstorm
|-heal|p2a: Milotic|87/100 slp|[from] item: Leftovers
|-heal|p1a: Metagross|97/100|[from] item: Leftovers
|upkeep
|turn|21
|
|t:|1728002438
|cant|p2a: Milotic|slp
|move|p1a: Metagross|Earthquake|p2a: Milotic
|-damage|p2a: Milotic|73/100 slp
|
|-weather|Sandstorm|[upkeep]
|-damage|p2a: Milotic|67/100 slp|[from] Sandstorm
|-heal|p2a: Milotic|73/100 slp|[from] item: Leftovers
|-heal|p1a: Metagross|100/100|[from] item: Leftovers
|upkeep
|turn|22
|
|t:|1728002444
|cant|p2a: Milotic|slp
|move|p1a: Metagross|Earthquake|p2a: Milotic
|-damage|p2a: Milotic|59/100 slp
|
|-weather|Sandstorm|[upkeep]
|-damage|p2a: Milotic|53/100 slp|[from] Sandstorm
|-heal|p2a: Milotic|59/100 slp|[from] item: Leftovers
|upkeep
|turn|23
|
|t:|1728002451
|-curestatus|p2a: Milotic|slp|[msg]
|move|p2a: Milotic|Surf|p1a: Metagross
|-damage|p1a: Metagross|70/100
|move|p1a: Metagross|Earthquake|p2a: Milotic
|-damage|p2a: Milotic|39/100
|
|-weather|Sandstorm|[upkeep]
|-damage|p2a: Milotic|33/100|[from] Sandstorm
|-heal|p2a: Milotic|39/100|[from] item: Leftovers
|-heal|p1a: Metagross|76/100|[from] item: Leftovers
|upkeep
|turn|24
|
|t:|1728002460
|switch|p1a: Blissey|Blissey, F|87/100
|move|p2a: Milotic|Surf|p1a: Blissey
|-damage|p1a: Blissey|75/100
|
|-weather|Sandstorm|[upkeep]
|-damage|p2a: Milotic|33/100|[from] Sandstorm
|-damage|p1a: Blissey|69/100|[from] Sandstorm
|-heal|p2a: Milotic|39/100|[from] item: Leftovers
|-heal|p1a: Blissey|75/100|[from] item: Leftovers
|upkeep
|turn|25
|inactive|smokingrocks has 270 seconds left.
|
|t:|1728002497
|switch|p2a: Metagross|Metagross|41/100
|move|p1a: Blissey|Wish|p1a: Blissey
|
|-weather|Sandstorm|[upkeep]
|-damage|p1a: Blissey|69/100|[from] Sandstorm
|-heal|p1a: Blissey|75/100|[from] item: Leftovers
|upkeep
|turn|26
|inactive|smokingrocks has 270 seconds left.
|
|t:|1728002527
|switch|p1a: Zapdos|Zapdos|37/100
|move|p2a: Metagross|Rock Slide|p1a: Zapdos
|-supereffective|p1a: Zapdos
|-damage|p1a: Zapdos|0 fnt
|faint|p1a: Zapdos
|
|t:|1728002531
|switch|p1a: Hariyama|Hariyama, M|26/100
|
|-heal|p1a: Hariyama|76/100|[from] move: Wish|[wisher] Blissey
|-weather|Sandstorm|[upkeep]
|-damage|p1a: Hariyama|70/100|[from] Sandstorm
|-heal|p1a: Hariyama|76/100|[from] item: Leftovers
|upkeep
|turn|27
|
|t:|1728002539
|move|p2a: Metagross|Meteor Mash|p1a: Hariyama
|-damage|p1a: Hariyama|25/100
|-boost|p2a: Metagross|atk|1
|move|p1a: Hariyama|Brick Break|p2a: Metagross
|-damage|p2a: Metagross|11/100
|
|-weather|Sandstorm|[upkeep]
|-damage|p1a: Hariyama|19/100|[from] Sandstorm
|-enditem|p2a: Metagross|Salac Berry|[eat]
|-boost|p2a: Metagross|spe|1|[from] item: Salac Berry
|-heal|p1a: Hariyama|25/100|[from] item: Leftovers
|upkeep
|turn|28
|
|t:|1728002551
|switch|p1a: Starmie|Starmie|100/100
|move|p2a: Metagross|Earthquake|p1a: Starmie
|-damage|p1a: Starmie|46/100
|
|-weather|Sandstorm|[upkeep]
|-damage|p1a: Starmie|40/100|[from] Sandstorm
|-heal|p1a: Starmie|46/100|[from] item: Leftovers
|upkeep
|turn|29
|
|t:|1728002558
|move|p2a: Metagross|Earthquake|p1a: Starmie
|-damage|p1a: Starmie|0 fnt
|faint|p1a: Starmie
|
|t:|1728002565
|switch|p1a: Metagross|Metagross|76/100
|
|-weather|Sandstorm|[upkeep]
|-heal|p1a: Metagross|82/100|[from] item: Leftovers
|upkeep
|turn|30
|
|t:|1728002569
|move|p1a: Metagross|Protect|p1a: Metagross
|-singleturn|p1a: Metagross|Protect
|move|p2a: Metagross|Earthquake|p1a: Metagross
|-activate|p1a: Metagross|Protect
|
|-weather|Sandstorm|[upkeep]
|-heal|p1a: Metagross|88/100|[from] item: Leftovers
|upkeep
|turn|31
|
|t:|1728002575
|move|p2a: Metagross|Earthquake|p1a: Metagross
|-supereffective|p1a: Metagross
|-damage|p1a: Metagross|33/100
|move|p1a: Metagross|Earthquake|p2a: Metagross
|-supereffective|p2a: Metagross
|-damage|p2a: Metagross|0 fnt
|faint|p2a: Metagross
|
|t:|1728002581
|switch|p2a: Magneton|Magneton|80/100
|
|-weather|Sandstorm|[upkeep]
|-heal|p1a: Metagross|39/100|[from] item: Leftovers
|upkeep
|turn|32
|
|t:|1728002584
|move|p2a: Magneton|Thunderbolt|p1a: Metagross
|-damage|p1a: Metagross|0 fnt
|faint|p1a: Metagross
|
|t:|1728002588
|switch|p1a: Tyranitar|Tyranitar, M|100/100
|
|-weather|Sandstorm|[upkeep]
|upkeep
|turn|33
|
|t:|1728002598
|move|p2a: Magneton|Thunderbolt|p1a: Tyranitar
|-damage|p1a: Tyranitar|44/100
|move|p1a: Tyranitar|Fire Blast|p2a: Magneton
|-supereffective|p2a: Magneton
|-damage|p2a: Magneton|0 fnt
|faint|p2a: Magneton
|
|t:|1728002604
|switch|p2a: Tauros|Tauros, M|65/100
|-ability|p2a: Tauros|Intimidate|boost
|-unboost|p1a: Tyranitar|atk|1
|
|-weather|Sandstorm|[upkeep]
|-damage|p2a: Tauros|59/100|[from] Sandstorm
|-heal|p1a: Tyranitar|50/100|[from] item: Leftovers
|upkeep
|turn|34
|
|t:|1728002611
|move|p2a: Tauros|Earthquake|p1a: Tyranitar
|-supereffective|p1a: Tyranitar
|-damage|p1a: Tyranitar|0 fnt
|faint|p1a: Tyranitar
|
|t:|1728002613
|switch|p1a: Hariyama|Hariyama, M|25/100
|
|-weather|Sandstorm|[upkeep]
|-damage|p2a: Tauros|53/100|[from] Sandstorm
|-damage|p1a: Hariyama|19/100|[from] Sandstorm
|-heal|p1a: Hariyama|25/100|[from] item: Leftovers
|upkeep
|turn|35
|
|t:|1728002616
|move|p2a: Tauros|Earthquake|p1a: Hariyama
|-damage|p1a: Hariyama|0 fnt
|faint|p1a: Hariyama
|
|t:|1728002619
|switch|p1a: Blissey|Blissey, F|75/100
|
|-weather|Sandstorm|[upkeep]
|-damage|p2a: Tauros|46/100|[from] Sandstorm
|-damage|p1a: Blissey|69/100|[from] Sandstorm
|-heal|p1a: Blissey|75/100|[from] item: Leftovers
|upkeep
|turn|36
|
|t:|1728002627
|move|p2a: Tauros|Earthquake|p1a: Blissey
|-damage|p1a: Blissey|32/100
|move|p1a: Blissey|Soft-Boiled|p1a: Blissey
|-heal|p1a: Blissey|82/100
|
|-weather|Sandstorm|[upkeep]
|-damage|p2a: Tauros|40/100|[from] Sandstorm
|-damage|p1a: Blissey|76/100|[from] Sandstorm
|-heal|p1a: Blissey|82/100|[from] item: Leftovers
|upkeep
|turn|37
|
|t:|1728002636
|switch|p2a: Milotic|Milotic, F|39/100
|move|p1a: Blissey|Ice Beam|p2a: Milotic
|-resisted|p2a: Milotic
|-damage|p2a: Milotic|33/100
|
|-weather|Sandstorm|[upkeep]
|-damage|p2a: Milotic|27/100|[from] Sandstorm
|-damage|p1a: Blissey|76/100|[from] Sandstorm
|-heal|p2a: Milotic|33/100|[from] item: Leftovers
|-heal|p1a: Blissey|82/100|[from] item: Leftovers
|upkeep
|turn|38
|
|t:|1728002643
|move|p2a: Milotic|Toxic|p1a: Blissey
|-status|p1a: Blissey|tox
|move|p1a: Blissey|Wish|p1a: Blissey
|
|-weather|Sandstorm|[upkeep]
|-damage|p2a: Milotic|27/100|[from] Sandstorm
|-damage|p1a: Blissey|76/100 tox|[from] Sandstorm
|-heal|p2a: Milotic|33/100|[from] item: Leftovers
|-heal|p1a: Blissey|82/100 tox|[from] item: Leftovers
|-damage|p1a: Blissey|76/100 tox|[from] psn
|upkeep
|turn|39
|
|t:|1728002647
|move|p2a: Milotic|Rest|p2a: Milotic
|-status|p2a: Milotic|slp|[from] move: Rest
|-heal|p2a: Milotic|100/100 slp|[silent]
|move|p1a: Blissey|Seismic Toss|p2a: Milotic
|-damage|p2a: Milotic|75/100 slp
|
|-heal|p1a: Blissey|100/100 tox|[from] move: Wish|[wisher] Blissey
|-weather|Sandstorm|[upkeep]
|-damage|p2a: Milotic|69/100 slp|[from] Sandstorm
|-damage|p1a: Blissey|94/100 tox|[from] Sandstorm
|-heal|p2a: Milotic|75/100 slp|[from] item: Leftovers
|-heal|p1a: Blissey|100/100 tox|[from] item: Leftovers
|-damage|p1a: Blissey|88/100 tox|[from] psn
|upkeep
|turn|40
|c|☆JoeFlint|GG
|c|☆smokingrocks|gg
|
|t:|1728002663
|cant|p2a: Milotic|slp
|move|p1a: Blissey|Seismic Toss|p2a: Milotic
|-damage|p2a: Milotic|50/100 slp
|
|-weather|Sandstorm|[upkeep]
|-damage|p2a: Milotic|44/100 slp|[from] Sandstorm
|-damage|p1a: Blissey|82/100 tox|[from] Sandstorm
|-heal|p2a: Milotic|50/100 slp|[from] item: Leftovers
|-heal|p1a: Blissey|88/100 tox|[from] item: Leftovers
|-damage|p1a: Blissey|70/100 tox|[from] psn
|upkeep
|turn|41
|
|t:|1728002668
|cant|p2a: Milotic|slp
|move|p1a: Blissey|Seismic Toss|p2a: Milotic
|-damage|p2a: Milotic|24/100 slp
|
|-weather|Sandstorm|[upkeep]
|-damage|p2a: Milotic|18/100 slp|[from] Sandstorm
|-damage|p1a: Blissey|64/100 tox|[from] Sandstorm
|-heal|p2a: Milotic|24/100 slp|[from] item: Leftovers
|-heal|p1a: Blissey|70/100 tox|[from] item: Leftovers
|-damage|p1a: Blissey|45/100 tox|[from] psn
|upkeep
|turn|42
|
|t:|1728002672
|-curestatus|p2a: Milotic|slp|[msg]
|move|p2a: Milotic|Rest|p2a: Milotic
|-status|p2a: Milotic|slp|[from] move: Rest
|-heal|p2a: Milotic|100/100 slp|[silent]
|move|p1a: Blissey|Seismic Toss|p2a: Milotic
|-damage|p2a: Milotic|75/100 slp
|
|-weather|Sandstorm|[upkeep]
|-damage|p2a: Milotic|69/100 slp|[from] Sandstorm
|-damage|p1a: Blissey|39/100 tox|[from] Sandstorm
|-heal|p2a: Milotic|75/100 slp|[from] item: Leftovers
|-heal|p1a: Blissey|45/100 tox|[from] item: Leftovers
|-damage|p1a: Blissey|14/100 tox|[from] psn
|upkeep
|turn|43
|
|t:|1728002676
|cant|p2a: Milotic|slp
|move|p1a: Blissey|Seismic Toss|p2a: Milotic
|-damage|p2a: Milotic|50/100 slp
|
|-weather|Sandstorm|[upkeep]
|-damage|p2a: Milotic|44/100 slp|[from] Sandstorm
|-damage|p1a: Blissey|8/100 tox|[from] Sandstorm
|-heal|p2a: Milotic|50/100 slp|[from] item: Leftovers
|-heal|p1a: Blissey|14/100 tox|[from] item: Leftovers
|-damage|p1a: Blissey|0 fnt|[from] psn
|faint|p1a: Blissey
|
|win|smokingrocks
|upkeep
|player|p1|

</script>
<script type="application/json" class="data" id="replaydata-smogtours-gen3ou-794458">
{"id":"smogtours-gen3ou-794458","format":"[Gen 3] OU","players":["JoeFlint","smokingrocks"],"uploadtime":1728002676,"views":103,"formatid":"gen3ou","rating":null,"private":0,"password":null}
</script>

<script defer src="js/replays.js?9d40a366"></script>
