<!DOCTYPE html>
<meta charset="utf-8" />
<meta name="viewport" content="width=device-width" />

<title>[Gen 3] OU: ccczzx vs. Zcarlett - Replays - Pok&eacute;mon Showdown!</title>

<meta name="description" content="Watch a replay of a Pok&eacute;mon battle between ccczzx and Zcarlett! Format: [Gen 3] OU; Date: Oct 8, 2024" />
<!--

Hey, you! Looking in the source for the replay log?

You can find them in JSON format, just add `.json` at the end of a replay URL.

https://replay.pokemonshowdown.com/gen7randomdoublesbattle-865046831.json

Or, if you only need the log itself, add `.log` instead:

https://replay.pokemonshowdown.com/gen7randomdoublesbattle-865046831.log

-->

<link rel="stylesheet" href="//pokemonshowdown.com/style/global.css?0.023195364461161105" />
<link rel="stylesheet" href="//play.pokemonshowdown.com/style/font-awesome.css?0.13261647063804238" />
<link rel="stylesheet" href="//play.pokemonshowdown.com/style/battle.css?0.8753245789963631" />
<link rel="stylesheet" href="//play.pokemonshowdown.com/style/utilichart.css?0.8627959624976733" />

<!-- Global site tag (gtag.js) - Google Analytics -->
<script async src="https://www.googletagmanager.com/gtag/js?id=UA-26211653-1"></script>
<script>
  window.dataLayer = window.dataLayer || [];
  function gtag(){dataLayer.push(arguments);}
  gtag('js', new Date());

  gtag('config', 'UA-26211653-1');
</script>
<!-- End Google Analytics -->
<!-- Venatus Ad Manager - Install in <HEAD> of page -->
	<script src="https://hb.vntsm.com/v3/live/ad-manager.min.js" type="text/javascript" data-site-id="642aba63ec9a7b11c3c9c1be" data-mode="scan" async></script>
<!-- / Venatus Ad Manager -->

<style>
	@media (max-width:820px) {
		.battle {
			margin: 0 auto;
		}
		.battle-log {
			margin: 7px auto 0;
			max-width: 640px;
			height: 300px;
			position: static;
		}
	}
	.optgroup {
		display: inline-block;
		line-height: 22px;
		font-size: 10pt;
	}
	.optgroup .button {
		height: 25px;
		padding-top: 0;
		padding-bottom: 0;
	}
	.optgroup button.button {
		padding-left: 12px;
		padding-right: 12px;
	}
	.linklist {
		list-style: none;
		margin: 0.5em 0;
		padding: 0;
	}
	.linklist li {
		padding: 2px 0;
	}
	.sidebar {
		float: left;
		width: 320px;
	}
	.bar-wrapper {
		max-width: 1100px;
		margin: 0 auto;
	}
	.bar-wrapper.has-sidebar {
		max-width: 1430px;
	}
	.mainbar {
		margin: 0;
		padding-right: 1px;
	}
	.mainbar.has-sidebar {
		margin-left: 330px;
	}
	@media (min-width: 1511px) {
		.sidebar {
			width: 400px;
		}
		.bar-wrapper.has-sidebar {
			max-width: 1510px;
		}
		.mainbar.has-sidebar {
			margin-left: 410px;
		}
	}
	.section.first-section {
		margin-top: 9px;
	}
	.blocklink small {
		white-space: normal;
	}
	.button {
		vertical-align: middle;
	}
	.replay-controls {
		padding-top: 10px;
	}
	.replay-controls h1 {
		font-size: 16pt;
		font-weight: normal;
		color: #CCC;
	}
	.pagelink {
		text-align: center;
	}
	.pagelink a {
		width: 150px;
	}
	.textbox, .button {
		font-size: 11pt;
		vertical-align: middle;
	}
	@media (max-width: 450px) {
		.button {
			font-size: 9pt;
		}
	}
</style>

<div>

	<header>
		<div class="nav-wrapper"><ul class="nav">
			<li><a class="button nav-first" href="//pokemonshowdown.com/"><img src="//pokemonshowdown.com/images/pokemonshowdownbeta.png" srcset="//pokemonshowdown.com/images/pokemonshowdownbeta.png 1x, //pokemonshowdown.com/images/pokemonshowdownbeta@2x.png 2x" alt="Pok&eacute;mon Showdown" width="146" height="44" /> Home</a></li>
			<li><a class="button" href="//pokemonshowdown.com/dex/">Pok&eacute;dex</a></li>
			<li><a class="button cur" href="/">Replays</a></li>
			<li><a class="button" href="//pokemonshowdown.com/ladder/">Ladder</a></li>
			<li><a class="button nav-last" href="//pokemonshowdown.com/forums/">Forum</a></li>
			<li><a class="button greenbutton nav-first nav-last" href="//play.pokemonshowdown.com/">Play</a></li>
		</ul></div>
	</header>

	<div class="main" id="main">

		<noscript><section class="section">You need to enable JavaScript to use this page; sorry!</section></noscript>

	</div>

</div>

<script defer nomodule src="//play.pokemonshowdown.com/js/lib/ps-polyfill.js"></script>
<script defer src="//play.pokemonshowdown.com/js/lib/preact.min.js"></script>

<script defer src="//play.pokemonshowdown.com/config/config.js?2bddbc15"></script>
<script defer src="//play.pokemonshowdown.com/js/lib/jquery-1.11.0.min.js"></script>
<script defer src="//play.pokemonshowdown.com/js/lib/html-sanitizer-minified.js"></script>
<script defer src="//play.pokemonshowdown.com/js/battle-sound.js"></script>
<script defer src="//play.pokemonshowdown.com/js/battledata.js?0.7209276989879541"></script>
<script defer src="//play.pokemonshowdown.com/data/pokedex-mini.js?0.6111056340867951"></script>
<script defer src="//play.pokemonshowdown.com/data/pokedex-mini-bw.js?0.3532142036491459"></script>
<script defer src="//play.pokemonshowdown.com/data/graphics.js?0.24223875632456182"></script>
<script defer src="//play.pokemonshowdown.com/data/pokedex.js?0.38839984266356864"></script>
<script defer src="//play.pokemonshowdown.com/data/moves.js?0.21866028504024015"></script>
<script defer src="//play.pokemonshowdown.com/data/abilities.js?0.2005157953846628"></script>
<script defer src="//play.pokemonshowdown.com/data/items.js?0.9894211263848525"></script>
<script defer src="//play.pokemonshowdown.com/data/teambuilder-tables.js?0.6008791140282215"></script>
<script defer src="//play.pokemonshowdown.com/js/battle-tooltips.js?0.7580118955022959"></script>
<script defer src="//play.pokemonshowdown.com/js/battle.js?0.6057722274234274"></script>

<script defer src="js/utils.js?e31f9a17"></script>
<script defer src="js/replays-battle.js?7008c182"></script>

<!-- don't scrape this data! just add .json or .log after the URL!
Full API docs: https://github.com/smogon/pokemon-showdown-client/blob/master/WEB-API.md -->
<script type="text/plain" class="log" id="replaylog-smogtours-gen3ou-796516">
|inactive|Battle timer is ON: inactive players will automatically lose when time's up.
|t:|1728424959
|gametype|singles
|player|p1|ccczzx|266|
|player|p2|Zcarlett|miku-flying|
|teamsize|p1|6
|teamsize|p2|6
|gen|3
|tier|[Gen 3] OU
|rule|Sleep Clause Mod: Limit one foe put to sleep
|rule|Switch Priority Clause Mod: Faster Pokémon switch first
|rule|Species Clause: Limit one of each Pokémon
|rule|OHKO Clause: OHKO moves are banned
|rule|Evasion Items Clause: Evasion items are banned
|rule|Evasion Moves Clause: Evasion moves are banned
|rule|Endless Battle Clause: Forcing endless battles is banned
|rule|HP Percentage Mod: HP is shown in percentages
|rule|One Boost Passer Clause: Limit one Baton Passer that has a way to boost its stats
|rule|Freeze Clause Mod: Limit one foe frozen
|
|t:|1728424959
|start
|switch|p1a: fuck skarm x3|Skarmory, M|100/100
|switch|p2a: Zapdos|Zapdos|100/100
|turn|1
|
|t:|1728424980
|switch|p1a: blobs|Blissey, F|100/100
|move|p2a: Zapdos|Thunder Wave|p1a: blobs
|-status|p1a: blobs|par
|
|upkeep
|turn|2
|
|t:|1728424988
|switch|p2a: Tyranitar|Tyranitar, M|100/100
|-weather|Sandstorm|[from] ability: Sand Stream|[of] p2a: Tyranitar
|move|p1a: blobs|Ice Beam|p2a: Tyranitar
|-damage|p2a: Tyranitar|78/100
|
|-weather|Sandstorm|[upkeep]
|-damage|p1a: blobs|94/100 par|[from] Sandstorm
|-heal|p2a: Tyranitar|84/100|[from] item: Leftovers
|-heal|p1a: blobs|100/100 par|[from] item: Leftovers
|upkeep
|turn|3
|
|t:|1728424996
|-singleturn|p2a: Tyranitar|move: Focus Punch
|-curestatus|p1a: blobs|par|[from] ability: Natural Cure
|switch|p1a: Flygon|Flygon, M|100/100
|move|p2a: Tyranitar|Focus Punch|p1a: Flygon
|-damage|p1a: Flygon|57/100
|
|-weather|Sandstorm|[upkeep]
|-heal|p1a: Flygon|63/100|[from] item: Leftovers
|-heal|p2a: Tyranitar|90/100|[from] item: Leftovers
|upkeep
|turn|4
|
|t:|1728425004
|switch|p2a: Swampert|Swampert, F|100/100
|move|p1a: Flygon|Toxic|p2a: Swampert
|-status|p2a: Swampert|tox
|
|-weather|Sandstorm|[upkeep]
|-heal|p1a: Flygon|69/100|[from] item: Leftovers
|-damage|p2a: Swampert|94/100 tox|[from] psn
|upkeep
|turn|5
|
|t:|1728425009
|-singleturn|p2a: Swampert|move: Focus Punch
|move|p1a: Flygon|Protect|p1a: Flygon
|-singleturn|p1a: Flygon|Protect
|move|p2a: Swampert|Focus Punch|p1a: Flygon
|-activate|p1a: Flygon|Protect
|
|-weather|Sandstorm|[upkeep]
|-heal|p1a: Flygon|75/100|[from] item: Leftovers
|-heal|p2a: Swampert|100/100 tox|[from] item: Leftovers
|-damage|p2a: Swampert|88/100 tox|[from] psn
|upkeep
|turn|6
|
|t:|1728425029
|switch|p1a: zippidyzop|Zapdos|100/100
|switch|p2a: Zapdos|Zapdos|100/100
|
|-weather|Sandstorm|[upkeep]
|-damage|p2a: Zapdos|94/100|[from] Sandstorm
|-damage|p1a: zippidyzop|94/100|[from] Sandstorm
|-heal|p2a: Zapdos|100/100|[from] item: Leftovers
|-heal|p1a: zippidyzop|100/100|[from] item: Leftovers
|upkeep
|turn|7
|
|t:|1728425035
|switch|p2a: Celebi|Celebi|100/100
|move|p1a: zippidyzop|Thunderbolt|p2a: Celebi
|-resisted|p2a: Celebi
|-damage|p2a: Celebi|82/100
|
|-weather|Sandstorm|[upkeep]
|-damage|p2a: Celebi|76/100|[from] Sandstorm
|-damage|p1a: zippidyzop|94/100|[from] Sandstorm
|-heal|p2a: Celebi|82/100|[from] item: Leftovers
|-heal|p1a: zippidyzop|100/100|[from] item: Leftovers
|upkeep
|turn|8
|
|t:|1728425049
|switch|p1a: ma tresesc|Moltres|100/100
|move|p2a: Celebi|Leech Seed|p1a: ma tresesc
|-start|p1a: ma tresesc|move: Leech Seed
|
|-weather|Sandstorm|[upkeep]
|-damage|p1a: ma tresesc|94/100|[from] Sandstorm
|-damage|p2a: Celebi|76/100|[from] Sandstorm
|-heal|p1a: ma tresesc|100/100|[from] item: Leftovers
|-damage|p1a: ma tresesc|88/100|[from] Leech Seed|[of] p2a: Celebi
|-heal|p2a: Celebi|86/100|[silent]
|-heal|p2a: Celebi|92/100|[from] item: Leftovers
|upkeep
|turn|9
|
|t:|1728425063
|switch|p1a: Flygon|Flygon, M|75/100
|switch|p2a: Moltres|Moltres|100/100
|
|-weather|Sandstorm|[upkeep]
|-damage|p2a: Moltres|94/100|[from] Sandstorm
|-heal|p2a: Moltres|100/100|[from] item: Leftovers
|-heal|p1a: Flygon|81/100|[from] item: Leftovers
|upkeep
|turn|10
|
|t:|1728425079
|switch|p2a: Skarmory|Skarmory, F|100/100
|move|p1a: Flygon|Rock Slide|p2a: Skarmory
|-damage|p2a: Skarmory|87/100
|
|-weather|Sandstorm|[upkeep]
|-heal|p1a: Flygon|87/100|[from] item: Leftovers
|-heal|p2a: Skarmory|93/100|[from] item: Leftovers
|upkeep
|turn|11
|
|t:|1728425088
|move|p1a: Flygon|Rock Slide|p2a: Skarmory
|-damage|p2a: Skarmory|79/100
|move|p2a: Skarmory|Spikes|p1a: Flygon
|-sidestart|p1: ccczzx|Spikes
|
|-weather|Sandstorm|[upkeep]
|-heal|p1a: Flygon|93/100|[from] item: Leftovers
|-heal|p2a: Skarmory|85/100|[from] item: Leftovers
|upkeep
|turn|12
|
|t:|1728425100
|switch|p1a: ma tresesc|Moltres|88/100
|move|p2a: Skarmory|Spikes|p1a: ma tresesc
|-sidestart|p1: ccczzx|Spikes
|
|-weather|Sandstorm|[upkeep]
|-damage|p1a: ma tresesc|82/100|[from] Sandstorm
|-heal|p1a: ma tresesc|88/100|[from] item: Leftovers
|-heal|p2a: Skarmory|91/100|[from] item: Leftovers
|upkeep
|turn|13
|
|t:|1728425111
|switch|p2a: Zapdos|Zapdos|100/100
|move|p1a: ma tresesc|Will-O-Wisp|p2a: Zapdos
|-status|p2a: Zapdos|brn
|
|-weather|Sandstorm|[upkeep]
|-damage|p1a: ma tresesc|82/100|[from] Sandstorm
|-damage|p2a: Zapdos|94/100 brn|[from] Sandstorm
|-heal|p1a: ma tresesc|88/100|[from] item: Leftovers
|-heal|p2a: Zapdos|100/100 brn|[from] item: Leftovers
|-damage|p2a: Zapdos|88/100 brn|[from] brn
|upkeep
|turn|14
|
|t:|1728425122
|switch|p1a: Flygon|Flygon, M|93/100
|move|p2a: Zapdos|Toxic|p1a: Flygon
|-status|p1a: Flygon|tox
|
|-weather|Sandstorm|[upkeep]
|-damage|p2a: Zapdos|82/100 brn|[from] Sandstorm
|-heal|p2a: Zapdos|88/100 brn|[from] item: Leftovers
|-damage|p2a: Zapdos|75/100 brn|[from] brn
|-heal|p1a: Flygon|99/100 tox|[from] item: Leftovers
|-damage|p1a: Flygon|93/100 tox|[from] psn
|upkeep
|turn|15
|
|t:|1728425130
|switch|p1a: blobs|Blissey, F|100/100
|-damage|p1a: blobs|84/100|[from] Spikes
|move|p2a: Zapdos|Hidden Power|p1a: blobs
|-damage|p1a: blobs|75/100
|
|-weather|Sandstorm|[upkeep]
|-damage|p2a: Zapdos|69/100 brn|[from] Sandstorm
|-damage|p1a: blobs|69/100|[from] Sandstorm
|-heal|p2a: Zapdos|75/100 brn|[from] item: Leftovers
|-damage|p2a: Zapdos|63/100 brn|[from] brn
|-heal|p1a: blobs|75/100|[from] item: Leftovers
|upkeep
|turn|16
|
|t:|1728425141
|switch|p2a: Tyranitar|Tyranitar, M|90/100
|move|p1a: blobs|Aromatherapy|p1a: blobs
|-cureteam|p1a: blobs|[from] move: Aromatherapy
|
|-weather|Sandstorm|[upkeep]
|-damage|p1a: blobs|69/100|[from] Sandstorm
|-heal|p2a: Tyranitar|96/100|[from] item: Leftovers
|-heal|p1a: blobs|75/100|[from] item: Leftovers
|upkeep
|turn|17
|
|t:|1728425148
|-singleturn|p2a: Tyranitar|move: Focus Punch
|switch|p1a: mister dread|Misdreavus, F|100/100
|move|p2a: Tyranitar|Focus Punch|p1a: mister dread
|-immune|p1a: mister dread
|
|-weather|Sandstorm|[upkeep]
|-damage|p1a: mister dread|94/100|[from] Sandstorm
|-heal|p1a: mister dread|100/100|[from] item: Leftovers
|-heal|p2a: Tyranitar|100/100|[from] item: Leftovers
|upkeep
|turn|18
|
|t:|1728425163
|switch|p2a: Moltres|Moltres|100/100
|move|p1a: mister dread|Perish Song|p1a: mister dread
|-start|p1a: mister dread|perish3|[silent]
|-start|p2a: Moltres|perish3|[silent]
|-fieldactivate|move: Perish Song
|
|-weather|Sandstorm|[upkeep]
|-damage|p2a: Moltres|94/100|[from] Sandstorm
|-damage|p1a: mister dread|94/100|[from] Sandstorm
|-heal|p2a: Moltres|100/100|[from] item: Leftovers
|-heal|p1a: mister dread|100/100|[from] item: Leftovers
|-start|p2a: Moltres|perish3
|-start|p1a: mister dread|perish3
|upkeep
|turn|19
|
|t:|1728425169
|move|p1a: mister dread|Mean Look|p2a: Moltres
|-activate|p2a: Moltres|trapped
|move|p2a: Moltres|Roar|p1a: mister dread
|drag|p1a: blobs|Blissey, F|75/100
|-damage|p1a: blobs|58/100|[from] Spikes
|
|-weather|Sandstorm|[upkeep]
|-damage|p2a: Moltres|94/100|[from] Sandstorm
|-damage|p1a: blobs|52/100|[from] Sandstorm
|-heal|p2a: Moltres|100/100|[from] item: Leftovers
|-heal|p1a: blobs|58/100|[from] item: Leftovers
|-start|p2a: Moltres|perish2
|upkeep
|turn|20
|
|t:|1728425177
|switch|p2a: Tyranitar|Tyranitar, M|100/100
|move|p1a: blobs|Soft-Boiled|p1a: blobs
|-heal|p1a: blobs|100/100
|
|-weather|Sandstorm|[upkeep]
|-damage|p1a: blobs|94/100|[from] Sandstorm
|-heal|p1a: blobs|100/100|[from] item: Leftovers
|upkeep
|turn|21
|
|t:|1728425184
|switch|p1a: Flygon|Flygon, M|93/100
|move|p2a: Tyranitar|Rock Slide|p1a: Flygon
|-resisted|p1a: Flygon
|-damage|p1a: Flygon|75/100
|
|-weather|Sandstorm|[upkeep]
|-heal|p1a: Flygon|81/100|[from] item: Leftovers
|upkeep
|turn|22
|
|t:|1728425191
|switch|p2a: Skarmory|Skarmory, F|91/100
|move|p1a: Flygon|Toxic|p2a: Skarmory|[miss]
|-miss|p1a: Flygon|p2a: Skarmory
|
|-weather|Sandstorm|[upkeep]
|-heal|p1a: Flygon|88/100|[from] item: Leftovers
|-heal|p2a: Skarmory|97/100|[from] item: Leftovers
|upkeep
|turn|23
|
|t:|1728425196
|switch|p1a: fuck skarm x3|Skarmory, M|100/100
|move|p2a: Skarmory|Spikes|p1a: fuck skarm x3
|-sidestart|p1: ccczzx|Spikes
|
|-weather|Sandstorm|[upkeep]
|-heal|p2a: Skarmory|100/100|[from] item: Leftovers
|upkeep
|turn|24
|
|t:|1728425201
|move|p2a: Skarmory|Taunt|p1a: fuck skarm x3
|-start|p1a: fuck skarm x3|move: Taunt
|cant|p1a: fuck skarm x3|move: Taunt|Spikes
|
|-weather|Sandstorm|[upkeep]
|upkeep
|turn|25
|
|t:|1728425205
|move|p2a: Skarmory|Toxic|p1a: fuck skarm x3
|-immune|p1a: fuck skarm x3
|move|p1a: fuck skarm x3|Drill Peck|p2a: Skarmory
|-resisted|p2a: Skarmory
|-damage|p2a: Skarmory|92/100
|
|-weather|Sandstorm|[upkeep]
|-heal|p2a: Skarmory|98/100|[from] item: Leftovers
|-end|p1a: fuck skarm x3|move: Taunt|[silent]
|upkeep
|turn|26
|
|t:|1728425211
|move|p2a: Skarmory|Taunt|p1a: fuck skarm x3
|-start|p1a: fuck skarm x3|move: Taunt
|cant|p1a: fuck skarm x3|move: Taunt|Spikes
|
|-weather|Sandstorm|[upkeep]
|-heal|p2a: Skarmory|100/100|[from] item: Leftovers
|upkeep
|turn|27
|
|t:|1728425217
|move|p2a: Skarmory|Toxic|p1a: fuck skarm x3
|-immune|p1a: fuck skarm x3
|move|p1a: fuck skarm x3|Drill Peck|p2a: Skarmory
|-resisted|p2a: Skarmory
|-damage|p2a: Skarmory|92/100
|
|-weather|Sandstorm|[upkeep]
|-heal|p2a: Skarmory|98/100|[from] item: Leftovers
|-end|p1a: fuck skarm x3|move: Taunt|[silent]
|upkeep
|turn|28
|
|t:|1728425233
|move|p2a: Skarmory|Taunt|p1a: fuck skarm x3
|-start|p1a: fuck skarm x3|move: Taunt
|cant|p1a: fuck skarm x3|move: Taunt|Roar
|
|-weather|Sandstorm|[upkeep]
|-heal|p2a: Skarmory|100/100|[from] item: Leftovers
|upkeep
|turn|29
|
|t:|1728425239
|switch|p1a: ma tresesc|Moltres|88/100
|move|p2a: Skarmory|Roar|p1a: ma tresesc
|drag|p1a: zippidyzop|Zapdos|100/100
|
|-weather|Sandstorm|[upkeep]
|-damage|p1a: zippidyzop|94/100|[from] Sandstorm
|-heal|p1a: zippidyzop|100/100|[from] item: Leftovers
|upkeep
|turn|30
|
|t:|1728425247
|switch|p2a: Celebi|Celebi|92/100
|move|p1a: zippidyzop|Thunderbolt|p2a: Celebi
|-resisted|p2a: Celebi
|-damage|p2a: Celebi|75/100
|-status|p2a: Celebi|par
|
|-weather|Sandstorm|[upkeep]
|-damage|p1a: zippidyzop|94/100|[from] Sandstorm
|-damage|p2a: Celebi|69/100 par|[from] Sandstorm
|-heal|p1a: zippidyzop|100/100|[from] item: Leftovers
|-heal|p2a: Celebi|75/100 par|[from] item: Leftovers
|upkeep
|turn|31
|
|t:|1728425256
|switch|p1a: mister dread|Misdreavus, F|100/100
|cant|p2a: Celebi|par
|
|-weather|Sandstorm|[upkeep]
|-damage|p1a: mister dread|94/100|[from] Sandstorm
|-damage|p2a: Celebi|69/100 par|[from] Sandstorm
|-heal|p1a: mister dread|100/100|[from] item: Leftovers
|-heal|p2a: Celebi|75/100 par|[from] item: Leftovers
|upkeep
|turn|32
|
|t:|1728425262
|-curestatus|p2a: Celebi|par|[from] ability: Natural Cure
|switch|p2a: Moltres|Moltres|100/100
|move|p1a: mister dread|Mean Look|p2a: Moltres
|-activate|p2a: Moltres|trapped
|
|-weather|Sandstorm|[upkeep]
|-damage|p2a: Moltres|94/100|[from] Sandstorm
|-damage|p1a: mister dread|94/100|[from] Sandstorm
|-heal|p2a: Moltres|100/100|[from] item: Leftovers
|-heal|p1a: mister dread|100/100|[from] item: Leftovers
|upkeep
|turn|33
|
|t:|1728425272
|move|p2a: Moltres|Flamethrower|p1a: mister dread
|-damage|p1a: mister dread|59/100
|move|p1a: mister dread|Perish Song|p1a: mister dread
|-start|p1a: mister dread|perish3|[silent]
|-start|p2a: Moltres|perish3|[silent]
|-fieldactivate|move: Perish Song
|
|-weather|Sandstorm|[upkeep]
|-damage|p2a: Moltres|94/100|[from] Sandstorm
|-damage|p1a: mister dread|53/100|[from] Sandstorm
|-heal|p2a: Moltres|100/100|[from] item: Leftovers
|-heal|p1a: mister dread|59/100|[from] item: Leftovers
|-start|p2a: Moltres|perish3
|-start|p1a: mister dread|perish3
|upkeep
|turn|34
|
|t:|1728425277
|move|p1a: mister dread|Rest|p1a: mister dread
|-status|p1a: mister dread|slp|[from] move: Rest
|-heal|p1a: mister dread|100/100 slp|[silent]
|move|p2a: Moltres|Roar|p1a: mister dread
|drag|p1a: fuck skarm x3|Skarmory, M|100/100
|
|-weather|Sandstorm|[upkeep]
|-damage|p2a: Moltres|94/100|[from] Sandstorm
|-heal|p2a: Moltres|100/100|[from] item: Leftovers
|-start|p2a: Moltres|perish2
|upkeep
|turn|35
|
|t:|1728425288
|move|p1a: fuck skarm x3|Protect|p1a: fuck skarm x3
|-singleturn|p1a: fuck skarm x3|Protect
|move|p2a: Moltres|Flamethrower|p1a: fuck skarm x3
|-activate|p1a: fuck skarm x3|Protect
|
|-weather|Sandstorm|[upkeep]
|-damage|p2a: Moltres|94/100|[from] Sandstorm
|-heal|p2a: Moltres|100/100|[from] item: Leftovers
|-start|p2a: Moltres|perish1
|upkeep
|turn|36
|
|t:|1728425295
|switch|p2a: Celebi|Celebi|75/100
|move|p1a: fuck skarm x3|Spikes|p2a: Celebi
|-sidestart|p2: Zcarlett|Spikes
|
|-weather|Sandstorm|[upkeep]
|-damage|p2a: Celebi|69/100|[from] Sandstorm
|-heal|p2a: Celebi|75/100|[from] item: Leftovers
|upkeep
|turn|37
|
|t:|1728425299
|move|p2a: Celebi|Leech Seed|p1a: fuck skarm x3
|-start|p1a: fuck skarm x3|move: Leech Seed
|move|p1a: fuck skarm x3|Spikes|p2a: Celebi
|-sidestart|p2: Zcarlett|Spikes
|
|-weather|Sandstorm|[upkeep]
|-damage|p2a: Celebi|69/100|[from] Sandstorm
|-heal|p2a: Celebi|75/100|[from] item: Leftovers
|-damage|p1a: fuck skarm x3|88/100|[from] Leech Seed|[of] p2a: Celebi
|-heal|p2a: Celebi|86/100|[silent]
|upkeep
|turn|38
|
|t:|1728425303
|move|p2a: Celebi|Calm Mind|p2a: Celebi
|-boost|p2a: Celebi|spa|1
|-boost|p2a: Celebi|spd|1
|move|p1a: fuck skarm x3|Spikes|p2a: Celebi
|-sidestart|p2: Zcarlett|Spikes
|
|-weather|Sandstorm|[upkeep]
|-damage|p2a: Celebi|80/100|[from] Sandstorm
|-heal|p2a: Celebi|86/100|[from] item: Leftovers
|-heal|p1a: fuck skarm x3|94/100|[from] item: Leftovers
|-damage|p1a: fuck skarm x3|82/100|[from] Leech Seed|[of] p2a: Celebi
|-heal|p2a: Celebi|96/100|[silent]
|upkeep
|turn|39
|
|t:|1728425306
|move|p2a: Celebi|Psychic|p1a: fuck skarm x3
|-resisted|p1a: fuck skarm x3
|-damage|p1a: fuck skarm x3|55/100
|move|p1a: fuck skarm x3|Roar|p2a: Celebi
|drag|p2a: Swampert|Swampert, F|88/100 tox
|-damage|p2a: Swampert|63/100 tox|[from] Spikes
|
|-weather|Sandstorm|[upkeep]
|-heal|p1a: fuck skarm x3|61/100|[from] item: Leftovers
|-damage|p1a: fuck skarm x3|48/100|[from] Leech Seed|[of] p2a: Swampert
|-heal|p2a: Swampert|73/100 tox|[silent]
|-heal|p2a: Swampert|80/100 tox|[from] item: Leftovers
|-damage|p2a: Swampert|73/100 tox|[from] psn
|upkeep
|turn|40
|
|t:|1728425316
|switch|p1a: blobs|Blissey, F|100/100
|-damage|p1a: blobs|76/100|[from] Spikes
|move|p2a: Swampert|Hydro Pump|p1a: blobs|[miss]
|-miss|p2a: Swampert|p1a: blobs
|
|-weather|Sandstorm|[upkeep]
|-damage|p1a: blobs|69/100|[from] Sandstorm
|-heal|p2a: Swampert|80/100 tox|[from] item: Leftovers
|-damage|p2a: Swampert|67/100 tox|[from] psn
|-heal|p1a: blobs|76/100|[from] item: Leftovers
|upkeep
|turn|41
|
|t:|1728425328
|switch|p2a: Celebi|Celebi|96/100
|-damage|p2a: Celebi|72/100|[from] Spikes
|move|p1a: blobs|Seismic Toss|p2a: Celebi
|-damage|p2a: Celebi|46/100
|
|-weather|Sandstorm|[upkeep]
|-damage|p2a: Celebi|40/100|[from] Sandstorm
|-damage|p1a: blobs|69/100|[from] Sandstorm
|-heal|p2a: Celebi|46/100|[from] item: Leftovers
|-heal|p1a: blobs|76/100|[from] item: Leftovers
|upkeep
|turn|42
|
|t:|1728425341
|move|p2a: Celebi|Leech Seed|p1a: blobs
|-start|p1a: blobs|move: Leech Seed
|move|p1a: blobs|Aromatherapy|p1a: blobs
|-cureteam|p1a: blobs|[from] move: Aromatherapy
|
|-weather|Sandstorm|[upkeep]
|-damage|p2a: Celebi|40/100|[from] Sandstorm
|-damage|p1a: blobs|69/100|[from] Sandstorm
|-heal|p2a: Celebi|46/100|[from] item: Leftovers
|-heal|p1a: blobs|76/100|[from] item: Leftovers
|-damage|p1a: blobs|63/100|[from] Leech Seed|[of] p2a: Celebi
|-heal|p2a: Celebi|67/100|[silent]
|upkeep
|turn|43
|
|t:|1728425348
|switch|p1a: ma tresesc|Moltres|88/100
|move|p2a: Celebi|Calm Mind|p2a: Celebi
|-boost|p2a: Celebi|spa|1
|-boost|p2a: Celebi|spd|1
|
|-weather|Sandstorm|[upkeep]
|-damage|p1a: ma tresesc|82/100|[from] Sandstorm
|-damage|p2a: Celebi|60/100|[from] Sandstorm
|-heal|p1a: ma tresesc|88/100|[from] item: Leftovers
|-heal|p2a: Celebi|67/100|[from] item: Leftovers
|upkeep
|turn|44
|
|t:|1728425355
|switch|p2a: Moltres|Moltres|100/100
|move|p1a: ma tresesc|Flamethrower|p2a: Moltres
|-resisted|p2a: Moltres
|-damage|p2a: Moltres|71/100
|
|-weather|Sandstorm|[upkeep]
|-damage|p2a: Moltres|64/100|[from] Sandstorm
|-damage|p1a: ma tresesc|82/100|[from] Sandstorm
|-heal|p2a: Moltres|71/100|[from] item: Leftovers
|-heal|p1a: ma tresesc|88/100|[from] item: Leftovers
|upkeep
|turn|45
|
|t:|1728425362
|move|p1a: ma tresesc|Flamethrower|p2a: Moltres
|-resisted|p2a: Moltres
|-damage|p2a: Moltres|39/100
|move|p2a: Moltres|Roar|p1a: ma tresesc
|drag|p1a: fuck skarm x3|Skarmory, M|48/100
|
|-weather|Sandstorm|[upkeep]
|-damage|p2a: Moltres|33/100|[from] Sandstorm
|-heal|p2a: Moltres|39/100|[from] item: Leftovers
|-heal|p1a: fuck skarm x3|54/100|[from] item: Leftovers
|upkeep
|turn|46
|
|t:|1728425371
|move|p1a: fuck skarm x3|Protect|p1a: fuck skarm x3
|-singleturn|p1a: fuck skarm x3|Protect
|move|p2a: Moltres|Flamethrower|p1a: fuck skarm x3
|-activate|p1a: fuck skarm x3|Protect
|
|-weather|Sandstorm|[upkeep]
|-damage|p2a: Moltres|33/100|[from] Sandstorm
|-heal|p2a: Moltres|39/100|[from] item: Leftovers
|-heal|p1a: fuck skarm x3|60/100|[from] item: Leftovers
|upkeep
|turn|47
|
|t:|1728425376
|switch|p1a: ma tresesc|Moltres|88/100
|move|p2a: Moltres|Will-O-Wisp|p1a: ma tresesc
|-immune|p1a: ma tresesc
|
|-weather|Sandstorm|[upkeep]
|-damage|p2a: Moltres|33/100|[from] Sandstorm
|-damage|p1a: ma tresesc|82/100|[from] Sandstorm
|-heal|p2a: Moltres|39/100|[from] item: Leftovers
|-heal|p1a: ma tresesc|88/100|[from] item: Leftovers
|upkeep
|turn|48
|
|t:|1728425383
|switch|p2a: Tyranitar|Tyranitar, M|100/100
|-damage|p2a: Tyranitar|75/100|[from] Spikes
|move|p1a: ma tresesc|Flamethrower|p2a: Tyranitar
|-resisted|p2a: Tyranitar
|-damage|p2a: Tyranitar|52/100
|
|-weather|Sandstorm|[upkeep]
|-damage|p1a: ma tresesc|82/100|[from] Sandstorm
|-heal|p1a: ma tresesc|88/100|[from] item: Leftovers
|-heal|p2a: Tyranitar|58/100|[from] item: Leftovers
|upkeep
|turn|49
|
|t:|1728425391
|move|p1a: ma tresesc|Will-O-Wisp|p2a: Tyranitar
|-status|p2a: Tyranitar|brn
|move|p2a: Tyranitar|Rock Slide|p1a: ma tresesc
|-supereffective|p1a: ma tresesc
|-damage|p1a: ma tresesc|0 fnt
|faint|p1a: ma tresesc
|
|t:|1728425414
|switch|p1a: fuck skarm x3|Skarmory, M|60/100
|
|-weather|Sandstorm|[upkeep]
|-heal|p1a: fuck skarm x3|66/100|[from] item: Leftovers
|-heal|p2a: Tyranitar|64/100 brn|[from] item: Leftovers
|-damage|p2a: Tyranitar|52/100 brn|[from] brn
|upkeep
|turn|50
|
|t:|1728425418
|switch|p2a: Skarmory|Skarmory, F|100/100
|move|p1a: fuck skarm x3|Roar|p2a: Skarmory
|drag|p2a: Tyranitar|Tyranitar, M|52/100 brn
|-damage|p2a: Tyranitar|27/100 brn|[from] Spikes
|
|-weather|Sandstorm|[upkeep]
|-heal|p1a: fuck skarm x3|72/100|[from] item: Leftovers
|-heal|p2a: Tyranitar|33/100 brn|[from] item: Leftovers
|-damage|p2a: Tyranitar|21/100 brn|[from] brn
|upkeep
|turn|51
|
|t:|1728425431
|-singleturn|p2a: Tyranitar|move: Focus Punch
|move|p2a: Tyranitar|Focus Punch|p1a: fuck skarm x3
|-damage|p1a: fuck skarm x3|50/100
|move|p1a: fuck skarm x3|Roar|p2a: Tyranitar
|drag|p2a: Swampert|Swampert, F|67/100 tox
|-damage|p2a: Swampert|42/100 tox|[from] Spikes
|
|-weather|Sandstorm|[upkeep]
|-heal|p1a: fuck skarm x3|56/100|[from] item: Leftovers
|-heal|p2a: Swampert|48/100 tox|[from] item: Leftovers
|-damage|p2a: Swampert|42/100 tox|[from] psn
|upkeep
|turn|52
|
|t:|1728425439
|move|p1a: fuck skarm x3|Protect|p1a: fuck skarm x3
|-singleturn|p1a: fuck skarm x3|Protect
|move|p2a: Swampert|Hydro Pump|p1a: fuck skarm x3
|-activate|p1a: fuck skarm x3|Protect
|
|-weather|Sandstorm|[upkeep]
|-heal|p1a: fuck skarm x3|62/100|[from] item: Leftovers
|-heal|p2a: Swampert|48/100 tox|[from] item: Leftovers
|-damage|p2a: Swampert|36/100 tox|[from] psn
|upkeep
|turn|53
|
|t:|1728425458
|switch|p1a: zippidyzop|Zapdos|100/100
|move|p2a: Swampert|Hydro Pump|p1a: zippidyzop
|-damage|p1a: zippidyzop|69/100
|
|-weather|Sandstorm|[upkeep]
|-damage|p1a: zippidyzop|63/100|[from] Sandstorm
|-heal|p1a: zippidyzop|69/100|[from] item: Leftovers
|-heal|p2a: Swampert|42/100 tox|[from] item: Leftovers
|-damage|p2a: Swampert|23/100 tox|[from] psn
|upkeep
|turn|54
|
|t:|1728425468
|move|p1a: zippidyzop|Rest|p1a: zippidyzop
|-status|p1a: zippidyzop|slp|[from] move: Rest
|-heal|p1a: zippidyzop|100/100 slp|[silent]
|move|p2a: Swampert|Ice Beam|p1a: zippidyzop
|-supereffective|p1a: zippidyzop
|-damage|p1a: zippidyzop|66/100 slp
|
|-weather|Sandstorm|[upkeep]
|-damage|p1a: zippidyzop|60/100 slp|[from] Sandstorm
|-heal|p1a: zippidyzop|66/100 slp|[from] item: Leftovers
|-heal|p2a: Swampert|30/100 tox|[from] item: Leftovers
|-damage|p2a: Swampert|5/100 tox|[from] psn
|upkeep
|turn|55
|
|t:|1728425471
|cant|p1a: zippidyzop|slp
|move|p1a: zippidyzop|Sleep Talk|p1a: zippidyzop
|move|p1a: zippidyzop|Rest|p1a: zippidyzop|[from]Sleep Talk
|move|p2a: Swampert|Ice Beam|p1a: zippidyzop
|-supereffective|p1a: zippidyzop
|-damage|p1a: zippidyzop|28/100 slp
|
|-weather|Sandstorm|[upkeep]
|-damage|p1a: zippidyzop|21/100 slp|[from] Sandstorm
|-heal|p1a: zippidyzop|28/100 slp|[from] item: Leftovers
|-heal|p2a: Swampert|11/100 tox|[from] item: Leftovers
|-damage|p2a: Swampert|0 fnt|[from] psn
|faint|p2a: Swampert
|upkeep
|
|t:|1728425500
|switch|p2a: Moltres|Moltres|39/100
|turn|56
|
|t:|1728425517
|switch|p1a: blobs|Blissey, F|63/100
|-damage|p1a: blobs|38/100|[from] Spikes
|move|p2a: Moltres|Flamethrower|p1a: blobs
|-damage|p1a: blobs|18/100
|
|-weather|Sandstorm|[upkeep]
|-damage|p2a: Moltres|33/100|[from] Sandstorm
|-damage|p1a: blobs|11/100|[from] Sandstorm
|-heal|p2a: Moltres|39/100|[from] item: Leftovers
|-heal|p1a: blobs|18/100|[from] item: Leftovers
|upkeep
|turn|57
|
|t:|1728425528
|move|p2a: Moltres|Flamethrower|p1a: blobs
|-damage|p1a: blobs|0 fnt
|faint|p1a: blobs
|
|t:|1728425536
|switch|p1a: Flygon|Flygon, M|88/100
|
|-weather|Sandstorm|[upkeep]
|-damage|p2a: Moltres|33/100|[from] Sandstorm
|-heal|p2a: Moltres|39/100|[from] item: Leftovers
|-heal|p1a: Flygon|94/100|[from] item: Leftovers
|upkeep
|turn|58
|
|t:|1728425542
|switch|p2a: Skarmory|Skarmory, F|100/100
|move|p1a: Flygon|Rock Slide|p2a: Skarmory|[miss]
|-miss|p1a: Flygon|p2a: Skarmory
|
|-weather|Sandstorm|[upkeep]
|-heal|p1a: Flygon|99/100|[from] item: Leftovers
|upkeep
|turn|59
|
|t:|1728425554
|switch|p1a: zippidyzop|Zapdos|28/100 slp
|move|p2a: Skarmory|Toxic||[still]
|-fail|p2a: Skarmory
|
|-weather|Sandstorm|[upkeep]
|-damage|p1a: zippidyzop|21/100 slp|[from] Sandstorm
|-heal|p1a: zippidyzop|28/100 slp|[from] item: Leftovers
|upkeep
|turn|60
|
|t:|1728425562
|switch|p2a: Zapdos|Zapdos|63/100 brn
|cant|p1a: zippidyzop|slp
|move|p1a: zippidyzop|Sleep Talk|p1a: zippidyzop
|move|p1a: zippidyzop|Rest|p1a: zippidyzop|[from]Sleep Talk
|
|-weather|Sandstorm|[upkeep]
|-damage|p2a: Zapdos|57/100 brn|[from] Sandstorm
|-damage|p1a: zippidyzop|21/100 slp|[from] Sandstorm
|-heal|p2a: Zapdos|63/100 brn|[from] item: Leftovers
|-damage|p2a: Zapdos|50/100 brn|[from] brn
|-heal|p1a: zippidyzop|28/100 slp|[from] item: Leftovers
|upkeep
|turn|61
|
|t:|1728425572
|switch|p1a: Flygon|Flygon, M|99/100
|move|p2a: Zapdos|Hidden Power|p1a: Flygon
|-supereffective|p1a: Flygon
|-damage|p1a: Flygon|8/100
|
|-weather|Sandstorm|[upkeep]
|-damage|p2a: Zapdos|44/100 brn|[from] Sandstorm
|-heal|p2a: Zapdos|50/100 brn|[from] item: Leftovers
|-damage|p2a: Zapdos|38/100 brn|[from] brn
|-heal|p1a: Flygon|14/100|[from] item: Leftovers
|upkeep
|turn|62
|
|t:|1728425582
|move|p1a: Flygon|Protect|p1a: Flygon
|-singleturn|p1a: Flygon|Protect
|move|p2a: Zapdos|Hidden Power|p1a: Flygon
|-activate|p1a: Flygon|Protect
|
|-weather|Sandstorm|[upkeep]
|-damage|p2a: Zapdos|32/100 brn|[from] Sandstorm
|-heal|p2a: Zapdos|38/100 brn|[from] item: Leftovers
|-damage|p2a: Zapdos|25/100 brn|[from] brn
|-heal|p1a: Flygon|20/100|[from] item: Leftovers
|upkeep
|turn|63
|
|t:|1728425589
|switch|p1a: zippidyzop|Zapdos|28/100 slp
|move|p2a: Zapdos|Hidden Power|p1a: zippidyzop
|-supereffective|p1a: zippidyzop
|-damage|p1a: zippidyzop|0 fnt
|faint|p1a: zippidyzop
|
|t:|1728425611
|switch|p1a: fuck skarm x3|Skarmory, M|62/100
|
|-weather|Sandstorm|[upkeep]
|-damage|p2a: Zapdos|19/100 brn|[from] Sandstorm
|-heal|p2a: Zapdos|25/100 brn|[from] item: Leftovers
|-damage|p2a: Zapdos|13/100 brn|[from] brn
|-heal|p1a: fuck skarm x3|68/100|[from] item: Leftovers
|upkeep
|turn|64
|
|t:|1728425613
|move|p1a: fuck skarm x3|Protect|p1a: fuck skarm x3
|-singleturn|p1a: fuck skarm x3|Protect
|move|p2a: Zapdos|Thunderbolt|p1a: fuck skarm x3
|-activate|p1a: fuck skarm x3|Protect
|
|-weather|Sandstorm|[upkeep]
|-damage|p2a: Zapdos|7/100 brn|[from] Sandstorm
|-heal|p2a: Zapdos|13/100 brn|[from] item: Leftovers
|-damage|p2a: Zapdos|0 fnt|[from] brn
|faint|p2a: Zapdos
|-heal|p1a: fuck skarm x3|74/100|[from] item: Leftovers
|upkeep
|
|t:|1728425615
|switch|p2a: Moltres|Moltres|39/100
|turn|65
|
|t:|1728425628
|switch|p1a: mister dread|Misdreavus, F|100/100
|move|p2a: Moltres|Flamethrower|p1a: mister dread
|-damage|p1a: mister dread|56/100
|
|-weather|Sandstorm|[upkeep]
|-damage|p2a: Moltres|33/100|[from] Sandstorm
|-damage|p1a: mister dread|50/100|[from] Sandstorm
|-heal|p2a: Moltres|39/100|[from] item: Leftovers
|-heal|p1a: mister dread|56/100|[from] item: Leftovers
|upkeep
|turn|66
|inactive|ccczzx has 270 seconds left.
|
|t:|1728425661
|move|p2a: Moltres|Flamethrower|p1a: mister dread
|-damage|p1a: mister dread|15/100
|move|p1a: mister dread|Perish Song|p1a: mister dread
|-start|p1a: mister dread|perish3|[silent]
|-start|p2a: Moltres|perish3|[silent]
|-fieldactivate|move: Perish Song
|
|-weather|Sandstorm|[upkeep]
|-damage|p2a: Moltres|33/100|[from] Sandstorm
|-damage|p1a: mister dread|9/100|[from] Sandstorm
|-heal|p2a: Moltres|39/100|[from] item: Leftovers
|-heal|p1a: mister dread|15/100|[from] item: Leftovers
|-start|p2a: Moltres|perish3
|-start|p1a: mister dread|perish3
|upkeep
|turn|67
|
|t:|1728425670
|switch|p2a: Tyranitar|Tyranitar, M|21/100 brn
|-damage|p2a: Tyranitar|0 fnt|[from] Spikes
|faint|p2a: Tyranitar
|
|t:|1728425671
|switch|p2a: Moltres|Moltres|39/100
|
|-weather|Sandstorm|[upkeep]
|-damage|p2a: Moltres|33/100|[from] Sandstorm
|-damage|p1a: mister dread|9/100|[from] Sandstorm
|-heal|p2a: Moltres|39/100|[from] item: Leftovers
|-heal|p1a: mister dread|15/100|[from] item: Leftovers
|-start|p1a: mister dread|perish2
|upkeep
|turn|68
|
|t:|1728425677
|move|p2a: Moltres|Flamethrower|p1a: mister dread
|-damage|p1a: mister dread|0 fnt
|faint|p1a: mister dread
|
|t:|1728425680
|switch|p1a: Flygon|Flygon, M|20/100
|
|-weather|Sandstorm|[upkeep]
|-damage|p2a: Moltres|33/100|[from] Sandstorm
|-heal|p2a: Moltres|39/100|[from] item: Leftovers
|-heal|p1a: Flygon|26/100|[from] item: Leftovers
|upkeep
|turn|69
|
|t:|1728425688
|move|p1a: Flygon|Protect|p1a: Flygon
|-singleturn|p1a: Flygon|Protect
|move|p2a: Moltres|Flamethrower|p1a: Flygon
|-activate|p1a: Flygon|Protect
|
|-weather|Sandstorm|[upkeep]
|-damage|p2a: Moltres|33/100|[from] Sandstorm
|-heal|p2a: Moltres|39/100|[from] item: Leftovers
|-heal|p1a: Flygon|32/100|[from] item: Leftovers
|upkeep
|turn|70
|
|t:|1728425693
|switch|p2a: Skarmory|Skarmory, F|100/100
|move|p1a: Flygon|Rock Slide|p2a: Skarmory
|-crit|p2a: Skarmory
|-damage|p2a: Skarmory|74/100
|
|-weather|Sandstorm|[upkeep]
|-heal|p1a: Flygon|38/100|[from] item: Leftovers
|-heal|p2a: Skarmory|80/100|[from] item: Leftovers
|upkeep
|turn|71
|
|t:|1728425699
|move|p1a: Flygon|Protect|p1a: Flygon
|-singleturn|p1a: Flygon|Protect
|move|p2a: Skarmory|Toxic|p1a: Flygon
|-activate|p1a: Flygon|Protect
|
|-weather|Sandstorm|[upkeep]
|-heal|p1a: Flygon|44/100|[from] item: Leftovers
|-heal|p2a: Skarmory|86/100|[from] item: Leftovers
|upkeep
|turn|72
|
|t:|1728425704
|switch|p1a: fuck skarm x3|Skarmory, M|74/100
|move|p2a: Skarmory|Taunt|p1a: fuck skarm x3
|-start|p1a: fuck skarm x3|move: Taunt
|
|-weather|Sandstorm|[upkeep]
|-heal|p2a: Skarmory|92/100|[from] item: Leftovers
|-heal|p1a: fuck skarm x3|80/100|[from] item: Leftovers
|upkeep
|turn|73
|
|t:|1728425708
|move|p2a: Skarmory|Toxic|p1a: fuck skarm x3
|-immune|p1a: fuck skarm x3
|move|p1a: fuck skarm x3|Drill Peck|p2a: Skarmory
|-resisted|p2a: Skarmory
|-damage|p2a: Skarmory|83/100
|
|-weather|Sandstorm|[upkeep]
|-heal|p2a: Skarmory|89/100|[from] item: Leftovers
|-heal|p1a: fuck skarm x3|86/100|[from] item: Leftovers
|-end|p1a: fuck skarm x3|move: Taunt|[silent]
|upkeep
|turn|74
|
|t:|1728425716
|switch|p1a: Flygon|Flygon, M|44/100
|move|p2a: Skarmory|Toxic|p1a: Flygon
|-status|p1a: Flygon|tox
|
|-weather|Sandstorm|[upkeep]
|-heal|p1a: Flygon|50/100 tox|[from] item: Leftovers
|-damage|p1a: Flygon|44/100 tox|[from] psn
|-heal|p2a: Skarmory|95/100|[from] item: Leftovers
|upkeep
|turn|75
|
|t:|1728425729
|switch|p1a: fuck skarm x3|Skarmory, M|86/100
|move|p2a: Skarmory|Taunt|p1a: fuck skarm x3
|-start|p1a: fuck skarm x3|move: Taunt
|
|-weather|Sandstorm|[upkeep]
|-heal|p2a: Skarmory|100/100|[from] item: Leftovers
|-heal|p1a: fuck skarm x3|92/100|[from] item: Leftovers
|upkeep
|turn|76
|c|☆ccczzx|ggwp
|
|t:|1728425740
|switch|p1a: Flygon|Flygon, M|44/100 tox
|move|p2a: Skarmory|Roar|p1a: Flygon
|drag|p1a: fuck skarm x3|Skarmory, M|92/100
|
|-weather|Sandstorm|[upkeep]
|-heal|p1a: fuck skarm x3|98/100|[from] item: Leftovers
|upkeep
|turn|77
|
|t:|1728425751
|switch|p1a: Flygon|Flygon, M|44/100 tox
|move|p2a: Skarmory|Taunt|p1a: Flygon
|-start|p1a: Flygon|move: Taunt
|
|-weather|Sandstorm|[upkeep]
|-heal|p1a: Flygon|50/100 tox|[from] item: Leftovers
|-damage|p1a: Flygon|44/100 tox|[from] psn
|upkeep
|turn|78
|
|t:|1728425757
|switch|p1a: fuck skarm x3|Skarmory, M|98/100
|move|p2a: Skarmory|Spikes||[still]
|-fail|p2a: Skarmory
|
|-weather|Sandstorm|[upkeep]
|-heal|p1a: fuck skarm x3|100/100|[from] item: Leftovers
|upkeep
|turn|79
|
|t:|1728425766
|switch|p1a: Flygon|Flygon, M|44/100 tox
|move|p2a: Skarmory|Spikes||[still]
|-fail|p2a: Skarmory
|
|-weather|Sandstorm|[upkeep]
|-heal|p1a: Flygon|50/100 tox|[from] item: Leftovers
|-damage|p1a: Flygon|44/100 tox|[from] psn
|upkeep
|turn|80
|
|t:|1728425771
|switch|p1a: fuck skarm x3|Skarmory, M|100/100
|switch|p2a: Moltres|Moltres|39/100
|
|-weather|Sandstorm|[upkeep]
|-damage|p2a: Moltres|33/100|[from] Sandstorm
|-heal|p2a: Moltres|39/100|[from] item: Leftovers
|upkeep
|turn|81
|
|t:|1728425779
|move|p1a: fuck skarm x3|Protect|p1a: fuck skarm x3
|-singleturn|p1a: fuck skarm x3|Protect
|move|p2a: Moltres|Flamethrower|p1a: fuck skarm x3
|-activate|p1a: fuck skarm x3|Protect
|
|-weather|Sandstorm|[upkeep]
|-damage|p2a: Moltres|33/100|[from] Sandstorm
|-heal|p2a: Moltres|39/100|[from] item: Leftovers
|upkeep
|turn|82
|
|t:|1728425788
|switch|p1a: Flygon|Flygon, M|44/100 tox
|move|p2a: Moltres|Flamethrower|p1a: Flygon
|-resisted|p1a: Flygon
|-damage|p1a: Flygon|15/100 tox
|
|-weather|Sandstorm|[upkeep]
|-damage|p2a: Moltres|33/100|[from] Sandstorm
|-heal|p2a: Moltres|39/100|[from] item: Leftovers
|-heal|p1a: Flygon|21/100 tox|[from] item: Leftovers
|-damage|p1a: Flygon|15/100 tox|[from] psn
|upkeep
|turn|83
|
|t:|1728425799
|move|p2a: Moltres|Flamethrower|p1a: Flygon
|-resisted|p1a: Flygon
|-damage|p1a: Flygon|0 fnt
|faint|p1a: Flygon
|
|t:|1728425803
|switch|p1a: fuck skarm x3|Skarmory, M|100/100
|
|-weather|Sandstorm|[upkeep]
|-damage|p2a: Moltres|33/100|[from] Sandstorm
|-heal|p2a: Moltres|39/100|[from] item: Leftovers
|upkeep
|turn|84
|
|t:|1728425807
|move|p2a: Moltres|Flamethrower|p1a: fuck skarm x3
|-supereffective|p1a: fuck skarm x3
|-damage|p1a: fuck skarm x3|0 fnt
|faint|p1a: fuck skarm x3
|
|win|Zcarlett
|c|☆Zcarlett|gg

</script>
<script type="application/json" class="data" id="replaydata-smogtours-gen3ou-796516">
{"id":"smogtours-gen3ou-796516","format":"[Gen 3] OU","players":["ccczzx","Zcarlett"],"uploadtime":1728425807,"views":82,"formatid":"gen3ou","rating":null,"private":0,"password":null}
</script>

<script defer src="js/replays.js?9d40a366"></script>
