<!DOCTYPE html>
<meta charset="utf-8" />
<meta name="viewport" content="width=device-width" />

<title>[Gen 3] OU: tamafuyu vs. Scansafatiche - Replays - Pok&eacute;mon Showdown!</title>

<meta name="description" content="Watch a replay of a Pok&eacute;mon battle between tamafuyu and Scansafatiche! Format: [Gen 3] OU; Date: Oct 30, 2024" />
<!--

Hey, you! Looking in the source for the replay log?

You can find them in JSON format, just add `.json` at the end of a replay URL.

https://replay.pokemonshowdown.com/gen7randomdoublesbattle-865046831.json

Or, if you only need the log itself, add `.log` instead:

https://replay.pokemonshowdown.com/gen7randomdoublesbattle-865046831.log

-->

<link rel="stylesheet" href="//pokemonshowdown.com/style/global.css?0.023195364461161105" />
<link rel="stylesheet" href="//play.pokemonshowdown.com/style/font-awesome.css?0.13261647063804238" />
<link rel="stylesheet" href="//play.pokemonshowdown.com/style/battle.css?0.8753245789963631" />
<link rel="stylesheet" href="//play.pokemonshowdown.com/style/utilichart.css?0.8627959624976733" />

<!-- Global site tag (gtag.js) - Google Analytics -->
<script async src="https://www.googletagmanager.com/gtag/js?id=UA-26211653-1"></script>
<script>
  window.dataLayer = window.dataLayer || [];
  function gtag(){dataLayer.push(arguments);}
  gtag('js', new Date());

  gtag('config', 'UA-26211653-1');
</script>
<!-- End Google Analytics -->
<!-- Venatus Ad Manager - Install in <HEAD> of page -->
	<script src="https://hb.vntsm.com/v3/live/ad-manager.min.js" type="text/javascript" data-site-id="642aba63ec9a7b11c3c9c1be" data-mode="scan" async></script>
<!-- / Venatus Ad Manager -->

<style>
	@media (max-width:820px) {
		.battle {
			margin: 0 auto;
		}
		.battle-log {
			margin: 7px auto 0;
			max-width: 640px;
			height: 300px;
			position: static;
		}
	}
	.optgroup {
		display: inline-block;
		line-height: 22px;
		font-size: 10pt;
	}
	.optgroup .button {
		height: 25px;
		padding-top: 0;
		padding-bottom: 0;
	}
	.optgroup button.button {
		padding-left: 12px;
		padding-right: 12px;
	}
	.linklist {
		list-style: none;
		margin: 0.5em 0;
		padding: 0;
	}
	.linklist li {
		padding: 2px 0;
	}
	.sidebar {
		float: left;
		width: 320px;
	}
	.bar-wrapper {
		max-width: 1100px;
		margin: 0 auto;
	}
	.bar-wrapper.has-sidebar {
		max-width: 1430px;
	}
	.mainbar {
		margin: 0;
		padding-right: 1px;
	}
	.mainbar.has-sidebar {
		margin-left: 330px;
	}
	@media (min-width: 1511px) {
		.sidebar {
			width: 400px;
		}
		.bar-wrapper.has-sidebar {
			max-width: 1510px;
		}
		.mainbar.has-sidebar {
			margin-left: 410px;
		}
	}
	.section.first-section {
		margin-top: 9px;
	}
	.blocklink small {
		white-space: normal;
	}
	.button {
		vertical-align: middle;
	}
	.replay-controls {
		padding-top: 10px;
	}
	.replay-controls h1 {
		font-size: 16pt;
		font-weight: normal;
		color: #CCC;
	}
	.pagelink {
		text-align: center;
	}
	.pagelink a {
		width: 150px;
	}
	.textbox, .button {
		font-size: 11pt;
		vertical-align: middle;
	}
	@media (max-width: 450px) {
		.button {
			font-size: 9pt;
		}
	}
</style>

<div>

	<header>
		<div class="nav-wrapper"><ul class="nav">
			<li><a class="button nav-first" href="//pokemonshowdown.com/"><img src="//pokemonshowdown.com/images/pokemonshowdownbeta.png" srcset="//pokemonshowdown.com/images/pokemonshowdownbeta.png 1x, //pokemonshowdown.com/images/pokemonshowdownbeta@2x.png 2x" alt="Pok&eacute;mon Showdown" width="146" height="44" /> Home</a></li>
			<li><a class="button" href="//pokemonshowdown.com/dex/">Pok&eacute;dex</a></li>
			<li><a class="button cur" href="/">Replays</a></li>
			<li><a class="button" href="//pokemonshowdown.com/ladder/">Ladder</a></li>
			<li><a class="button nav-last" href="//pokemonshowdown.com/forums/">Forum</a></li>
			<li><a class="button greenbutton nav-first nav-last" href="//play.pokemonshowdown.com/">Play</a></li>
		</ul></div>
	</header>

	<div class="main" id="main">

		<noscript><section class="section">You need to enable JavaScript to use this page; sorry!</section></noscript>

	</div>

</div>

<script defer nomodule src="//play.pokemonshowdown.com/js/lib/ps-polyfill.js"></script>
<script defer src="//play.pokemonshowdown.com/js/lib/preact.min.js"></script>

<script defer src="//play.pokemonshowdown.com/config/config.js?2bddbc15"></script>
<script defer src="//play.pokemonshowdown.com/js/lib/jquery-1.11.0.min.js"></script>
<script defer src="//play.pokemonshowdown.com/js/lib/html-sanitizer-minified.js"></script>
<script defer src="//play.pokemonshowdown.com/js/battle-sound.js"></script>
<script defer src="//play.pokemonshowdown.com/js/battledata.js?0.7209276989879541"></script>
<script defer src="//play.pokemonshowdown.com/data/pokedex-mini.js?0.6111056340867951"></script>
<script defer src="//play.pokemonshowdown.com/data/pokedex-mini-bw.js?0.3532142036491459"></script>
<script defer src="//play.pokemonshowdown.com/data/graphics.js?0.24223875632456182"></script>
<script defer src="//play.pokemonshowdown.com/data/pokedex.js?0.38839984266356864"></script>
<script defer src="//play.pokemonshowdown.com/data/moves.js?0.21866028504024015"></script>
<script defer src="//play.pokemonshowdown.com/data/abilities.js?0.2005157953846628"></script>
<script defer src="//play.pokemonshowdown.com/data/items.js?0.9894211263848525"></script>
<script defer src="//play.pokemonshowdown.com/data/teambuilder-tables.js?0.6008791140282215"></script>
<script defer src="//play.pokemonshowdown.com/js/battle-tooltips.js?0.7580118955022959"></script>
<script defer src="//play.pokemonshowdown.com/js/battle.js?0.6057722274234274"></script>

<script defer src="js/utils.js?e31f9a17"></script>
<script defer src="js/replays-battle.js?7008c182"></script>

<!-- don't scrape this data! just add .json or .log after the URL!
Full API docs: https://github.com/smogon/pokemon-showdown-client/blob/master/WEB-API.md -->
<script type="text/plain" class="log" id="replaylog-smogtours-gen3ou-803490">
|inactive|Battle timer is ON: inactive players will automatically lose when time's up.
|t:|1730324857
|gametype|singles
|player|p1|tamafuyu|rosa-masters|
|player|p2|Scansafatiche|n|
|teamsize|p1|6
|teamsize|p2|6
|gen|3
|tier|[Gen 3] OU
|rule|Sleep Clause Mod: Limit one foe put to sleep
|rule|Switch Priority Clause Mod: Faster Pokémon switch first
|rule|Species Clause: Limit one of each Pokémon
|rule|OHKO Clause: OHKO moves are banned
|rule|Evasion Items Clause: Evasion items are banned
|rule|Evasion Moves Clause: Evasion moves are banned
|rule|Endless Battle Clause: Forcing endless battles is banned
|rule|HP Percentage Mod: HP is shown in percentages
|rule|One Boost Passer Clause: Limit one Baton Passer that has a way to boost its stats
|rule|Freeze Clause Mod: Limit one foe frozen
|
|t:|1730324857
|start
|switch|p1a: Salamence|Salamence, M|100/100
|switch|p2a: Zapdos|Zapdos|100/100
|-ability|p1a: Salamence|Intimidate|boost
|-unboost|p2a: Zapdos|atk|1
|turn|1
|inactive|tamafuyu also wants the timer to be on.
|c|☆tamafuyu|hfgl
|c|☆Scansafatiche|glhf
|inactive|tamafuyu has 270 seconds left.
|inactive|Scansafatiche has 270 seconds left.
|
|t:|1730324900
|switch|p1a: Swampert|Swampert, F|100/100
|move|p2a: Zapdos|Substitute|p2a: Zapdos
|-start|p2a: Zapdos|Substitute
|-damage|p2a: Zapdos|76/100
|
|-heal|p2a: Zapdos|82/100|[from] item: Leftovers
|upkeep
|turn|2
|
|t:|1730324911
|move|p2a: Zapdos|Baton Pass|p2a: Zapdos
|inactive|Scansafatiche has 270 seconds left.
|
|t:|1730324953
|switch|p2a: Tyranitar|Tyranitar, M|100/100|[from] Baton Pass
|-weather|Sandstorm|[from] ability: Sand Stream|[of] p2a: Tyranitar
|move|p1a: Swampert|Ice Beam|p2a: Tyranitar
|-end|p2a: Tyranitar|Substitute
|
|-weather|Sandstorm|[upkeep]
|upkeep
|turn|3
|
|t:|1730324971
|move|p1a: Swampert|Hydro Pump|p2a: Tyranitar
|-supereffective|p2a: Tyranitar
|-damage|p2a: Tyranitar|0 fnt
|faint|p2a: Tyranitar
|
|t:|1730324975
|switch|p2a: Starmie|Starmie|100/100
|
|-weather|Sandstorm|[upkeep]
|-damage|p2a: Starmie|94/100|[from] Sandstorm
|-heal|p2a: Starmie|100/100|[from] item: Leftovers
|upkeep
|turn|4
|
|t:|1730324982
|move|p2a: Starmie|Surf|p1a: Swampert
|-damage|p1a: Swampert|63/100
|move|p1a: Swampert|Earthquake|p2a: Starmie
|-damage|p2a: Starmie|56/100
|
|-weather|Sandstorm|[upkeep]
|-damage|p2a: Starmie|50/100|[from] Sandstorm
|-heal|p2a: Starmie|56/100|[from] item: Leftovers
|-heal|p1a: Swampert|69/100|[from] item: Leftovers
|upkeep
|turn|5
|
|t:|1730324990
|switch|p1a: Snorlax|Snorlax, M|100/100
|move|p2a: Starmie|Surf|p1a: Snorlax
|-damage|p1a: Snorlax|82/100
|
|-weather|Sandstorm|[upkeep]
|-damage|p2a: Starmie|50/100|[from] Sandstorm
|-damage|p1a: Snorlax|76/100|[from] Sandstorm
|-heal|p2a: Starmie|56/100|[from] item: Leftovers
|-heal|p1a: Snorlax|82/100|[from] item: Leftovers
|upkeep
|turn|6
|inactive|Scansafatiche has 270 seconds left.
|
|t:|1730324996
|switch|p2a: Hariyama|Hariyama, F|100/100
|move|p1a: Snorlax|Body Slam|p2a: Hariyama
|-damage|p2a: Hariyama|60/100
|
|-weather|Sandstorm|[upkeep]
|-damage|p2a: Hariyama|54/100|[from] Sandstorm
|-damage|p1a: Snorlax|76/100|[from] Sandstorm
|-heal|p2a: Hariyama|60/100|[from] item: Leftovers
|-heal|p1a: Snorlax|82/100|[from] item: Leftovers
|upkeep
|turn|7
|
|t:|1730325007
|-singleturn|p2a: Hariyama|move: Focus Punch
|switch|p1a: Salamence|Salamence, M|100/100
|-ability|p1a: Salamence|Intimidate|boost
|-unboost|p2a: Hariyama|atk|1
|move|p2a: Hariyama|Focus Punch|p1a: Salamence
|-resisted|p1a: Salamence
|-damage|p1a: Salamence|68/100
|
|-weather|Sandstorm|[upkeep]
|-damage|p1a: Salamence|62/100|[from] Sandstorm
|-damage|p2a: Hariyama|54/100|[from] Sandstorm
|-heal|p1a: Salamence|68/100|[from] item: Leftovers
|-heal|p2a: Hariyama|60/100|[from] item: Leftovers
|upkeep
|turn|8
|
|t:|1730325031
|move|p1a: Salamence|Dragon Claw|p2a: Hariyama
|-damage|p2a: Hariyama|25/100
|move|p2a: Hariyama|Rock Slide|p1a: Salamence
|-supereffective|p1a: Salamence
|-damage|p1a: Salamence|25/100
|
|-weather|Sandstorm|[upkeep]
|-damage|p1a: Salamence|19/100|[from] Sandstorm
|-damage|p2a: Hariyama|19/100|[from] Sandstorm
|-heal|p1a: Salamence|25/100|[from] item: Leftovers
|-heal|p2a: Hariyama|25/100|[from] item: Leftovers
|upkeep
|turn|9
|
|t:|1730325037
|switch|p2a: Blissey|Blissey, F|100/100
|move|p1a: Salamence|Dragon Claw|p2a: Blissey
|-damage|p2a: Blissey|87/100
|
|-weather|Sandstorm|[upkeep]
|-damage|p1a: Salamence|19/100|[from] Sandstorm
|-damage|p2a: Blissey|81/100|[from] Sandstorm
|-heal|p1a: Salamence|25/100|[from] item: Leftovers
|-heal|p2a: Blissey|87/100|[from] item: Leftovers
|upkeep
|turn|10
|
|t:|1730325044
|switch|p1a: Metagross|Metagross|100/100
|move|p2a: Blissey|Wish|p2a: Blissey
|
|-weather|Sandstorm|[upkeep]
|-damage|p2a: Blissey|81/100|[from] Sandstorm
|-heal|p2a: Blissey|87/100|[from] item: Leftovers
|upkeep
|turn|11
|
|t:|1730325068
|switch|p2a: Zapdos|Zapdos|82/100
|move|p1a: Metagross|Meteor Mash|p2a: Zapdos
|-resisted|p2a: Zapdos
|-damage|p2a: Zapdos|56/100
|
|-heal|p2a: Zapdos|100/100|[from] move: Wish|[wisher] Blissey
|-weather|Sandstorm|[upkeep]
|-damage|p2a: Zapdos|94/100|[from] Sandstorm
|-heal|p2a: Zapdos|100/100|[from] item: Leftovers
|upkeep
|turn|12
|
|t:|1730325080
|move|p2a: Zapdos|Substitute|p2a: Zapdos
|-start|p2a: Zapdos|Substitute
|-damage|p2a: Zapdos|76/100
|move|p1a: Metagross|Psychic|p2a: Zapdos
|-end|p2a: Zapdos|Substitute
|
|-weather|Sandstorm|[upkeep]
|-damage|p2a: Zapdos|69/100|[from] Sandstorm
|-heal|p2a: Zapdos|76/100|[from] item: Leftovers
|upkeep
|turn|13
|
|t:|1730325088
|move|p2a: Zapdos|Thunderbolt|p1a: Metagross
|-damage|p1a: Metagross|30/100
|move|p1a: Metagross|Psychic|p2a: Zapdos
|-damage|p2a: Zapdos|28/100
|
|-weather|Sandstorm|[upkeep]
|-damage|p2a: Zapdos|22/100|[from] Sandstorm
|-heal|p2a: Zapdos|28/100|[from] item: Leftovers
|-heal|p1a: Metagross|36/100|[from] item: Leftovers
|upkeep
|turn|14
|
|t:|1730325094
|switch|p1a: Swampert|Swampert, F|69/100
|move|p2a: Zapdos|Thunderbolt|p1a: Swampert
|-immune|p1a: Swampert
|
|-weather|Sandstorm|[upkeep]
|-damage|p2a: Zapdos|22/100|[from] Sandstorm
|-heal|p2a: Zapdos|28/100|[from] item: Leftovers
|-heal|p1a: Swampert|76/100|[from] item: Leftovers
|upkeep
|turn|15
|
|t:|1730325108
|move|p2a: Zapdos|Baton Pass|p2a: Zapdos
|
|t:|1730325112
|switch|p2a: Metagross|Metagross|100/100|[from] Baton Pass
|move|p1a: Swampert|Ice Beam|p2a: Metagross
|-resisted|p2a: Metagross
|-damage|p2a: Metagross|87/100
|
|-weather|Sandstorm|[upkeep]
|-heal|p1a: Swampert|82/100|[from] item: Leftovers
|-heal|p2a: Metagross|93/100|[from] item: Leftovers
|upkeep
|turn|16
|
|t:|1730325133
|move|p2a: Metagross|Protect|p2a: Metagross
|-singleturn|p2a: Metagross|Protect
|move|p1a: Swampert|Earthquake|p2a: Metagross
|-activate|p2a: Metagross|Protect
|
|-weather|Sandstorm|[upkeep]
|-heal|p1a: Swampert|88/100|[from] item: Leftovers
|-heal|p2a: Metagross|99/100|[from] item: Leftovers
|upkeep
|turn|17
|
|t:|1730325151
|switch|p1a: Metagross|Metagross|36/100
|move|p2a: Metagross|Explosion|p1a: Metagross
|-resisted|p1a: Metagross
|-damage|p1a: Metagross|0 fnt
|faint|p2a: Metagross
|faint|p1a: Metagross
|
|t:|1730325163
|switch|p1a: Swampert|Swampert, F|88/100
|switch|p2a: Blissey|Blissey, F|87/100
|
|-weather|Sandstorm|[upkeep]
|-damage|p2a: Blissey|81/100|[from] Sandstorm
|-heal|p1a: Swampert|94/100|[from] item: Leftovers
|-heal|p2a: Blissey|87/100|[from] item: Leftovers
|upkeep
|turn|18
|
|t:|1730325168
|-singleturn|p1a: Swampert|move: Focus Punch
|move|p2a: Blissey|Wish|p2a: Blissey
|move|p1a: Swampert|Focus Punch|p2a: Blissey
|-supereffective|p2a: Blissey
|-damage|p2a: Blissey|23/100
|
|-weather|Sandstorm|[upkeep]
|-damage|p2a: Blissey|16/100|[from] Sandstorm
|-heal|p1a: Swampert|99/100|[from] item: Leftovers
|-heal|p2a: Blissey|23/100|[from] item: Leftovers
|upkeep
|turn|19
|
|t:|1730325179
|move|p1a: Swampert|Ice Beam|p2a: Blissey
|-damage|p2a: Blissey|13/100
|move|p2a: Blissey|Soft-Boiled|p2a: Blissey
|-heal|p2a: Blissey|63/100
|
|-heal|p2a: Blissey|100/100|[from] move: Wish|[wisher] Blissey
|-weather|Sandstorm|[upkeep]
|-damage|p2a: Blissey|94/100|[from] Sandstorm
|-heal|p1a: Swampert|100/100|[from] item: Leftovers
|-heal|p2a: Blissey|100/100|[from] item: Leftovers
|upkeep
|turn|20
|
|t:|1730325189
|move|p1a: Swampert|Earthquake|p2a: Blissey
|-damage|p2a: Blissey|68/100
|move|p2a: Blissey|Seismic Toss|p1a: Swampert
|-damage|p1a: Swampert|71/100
|
|-weather|Sandstorm|[upkeep]
|-damage|p2a: Blissey|62/100|[from] Sandstorm
|-heal|p1a: Swampert|77/100|[from] item: Leftovers
|-heal|p2a: Blissey|68/100|[from] item: Leftovers
|upkeep
|turn|21
|
|t:|1730325197
|-singleturn|p1a: Swampert|move: Focus Punch
|move|p2a: Blissey|Ice Beam|p1a: Swampert
|-damage|p1a: Swampert|56/100
|move|p1a: Swampert|Focus Punch||[still]
|cant|p1a: Swampert|Focus Punch|Focus Punch
|
|-weather|Sandstorm|[upkeep]
|-damage|p2a: Blissey|62/100|[from] Sandstorm
|-heal|p1a: Swampert|62/100|[from] item: Leftovers
|-heal|p2a: Blissey|68/100|[from] item: Leftovers
|upkeep
|turn|22
|
|t:|1730325204
|switch|p1a: Snorlax|Snorlax, M|82/100
|move|p2a: Blissey|Ice Beam|p1a: Snorlax
|-damage|p1a: Snorlax|71/100
|
|-weather|Sandstorm|[upkeep]
|-damage|p2a: Blissey|62/100|[from] Sandstorm
|-damage|p1a: Snorlax|65/100|[from] Sandstorm
|-heal|p2a: Blissey|68/100|[from] item: Leftovers
|-heal|p1a: Snorlax|71/100|[from] item: Leftovers
|upkeep
|turn|23
|
|t:|1730325209
|move|p2a: Blissey|Wish|p2a: Blissey
|move|p1a: Snorlax|Body Slam|p2a: Blissey
|-damage|p2a: Blissey|34/100
|
|-weather|Sandstorm|[upkeep]
|-damage|p2a: Blissey|28/100|[from] Sandstorm
|-damage|p1a: Snorlax|65/100|[from] Sandstorm
|-heal|p2a: Blissey|34/100|[from] item: Leftovers
|-heal|p1a: Snorlax|71/100|[from] item: Leftovers
|upkeep
|turn|24
|
|t:|1730325219
|move|p2a: Blissey|Soft-Boiled|p2a: Blissey
|-heal|p2a: Blissey|84/100
|move|p1a: Snorlax|Body Slam|p2a: Blissey
|-damage|p2a: Blissey|51/100
|
|-heal|p2a: Blissey|100/100|[from] move: Wish|[wisher] Blissey
|-weather|Sandstorm|[upkeep]
|-damage|p2a: Blissey|94/100|[from] Sandstorm
|-damage|p1a: Snorlax|65/100|[from] Sandstorm
|-heal|p2a: Blissey|100/100|[from] item: Leftovers
|-heal|p1a: Snorlax|71/100|[from] item: Leftovers
|upkeep
|turn|25
|
|t:|1730325224
|-singleturn|p1a: Snorlax|move: Focus Punch
|move|p2a: Blissey|Ice Beam|p1a: Snorlax
|-damage|p1a: Snorlax|61/100
|move|p1a: Snorlax|Focus Punch||[still]
|cant|p1a: Snorlax|Focus Punch|Focus Punch
|
|-weather|Sandstorm|[upkeep]
|-damage|p2a: Blissey|94/100|[from] Sandstorm
|-damage|p1a: Snorlax|55/100|[from] Sandstorm
|-heal|p2a: Blissey|100/100|[from] item: Leftovers
|-heal|p1a: Snorlax|61/100|[from] item: Leftovers
|upkeep
|turn|26
|
|t:|1730325230
|move|p2a: Blissey|Seismic Toss|p1a: Snorlax
|-damage|p1a: Snorlax|39/100
|move|p1a: Snorlax|Body Slam|p2a: Blissey
|-damage|p2a: Blissey|63/100
|
|-weather|Sandstorm|[upkeep]
|-damage|p2a: Blissey|57/100|[from] Sandstorm
|-damage|p1a: Snorlax|33/100|[from] Sandstorm
|-heal|p2a: Blissey|63/100|[from] item: Leftovers
|-heal|p1a: Snorlax|39/100|[from] item: Leftovers
|upkeep
|turn|27
|
|t:|1730325235
|move|p2a: Blissey|Seismic Toss|p1a: Snorlax
|-damage|p1a: Snorlax|18/100
|move|p1a: Snorlax|Self-Destruct|p2a: Blissey
|-crit|p2a: Blissey
|-damage|p2a: Blissey|0 fnt
|faint|p1a: Snorlax
|faint|p2a: Blissey
|
|t:|1730325249
|switch|p2a: Starmie|Starmie|56/100
|switch|p1a: Swampert|Swampert, F|62/100
|
|-weather|Sandstorm|[upkeep]
|-damage|p2a: Starmie|50/100|[from] Sandstorm
|-heal|p2a: Starmie|56/100|[from] item: Leftovers
|-heal|p1a: Swampert|68/100|[from] item: Leftovers
|upkeep
|turn|28
|
|t:|1730325253
|move|p2a: Starmie|Surf|p1a: Swampert
|-damage|p1a: Swampert|30/100
|move|p1a: Swampert|Earthquake|p2a: Starmie
|-damage|p2a: Starmie|11/100
|
|-weather|Sandstorm|[upkeep]
|-damage|p2a: Starmie|5/100|[from] Sandstorm
|-heal|p2a: Starmie|11/100|[from] item: Leftovers
|-heal|p1a: Swampert|36/100|[from] item: Leftovers
|upkeep
|turn|29
|
|t:|1730325270
|switch|p1a: Salamence|Salamence, M|25/100
|-ability|p1a: Salamence|Intimidate|boost
|-unboost|p2a: Starmie|atk|1
|move|p2a: Starmie|Surf|p1a: Salamence
|-resisted|p1a: Salamence
|-crit|p1a: Salamence
|-damage|p1a: Salamence|0 fnt
|faint|p1a: Salamence
|
|t:|1730325277
|switch|p1a: Zapdos|Zapdos|100/100
|
|-weather|Sandstorm|[upkeep]
|-damage|p2a: Starmie|5/100|[from] Sandstorm
|-damage|p1a: Zapdos|94/100|[from] Sandstorm
|-heal|p2a: Starmie|11/100|[from] item: Leftovers
|-heal|p1a: Zapdos|100/100|[from] item: Leftovers
|upkeep
|turn|30
|
|t:|1730325284
|switch|p2a: Hariyama|Hariyama, F|25/100
|move|p1a: Zapdos|Thunderbolt|p2a: Hariyama
|-damage|p2a: Hariyama|0 fnt
|faint|p2a: Hariyama
|
|t:|1730325285
|switch|p2a: Zapdos|Zapdos|28/100
|
|-weather|Sandstorm|[upkeep]
|-damage|p1a: Zapdos|94/100|[from] Sandstorm
|-damage|p2a: Zapdos|22/100|[from] Sandstorm
|-heal|p2a: Zapdos|28/100|[from] item: Leftovers
|-heal|p1a: Zapdos|100/100|[from] item: Leftovers
|upkeep
|turn|31
|
|t:|1730325290
|move|p2a: Zapdos|Hidden Power|p1a: Zapdos
|-supereffective|p1a: Zapdos
|-damage|p1a: Zapdos|44/100
|move|p1a: Zapdos|Thunderbolt|p2a: Zapdos
|-damage|p2a: Zapdos|0 fnt
|faint|p2a: Zapdos
|
|t:|1730325292
|switch|p2a: Starmie|Starmie|11/100
|
|-weather|Sandstorm|[upkeep]
|-damage|p2a: Starmie|5/100|[from] Sandstorm
|-damage|p1a: Zapdos|38/100|[from] Sandstorm
|-heal|p2a: Starmie|11/100|[from] item: Leftovers
|-heal|p1a: Zapdos|44/100|[from] item: Leftovers
|upkeep
|turn|32
|
|t:|1730325295
|move|p2a: Starmie|Surf|p1a: Zapdos
|-damage|p1a: Zapdos|7/100
|move|p1a: Zapdos|Thunder Wave|p2a: Starmie
|-status|p2a: Starmie|par
|
|-weather|Sandstorm|[upkeep]
|-damage|p1a: Zapdos|1/100|[from] Sandstorm
|-damage|p2a: Starmie|5/100 par|[from] Sandstorm
|-heal|p1a: Zapdos|7/100|[from] item: Leftovers
|-heal|p2a: Starmie|11/100 par|[from] item: Leftovers
|upkeep
|turn|33
|c|☆tamafuyu|gg
|
|t:|1730325299
|move|p1a: Zapdos|Thunderbolt|p2a: Starmie
|-supereffective|p2a: Starmie
|-damage|p2a: Starmie|0 fnt
|faint|p2a: Starmie
|
|win|tamafuyu
|c|☆Scansafatiche|gg
|player|p1|

</script>
<script type="application/json" class="data" id="replaydata-smogtours-gen3ou-803490">
{"id":"smogtours-gen3ou-803490","format":"[Gen 3] OU","players":["tamafuyu","Scansafatiche"],"uploadtime":1730325299,"views":62,"formatid":"gen3ou","rating":null,"private":1,"password":null}
</script>

<script defer src="js/replays.js?9d40a366"></script>
