<!DOCTYPE html>
<meta charset="utf-8" />
<meta name="viewport" content="width=device-width" />

<title>[Gen 3] OU: hipimochi vs. Nihiliros - Replays - Pok&eacute;mon Showdown!</title>

<meta name="description" content="Watch a replay of a Pok&eacute;mon battle between hipimochi and Nihiliros! Format: [Gen 3] OU; Date: Oct 17, 2024" />
<!--

Hey, you! Looking in the source for the replay log?

You can find them in JSON format, just add `.json` at the end of a replay URL.

https://replay.pokemonshowdown.com/gen7randomdoublesbattle-865046831.json

Or, if you only need the log itself, add `.log` instead:

https://replay.pokemonshowdown.com/gen7randomdoublesbattle-865046831.log

-->

<link rel="stylesheet" href="//pokemonshowdown.com/style/global.css?0.023195364461161105" />
<link rel="stylesheet" href="//play.pokemonshowdown.com/style/font-awesome.css?0.13261647063804238" />
<link rel="stylesheet" href="//play.pokemonshowdown.com/style/battle.css?0.8753245789963631" />
<link rel="stylesheet" href="//play.pokemonshowdown.com/style/utilichart.css?0.8627959624976733" />

<!-- Global site tag (gtag.js) - Google Analytics -->
<script async src="https://www.googletagmanager.com/gtag/js?id=UA-26211653-1"></script>
<script>
  window.dataLayer = window.dataLayer || [];
  function gtag(){dataLayer.push(arguments);}
  gtag('js', new Date());

  gtag('config', 'UA-26211653-1');
</script>
<!-- End Google Analytics -->
<!-- Venatus Ad Manager - Install in <HEAD> of page -->
	<script src="https://hb.vntsm.com/v3/live/ad-manager.min.js" type="text/javascript" data-site-id="642aba63ec9a7b11c3c9c1be" data-mode="scan" async></script>
<!-- / Venatus Ad Manager -->

<style>
	@media (max-width:820px) {
		.battle {
			margin: 0 auto;
		}
		.battle-log {
			margin: 7px auto 0;
			max-width: 640px;
			height: 300px;
			position: static;
		}
	}
	.optgroup {
		display: inline-block;
		line-height: 22px;
		font-size: 10pt;
	}
	.optgroup .button {
		height: 25px;
		padding-top: 0;
		padding-bottom: 0;
	}
	.optgroup button.button {
		padding-left: 12px;
		padding-right: 12px;
	}
	.linklist {
		list-style: none;
		margin: 0.5em 0;
		padding: 0;
	}
	.linklist li {
		padding: 2px 0;
	}
	.sidebar {
		float: left;
		width: 320px;
	}
	.bar-wrapper {
		max-width: 1100px;
		margin: 0 auto;
	}
	.bar-wrapper.has-sidebar {
		max-width: 1430px;
	}
	.mainbar {
		margin: 0;
		padding-right: 1px;
	}
	.mainbar.has-sidebar {
		margin-left: 330px;
	}
	@media (min-width: 1511px) {
		.sidebar {
			width: 400px;
		}
		.bar-wrapper.has-sidebar {
			max-width: 1510px;
		}
		.mainbar.has-sidebar {
			margin-left: 410px;
		}
	}
	.section.first-section {
		margin-top: 9px;
	}
	.blocklink small {
		white-space: normal;
	}
	.button {
		vertical-align: middle;
	}
	.replay-controls {
		padding-top: 10px;
	}
	.replay-controls h1 {
		font-size: 16pt;
		font-weight: normal;
		color: #CCC;
	}
	.pagelink {
		text-align: center;
	}
	.pagelink a {
		width: 150px;
	}
	.textbox, .button {
		font-size: 11pt;
		vertical-align: middle;
	}
	@media (max-width: 450px) {
		.button {
			font-size: 9pt;
		}
	}
</style>

<div>

	<header>
		<div class="nav-wrapper"><ul class="nav">
			<li><a class="button nav-first" href="//pokemonshowdown.com/"><img src="//pokemonshowdown.com/images/pokemonshowdownbeta.png" srcset="//pokemonshowdown.com/images/pokemonshowdownbeta.png 1x, //pokemonshowdown.com/images/pokemonshowdownbeta@2x.png 2x" alt="Pok&eacute;mon Showdown" width="146" height="44" /> Home</a></li>
			<li><a class="button" href="//pokemonshowdown.com/dex/">Pok&eacute;dex</a></li>
			<li><a class="button cur" href="/">Replays</a></li>
			<li><a class="button" href="//pokemonshowdown.com/ladder/">Ladder</a></li>
			<li><a class="button nav-last" href="//pokemonshowdown.com/forums/">Forum</a></li>
			<li><a class="button greenbutton nav-first nav-last" href="//play.pokemonshowdown.com/">Play</a></li>
		</ul></div>
	</header>

	<div class="main" id="main">

		<noscript><section class="section">You need to enable JavaScript to use this page; sorry!</section></noscript>

	</div>

</div>

<script defer nomodule src="//play.pokemonshowdown.com/js/lib/ps-polyfill.js"></script>
<script defer src="//play.pokemonshowdown.com/js/lib/preact.min.js"></script>

<script defer src="//play.pokemonshowdown.com/config/config.js?2bddbc15"></script>
<script defer src="//play.pokemonshowdown.com/js/lib/jquery-1.11.0.min.js"></script>
<script defer src="//play.pokemonshowdown.com/js/lib/html-sanitizer-minified.js"></script>
<script defer src="//play.pokemonshowdown.com/js/battle-sound.js"></script>
<script defer src="//play.pokemonshowdown.com/js/battledata.js?0.7209276989879541"></script>
<script defer src="//play.pokemonshowdown.com/data/pokedex-mini.js?0.6111056340867951"></script>
<script defer src="//play.pokemonshowdown.com/data/pokedex-mini-bw.js?0.3532142036491459"></script>
<script defer src="//play.pokemonshowdown.com/data/graphics.js?0.24223875632456182"></script>
<script defer src="//play.pokemonshowdown.com/data/pokedex.js?0.38839984266356864"></script>
<script defer src="//play.pokemonshowdown.com/data/moves.js?0.21866028504024015"></script>
<script defer src="//play.pokemonshowdown.com/data/abilities.js?0.2005157953846628"></script>
<script defer src="//play.pokemonshowdown.com/data/items.js?0.9894211263848525"></script>
<script defer src="//play.pokemonshowdown.com/data/teambuilder-tables.js?0.6008791140282215"></script>
<script defer src="//play.pokemonshowdown.com/js/battle-tooltips.js?0.7580118955022959"></script>
<script defer src="//play.pokemonshowdown.com/js/battle.js?0.6057722274234274"></script>

<script defer src="js/utils.js?e31f9a17"></script>
<script defer src="js/replays-battle.js?7008c182"></script>

<!-- don't scrape this data! just add .json or .log after the URL!
Full API docs: https://github.com/smogon/pokemon-showdown-client/blob/master/WEB-API.md -->
<script type="text/plain" class="log" id="replaylog-smogtours-gen3ou-799306">
|inactive|Battle timer is ON: inactive players will automatically lose when time's up.
|t:|1729188691
|gametype|singles
|player|p1|hipimochi|iris-gen5bw2|
|player|p2|Nihiliros|riley|
|teamsize|p1|6
|teamsize|p2|6
|gen|3
|tier|[Gen 3] OU
|rule|Sleep Clause Mod: Limit one foe put to sleep
|rule|Switch Priority Clause Mod: Faster Pokémon switch first
|rule|Species Clause: Limit one of each Pokémon
|rule|OHKO Clause: OHKO moves are banned
|rule|Evasion Items Clause: Evasion items are banned
|rule|Evasion Moves Clause: Evasion moves are banned
|rule|Endless Battle Clause: Forcing endless battles is banned
|rule|HP Percentage Mod: HP is shown in percentages
|rule|One Boost Passer Clause: Limit one Baton Passer that has a way to boost its stats
|rule|Freeze Clause Mod: Limit one foe frozen
|
|t:|1729188691
|start
|switch|p1a: Suicune|Suicune|100/100
|switch|p2a: Suicune|Suicune|100/100
|turn|1
|
|t:|1729188702
|move|p1a: Suicune|Calm Mind|p1a: Suicune
|-boost|p1a: Suicune|spa|1
|-boost|p1a: Suicune|spd|1
|move|p2a: Suicune|Calm Mind|p2a: Suicune
|-boost|p2a: Suicune|spa|1
|-boost|p2a: Suicune|spd|1
|
|upkeep
|turn|2
|
|t:|1729188710
|move|p1a: Suicune|Roar|p2a: Suicune
|drag|p2a: Metagross|Metagross|100/100
|
|upkeep
|turn|3
|
|t:|1729188736
|switch|p2a: Suicune|Suicune|100/100
|move|p1a: Suicune|Hydro Pump|p2a: Suicune
|-resisted|p2a: Suicune
|-damage|p2a: Suicune|70/100
|
|-heal|p2a: Suicune|76/100|[from] item: Leftovers
|upkeep
|turn|4
|
|t:|1729188743
|move|p1a: Suicune|Calm Mind|p1a: Suicune
|-boost|p1a: Suicune|spa|1
|-boost|p1a: Suicune|spd|1
|move|p2a: Suicune|Roar|p1a: Suicune
|drag|p1a: Raikou|Raikou|100/100
|
|-heal|p2a: Suicune|82/100|[from] item: Leftovers
|upkeep
|turn|5
|inactive|Nihiliros has 270 seconds left.
|
|t:|1729188769
|move|p1a: Raikou|Calm Mind|p1a: Raikou
|-boost|p1a: Raikou|spa|1
|-boost|p1a: Raikou|spd|1
|move|p2a: Suicune|Roar|p1a: Raikou
|drag|p1a: Celebi|Celebi|100/100
|
|-heal|p2a: Suicune|88/100|[from] item: Leftovers
|upkeep
|turn|6
|inactive|Nihiliros has 270 seconds left.
|
|t:|1729188791
|move|p1a: Celebi|Calm Mind|p1a: Celebi
|-boost|p1a: Celebi|spa|1
|-boost|p1a: Celebi|spd|1
|move|p2a: Suicune|Ice Beam|p1a: Celebi
|-supereffective|p1a: Celebi
|-damage|p1a: Celebi|63/100
|
|-heal|p1a: Celebi|69/100|[from] item: Leftovers
|-heal|p2a: Suicune|94/100|[from] item: Leftovers
|upkeep
|turn|7
|inactive|Nihiliros has 270 seconds left.
|
|t:|1729188806
|switch|p2a: Salamence|Salamence, M|100/100
|-ability|p2a: Salamence|Intimidate|boost
|-unboost|p1a: Celebi|atk|1
|move|p1a: Celebi|Giga Drain|p2a: Salamence
|-resisted|p2a: Salamence
|-damage|p2a: Salamence|86/100
|-heal|p1a: Celebi|75/100|[from] drain|[of] p2a: Salamence
|
|-heal|p1a: Celebi|81/100|[from] item: Leftovers
|-heal|p2a: Salamence|92/100|[from] item: Leftovers
|upkeep
|turn|8
|
|t:|1729188830
|switch|p1a: Suicune|Suicune|100/100
|move|p2a: Salamence|Fire Blast|p1a: Suicune
|-resisted|p1a: Suicune
|-crit|p1a: Suicune
|-damage|p1a: Suicune|65/100
|
|-heal|p2a: Salamence|98/100|[from] item: Leftovers
|-heal|p1a: Suicune|71/100|[from] item: Leftovers
|upkeep
|turn|9
|
|t:|1729188849
|switch|p2a: Magneton|Magneton|100/100
|move|p1a: Suicune|Hydro Pump|p2a: Magneton|[miss]
|-miss|p1a: Suicune|p2a: Magneton
|
|-heal|p1a: Suicune|77/100|[from] item: Leftovers
|upkeep
|turn|10
|
|t:|1729188866
|switch|p1a: Dugtrio|Dugtrio, F|100/100
|move|p2a: Magneton|Thunderbolt|p1a: Dugtrio
|-immune|p1a: Dugtrio
|
|upkeep
|turn|11
|
|t:|1729188878
|move|p1a: Dugtrio|Earthquake|p2a: Magneton
|-supereffective|p2a: Magneton
|-damage|p2a: Magneton|0 fnt
|faint|p2a: Magneton
|inactive|Nihiliros has 240 seconds left.
|
|t:|1729188896
|switch|p2a: Heracross|Heracross, F|100/100
|
|upkeep
|turn|12
|inactive|Nihiliros has 240 seconds left.
|
|t:|1729188916
|switch|p1a: Jirachi|Jirachi|100/100
|move|p2a: Heracross|Megahorn|p1a: Jirachi
|-damage|p1a: Jirachi|35/100
|
|-heal|p1a: Jirachi|41/100|[from] item: Leftovers
|upkeep
|turn|13
|inactive|Nihiliros has 240 seconds left.
|
|t:|1729188925
|move|p1a: Jirachi|Psychic|p2a: Heracross
|-supereffective|p2a: Heracross
|-damage|p2a: Heracross|1/100
|move|p2a: Heracross|Megahorn|p1a: Jirachi
|-damage|p1a: Jirachi|0 fnt
|faint|p1a: Jirachi
|
|t:|1729188945
|switch|p1a: Raikou|Raikou|100/100
|
|-enditem|p2a: Heracross|Salac Berry|[eat]
|-boost|p2a: Heracross|spe|1|[from] item: Salac Berry
|upkeep
|turn|14
|
|t:|1729188960
|move|p2a: Heracross|Megahorn|p1a: Raikou|[miss]
|-miss|p2a: Heracross|p1a: Raikou
|move|p1a: Raikou|Thunderbolt|p2a: Heracross
|-damage|p2a: Heracross|0 fnt
|faint|p2a: Heracross
|
|t:|1729188969
|switch|p2a: Metagross|Metagross|100/100
|
|upkeep
|turn|15
|
|t:|1729188979
|switch|p1a: Porygon2|Porygon2|100/100
|-ability|p1a: Porygon2|Clear Body|[from] ability: Trace|[of] p2a: Metagross
|move|p2a: Metagross|Earthquake|p1a: Porygon2
|-damage|p1a: Porygon2|56/100
|
|-heal|p1a: Porygon2|62/100|[from] item: Leftovers
|upkeep
|turn|16
|inactive|hipimochi has 270 seconds left.
|inactive|Nihiliros has 240 seconds left.
|
|t:|1729189006
|move|p2a: Metagross|Earthquake|p1a: Porygon2
|-damage|p1a: Porygon2|18/100
|move|p1a: Porygon2|Thunderbolt|p2a: Metagross
|-damage|p2a: Metagross|71/100
|
|-heal|p1a: Porygon2|25/100|[from] item: Leftovers
|upkeep
|turn|17
|inactive|hipimochi has 270 seconds left.
|
|t:|1729189013
|switch|p1a: Celebi|Celebi|81/100
|move|p2a: Metagross|Earthquake|p1a: Celebi
|-resisted|p1a: Celebi
|-damage|p1a: Celebi|52/100
|
|-heal|p1a: Celebi|58/100|[from] item: Leftovers
|upkeep
|turn|18
|
|t:|1729189022
|switch|p2a: Salamence|Salamence, M|98/100
|-ability|p2a: Salamence|Intimidate|boost
|-unboost|p1a: Celebi|atk|1
|move|p1a: Celebi|Calm Mind|p1a: Celebi
|-boost|p1a: Celebi|spa|1
|-boost|p1a: Celebi|spd|1
|
|-heal|p1a: Celebi|64/100|[from] item: Leftovers
|-heal|p2a: Salamence|100/100|[from] item: Leftovers
|upkeep
|turn|19
|inactive|hipimochi has 270 seconds left.
|
|t:|1729189039
|switch|p1a: Raikou|Raikou|100/100
|move|p2a: Salamence|Fire Blast|p1a: Raikou|[miss]
|-miss|p2a: Salamence|p1a: Raikou
|
|upkeep
|turn|20
|
|t:|1729189050
|switch|p2a: Snorlax|Snorlax, M|100/100
|move|p1a: Raikou|Hidden Power|p2a: Snorlax
|-damage|p2a: Snorlax|87/100
|
|-heal|p2a: Snorlax|93/100|[from] item: Leftovers
|upkeep
|turn|21
|
|t:|1729189063
|move|p2a: Snorlax|Body Slam|p1a: Raikou
|-damage|p1a: Raikou|45/100
|move|p1a: Raikou|Roar|p2a: Snorlax
|drag|p2a: Metagross|Metagross|71/100
|
|-heal|p1a: Raikou|51/100|[from] item: Leftovers
|upkeep
|turn|22
|
|t:|1729189075
|move|p1a: Raikou|Thunderbolt|p2a: Metagross
|-damage|p2a: Metagross|15/100
|move|p2a: Metagross|Earthquake|p1a: Raikou
|-supereffective|p1a: Raikou
|-damage|p1a: Raikou|0 fnt
|faint|p1a: Raikou
|
|t:|1729189081
|switch|p1a: Dugtrio|Dugtrio, F|100/100
|
|upkeep
|turn|23
|
|t:|1729189095
|move|p1a: Dugtrio|Earthquake|p2a: Metagross
|-supereffective|p2a: Metagross
|-damage|p2a: Metagross|0 fnt
|faint|p2a: Metagross
|
|t:|1729189110
|switch|p2a: Suicune|Suicune|94/100
|
|-heal|p2a: Suicune|99/100|[from] item: Leftovers
|upkeep
|turn|24
|inactive|hipimochi has 270 seconds left.
|
|t:|1729189142
|switch|p1a: Suicune|Suicune|77/100
|move|p2a: Suicune|Ice Beam|p1a: Suicune
|-resisted|p1a: Suicune
|-crit|p1a: Suicune
|-damage|p1a: Suicune|53/100
|
|-heal|p1a: Suicune|59/100|[from] item: Leftovers
|-heal|p2a: Suicune|100/100|[from] item: Leftovers
|upkeep
|turn|25
|
|t:|1729189153
|move|p1a: Suicune|Calm Mind|p1a: Suicune
|-boost|p1a: Suicune|spa|1
|-boost|p1a: Suicune|spd|1
|move|p2a: Suicune|Calm Mind|p2a: Suicune
|-boost|p2a: Suicune|spa|1
|-boost|p2a: Suicune|spd|1
|
|-heal|p1a: Suicune|65/100|[from] item: Leftovers
|upkeep
|turn|26
|inactive|Nihiliros has 270 seconds left.
|
|t:|1729189165
|move|p1a: Suicune|Roar|p2a: Suicune
|drag|p2a: Salamence|Salamence, M|100/100
|-ability|p2a: Salamence|Intimidate|boost
|-unboost|p1a: Suicune|atk|1
|
|-heal|p1a: Suicune|71/100|[from] item: Leftovers
|upkeep
|turn|27
|inactive|Nihiliros has 270 seconds left.
|
|t:|1729189173
|switch|p2a: Snorlax|Snorlax, M|93/100
|move|p1a: Suicune|Ice Beam|p2a: Snorlax
|-damage|p2a: Snorlax|69/100
|
|-heal|p1a: Suicune|77/100|[from] item: Leftovers
|-heal|p2a: Snorlax|75/100|[from] item: Leftovers
|upkeep
|turn|28
|
|t:|1729189183
|move|p1a: Suicune|Hydro Pump|p2a: Snorlax
|-damage|p2a: Snorlax|23/100
|move|p2a: Snorlax|Body Slam|p1a: Suicune
|-damage|p1a: Suicune|39/100
|-status|p1a: Suicune|par
|
|-heal|p2a: Snorlax|29/100|[from] item: Leftovers
|-heal|p1a: Suicune|45/100 par|[from] item: Leftovers
|upkeep
|turn|29
|inactive|Nihiliros has 270 seconds left.
|
|t:|1729189199
|move|p2a: Snorlax|Self-Destruct|p1a: Suicune
|-crit|p1a: Suicune
|-damage|p1a: Suicune|0 fnt
|faint|p2a: Snorlax
|faint|p1a: Suicune
|
|t:|1729189208
|switch|p1a: Porygon2|Porygon2|25/100
|switch|p2a: Suicune|Suicune|100/100
|-ability|p1a: Porygon2|Pressure|[from] ability: Trace|[of] p2a: Suicune
|
|-heal|p1a: Porygon2|31/100|[from] item: Leftovers
|upkeep
|turn|30
|
|t:|1729189218
|move|p2a: Suicune|Hydro Pump|p1a: Porygon2|[miss]
|-miss|p2a: Suicune|p1a: Porygon2
|move|p1a: Porygon2|Recover|p1a: Porygon2
|-heal|p1a: Porygon2|81/100
|
|-heal|p1a: Porygon2|87/100|[from] item: Leftovers
|upkeep
|turn|31
|
|t:|1729189226
|move|p2a: Suicune|Calm Mind|p2a: Suicune
|-boost|p2a: Suicune|spa|1
|-boost|p2a: Suicune|spd|1
|move|p1a: Porygon2|Toxic|p2a: Suicune
|-status|p2a: Suicune|tox
|
|-damage|p2a: Suicune|94/100 tox|[from] psn
|-heal|p1a: Porygon2|93/100|[from] item: Leftovers
|upkeep
|turn|32
|
|t:|1729189234
|move|p2a: Suicune|Hydro Pump|p1a: Porygon2|[miss]
|-miss|p2a: Suicune|p1a: Porygon2
|move|p1a: Porygon2|Thunderbolt|p2a: Suicune
|-supereffective|p2a: Suicune
|-damage|p2a: Suicune|68/100 tox
|
|-heal|p2a: Suicune|74/100 tox|[from] item: Leftovers
|-damage|p2a: Suicune|62/100 tox|[from] psn
|-heal|p1a: Porygon2|99/100|[from] item: Leftovers
|upkeep
|turn|33
|
|t:|1729189244
|move|p2a: Suicune|Calm Mind|p2a: Suicune
|-boost|p2a: Suicune|spa|1
|-boost|p2a: Suicune|spd|1
|move|p1a: Porygon2|Thunderbolt|p2a: Suicune
|-supereffective|p2a: Suicune
|-damage|p2a: Suicune|41/100 tox
|
|-heal|p2a: Suicune|47/100 tox|[from] item: Leftovers
|-damage|p2a: Suicune|29/100 tox|[from] psn
|-heal|p1a: Porygon2|100/100|[from] item: Leftovers
|upkeep
|turn|34
|
|t:|1729189254
|move|p2a: Suicune|Hydro Pump|p1a: Porygon2
|-damage|p1a: Porygon2|7/100
|move|p1a: Porygon2|Thunderbolt|p2a: Suicune
|-supereffective|p2a: Suicune
|-crit|p2a: Suicune
|-damage|p2a: Suicune|0 fnt
|faint|p2a: Suicune
|
|t:|1729189261
|switch|p2a: Salamence|Salamence, M|100/100
|-ability|p2a: Salamence|Intimidate|boost
|-unboost|p1a: Porygon2|atk|1
|
|-heal|p1a: Porygon2|13/100|[from] item: Leftovers
|upkeep
|turn|35
|
|t:|1729189270
|move|p2a: Salamence|Hidden Power|p1a: Porygon2
|-damage|p1a: Porygon2|0 fnt
|faint|p1a: Porygon2
|
|t:|1729189276
|switch|p1a: Dugtrio|Dugtrio, F|100/100
|
|upkeep
|turn|36
|
|t:|1729189282
|move|p1a: Dugtrio|Rock Slide|p2a: Salamence
|-supereffective|p2a: Salamence
|-damage|p2a: Salamence|27/100
|cant|p2a: Salamence|flinch
|
|-heal|p2a: Salamence|33/100|[from] item: Leftovers
|upkeep
|turn|37
|
|t:|1729189289
|move|p1a: Dugtrio|Rock Slide|p2a: Salamence|[miss]
|-miss|p1a: Dugtrio|p2a: Salamence
|move|p2a: Salamence|Hidden Power|p1a: Dugtrio
|-supereffective|p1a: Dugtrio
|-damage|p1a: Dugtrio|7/100
|
|-heal|p2a: Salamence|39/100|[from] item: Leftovers
|upkeep
|turn|38
|
|t:|1729189297
|move|p1a: Dugtrio|Rock Slide|p2a: Salamence
|-supereffective|p2a: Salamence
|-damage|p2a: Salamence|0 fnt
|faint|p2a: Salamence
|
|win|hipimochi
|c|☆Nihiliros|gg
|c|☆hipimochi|gg 
|player|p2|

</script>
<script type="application/json" class="data" id="replaydata-smogtours-gen3ou-799306">
{"id":"smogtours-gen3ou-799306","format":"[Gen 3] OU","players":["hipimochi","Nihiliros"],"uploadtime":1729189297,"views":73,"formatid":"gen3ou","rating":null,"private":0,"password":null}
</script>

<script defer src="js/replays.js?9d40a366"></script>
