<!DOCTYPE html>
<meta charset="utf-8" />
<meta name="viewport" content="width=device-width" />

<title>[Gen 3] OU: the band pet vs. xhoshi - Replays - Pok&eacute;mon Showdown!</title>

<meta name="description" content="Watch a replay of a Pok&eacute;mon battle between the band pet and xhoshi! Format: [Gen 3] OU; Date: Oct 7, 2024" />
<!--

Hey, you! Looking in the source for the replay log?

You can find them in JSON format, just add `.json` at the end of a replay URL.

https://replay.pokemonshowdown.com/gen7randomdoublesbattle-865046831.json

Or, if you only need the log itself, add `.log` instead:

https://replay.pokemonshowdown.com/gen7randomdoublesbattle-865046831.log

-->

<link rel="stylesheet" href="//pokemonshowdown.com/style/global.css?0.767286132409787" />
<link rel="stylesheet" href="//play.pokemonshowdown.com/style/font-awesome.css?0.9266228007934947" />
<link rel="stylesheet" href="//play.pokemonshowdown.com/style/battle.css?0.7924700842790926" />
<link rel="stylesheet" href="//play.pokemonshowdown.com/style/utilichart.css?0.8777417872839479" />

<!-- Global site tag (gtag.js) - Google Analytics -->
<script async src="https://www.googletagmanager.com/gtag/js?id=UA-26211653-1"></script>
<script>
  window.dataLayer = window.dataLayer || [];
  function gtag(){dataLayer.push(arguments);}
  gtag('js', new Date());

  gtag('config', 'UA-26211653-1');
</script>
<!-- End Google Analytics -->
<!-- Venatus Ad Manager - Install in <HEAD> of page -->
	<script src="https://hb.vntsm.com/v3/live/ad-manager.min.js" type="text/javascript" data-site-id="642aba63ec9a7b11c3c9c1be" data-mode="scan" async></script>
<!-- / Venatus Ad Manager -->

<style>
	@media (max-width:820px) {
		.battle {
			margin: 0 auto;
		}
		.battle-log {
			margin: 7px auto 0;
			max-width: 640px;
			height: 300px;
			position: static;
		}
	}
	.optgroup {
		display: inline-block;
		line-height: 22px;
		font-size: 10pt;
	}
	.optgroup .button {
		height: 25px;
		padding-top: 0;
		padding-bottom: 0;
	}
	.optgroup button.button {
		padding-left: 12px;
		padding-right: 12px;
	}
	.linklist {
		list-style: none;
		margin: 0.5em 0;
		padding: 0;
	}
	.linklist li {
		padding: 2px 0;
	}
	.sidebar {
		float: left;
		width: 320px;
	}
	.bar-wrapper {
		max-width: 1100px;
		margin: 0 auto;
	}
	.bar-wrapper.has-sidebar {
		max-width: 1430px;
	}
	.mainbar {
		margin: 0;
		padding-right: 1px;
	}
	.mainbar.has-sidebar {
		margin-left: 330px;
	}
	@media (min-width: 1511px) {
		.sidebar {
			width: 400px;
		}
		.bar-wrapper.has-sidebar {
			max-width: 1510px;
		}
		.mainbar.has-sidebar {
			margin-left: 410px;
		}
	}
	.section.first-section {
		margin-top: 9px;
	}
	.blocklink small {
		white-space: normal;
	}
	.button {
		vertical-align: middle;
	}
	.replay-controls {
		padding-top: 10px;
	}
	.replay-controls h1 {
		font-size: 16pt;
		font-weight: normal;
		color: #CCC;
	}
	.pagelink {
		text-align: center;
	}
	.pagelink a {
		width: 150px;
	}
	.textbox, .button {
		font-size: 11pt;
		vertical-align: middle;
	}
	@media (max-width: 450px) {
		.button {
			font-size: 9pt;
		}
	}
</style>

<div>

	<header>
		<div class="nav-wrapper"><ul class="nav">
			<li><a class="button nav-first" href="//pokemonshowdown.com/"><img src="//pokemonshowdown.com/images/pokemonshowdownbeta.png" srcset="//pokemonshowdown.com/images/pokemonshowdownbeta.png 1x, //pokemonshowdown.com/images/pokemonshowdownbeta@2x.png 2x" alt="Pok&eacute;mon Showdown" width="146" height="44" /> Home</a></li>
			<li><a class="button" href="//pokemonshowdown.com/dex/">Pok&eacute;dex</a></li>
			<li><a class="button cur" href="/">Replays</a></li>
			<li><a class="button" href="//pokemonshowdown.com/ladder/">Ladder</a></li>
			<li><a class="button nav-last" href="//pokemonshowdown.com/forums/">Forum</a></li>
			<li><a class="button greenbutton nav-first nav-last" href="//play.pokemonshowdown.com/">Play</a></li>
		</ul></div>
	</header>

	<div class="main" id="main">

		<noscript><section class="section">You need to enable JavaScript to use this page; sorry!</section></noscript>

	</div>

</div>

<script defer nomodule src="//play.pokemonshowdown.com/js/lib/ps-polyfill.js"></script>
<script defer src="//play.pokemonshowdown.com/js/lib/preact.min.js"></script>

<script defer src="//play.pokemonshowdown.com/config/config.js?6dec07f6"></script>
<script defer src="//play.pokemonshowdown.com/js/lib/jquery-1.11.0.min.js"></script>
<script defer src="//play.pokemonshowdown.com/js/lib/html-sanitizer-minified.js"></script>
<script defer src="//play.pokemonshowdown.com/js/battle-sound.js"></script>
<script defer src="//play.pokemonshowdown.com/js/battledata.js?0.6315294753075389"></script>
<script defer src="//play.pokemonshowdown.com/data/pokedex-mini.js?0.7603743185311358"></script>
<script defer src="//play.pokemonshowdown.com/data/pokedex-mini-bw.js?0.030888842834281283"></script>
<script defer src="//play.pokemonshowdown.com/data/graphics.js?0.05593094747507488"></script>
<script defer src="//play.pokemonshowdown.com/data/pokedex.js?0.47064822249611904"></script>
<script defer src="//play.pokemonshowdown.com/data/moves.js?0.8583693120512459"></script>
<script defer src="//play.pokemonshowdown.com/data/abilities.js?0.16017181182386842"></script>
<script defer src="//play.pokemonshowdown.com/data/items.js?0.4163379185673943"></script>
<script defer src="//play.pokemonshowdown.com/data/teambuilder-tables.js?0.31075597372830477"></script>
<script defer src="//play.pokemonshowdown.com/js/battle-tooltips.js?0.6536193500708172"></script>
<script defer src="//play.pokemonshowdown.com/js/battle.js?0.1916591943277901"></script>

<script defer src="js/utils.js?e31f9a17"></script>
<script defer src="js/replays-battle.js?7008c182"></script>

<!-- don't scrape this data! just add .json or .log after the URL!
Full API docs: https://github.com/smogon/pokemon-showdown-client/blob/master/WEB-API.md -->
<script type="text/plain" class="log" id="replaylog-smogtours-gen3ou-796271">
|inactive|Battle timer is ON: inactive players will automatically lose when time's up.
|t:|1728341257
|gametype|singles
|player|p1|the band pet|266|
|player|p2|xhoshi|265|
|teamsize|p1|6
|teamsize|p2|6
|gen|3
|tier|[Gen 3] OU
|rule|Sleep Clause Mod: Limit one foe put to sleep
|rule|Switch Priority Clause Mod: Faster Pokémon switch first
|rule|Species Clause: Limit one of each Pokémon
|rule|OHKO Clause: OHKO moves are banned
|rule|Evasion Items Clause: Evasion items are banned
|rule|Evasion Moves Clause: Evasion moves are banned
|rule|Endless Battle Clause: Forcing endless battles is banned
|rule|HP Percentage Mod: HP is shown in percentages
|rule|One Boost Passer Clause: Limit one Baton Passer that has a way to boost its stats
|rule|Freeze Clause Mod: Limit one foe frozen
|
|t:|1728341257
|start
|switch|p1a: Guston|Tyranitar, F|100/100
|switch|p2a: Jynx|Jynx, F|100/100
|-weather|Sandstorm|[from] ability: Sand Stream|[of] p1a: Guston
|turn|1
|
|t:|1728341275
|switch|p2a: Suicune|Suicune|100/100
|move|p1a: Guston|Fire Blast|p2a: Suicune
|-resisted|p2a: Suicune
|-damage|p2a: Suicune|89/100
|
|-weather|Sandstorm|[upkeep]
|-damage|p2a: Suicune|83/100|[from] Sandstorm
|-heal|p2a: Suicune|89/100|[from] item: Leftovers
|upkeep
|turn|2
|
|t:|1728341286
|switch|p1a: Af Klimt|Venusaur, F|100/100
|move|p2a: Suicune|Surf|p1a: Af Klimt
|-resisted|p1a: Af Klimt
|-damage|p1a: Af Klimt|85/100
|
|-weather|Sandstorm|[upkeep]
|-damage|p1a: Af Klimt|79/100|[from] Sandstorm
|-damage|p2a: Suicune|83/100|[from] Sandstorm
|-heal|p1a: Af Klimt|85/100|[from] item: Leftovers
|-heal|p2a: Suicune|89/100|[from] item: Leftovers
|upkeep
|turn|3
|
|t:|1728341294
|switch|p2a: Jynx|Jynx, F|100/100
|move|p1a: Af Klimt|Sleep Powder|p2a: Jynx
|-status|p2a: Jynx|slp|[from] move: Sleep Powder
|-enditem|p2a: Jynx|Lum Berry|[eat]
|-curestatus|p2a: Jynx|slp|[msg]
|
|-weather|Sandstorm|[upkeep]
|-damage|p2a: Jynx|94/100|[from] Sandstorm
|-damage|p1a: Af Klimt|79/100|[from] Sandstorm
|-heal|p1a: Af Klimt|85/100|[from] item: Leftovers
|upkeep
|turn|4
|
|t:|1728341307
|switch|p1a: Guston|Tyranitar, F|100/100
|move|p2a: Jynx|Lovely Kiss|p1a: Guston|[miss]
|-miss|p2a: Jynx|p1a: Guston
|
|-weather|Sandstorm|[upkeep]
|-damage|p2a: Jynx|88/100|[from] Sandstorm
|upkeep
|turn|5
|
|t:|1728341314
|move|p2a: Jynx|Ice Beam|p1a: Guston
|-damage|p1a: Guston|50/100
|move|p1a: Guston|Fire Blast|p2a: Jynx
|-supereffective|p2a: Jynx
|-damage|p2a: Jynx|0 fnt
|faint|p2a: Jynx
|
|t:|1728341317
|switch|p2a: Dugtrio|Dugtrio, F|100/100
|
|-weather|Sandstorm|[upkeep]
|-heal|p1a: Guston|56/100|[from] item: Leftovers
|upkeep
|turn|6
|
|t:|1728341320
|move|p2a: Dugtrio|Earthquake|p1a: Guston
|-supereffective|p1a: Guston
|-damage|p1a: Guston|0 fnt
|faint|p1a: Guston
|
|t:|1728341327
|switch|p1a: Bomberg|Zapdos|100/100
|
|-weather|Sandstorm|[upkeep]
|-damage|p1a: Bomberg|94/100|[from] Sandstorm
|-heal|p1a: Bomberg|100/100|[from] item: Leftovers
|upkeep
|turn|7
|
|t:|1728341331
|switch|p2a: Snorlax|Snorlax, M|100/100
|move|p1a: Bomberg|Roar|p2a: Snorlax
|drag|p2a: Suicune|Suicune|89/100
|
|-weather|Sandstorm|[upkeep]
|-damage|p1a: Bomberg|94/100|[from] Sandstorm
|-damage|p2a: Suicune|83/100|[from] Sandstorm
|-heal|p1a: Bomberg|100/100|[from] item: Leftovers
|-heal|p2a: Suicune|89/100|[from] item: Leftovers
|upkeep
|turn|8
|
|t:|1728341337
|switch|p2a: Snorlax|Snorlax, M|100/100
|move|p1a: Bomberg|Thunderbolt|p2a: Snorlax
|-damage|p2a: Snorlax|77/100
|
|-weather|Sandstorm|[upkeep]
|-damage|p1a: Bomberg|94/100|[from] Sandstorm
|-damage|p2a: Snorlax|71/100|[from] Sandstorm
|-heal|p1a: Bomberg|100/100|[from] item: Leftovers
|-heal|p2a: Snorlax|77/100|[from] item: Leftovers
|upkeep
|turn|9
|
|t:|1728341346
|switch|p1a: Martin|Forretress, M|100/100
|move|p2a: Snorlax|Body Slam|p1a: Martin
|-resisted|p1a: Martin
|-damage|p1a: Martin|85/100
|
|-weather|Sandstorm|[upkeep]
|-damage|p2a: Snorlax|71/100|[from] Sandstorm
|-heal|p1a: Martin|91/100|[from] item: Leftovers
|-heal|p2a: Snorlax|77/100|[from] item: Leftovers
|upkeep
|turn|10
|
|t:|1728341351
|switch|p2a: Claydol|Claydol|100/100
|move|p1a: Martin|Spikes|p2a: Claydol
|-sidestart|p2: xhoshi|Spikes
|
|-weather|Sandstorm|[upkeep]
|-heal|p1a: Martin|98/100|[from] item: Leftovers
|upkeep
|turn|11
|
|t:|1728341356
|move|p2a: Claydol|Rain Dance|p2a: Claydol
|-weather|RainDance
|move|p1a: Martin|Hidden Power|p2a: Claydol
|-supereffective|p2a: Claydol
|-damage|p2a: Claydol|53/100
|
|-weather|RainDance|[upkeep]
|-heal|p2a: Claydol|59/100|[from] item: Leftovers
|-heal|p1a: Martin|100/100|[from] item: Leftovers
|upkeep
|turn|12
|
|t:|1728341365
|switch|p2a: Suicune|Suicune|89/100
|-damage|p2a: Suicune|76/100|[from] Spikes
|move|p1a: Martin|Hidden Power|p2a: Suicune
|-damage|p2a: Suicune|63/100
|
|-weather|RainDance|[upkeep]
|-heal|p2a: Suicune|70/100|[from] item: Leftovers
|upkeep
|turn|13
|
|t:|1728341375
|switch|p1a: Af Klimt|Venusaur, F|85/100
|move|p2a: Suicune|Calm Mind|p2a: Suicune
|-boost|p2a: Suicune|spa|1
|-boost|p2a: Suicune|spd|1
|
|-weather|RainDance|[upkeep]
|-heal|p1a: Af Klimt|91/100|[from] item: Leftovers
|-heal|p2a: Suicune|76/100|[from] item: Leftovers
|upkeep
|turn|14
|
|t:|1728341386
|move|p1a: Af Klimt|Sleep Powder|p2a: Suicune
|-status|p2a: Suicune|slp|[from] move: Sleep Powder
|cant|p2a: Suicune|slp
|
|-weather|RainDance|[upkeep]
|-heal|p1a: Af Klimt|97/100|[from] item: Leftovers
|-heal|p2a: Suicune|82/100 slp|[from] item: Leftovers
|upkeep
|turn|15
|
|t:|1728341390
|move|p1a: Af Klimt|Leech Seed|p2a: Suicune
|-start|p2a: Suicune|move: Leech Seed
|cant|p2a: Suicune|slp
|move|p2a: Suicune|Sleep Talk|p2a: Suicune
|move|p2a: Suicune|Rest|p2a: Suicune|[from]Sleep Talk
|
|-weather|none
|-heal|p1a: Af Klimt|100/100|[from] item: Leftovers
|-heal|p2a: Suicune|88/100 slp|[from] item: Leftovers
|-damage|p2a: Suicune|76/100 slp|[from] Leech Seed|[of] p1a: Af Klimt
|upkeep
|turn|16
|
|t:|1728341398
|switch|p1a: Martin|Forretress, M|100/100
|switch|p2a: Claydol|Claydol|59/100
|
|-heal|p2a: Claydol|65/100|[from] item: Leftovers
|upkeep
|turn|17
|
|t:|1728341402
|move|p2a: Claydol|Rapid Spin|p1a: Martin
|-resisted|p1a: Martin
|-damage|p1a: Martin|99/100
|-sideend|p2: xhoshi|Spikes|[from] move: Rapid Spin|[of] p2a: Claydol
|move|p1a: Martin|Hidden Power|p2a: Claydol
|-supereffective|p2a: Claydol
|-damage|p2a: Claydol|16/100
|
|-heal|p2a: Claydol|22/100|[from] item: Leftovers
|-heal|p1a: Martin|100/100|[from] item: Leftovers
|upkeep
|turn|18
|
|t:|1728341411
|switch|p2a: Metagross|Metagross|100/100
|move|p1a: Martin|Hidden Power|p2a: Metagross
|-damage|p2a: Metagross|81/100
|
|upkeep
|turn|19
|
|t:|1728341418
|move|p2a: Metagross|Rock Slide|p1a: Martin|[miss]
|-miss|p2a: Metagross|p1a: Martin
|move|p1a: Martin|Spikes|p2a: Metagross
|-sidestart|p2: xhoshi|Spikes
|
|upkeep
|turn|20
|
|t:|1728341422
|switch|p2a: Dugtrio|Dugtrio, F|100/100
|-damage|p2a: Dugtrio|88/100|[from] Spikes
|move|p1a: Martin|Spikes|p2a: Dugtrio
|-sidestart|p2: xhoshi|Spikes
|
|upkeep
|turn|21
|
|t:|1728341427
|move|p2a: Dugtrio|Earthquake|p1a: Martin
|-damage|p1a: Martin|59/100
|move|p1a: Martin|Hidden Power|p2a: Dugtrio
|-damage|p2a: Dugtrio|22/100
|
|-heal|p1a: Martin|65/100|[from] item: Leftovers
|upkeep
|turn|22
|
|t:|1728341434
|move|p2a: Dugtrio|Earthquake|p1a: Martin
|-damage|p1a: Martin|25/100
|move|p1a: Martin|Hidden Power|p2a: Dugtrio
|-damage|p2a: Dugtrio|0 fnt
|faint|p2a: Dugtrio
|
|t:|1728341441
|switch|p2a: Claydol|Claydol|22/100
|
|-heal|p2a: Claydol|29/100|[from] item: Leftovers
|-heal|p1a: Martin|31/100|[from] item: Leftovers
|upkeep
|turn|23
|
|t:|1728341446
|move|p2a: Claydol|Rapid Spin|p1a: Martin
|-resisted|p1a: Martin
|-damage|p1a: Martin|30/100
|-sideend|p2: xhoshi|Spikes|[from] move: Rapid Spin|[of] p2a: Claydol
|move|p1a: Martin|Hidden Power|p2a: Claydol
|-supereffective|p2a: Claydol
|-crit|p2a: Claydol
|-damage|p2a: Claydol|0 fnt
|faint|p2a: Claydol
|
|t:|1728341452
|switch|p2a: Metagross|Metagross|81/100
|
|-heal|p1a: Martin|36/100|[from] item: Leftovers
|upkeep
|turn|24
|
|t:|1728341457
|switch|p1a: Gris|Swampert, F|100/100
|move|p2a: Metagross|Earthquake|p1a: Gris
|-damage|p1a: Gris|59/100
|
|-heal|p1a: Gris|65/100|[from] item: Leftovers
|upkeep
|turn|25
|
|t:|1728341463
|switch|p2a: Suicune|Suicune|76/100 slp
|move|p1a: Gris|Hydro Pump|p2a: Suicune
|-resisted|p2a: Suicune
|-damage|p2a: Suicune|61/100 slp
|
|-heal|p2a: Suicune|67/100 slp|[from] item: Leftovers
|-heal|p1a: Gris|71/100|[from] item: Leftovers
|upkeep
|turn|26
|
|t:|1728341471
|switch|p1a: Bomberg|Zapdos|100/100
|cant|p2a: Suicune|slp
|move|p2a: Suicune|Sleep Talk|p2a: Suicune
|move|p2a: Suicune|Rest|p2a: Suicune|[from]Sleep Talk
|
|-heal|p2a: Suicune|73/100 slp|[from] item: Leftovers
|upkeep
|turn|27
|
|t:|1728341475
|switch|p2a: Snorlax|Snorlax, M|77/100
|move|p1a: Bomberg|Thunderbolt|p2a: Snorlax
|-damage|p2a: Snorlax|55/100
|
|-heal|p2a: Snorlax|61/100|[from] item: Leftovers
|upkeep
|turn|28
|
|t:|1728341489
|-singleturn|p2a: Snorlax|move: Focus Punch
|move|p1a: Bomberg|Thunderbolt|p2a: Snorlax
|-damage|p2a: Snorlax|37/100
|move|p2a: Snorlax|Focus Punch||[still]
|cant|p2a: Snorlax|Focus Punch|Focus Punch
|
|-heal|p2a: Snorlax|44/100|[from] item: Leftovers
|upkeep
|turn|29
|
|t:|1728341495
|move|p1a: Bomberg|Thunderbolt|p2a: Snorlax
|-damage|p2a: Snorlax|20/100
|move|p2a: Snorlax|Body Slam|p1a: Bomberg
|-damage|p1a: Bomberg|62/100
|
|-heal|p1a: Bomberg|68/100|[from] item: Leftovers
|-heal|p2a: Snorlax|26/100|[from] item: Leftovers
|upkeep
|turn|30
|
|t:|1728341499
|move|p1a: Bomberg|Thunderbolt|p2a: Snorlax
|-damage|p2a: Snorlax|5/100
|move|p2a: Snorlax|Self-Destruct|p1a: Bomberg
|-damage|p1a: Bomberg|0 fnt
|faint|p2a: Snorlax
|faint|p1a: Bomberg
|
|t:|1728341509
|switch|p1a: Af Klimt|Venusaur, F|100/100
|switch|p2a: Metagross|Metagross|81/100
|
|upkeep
|turn|31
|
|t:|1728341518
|move|p1a: Af Klimt|Leech Seed|p2a: Metagross
|-start|p2a: Metagross|move: Leech Seed
|move|p2a: Metagross|Meteor Mash|p1a: Af Klimt
|-damage|p1a: Af Klimt|0 fnt
|faint|p1a: Af Klimt
|
|t:|1728341523
|switch|p1a: Gris|Swampert, F|71/100
|
|-damage|p2a: Metagross|69/100|[from] Leech Seed|[of] p1a: Gris
|-heal|p1a: Gris|81/100|[silent]
|-heal|p1a: Gris|87/100|[from] item: Leftovers
|upkeep
|turn|32
|
|t:|1728341527
|switch|p2a: Suicune|Suicune|73/100 slp
|move|p1a: Gris|Earthquake|p2a: Suicune
|-crit|p2a: Suicune
|-damage|p2a: Suicune|31/100 slp
|
|-heal|p2a: Suicune|37/100 slp|[from] item: Leftovers
|-heal|p1a: Gris|94/100|[from] item: Leftovers
|upkeep
|turn|33
|
|t:|1728341536
|cant|p2a: Suicune|slp
|move|p2a: Suicune|Sleep Talk|p2a: Suicune
|move|p2a: Suicune|Surf|p1a: Gris|[from]Sleep Talk
|-damage|p1a: Gris|67/100
|move|p1a: Gris|Earthquake|p2a: Suicune
|-damage|p2a: Suicune|16/100 slp
|
|-heal|p2a: Suicune|22/100 slp|[from] item: Leftovers
|-heal|p1a: Gris|73/100|[from] item: Leftovers
|upkeep
|turn|34
|
|t:|1728341543
|-curestatus|p2a: Suicune|slp|[msg]
|move|p2a: Suicune|Sleep Talk|p2a: Suicune
|move|p1a: Gris|Earthquake|p2a: Suicune
|-damage|p2a: Suicune|3/100
|
|-heal|p2a: Suicune|9/100|[from] item: Leftovers
|-heal|p1a: Gris|80/100|[from] item: Leftovers
|upkeep
|turn|35
|
|t:|1728341550
|move|p2a: Suicune|Rest|p2a: Suicune
|-status|p2a: Suicune|slp|[from] move: Rest
|-heal|p2a: Suicune|100/100 slp|[silent]
|move|p1a: Gris|Earthquake|p2a: Suicune
|-damage|p2a: Suicune|79/100 slp
|
|-heal|p2a: Suicune|86/100 slp|[from] item: Leftovers
|-heal|p1a: Gris|86/100|[from] item: Leftovers
|upkeep
|turn|36
|
|t:|1728341553
|switch|p1a: Martin|Forretress, M|36/100
|cant|p2a: Suicune|slp
|move|p2a: Suicune|Sleep Talk|p2a: Suicune
|move|p2a: Suicune|Surf|p1a: Martin|[from]Sleep Talk
|-damage|p1a: Martin|8/100
|
|-heal|p2a: Suicune|92/100 slp|[from] item: Leftovers
|-heal|p1a: Martin|14/100|[from] item: Leftovers
|upkeep
|turn|37
|
|t:|1728341556
|cant|p2a: Suicune|slp
|move|p2a: Suicune|Sleep Talk|p2a: Suicune
|move|p2a: Suicune|Calm Mind|p2a: Suicune|[from]Sleep Talk
|-boost|p2a: Suicune|spa|1
|-boost|p2a: Suicune|spd|1
|move|p1a: Martin|Explosion|p2a: Suicune
|-damage|p2a: Suicune|33/100 slp
|faint|p1a: Martin
|
|t:|1728341565
|switch|p1a: Kossoff|Aerodactyl, M|100/100
|
|-heal|p2a: Suicune|39/100 slp|[from] item: Leftovers
|upkeep
|turn|38
|
|t:|1728341572
|move|p1a: Kossoff|Earthquake|p2a: Suicune
|-damage|p2a: Suicune|14/100 slp
|-curestatus|p2a: Suicune|slp|[msg]
|move|p2a: Suicune|Surf|p1a: Kossoff
|-supereffective|p1a: Kossoff
|-damage|p1a: Kossoff|0 fnt
|faint|p1a: Kossoff
|
|t:|1728341578
|switch|p1a: Gris|Swampert, F|86/100
|
|-heal|p2a: Suicune|21/100|[from] item: Leftovers
|-heal|p1a: Gris|92/100|[from] item: Leftovers
|upkeep
|turn|39
|
|t:|1728341593
|switch|p2a: Metagross|Metagross|69/100
|move|p1a: Gris|Earthquake|p2a: Metagross
|-supereffective|p2a: Metagross
|-damage|p2a: Metagross|8/100
|
|-heal|p1a: Gris|98/100|[from] item: Leftovers
|upkeep
|turn|40
|
|t:|1728341602
|move|p1a: Gris|Protect|p1a: Gris
|-singleturn|p1a: Gris|Protect
|move|p2a: Metagross|Explosion|p1a: Gris
|-activate|p1a: Gris|Protect
|faint|p2a: Metagross
|
|t:|1728341604
|switch|p2a: Suicune|Suicune|21/100
|
|-heal|p2a: Suicune|27/100|[from] item: Leftovers
|-heal|p1a: Gris|100/100|[from] item: Leftovers
|upkeep
|turn|41
|
|t:|1728341608
|move|p2a: Suicune|Rest|p2a: Suicune
|-status|p2a: Suicune|slp|[from] move: Rest
|-heal|p2a: Suicune|100/100 slp|[silent]
|move|p1a: Gris|Earthquake|p2a: Suicune
|-damage|p2a: Suicune|80/100 slp
|
|-heal|p2a: Suicune|86/100 slp|[from] item: Leftovers
|upkeep
|turn|42
|
|t:|1728341611
|cant|p2a: Suicune|slp
|move|p2a: Suicune|Sleep Talk|p2a: Suicune
|move|p2a: Suicune|Calm Mind|p2a: Suicune|[from]Sleep Talk
|-boost|p2a: Suicune|spa|1
|-boost|p2a: Suicune|spd|1
|move|p1a: Gris|Ice Beam|p2a: Suicune
|-resisted|p2a: Suicune
|-damage|p2a: Suicune|82/100 slp
|
|-heal|p2a: Suicune|88/100 slp|[from] item: Leftovers
|upkeep
|turn|43
|
|t:|1728341620
|cant|p2a: Suicune|slp
|move|p2a: Suicune|Sleep Talk|p2a: Suicune
|move|p2a: Suicune|Calm Mind|p2a: Suicune|[from]Sleep Talk
|-boost|p2a: Suicune|spa|1
|-boost|p2a: Suicune|spd|1
|move|p1a: Gris|Ice Beam|p2a: Suicune
|-resisted|p2a: Suicune
|-damage|p2a: Suicune|84/100 slp
|
|-heal|p2a: Suicune|90/100 slp|[from] item: Leftovers
|upkeep
|turn|44
|
|t:|1728341622
|-curestatus|p2a: Suicune|slp|[msg]
|move|p2a: Suicune|Surf|p1a: Gris
|-damage|p1a: Gris|52/100
|move|p1a: Gris|Ice Beam|p2a: Suicune
|-resisted|p2a: Suicune
|-damage|p2a: Suicune|85/100
|
|-heal|p2a: Suicune|92/100|[from] item: Leftovers
|-heal|p1a: Gris|59/100|[from] item: Leftovers
|upkeep
|turn|45
|
|t:|1728341633
|move|p1a: Gris|Protect|p1a: Gris
|-singleturn|p1a: Gris|Protect
|move|p2a: Suicune|Surf|p1a: Gris
|-activate|p1a: Gris|Protect
|
|-heal|p2a: Suicune|98/100|[from] item: Leftovers
|-heal|p1a: Gris|65/100|[from] item: Leftovers
|upkeep
|turn|46
|
|t:|1728341641
|move|p2a: Suicune|Surf|p1a: Gris
|-damage|p1a: Gris|10/100
|move|p1a: Gris|Ice Beam|p2a: Suicune
|-resisted|p2a: Suicune
|-damage|p2a: Suicune|94/100
|
|-heal|p2a: Suicune|99/100|[from] item: Leftovers
|-heal|p1a: Gris|17/100|[from] item: Leftovers
|upkeep
|turn|47
|
|t:|1728341649
|move|p1a: Gris|Protect|p1a: Gris
|-singleturn|p1a: Gris|Protect
|move|p2a: Suicune|Surf|p1a: Gris
|-activate|p1a: Gris|Protect
|
|-heal|p2a: Suicune|100/100|[from] item: Leftovers
|-heal|p1a: Gris|23/100|[from] item: Leftovers
|upkeep
|turn|48
|
|t:|1728341653
|move|p2a: Suicune|Surf|p1a: Gris
|-damage|p1a: Gris|0 fnt
|faint|p1a: Gris
|
|win|xhoshi
|c|☆the band pet|gg
|c|☆xhoshi|gg
|player|p1|

</script>
<script type="application/json" class="data" id="replaydata-smogtours-gen3ou-796271">
{"id":"smogtours-gen3ou-796271","format":"[Gen 3] OU","players":["the band pet","xhoshi"],"uploadtime":1728341653,"views":132,"formatid":"gen3ou","rating":null,"private":0,"password":null}
</script>

<script defer src="js/replays.js?9d40a366"></script>
