<!DOCTYPE html>
<meta charset="utf-8" />
<meta name="viewport" content="width=device-width" />

<title>[Gen 3] OU: DancingAlong vs. Ghost Melone - Replays - Pok&eacute;mon Showdown!</title>

<meta name="description" content="Watch a replay of a Pok&eacute;mon battle between DancingAlong and Ghost Melone! Format: [Gen 3] OU; Date: Oct 10, 2024" />
<!--

Hey, you! Looking in the source for the replay log?

You can find them in JSON format, just add `.json` at the end of a replay URL.

https://replay.pokemonshowdown.com/gen7randomdoublesbattle-865046831.json

Or, if you only need the log itself, add `.log` instead:

https://replay.pokemonshowdown.com/gen7randomdoublesbattle-865046831.log

-->

<link rel="stylesheet" href="//pokemonshowdown.com/style/global.css?0.023195364461161105" />
<link rel="stylesheet" href="//play.pokemonshowdown.com/style/font-awesome.css?0.13261647063804238" />
<link rel="stylesheet" href="//play.pokemonshowdown.com/style/battle.css?0.8753245789963631" />
<link rel="stylesheet" href="//play.pokemonshowdown.com/style/utilichart.css?0.8627959624976733" />

<!-- Global site tag (gtag.js) - Google Analytics -->
<script async src="https://www.googletagmanager.com/gtag/js?id=UA-26211653-1"></script>
<script>
  window.dataLayer = window.dataLayer || [];
  function gtag(){dataLayer.push(arguments);}
  gtag('js', new Date());

  gtag('config', 'UA-26211653-1');
</script>
<!-- End Google Analytics -->
<!-- Venatus Ad Manager - Install in <HEAD> of page -->
	<script src="https://hb.vntsm.com/v3/live/ad-manager.min.js" type="text/javascript" data-site-id="642aba63ec9a7b11c3c9c1be" data-mode="scan" async></script>
<!-- / Venatus Ad Manager -->

<style>
	@media (max-width:820px) {
		.battle {
			margin: 0 auto;
		}
		.battle-log {
			margin: 7px auto 0;
			max-width: 640px;
			height: 300px;
			position: static;
		}
	}
	.optgroup {
		display: inline-block;
		line-height: 22px;
		font-size: 10pt;
	}
	.optgroup .button {
		height: 25px;
		padding-top: 0;
		padding-bottom: 0;
	}
	.optgroup button.button {
		padding-left: 12px;
		padding-right: 12px;
	}
	.linklist {
		list-style: none;
		margin: 0.5em 0;
		padding: 0;
	}
	.linklist li {
		padding: 2px 0;
	}
	.sidebar {
		float: left;
		width: 320px;
	}
	.bar-wrapper {
		max-width: 1100px;
		margin: 0 auto;
	}
	.bar-wrapper.has-sidebar {
		max-width: 1430px;
	}
	.mainbar {
		margin: 0;
		padding-right: 1px;
	}
	.mainbar.has-sidebar {
		margin-left: 330px;
	}
	@media (min-width: 1511px) {
		.sidebar {
			width: 400px;
		}
		.bar-wrapper.has-sidebar {
			max-width: 1510px;
		}
		.mainbar.has-sidebar {
			margin-left: 410px;
		}
	}
	.section.first-section {
		margin-top: 9px;
	}
	.blocklink small {
		white-space: normal;
	}
	.button {
		vertical-align: middle;
	}
	.replay-controls {
		padding-top: 10px;
	}
	.replay-controls h1 {
		font-size: 16pt;
		font-weight: normal;
		color: #CCC;
	}
	.pagelink {
		text-align: center;
	}
	.pagelink a {
		width: 150px;
	}
	.textbox, .button {
		font-size: 11pt;
		vertical-align: middle;
	}
	@media (max-width: 450px) {
		.button {
			font-size: 9pt;
		}
	}
</style>

<div>

	<header>
		<div class="nav-wrapper"><ul class="nav">
			<li><a class="button nav-first" href="//pokemonshowdown.com/"><img src="//pokemonshowdown.com/images/pokemonshowdownbeta.png" srcset="//pokemonshowdown.com/images/pokemonshowdownbeta.png 1x, //pokemonshowdown.com/images/pokemonshowdownbeta@2x.png 2x" alt="Pok&eacute;mon Showdown" width="146" height="44" /> Home</a></li>
			<li><a class="button" href="//pokemonshowdown.com/dex/">Pok&eacute;dex</a></li>
			<li><a class="button cur" href="/">Replays</a></li>
			<li><a class="button" href="//pokemonshowdown.com/ladder/">Ladder</a></li>
			<li><a class="button nav-last" href="//pokemonshowdown.com/forums/">Forum</a></li>
			<li><a class="button greenbutton nav-first nav-last" href="//play.pokemonshowdown.com/">Play</a></li>
		</ul></div>
	</header>

	<div class="main" id="main">

		<noscript><section class="section">You need to enable JavaScript to use this page; sorry!</section></noscript>

	</div>

</div>

<script defer nomodule src="//play.pokemonshowdown.com/js/lib/ps-polyfill.js"></script>
<script defer src="//play.pokemonshowdown.com/js/lib/preact.min.js"></script>

<script defer src="//play.pokemonshowdown.com/config/config.js?2bddbc15"></script>
<script defer src="//play.pokemonshowdown.com/js/lib/jquery-1.11.0.min.js"></script>
<script defer src="//play.pokemonshowdown.com/js/lib/html-sanitizer-minified.js"></script>
<script defer src="//play.pokemonshowdown.com/js/battle-sound.js"></script>
<script defer src="//play.pokemonshowdown.com/js/battledata.js?0.7209276989879541"></script>
<script defer src="//play.pokemonshowdown.com/data/pokedex-mini.js?0.6111056340867951"></script>
<script defer src="//play.pokemonshowdown.com/data/pokedex-mini-bw.js?0.3532142036491459"></script>
<script defer src="//play.pokemonshowdown.com/data/graphics.js?0.24223875632456182"></script>
<script defer src="//play.pokemonshowdown.com/data/pokedex.js?0.38839984266356864"></script>
<script defer src="//play.pokemonshowdown.com/data/moves.js?0.21866028504024015"></script>
<script defer src="//play.pokemonshowdown.com/data/abilities.js?0.2005157953846628"></script>
<script defer src="//play.pokemonshowdown.com/data/items.js?0.9894211263848525"></script>
<script defer src="//play.pokemonshowdown.com/data/teambuilder-tables.js?0.6008791140282215"></script>
<script defer src="//play.pokemonshowdown.com/js/battle-tooltips.js?0.7580118955022959"></script>
<script defer src="//play.pokemonshowdown.com/js/battle.js?0.6057722274234274"></script>

<script defer src="js/utils.js?e31f9a17"></script>
<script defer src="js/replays-battle.js?7008c182"></script>

<!-- don't scrape this data! just add .json or .log after the URL!
Full API docs: https://github.com/smogon/pokemon-showdown-client/blob/master/WEB-API.md -->
<script type="text/plain" class="log" id="replaylog-smogtours-gen3ou-797036">
|inactive|Battle timer is ON: inactive players will automatically lose when time's up.
|t:|1728596845
|gametype|singles
|player|p1|DancingAlong|jogger|
|player|p2|Ghost Melone|2|
|teamsize|p1|6
|teamsize|p2|6
|gen|3
|tier|[Gen 3] OU
|rule|Sleep Clause Mod: Limit one foe put to sleep
|rule|Switch Priority Clause Mod: Faster Pokémon switch first
|rule|Species Clause: Limit one of each Pokémon
|rule|OHKO Clause: OHKO moves are banned
|rule|Evasion Items Clause: Evasion items are banned
|rule|Evasion Moves Clause: Evasion moves are banned
|rule|Endless Battle Clause: Forcing endless battles is banned
|rule|HP Percentage Mod: HP is shown in percentages
|rule|One Boost Passer Clause: Limit one Baton Passer that has a way to boost its stats
|rule|Freeze Clause Mod: Limit one foe frozen
|
|t:|1728596845
|start
|switch|p1a: ambizione|Metagross, shiny|100/100
|switch|p2a: Gengar|Gengar, M|100/100
|turn|1
|c|☆DancingAlong|glhf
|c|☆Ghost Melone|u2
|
|t:|1728596860
|move|p2a: Gengar|Destiny Bond|p2a: Gengar
|-singlemove|p2a: Gengar|Destiny Bond
|move|p1a: ambizione|Meteor Mash|p2a: Gengar
|-damage|p2a: Gengar|0 fnt
|faint|p2a: Gengar
|-activate|p2a: Gengar|move: Destiny Bond
|faint|p1a: ambizione
|
|t:|1728596875
|switch|p2a: Tyranitar|Tyranitar, F|100/100
|switch|p1a: bolla|Snorlax, F|100/100
|-weather|Sandstorm|[from] ability: Sand Stream|[of] p2a: Tyranitar
|
|-weather|Sandstorm|[upkeep]
|-damage|p1a: bolla|94/100|[from] Sandstorm
|-heal|p1a: bolla|100/100|[from] item: Leftovers
|upkeep
|turn|2
|
|t:|1728596883
|switch|p1a: soglia|Swampert, F|100/100
|move|p2a: Tyranitar|Crunch|p1a: soglia
|-damage|p1a: soglia|63/100
|
|-weather|Sandstorm|[upkeep]
|-heal|p1a: soglia|69/100|[from] item: Leftovers
|upkeep
|turn|3
|
|t:|1728596887
|move|p1a: soglia|Protect|p1a: soglia
|-singleturn|p1a: soglia|Protect
|move|p2a: Tyranitar|Hidden Power|p1a: soglia
|-activate|p1a: soglia|Protect
|
|-weather|Sandstorm|[upkeep]
|-heal|p1a: soglia|75/100|[from] item: Leftovers
|upkeep
|turn|4
|
|t:|1728596898
|switch|p1a: bolla|Snorlax, F|100/100
|move|p2a: Tyranitar|Crunch|p1a: bolla
|-crit|p1a: bolla
|-damage|p1a: bolla|51/100
|
|-weather|Sandstorm|[upkeep]
|-damage|p1a: bolla|45/100|[from] Sandstorm
|-heal|p1a: bolla|51/100|[from] item: Leftovers
|upkeep
|turn|5
|
|t:|1728596904
|move|p2a: Tyranitar|Crunch|p1a: bolla
|-damage|p1a: bolla|26/100
|-unboost|p1a: bolla|spd|1
|move|p1a: bolla|Earthquake|p2a: Tyranitar
|-supereffective|p2a: Tyranitar
|-damage|p2a: Tyranitar|50/100
|
|-weather|Sandstorm|[upkeep]
|-damage|p1a: bolla|20/100|[from] Sandstorm
|-heal|p1a: bolla|26/100|[from] item: Leftovers
|upkeep
|turn|6
|
|t:|1728596909
|-activate|p1a: bolla|move: Pursuit
|move|p2a: Tyranitar|Pursuit|p1a: bolla|[from]Pursuit
|-damage|p1a: bolla|0 fnt
|faint|p1a: bolla
|-hint|Previously chosen switches continue in Gen 2-4 after a Pursuit target faints.
|switch|p1a: taglio|Tyranitar, M|100/100
|
|-weather|Sandstorm|[upkeep]
|upkeep
|turn|7
|
|t:|1728596914
|switch|p2a: Claydol|Claydol|100/100
|move|p1a: taglio|Hidden Power|p2a: Claydol
|-supereffective|p2a: Claydol
|-damage|p2a: Claydol|59/100
|
|-weather|Sandstorm|[upkeep]
|-heal|p2a: Claydol|65/100|[from] item: Leftovers
|upkeep
|turn|8
|
|t:|1728596924
|move|p2a: Claydol|Earthquake|p1a: taglio
|-supereffective|p1a: taglio
|-damage|p1a: taglio|33/100
|move|p1a: taglio|Crunch|p2a: Claydol
|-supereffective|p2a: Claydol
|-damage|p2a: Claydol|0 fnt
|faint|p2a: Claydol
|inactive|Ghost Melone has 270 seconds left.
|
|t:|1728596966
|switch|p2a: Tyranitar|Tyranitar, F|50/100
|
|-weather|Sandstorm|[upkeep]
|-heal|p1a: taglio|39/100|[from] item: Leftovers
|upkeep
|turn|9
|
|t:|1728596970
|move|p1a: taglio|Hidden Power|p2a: Tyranitar
|-supereffective|p2a: Tyranitar
|-damage|p2a: Tyranitar|15/100
|move|p2a: Tyranitar|Hidden Power|p1a: taglio
|-supereffective|p1a: taglio
|-damage|p1a: taglio|2/100
|
|-weather|Sandstorm|[upkeep]
|-heal|p1a: taglio|8/100|[from] item: Leftovers
|upkeep
|turn|10
|
|t:|1728596979
|move|p1a: taglio|Hidden Power|p2a: Tyranitar
|-supereffective|p2a: Tyranitar
|-damage|p2a: Tyranitar|0 fnt
|faint|p2a: Tyranitar
|
|t:|1728596981
|switch|p2a: Celebi|Celebi|100/100
|
|-weather|Sandstorm|[upkeep]
|-damage|p2a: Celebi|94/100|[from] Sandstorm
|-heal|p2a: Celebi|100/100|[from] item: Leftovers
|-heal|p1a: taglio|14/100|[from] item: Leftovers
|upkeep
|turn|11
|
|t:|1728596994
|switch|p1a: moglie|Magneton|100/100
|move|p2a: Celebi|Leech Seed|p1a: moglie
|-start|p1a: moglie|move: Leech Seed
|
|-weather|Sandstorm|[upkeep]
|-damage|p2a: Celebi|94/100|[from] Sandstorm
|-heal|p2a: Celebi|100/100|[from] item: Leftovers
|-damage|p1a: moglie|88/100|[from] Leech Seed|[of] p2a: Celebi
|upkeep
|turn|12
|
|t:|1728597008
|move|p2a: Celebi|Substitute|p2a: Celebi
|-start|p2a: Celebi|Substitute
|-damage|p2a: Celebi|75/100
|move|p1a: moglie|Thunder Wave||[still]
|-fail|p1a: moglie
|
|-weather|Sandstorm|[upkeep]
|-damage|p2a: Celebi|69/100|[from] Sandstorm
|-heal|p2a: Celebi|75/100|[from] item: Leftovers
|-damage|p1a: moglie|76/100|[from] Leech Seed|[of] p2a: Celebi
|-heal|p2a: Celebi|83/100|[silent]
|upkeep
|turn|13
|
|t:|1728597019
|switch|p1a: sandalo|Salamence, F|100/100
|move|p2a: Celebi|Baton Pass|p2a: Celebi
|
|t:|1728597021
|switch|p2a: Linoone|Linoone, F|100/100|[from] Baton Pass
|
|-weather|Sandstorm|[upkeep]
|-damage|p1a: sandalo|94/100|[from] Sandstorm
|-damage|p2a: Linoone|94/100|[from] Sandstorm
|-heal|p1a: sandalo|100/100|[from] item: Leftovers
|-heal|p2a: Linoone|100/100|[from] item: Leftovers
|upkeep
|turn|14
|
|t:|1728597032
|move|p1a: sandalo|Hidden Power|p2a: Linoone
|-end|p2a: Linoone|Substitute
|move|p2a: Linoone|Belly Drum|p2a: Linoone
|-damage|p2a: Linoone|50/100
|-setboost|p2a: Linoone|atk|6|[from] move: Belly Drum
|
|-weather|Sandstorm|[upkeep]
|-damage|p1a: sandalo|94/100|[from] Sandstorm
|-damage|p2a: Linoone|44/100|[from] Sandstorm
|-heal|p1a: sandalo|100/100|[from] item: Leftovers
|-heal|p2a: Linoone|50/100|[from] item: Leftovers
|upkeep
|turn|15
|
|t:|1728597040
|switch|p1a: taglio|Tyranitar, M|14/100
|move|p2a: Linoone|Extreme Speed|p1a: taglio
|-resisted|p1a: taglio
|-damage|p1a: taglio|0 fnt
|faint|p1a: taglio
|
|t:|1728597059
|switch|p1a: sandalo|Salamence, F|100/100
|-ability|p1a: sandalo|Intimidate|boost
|-unboost|p2a: Linoone|atk|1
|
|-weather|Sandstorm|[upkeep]
|-damage|p1a: sandalo|94/100|[from] Sandstorm
|-damage|p2a: Linoone|44/100|[from] Sandstorm
|-heal|p1a: sandalo|100/100|[from] item: Leftovers
|-heal|p2a: Linoone|50/100|[from] item: Leftovers
|upkeep
|turn|16
|
|t:|1728597094
|switch|p1a: moglie|Magneton|76/100
|move|p2a: Linoone|Extreme Speed|p1a: moglie
|-resisted|p1a: moglie
|-damage|p1a: moglie|1/100
|
|-weather|Sandstorm|[upkeep]
|-damage|p2a: Linoone|44/100|[from] Sandstorm
|-heal|p2a: Linoone|50/100|[from] item: Leftovers
|upkeep
|turn|17
|
|t:|1728597099
|move|p2a: Linoone|Shadow Ball|p1a: moglie
|-resisted|p1a: moglie
|-damage|p1a: moglie|0 fnt
|faint|p1a: moglie
|
|t:|1728597103
|switch|p1a: soglia|Swampert, F|75/100
|
|-weather|Sandstorm|[upkeep]
|-damage|p2a: Linoone|44/100|[from] Sandstorm
|-heal|p2a: Linoone|50/100|[from] item: Leftovers
|-heal|p1a: soglia|81/100|[from] item: Leftovers
|upkeep
|turn|18
|
|t:|1728597121
|switch|p2a: Celebi|Celebi|83/100
|move|p1a: soglia|Protect||[still]
|-fail|p1a: soglia
|
|-weather|Sandstorm|[upkeep]
|-damage|p2a: Celebi|77/100|[from] Sandstorm
|-heal|p2a: Celebi|83/100|[from] item: Leftovers
|-heal|p1a: soglia|87/100|[from] item: Leftovers
|upkeep
|turn|19
|
|t:|1728597124
|switch|p1a: sandalo|Salamence, F|100/100
|-ability|p1a: sandalo|Intimidate|boost
|-unboost|p2a: Celebi|atk|1
|move|p2a: Celebi|Leech Seed|p1a: sandalo
|-start|p1a: sandalo|move: Leech Seed
|
|-weather|Sandstorm|[upkeep]
|-damage|p1a: sandalo|94/100|[from] Sandstorm
|-damage|p2a: Celebi|77/100|[from] Sandstorm
|-heal|p1a: sandalo|100/100|[from] item: Leftovers
|-damage|p1a: sandalo|88/100|[from] Leech Seed|[of] p2a: Celebi
|-heal|p2a: Celebi|88/100|[silent]
|-heal|p2a: Celebi|94/100|[from] item: Leftovers
|upkeep
|turn|20
|
|t:|1728597133
|move|p1a: sandalo|Dragon Dance|p1a: sandalo
|-boost|p1a: sandalo|atk|1
|-boost|p1a: sandalo|spe|1
|move|p2a: Celebi|Substitute|p2a: Celebi
|-start|p2a: Celebi|Substitute
|-damage|p2a: Celebi|69/100
|
|-weather|Sandstorm|[upkeep]
|-damage|p1a: sandalo|82/100|[from] Sandstorm
|-damage|p2a: Celebi|63/100|[from] Sandstorm
|-heal|p1a: sandalo|88/100|[from] item: Leftovers
|-damage|p1a: sandalo|76/100|[from] Leech Seed|[of] p2a: Celebi
|-heal|p2a: Celebi|74/100|[silent]
|-heal|p2a: Celebi|80/100|[from] item: Leftovers
|upkeep
|turn|21
|
|t:|1728597137
|move|p1a: sandalo|Hidden Power|p2a: Celebi
|-supereffective|p2a: Celebi
|-end|p2a: Celebi|Substitute
|move|p2a: Celebi|Substitute|p2a: Celebi
|-start|p2a: Celebi|Substitute
|-damage|p2a: Celebi|55/100
|
|-weather|Sandstorm|[upkeep]
|-damage|p1a: sandalo|70/100|[from] Sandstorm
|-damage|p2a: Celebi|49/100|[from] Sandstorm
|-heal|p1a: sandalo|76/100|[from] item: Leftovers
|-damage|p1a: sandalo|63/100|[from] Leech Seed|[of] p2a: Celebi
|-heal|p2a: Celebi|59/100|[silent]
|-heal|p2a: Celebi|66/100|[from] item: Leftovers
|upkeep
|turn|22
|
|t:|1728597146
|move|p1a: sandalo|Hidden Power|p2a: Celebi
|-supereffective|p2a: Celebi
|-crit|p2a: Celebi
|-end|p2a: Celebi|Substitute
|move|p2a: Celebi|Substitute|p2a: Celebi
|-start|p2a: Celebi|Substitute
|-damage|p2a: Celebi|41/100
|
|-weather|Sandstorm|[upkeep]
|-damage|p1a: sandalo|57/100|[from] Sandstorm
|-damage|p2a: Celebi|34/100|[from] Sandstorm
|-heal|p1a: sandalo|63/100|[from] item: Leftovers
|-damage|p1a: sandalo|51/100|[from] Leech Seed|[of] p2a: Celebi
|-heal|p2a: Celebi|45/100|[silent]
|-heal|p2a: Celebi|51/100|[from] item: Leftovers
|upkeep
|turn|23
|
|t:|1728597152
|move|p1a: sandalo|Hidden Power|p2a: Celebi
|-supereffective|p2a: Celebi
|-end|p2a: Celebi|Substitute
|move|p2a: Celebi|Substitute|p2a: Celebi
|-start|p2a: Celebi|Substitute
|-damage|p2a: Celebi|26/100
|
|-weather|Sandstorm|[upkeep]
|-damage|p1a: sandalo|45/100|[from] Sandstorm
|-damage|p2a: Celebi|20/100|[from] Sandstorm
|-heal|p1a: sandalo|51/100|[from] item: Leftovers
|-damage|p1a: sandalo|39/100|[from] Leech Seed|[of] p2a: Celebi
|-heal|p2a: Celebi|31/100|[silent]
|-heal|p2a: Celebi|37/100|[from] item: Leftovers
|upkeep
|turn|24
|
|t:|1728597176
|move|p1a: sandalo|Hidden Power|p2a: Celebi
|-supereffective|p2a: Celebi
|-end|p2a: Celebi|Substitute
|move|p2a: Celebi|Substitute|p2a: Celebi
|-start|p2a: Celebi|Substitute
|-damage|p2a: Celebi|12/100
|
|-weather|Sandstorm|[upkeep]
|-damage|p1a: sandalo|32/100|[from] Sandstorm
|-damage|p2a: Celebi|6/100|[from] Sandstorm
|-heal|p1a: sandalo|39/100|[from] item: Leftovers
|-damage|p1a: sandalo|26/100|[from] Leech Seed|[of] p2a: Celebi
|-heal|p2a: Celebi|17/100|[silent]
|-heal|p2a: Celebi|23/100|[from] item: Leftovers
|upkeep
|turn|25
|
|t:|1728597190
|move|p1a: sandalo|Hidden Power|p2a: Celebi
|-supereffective|p2a: Celebi
|-end|p2a: Celebi|Substitute
|move|p2a: Celebi|Recover|p2a: Celebi
|-heal|p2a: Celebi|73/100
|
|-weather|Sandstorm|[upkeep]
|-damage|p1a: sandalo|20/100|[from] Sandstorm
|-damage|p2a: Celebi|67/100|[from] Sandstorm
|-heal|p1a: sandalo|26/100|[from] item: Leftovers
|-damage|p1a: sandalo|14/100|[from] Leech Seed|[of] p2a: Celebi
|-heal|p2a: Celebi|78/100|[silent]
|-heal|p2a: Celebi|84/100|[from] item: Leftovers
|upkeep
|turn|26
|
|t:|1728597200
|switch|p2a: Magneton|Magneton|100/100
|move|p1a: sandalo|Hidden Power|p2a: Magneton
|-resisted|p2a: Magneton
|-crit|p2a: Magneton
|-damage|p2a: Magneton|58/100
|
|-weather|Sandstorm|[upkeep]
|-damage|p1a: sandalo|8/100|[from] Sandstorm
|-heal|p1a: sandalo|14/100|[from] item: Leftovers
|-damage|p1a: sandalo|1/100|[from] Leech Seed|[of] p2a: Magneton
|-heal|p2a: Magneton|76/100|[silent]
|upkeep
|turn|27
|
|t:|1728597208
|move|p1a: sandalo|Earthquake|p2a: Magneton
|-supereffective|p2a: Magneton
|-damage|p2a: Magneton|0 fnt
|faint|p2a: Magneton
|
|t:|1728597210
|switch|p2a: Celebi|Celebi|84/100
|
|-weather|Sandstorm|[upkeep]
|-damage|p1a: sandalo|0 fnt|[from] Sandstorm
|-damage|p2a: Celebi|78/100|[from] Sandstorm
|faint|p1a: sandalo
|-heal|p2a: Celebi|84/100|[from] item: Leftovers
|upkeep
|
|t:|1728597215
|switch|p1a: soglia|Swampert, F|87/100
|turn|28
|
|t:|1728597218
|move|p2a: Celebi|Leech Seed|p1a: soglia
|-start|p1a: soglia|move: Leech Seed
|move|p1a: soglia|Ice Beam|p2a: Celebi
|-supereffective|p2a: Celebi
|-damage|p2a: Celebi|61/100
|
|-weather|Sandstorm|[upkeep]
|-damage|p2a: Celebi|55/100|[from] Sandstorm
|-heal|p2a: Celebi|61/100|[from] item: Leftovers
|-heal|p1a: soglia|94/100|[from] item: Leftovers
|-damage|p1a: soglia|81/100|[from] Leech Seed|[of] p2a: Celebi
|-heal|p2a: Celebi|74/100|[silent]
|upkeep
|turn|29
|
|t:|1728597222
|move|p2a: Celebi|Substitute|p2a: Celebi
|-start|p2a: Celebi|Substitute
|-damage|p2a: Celebi|49/100
|move|p1a: soglia|Ice Beam|p2a: Celebi
|-supereffective|p2a: Celebi
|-activate|p2a: Celebi|Substitute|[damage]
|
|-weather|Sandstorm|[upkeep]
|-damage|p2a: Celebi|42/100|[from] Sandstorm
|-heal|p2a: Celebi|49/100|[from] item: Leftovers
|-heal|p1a: soglia|87/100|[from] item: Leftovers
|-damage|p1a: soglia|75/100|[from] Leech Seed|[of] p2a: Celebi
|-heal|p2a: Celebi|61/100|[silent]
|upkeep
|turn|30
|
|t:|1728597224
|move|p2a: Celebi|Recover|p2a: Celebi
|-heal|p2a: Celebi|100/100
|move|p1a: soglia|Ice Beam|p2a: Celebi
|-supereffective|p2a: Celebi
|-end|p2a: Celebi|Substitute
|
|-weather|Sandstorm|[upkeep]
|-damage|p2a: Celebi|94/100|[from] Sandstorm
|-heal|p2a: Celebi|100/100|[from] item: Leftovers
|-heal|p1a: soglia|81/100|[from] item: Leftovers
|-damage|p1a: soglia|69/100|[from] Leech Seed|[of] p2a: Celebi
|upkeep
|turn|31
|
|t:|1728597226
|move|p2a: Celebi|Substitute|p2a: Celebi
|-start|p2a: Celebi|Substitute
|-damage|p2a: Celebi|75/100
|move|p1a: soglia|Ice Beam|p2a: Celebi
|-supereffective|p2a: Celebi
|-end|p2a: Celebi|Substitute
|
|-weather|Sandstorm|[upkeep]
|-damage|p2a: Celebi|69/100|[from] Sandstorm
|-heal|p2a: Celebi|75/100|[from] item: Leftovers
|-heal|p1a: soglia|75/100|[from] item: Leftovers
|-damage|p1a: soglia|63/100|[from] Leech Seed|[of] p2a: Celebi
|-heal|p2a: Celebi|88/100|[silent]
|upkeep
|turn|32
|
|t:|1728597228
|move|p2a: Celebi|Substitute|p2a: Celebi
|-start|p2a: Celebi|Substitute
|-damage|p2a: Celebi|63/100
|move|p1a: soglia|Ice Beam|p2a: Celebi
|-supereffective|p2a: Celebi
|-end|p2a: Celebi|Substitute
|
|-weather|Sandstorm|[upkeep]
|-damage|p2a: Celebi|57/100|[from] Sandstorm
|-heal|p2a: Celebi|63/100|[from] item: Leftovers
|-heal|p1a: soglia|69/100|[from] item: Leftovers
|-damage|p1a: soglia|56/100|[from] Leech Seed|[of] p2a: Celebi
|-heal|p2a: Celebi|75/100|[silent]
|upkeep
|turn|33
|c|☆DancingAlong|gg
|c|☆Ghost Melone|gg
|-message|DancingAlong forfeited.
|
|win|Ghost Melone

</script>
<script type="application/json" class="data" id="replaydata-smogtours-gen3ou-797036">
{"id":"smogtours-gen3ou-797036","format":"[Gen 3] OU","players":["DancingAlong","Ghost Melone"],"uploadtime":1728597236,"views":145,"formatid":"gen3ou","rating":null,"private":0,"password":null}
</script>

<script defer src="js/replays.js?9d40a366"></script>
