<!DOCTYPE html>
<meta charset="utf-8" />
<meta name="viewport" content="width=device-width" />

<title>[Gen 3] OU: Churielix vs. loleinsmaragd - Replays - Pok&eacute;mon Showdown!</title>

<meta name="description" content="Watch a replay of a Pok&eacute;mon battle between Churielix and loleinsmaragd! Format: [Gen 3] OU; Date: Oct 13, 2024" />
<!--

Hey, you! Looking in the source for the replay log?

You can find them in JSON format, just add `.json` at the end of a replay URL.

https://replay.pokemonshowdown.com/gen7randomdoublesbattle-865046831.json

Or, if you only need the log itself, add `.log` instead:

https://replay.pokemonshowdown.com/gen7randomdoublesbattle-865046831.log

-->

<link rel="stylesheet" href="//pokemonshowdown.com/style/global.css?0.767286132409787" />
<link rel="stylesheet" href="//play.pokemonshowdown.com/style/font-awesome.css?0.9266228007934947" />
<link rel="stylesheet" href="//play.pokemonshowdown.com/style/battle.css?0.7924700842790926" />
<link rel="stylesheet" href="//play.pokemonshowdown.com/style/utilichart.css?0.8777417872839479" />

<!-- Global site tag (gtag.js) - Google Analytics -->
<script async src="https://www.googletagmanager.com/gtag/js?id=UA-26211653-1"></script>
<script>
  window.dataLayer = window.dataLayer || [];
  function gtag(){dataLayer.push(arguments);}
  gtag('js', new Date());

  gtag('config', 'UA-26211653-1');
</script>
<!-- End Google Analytics -->
<!-- Venatus Ad Manager - Install in <HEAD> of page -->
	<script src="https://hb.vntsm.com/v3/live/ad-manager.min.js" type="text/javascript" data-site-id="642aba63ec9a7b11c3c9c1be" data-mode="scan" async></script>
<!-- / Venatus Ad Manager -->

<style>
	@media (max-width:820px) {
		.battle {
			margin: 0 auto;
		}
		.battle-log {
			margin: 7px auto 0;
			max-width: 640px;
			height: 300px;
			position: static;
		}
	}
	.optgroup {
		display: inline-block;
		line-height: 22px;
		font-size: 10pt;
	}
	.optgroup .button {
		height: 25px;
		padding-top: 0;
		padding-bottom: 0;
	}
	.optgroup button.button {
		padding-left: 12px;
		padding-right: 12px;
	}
	.linklist {
		list-style: none;
		margin: 0.5em 0;
		padding: 0;
	}
	.linklist li {
		padding: 2px 0;
	}
	.sidebar {
		float: left;
		width: 320px;
	}
	.bar-wrapper {
		max-width: 1100px;
		margin: 0 auto;
	}
	.bar-wrapper.has-sidebar {
		max-width: 1430px;
	}
	.mainbar {
		margin: 0;
		padding-right: 1px;
	}
	.mainbar.has-sidebar {
		margin-left: 330px;
	}
	@media (min-width: 1511px) {
		.sidebar {
			width: 400px;
		}
		.bar-wrapper.has-sidebar {
			max-width: 1510px;
		}
		.mainbar.has-sidebar {
			margin-left: 410px;
		}
	}
	.section.first-section {
		margin-top: 9px;
	}
	.blocklink small {
		white-space: normal;
	}
	.button {
		vertical-align: middle;
	}
	.replay-controls {
		padding-top: 10px;
	}
	.replay-controls h1 {
		font-size: 16pt;
		font-weight: normal;
		color: #CCC;
	}
	.pagelink {
		text-align: center;
	}
	.pagelink a {
		width: 150px;
	}
	.textbox, .button {
		font-size: 11pt;
		vertical-align: middle;
	}
	@media (max-width: 450px) {
		.button {
			font-size: 9pt;
		}
	}
</style>

<div>

	<header>
		<div class="nav-wrapper"><ul class="nav">
			<li><a class="button nav-first" href="//pokemonshowdown.com/"><img src="//pokemonshowdown.com/images/pokemonshowdownbeta.png" srcset="//pokemonshowdown.com/images/pokemonshowdownbeta.png 1x, //pokemonshowdown.com/images/pokemonshowdownbeta@2x.png 2x" alt="Pok&eacute;mon Showdown" width="146" height="44" /> Home</a></li>
			<li><a class="button" href="//pokemonshowdown.com/dex/">Pok&eacute;dex</a></li>
			<li><a class="button cur" href="/">Replays</a></li>
			<li><a class="button" href="//pokemonshowdown.com/ladder/">Ladder</a></li>
			<li><a class="button nav-last" href="//pokemonshowdown.com/forums/">Forum</a></li>
			<li><a class="button greenbutton nav-first nav-last" href="//play.pokemonshowdown.com/">Play</a></li>
		</ul></div>
	</header>

	<div class="main" id="main">

		<noscript><section class="section">You need to enable JavaScript to use this page; sorry!</section></noscript>

	</div>

</div>

<script defer nomodule src="//play.pokemonshowdown.com/js/lib/ps-polyfill.js"></script>
<script defer src="//play.pokemonshowdown.com/js/lib/preact.min.js"></script>

<script defer src="//play.pokemonshowdown.com/config/config.js?6dec07f6"></script>
<script defer src="//play.pokemonshowdown.com/js/lib/jquery-1.11.0.min.js"></script>
<script defer src="//play.pokemonshowdown.com/js/lib/html-sanitizer-minified.js"></script>
<script defer src="//play.pokemonshowdown.com/js/battle-sound.js"></script>
<script defer src="//play.pokemonshowdown.com/js/battledata.js?0.6315294753075389"></script>
<script defer src="//play.pokemonshowdown.com/data/pokedex-mini.js?0.7603743185311358"></script>
<script defer src="//play.pokemonshowdown.com/data/pokedex-mini-bw.js?0.030888842834281283"></script>
<script defer src="//play.pokemonshowdown.com/data/graphics.js?0.05593094747507488"></script>
<script defer src="//play.pokemonshowdown.com/data/pokedex.js?0.47064822249611904"></script>
<script defer src="//play.pokemonshowdown.com/data/moves.js?0.8583693120512459"></script>
<script defer src="//play.pokemonshowdown.com/data/abilities.js?0.16017181182386842"></script>
<script defer src="//play.pokemonshowdown.com/data/items.js?0.4163379185673943"></script>
<script defer src="//play.pokemonshowdown.com/data/teambuilder-tables.js?0.31075597372830477"></script>
<script defer src="//play.pokemonshowdown.com/js/battle-tooltips.js?0.6536193500708172"></script>
<script defer src="//play.pokemonshowdown.com/js/battle.js?0.1916591943277901"></script>

<script defer src="js/utils.js?e31f9a17"></script>
<script defer src="js/replays-battle.js?7008c182"></script>

<!-- don't scrape this data! just add .json or .log after the URL!
Full API docs: https://github.com/smogon/pokemon-showdown-client/blob/master/WEB-API.md -->
<script type="text/plain" class="log" id="replaylog-smogtours-gen3ou-798021">
|inactive|Battle timer is ON: inactive players will automatically lose when time's up.
|t:|1728829316
|gametype|singles
|player|p1|Churielix|lucas|
|player|p2|loleinsmaragd|clerk-boss|
|teamsize|p1|6
|teamsize|p2|6
|gen|3
|tier|[Gen 3] OU
|rule|Sleep Clause Mod: Limit one foe put to sleep
|rule|Switch Priority Clause Mod: Faster Pokémon switch first
|rule|Species Clause: Limit one of each Pokémon
|rule|OHKO Clause: OHKO moves are banned
|rule|Evasion Items Clause: Evasion items are banned
|rule|Evasion Moves Clause: Evasion moves are banned
|rule|Endless Battle Clause: Forcing endless battles is banned
|rule|HP Percentage Mod: HP is shown in percentages
|rule|One Boost Passer Clause: Limit one Baton Passer that has a way to boost its stats
|rule|Freeze Clause Mod: Limit one foe frozen
|
|t:|1728829316
|start
|switch|p1a: Salamence|Salamence, F|100/100
|switch|p2a: Desporta|Tyranitar, F|100/100
|-ability|p1a: Salamence|Intimidate|boost
|-unboost|p2a: Desporta|atk|1
|-weather|Sandstorm|[from] ability: Sand Stream|[of] p2a: Desporta
|turn|1
|c|☆loleinsmaragd|Hf
|c|☆Churielix|u2
|inactive|Churielix has 270 seconds left.
|
|t:|1728829349
|switch|p2a: Swampert|Swampert, M|100/100
|move|p1a: Salamence|Brick Break|p2a: Swampert
|-damage|p2a: Swampert|86/100
|
|-weather|Sandstorm|[upkeep]
|-damage|p1a: Salamence|94/100|[from] Sandstorm
|-heal|p1a: Salamence|100/100|[from] item: Leftovers
|-heal|p2a: Swampert|92/100|[from] item: Leftovers
|upkeep
|turn|2
|
|t:|1728829355
|move|p1a: Salamence|Hidden Power|p2a: Swampert
|-supereffective|p2a: Swampert
|-crit|p2a: Swampert
|-damage|p2a: Swampert|0 fnt
|faint|p2a: Swampert
|
|t:|1728829360
|switch|p2a: Blissey|Blissey, F|100/100
|
|-weather|Sandstorm|[upkeep]
|-damage|p1a: Salamence|94/100|[from] Sandstorm
|-damage|p2a: Blissey|94/100|[from] Sandstorm
|-heal|p1a: Salamence|100/100|[from] item: Leftovers
|-heal|p2a: Blissey|100/100|[from] item: Leftovers
|upkeep
|turn|3
|
|t:|1728829364
|switch|p1a: Skarmory|Skarmory, F|100/100
|move|p2a: Blissey|Ice Beam|p1a: Skarmory
|-damage|p1a: Skarmory|75/100
|
|-weather|Sandstorm|[upkeep]
|-damage|p2a: Blissey|94/100|[from] Sandstorm
|-heal|p1a: Skarmory|81/100|[from] item: Leftovers
|-heal|p2a: Blissey|100/100|[from] item: Leftovers
|upkeep
|turn|4
|
|t:|1728829368
|move|p1a: Skarmory|Spikes|p2a: Blissey
|-sidestart|p2: loleinsmaragd|Spikes
|move|p2a: Blissey|Thunderbolt|p1a: Skarmory
|-supereffective|p1a: Skarmory
|-damage|p1a: Skarmory|36/100
|
|-weather|Sandstorm|[upkeep]
|-damage|p2a: Blissey|94/100|[from] Sandstorm
|-heal|p1a: Skarmory|42/100|[from] item: Leftovers
|-heal|p2a: Blissey|100/100|[from] item: Leftovers
|upkeep
|turn|5
|
|t:|1728829375
|switch|p2a: Big guy|Charizard, M|100/100
|move|p1a: Skarmory|Protect||[still]
|-fail|p1a: Skarmory
|
|-weather|Sandstorm|[upkeep]
|-damage|p2a: Big guy|94/100|[from] Sandstorm
|-heal|p2a: Big guy|100/100|[from] item: Leftovers
|-heal|p1a: Skarmory|48/100|[from] item: Leftovers
|upkeep
|turn|6
|
|t:|1728829380
|switch|p1a: Starmie|Starmie|100/100
|move|p2a: Big guy|Fire Blast|p1a: Starmie
|-resisted|p1a: Starmie
|-damage|p1a: Starmie|71/100
|-status|p1a: Starmie|brn
|
|-weather|Sandstorm|[upkeep]
|-damage|p1a: Starmie|65/100 brn|[from] Sandstorm
|-damage|p2a: Big guy|94/100|[from] Sandstorm
|-heal|p1a: Starmie|71/100 brn|[from] item: Leftovers
|-damage|p1a: Starmie|59/100 brn|[from] brn
|-heal|p2a: Big guy|100/100|[from] item: Leftovers
|upkeep
|turn|7
|
|t:|1728829385
|switch|p2a: Blissey|Blissey, F|100/100
|-damage|p2a: Blissey|88/100|[from] Spikes
|move|p1a: Starmie|Recover|p1a: Starmie
|-heal|p1a: Starmie|100/100 brn
|
|-weather|Sandstorm|[upkeep]
|-damage|p1a: Starmie|94/100 brn|[from] Sandstorm
|-damage|p2a: Blissey|82/100|[from] Sandstorm
|-heal|p1a: Starmie|100/100 brn|[from] item: Leftovers
|-damage|p1a: Starmie|88/100 brn|[from] brn
|-heal|p2a: Blissey|88/100|[from] item: Leftovers
|upkeep
|turn|8
|
|t:|1728829393
|-curestatus|p1a: Starmie|brn|[from] ability: Natural Cure
|switch|p1a: Metagross|Metagross|100/100
|move|p2a: Blissey|Thunderbolt|p1a: Metagross
|-damage|p1a: Metagross|75/100
|
|-weather|Sandstorm|[upkeep]
|-damage|p2a: Blissey|82/100|[from] Sandstorm
|-heal|p1a: Metagross|82/100|[from] item: Leftovers
|-heal|p2a: Blissey|88/100|[from] item: Leftovers
|upkeep
|turn|9
|
|t:|1728829401
|switch|p2a: Skarmory|Skarmory, M|100/100
|move|p1a: Metagross|Rock Slide|p2a: Skarmory|[miss]
|-miss|p1a: Metagross|p2a: Skarmory
|
|-weather|Sandstorm|[upkeep]
|-heal|p1a: Metagross|88/100|[from] item: Leftovers
|upkeep
|turn|10
|
|t:|1728829406
|switch|p1a: Skarmory|Skarmory, F|48/100
|move|p2a: Skarmory|Spikes|p1a: Skarmory
|-sidestart|p1: Churielix|Spikes
|
|-weather|Sandstorm|[upkeep]
|-heal|p1a: Skarmory|54/100|[from] item: Leftovers
|upkeep
|turn|11
|
|t:|1728829412
|switch|p2a: Big guy|Charizard, M|100/100
|move|p1a: Skarmory|Spikes|p2a: Big guy
|-sidestart|p2: loleinsmaragd|Spikes
|
|-weather|Sandstorm|[upkeep]
|-damage|p2a: Big guy|94/100|[from] Sandstorm
|-heal|p2a: Big guy|100/100|[from] item: Leftovers
|-heal|p1a: Skarmory|60/100|[from] item: Leftovers
|upkeep
|turn|12
|
|t:|1728829417
|switch|p1a: Starmie|Starmie|88/100
|-damage|p1a: Starmie|76/100|[from] Spikes
|move|p2a: Big guy|Fire Blast|p1a: Starmie
|-resisted|p1a: Starmie
|-damage|p1a: Starmie|46/100
|-status|p1a: Starmie|brn
|
|-weather|Sandstorm|[upkeep]
|-damage|p1a: Starmie|40/100 brn|[from] Sandstorm
|-damage|p2a: Big guy|94/100|[from] Sandstorm
|-heal|p1a: Starmie|46/100 brn|[from] item: Leftovers
|-damage|p1a: Starmie|34/100 brn|[from] brn
|-heal|p2a: Big guy|100/100|[from] item: Leftovers
|upkeep
|turn|13
|
|t:|1728829428
|move|p1a: Starmie|Recover|p1a: Starmie
|-heal|p1a: Starmie|84/100 brn
|move|p2a: Big guy|Hidden Power|p1a: Starmie
|-supereffective|p1a: Starmie
|-crit|p1a: Starmie
|-damage|p1a: Starmie|0 fnt
|faint|p1a: Starmie
|
|t:|1728829453
|switch|p1a: Salamence|Salamence, F|100/100
|-ability|p1a: Salamence|Intimidate|boost
|-unboost|p2a: Big guy|atk|1
|
|-weather|Sandstorm|[upkeep]
|-damage|p2a: Big guy|94/100|[from] Sandstorm
|-damage|p1a: Salamence|94/100|[from] Sandstorm
|-heal|p2a: Big guy|100/100|[from] item: Leftovers
|-heal|p1a: Salamence|100/100|[from] item: Leftovers
|upkeep
|turn|14
|
|t:|1728829459
|move|p2a: Big guy|Dragon Claw|p1a: Salamence
|-supereffective|p1a: Salamence
|-damage|p1a: Salamence|34/100
|move|p1a: Salamence|Dragon Claw|p2a: Big guy
|-crit|p2a: Big guy
|-damage|p2a: Big guy|0 fnt
|faint|p2a: Big guy
|
|t:|1728829469
|switch|p2a: Bill|Gengar, F|100/100
|
|-weather|Sandstorm|[upkeep]
|-damage|p2a: Bill|94/100|[from] Sandstorm
|-damage|p1a: Salamence|28/100|[from] Sandstorm
|-heal|p2a: Bill|100/100|[from] item: Leftovers
|-heal|p1a: Salamence|34/100|[from] item: Leftovers
|upkeep
|turn|15
|
|t:|1728829473
|switch|p1a: Tyranitar|Tyranitar, F|100/100
|-damage|p1a: Tyranitar|88/100|[from] Spikes
|move|p2a: Bill|Thunderbolt|p1a: Tyranitar
|-damage|p1a: Tyranitar|60/100
|
|-weather|Sandstorm|[upkeep]
|-damage|p2a: Bill|94/100|[from] Sandstorm
|-heal|p2a: Bill|100/100|[from] item: Leftovers
|-heal|p1a: Tyranitar|66/100|[from] item: Leftovers
|upkeep
|turn|16
|
|t:|1728829479
|-activate|p2a: Bill|move: Pursuit
|move|p1a: Tyranitar|Pursuit|p2a: Bill|[from]Pursuit
|-supereffective|p2a: Bill
|-damage|p2a: Bill|0 fnt
|faint|p2a: Bill
|-hint|Previously chosen switches continue in Gen 2-4 after a Pursuit target faints.
|switch|p2a: Skarmory|Skarmory, M|100/100
|
|-weather|Sandstorm|[upkeep]
|-heal|p1a: Tyranitar|73/100|[from] item: Leftovers
|upkeep
|turn|17
|
|t:|1728829484
|move|p1a: Tyranitar|Fire Blast|p2a: Skarmory
|-supereffective|p2a: Skarmory
|-damage|p2a: Skarmory|36/100
|move|p2a: Skarmory|Spikes|p1a: Tyranitar
|-sidestart|p1: Churielix|Spikes
|
|-weather|Sandstorm|[upkeep]
|-heal|p1a: Tyranitar|79/100|[from] item: Leftovers
|-heal|p2a: Skarmory|42/100|[from] item: Leftovers
|upkeep
|turn|18
|
|t:|1728829493
|move|p2a: Skarmory|Protect|p2a: Skarmory
|-singleturn|p2a: Skarmory|Protect
|move|p1a: Tyranitar|Fire Blast|p2a: Skarmory
|-activate|p2a: Skarmory|Protect
|
|-weather|Sandstorm|[upkeep]
|-heal|p1a: Tyranitar|85/100|[from] item: Leftovers
|-heal|p2a: Skarmory|48/100|[from] item: Leftovers
|upkeep
|turn|19
|
|t:|1728829498
|move|p1a: Tyranitar|Brick Break|p2a: Skarmory
|-damage|p2a: Skarmory|33/100
|move|p2a: Skarmory|Toxic|p1a: Tyranitar
|-status|p1a: Tyranitar|tox
|
|-weather|Sandstorm|[upkeep]
|-heal|p1a: Tyranitar|91/100 tox|[from] item: Leftovers
|-damage|p1a: Tyranitar|85/100 tox|[from] psn
|-heal|p2a: Skarmory|39/100|[from] item: Leftovers
|upkeep
|turn|20
|
|t:|1728829509
|move|p2a: Skarmory|Protect|p2a: Skarmory
|-singleturn|p2a: Skarmory|Protect
|move|p1a: Tyranitar|Fire Blast|p2a: Skarmory
|-activate|p2a: Skarmory|Protect
|
|-weather|Sandstorm|[upkeep]
|-heal|p1a: Tyranitar|91/100 tox|[from] item: Leftovers
|-damage|p1a: Tyranitar|79/100 tox|[from] psn
|-heal|p2a: Skarmory|45/100|[from] item: Leftovers
|upkeep
|turn|21
|
|t:|1728829523
|move|p1a: Tyranitar|Fire Blast|p2a: Skarmory
|-supereffective|p2a: Skarmory
|-damage|p2a: Skarmory|0 fnt
|faint|p2a: Skarmory
|
|t:|1728829526
|switch|p2a: Desporta|Tyranitar, F|100/100
|-damage|p2a: Desporta|84/100|[from] Spikes
|
|-weather|Sandstorm|[upkeep]
|-heal|p1a: Tyranitar|85/100 tox|[from] item: Leftovers
|-damage|p1a: Tyranitar|66/100 tox|[from] psn
|upkeep
|turn|22
|
|t:|1728829530
|move|p2a: Desporta|Brick Break|p1a: Tyranitar
|-supereffective|p1a: Tyranitar
|-damage|p1a: Tyranitar|0 fnt
|faint|p1a: Tyranitar
|
|t:|1728829533
|switch|p1a: Salamence|Salamence, F|34/100
|-ability|p1a: Salamence|Intimidate|boost
|-unboost|p2a: Desporta|atk|1
|
|-weather|Sandstorm|[upkeep]
|-damage|p1a: Salamence|28/100|[from] Sandstorm
|-heal|p1a: Salamence|34/100|[from] item: Leftovers
|upkeep
|turn|23
|
|t:|1728829542
|move|p1a: Salamence|Brick Break|p2a: Desporta
|-supereffective|p2a: Desporta
|-damage|p2a: Desporta|0 fnt
|faint|p2a: Desporta
|
|t:|1728829544
|switch|p2a: Blissey|Blissey, F|88/100
|-damage|p2a: Blissey|71/100|[from] Spikes
|
|-weather|Sandstorm|[upkeep]
|-damage|p1a: Salamence|28/100|[from] Sandstorm
|-damage|p2a: Blissey|65/100|[from] Sandstorm
|-heal|p1a: Salamence|34/100|[from] item: Leftovers
|-heal|p2a: Blissey|71/100|[from] item: Leftovers
|upkeep
|turn|24
|
|t:|1728829547
|move|p1a: Salamence|Brick Break|p2a: Blissey
|-supereffective|p2a: Blissey
|-damage|p2a: Blissey|22/100
|move|p2a: Blissey|Ice Beam|p1a: Salamence
|-supereffective|p1a: Salamence
|-damage|p1a: Salamence|0 fnt
|faint|p1a: Salamence
|
|t:|1728829549
|switch|p1a: Metagross|Metagross|88/100
|-damage|p1a: Metagross|71/100|[from] Spikes
|
|-weather|Sandstorm|[upkeep]
|-damage|p2a: Blissey|16/100|[from] Sandstorm
|-heal|p1a: Metagross|77/100|[from] item: Leftovers
|-heal|p2a: Blissey|22/100|[from] item: Leftovers
|upkeep
|turn|25
|
|t:|1728829553
|move|p1a: Metagross|Earthquake|p2a: Blissey
|-damage|p2a: Blissey|0 fnt
|faint|p2a: Blissey
|
|win|Churielix
|c|☆Churielix|/log Churielix made the replay of this battle unlisted.

</script>
<script type="application/json" class="data" id="replaydata-smogtours-gen3ou-798021">
{"id":"smogtours-gen3ou-798021","format":"[Gen 3] OU","players":["Churielix","loleinsmaragd"],"uploadtime":1728829553,"views":172,"formatid":"gen3ou","rating":null,"private":1,"password":null}
</script>

<script defer src="js/replays.js?9d40a366"></script>
