<!DOCTYPE html>
<meta charset="utf-8" />
<meta name="viewport" content="width=device-width" />

<title>[Gen 3] OU: RBVengeance vs. xlimexheep - Replays - Pok&eacute;mon Showdown!</title>

<meta name="description" content="Watch a replay of a Pok&eacute;mon battle between RBVengeance and xlimexheep! Format: [Gen 3] OU; Date: Oct 13, 2024" />
<!--

Hey, you! Looking in the source for the replay log?

You can find them in JSON format, just add `.json` at the end of a replay URL.

https://replay.pokemonshowdown.com/gen7randomdoublesbattle-865046831.json

Or, if you only need the log itself, add `.log` instead:

https://replay.pokemonshowdown.com/gen7randomdoublesbattle-865046831.log

-->

<link rel="stylesheet" href="//pokemonshowdown.com/style/global.css?0.023195364461161105" />
<link rel="stylesheet" href="//play.pokemonshowdown.com/style/font-awesome.css?0.13261647063804238" />
<link rel="stylesheet" href="//play.pokemonshowdown.com/style/battle.css?0.8753245789963631" />
<link rel="stylesheet" href="//play.pokemonshowdown.com/style/utilichart.css?0.8627959624976733" />

<!-- Global site tag (gtag.js) - Google Analytics -->
<script async src="https://www.googletagmanager.com/gtag/js?id=UA-26211653-1"></script>
<script>
  window.dataLayer = window.dataLayer || [];
  function gtag(){dataLayer.push(arguments);}
  gtag('js', new Date());

  gtag('config', 'UA-26211653-1');
</script>
<!-- End Google Analytics -->
<!-- Venatus Ad Manager - Install in <HEAD> of page -->
	<script src="https://hb.vntsm.com/v3/live/ad-manager.min.js" type="text/javascript" data-site-id="642aba63ec9a7b11c3c9c1be" data-mode="scan" async></script>
<!-- / Venatus Ad Manager -->

<style>
	@media (max-width:820px) {
		.battle {
			margin: 0 auto;
		}
		.battle-log {
			margin: 7px auto 0;
			max-width: 640px;
			height: 300px;
			position: static;
		}
	}
	.optgroup {
		display: inline-block;
		line-height: 22px;
		font-size: 10pt;
	}
	.optgroup .button {
		height: 25px;
		padding-top: 0;
		padding-bottom: 0;
	}
	.optgroup button.button {
		padding-left: 12px;
		padding-right: 12px;
	}
	.linklist {
		list-style: none;
		margin: 0.5em 0;
		padding: 0;
	}
	.linklist li {
		padding: 2px 0;
	}
	.sidebar {
		float: left;
		width: 320px;
	}
	.bar-wrapper {
		max-width: 1100px;
		margin: 0 auto;
	}
	.bar-wrapper.has-sidebar {
		max-width: 1430px;
	}
	.mainbar {
		margin: 0;
		padding-right: 1px;
	}
	.mainbar.has-sidebar {
		margin-left: 330px;
	}
	@media (min-width: 1511px) {
		.sidebar {
			width: 400px;
		}
		.bar-wrapper.has-sidebar {
			max-width: 1510px;
		}
		.mainbar.has-sidebar {
			margin-left: 410px;
		}
	}
	.section.first-section {
		margin-top: 9px;
	}
	.blocklink small {
		white-space: normal;
	}
	.button {
		vertical-align: middle;
	}
	.replay-controls {
		padding-top: 10px;
	}
	.replay-controls h1 {
		font-size: 16pt;
		font-weight: normal;
		color: #CCC;
	}
	.pagelink {
		text-align: center;
	}
	.pagelink a {
		width: 150px;
	}
	.textbox, .button {
		font-size: 11pt;
		vertical-align: middle;
	}
	@media (max-width: 450px) {
		.button {
			font-size: 9pt;
		}
	}
</style>

<div>

	<header>
		<div class="nav-wrapper"><ul class="nav">
			<li><a class="button nav-first" href="//pokemonshowdown.com/"><img src="//pokemonshowdown.com/images/pokemonshowdownbeta.png" srcset="//pokemonshowdown.com/images/pokemonshowdownbeta.png 1x, //pokemonshowdown.com/images/pokemonshowdownbeta@2x.png 2x" alt="Pok&eacute;mon Showdown" width="146" height="44" /> Home</a></li>
			<li><a class="button" href="//pokemonshowdown.com/dex/">Pok&eacute;dex</a></li>
			<li><a class="button cur" href="/">Replays</a></li>
			<li><a class="button" href="//pokemonshowdown.com/ladder/">Ladder</a></li>
			<li><a class="button nav-last" href="//pokemonshowdown.com/forums/">Forum</a></li>
			<li><a class="button greenbutton nav-first nav-last" href="//play.pokemonshowdown.com/">Play</a></li>
		</ul></div>
	</header>

	<div class="main" id="main">

		<noscript><section class="section">You need to enable JavaScript to use this page; sorry!</section></noscript>

	</div>

</div>

<script defer nomodule src="//play.pokemonshowdown.com/js/lib/ps-polyfill.js"></script>
<script defer src="//play.pokemonshowdown.com/js/lib/preact.min.js"></script>

<script defer src="//play.pokemonshowdown.com/config/config.js?2bddbc15"></script>
<script defer src="//play.pokemonshowdown.com/js/lib/jquery-1.11.0.min.js"></script>
<script defer src="//play.pokemonshowdown.com/js/lib/html-sanitizer-minified.js"></script>
<script defer src="//play.pokemonshowdown.com/js/battle-sound.js"></script>
<script defer src="//play.pokemonshowdown.com/js/battledata.js?0.7209276989879541"></script>
<script defer src="//play.pokemonshowdown.com/data/pokedex-mini.js?0.6111056340867951"></script>
<script defer src="//play.pokemonshowdown.com/data/pokedex-mini-bw.js?0.3532142036491459"></script>
<script defer src="//play.pokemonshowdown.com/data/graphics.js?0.24223875632456182"></script>
<script defer src="//play.pokemonshowdown.com/data/pokedex.js?0.38839984266356864"></script>
<script defer src="//play.pokemonshowdown.com/data/moves.js?0.21866028504024015"></script>
<script defer src="//play.pokemonshowdown.com/data/abilities.js?0.2005157953846628"></script>
<script defer src="//play.pokemonshowdown.com/data/items.js?0.9894211263848525"></script>
<script defer src="//play.pokemonshowdown.com/data/teambuilder-tables.js?0.6008791140282215"></script>
<script defer src="//play.pokemonshowdown.com/js/battle-tooltips.js?0.7580118955022959"></script>
<script defer src="//play.pokemonshowdown.com/js/battle.js?0.6057722274234274"></script>

<script defer src="js/utils.js?e31f9a17"></script>
<script defer src="js/replays-battle.js?7008c182"></script>

<!-- don't scrape this data! just add .json or .log after the URL!
Full API docs: https://github.com/smogon/pokemon-showdown-client/blob/master/WEB-API.md -->
<script type="text/plain" class="log" id="replaylog-smogtours-gen3ou-797887">
|inactive|Battle timer is ON: inactive players will automatically lose when time's up.
|t:|1728778263
|gametype|singles
|player|p1|RBVengeance|leaf-masters2|
|player|p2|xlimexheep|schoolkidf|
|teamsize|p1|6
|teamsize|p2|6
|gen|3
|tier|[Gen 3] OU
|rule|Sleep Clause Mod: Limit one foe put to sleep
|rule|Switch Priority Clause Mod: Faster Pokémon switch first
|rule|Species Clause: Limit one of each Pokémon
|rule|OHKO Clause: OHKO moves are banned
|rule|Evasion Items Clause: Evasion items are banned
|rule|Evasion Moves Clause: Evasion moves are banned
|rule|Endless Battle Clause: Forcing endless battles is banned
|rule|HP Percentage Mod: HP is shown in percentages
|rule|One Boost Passer Clause: Limit one Baton Passer that has a way to boost its stats
|rule|Freeze Clause Mod: Limit one foe frozen
|
|t:|1728778263
|start
|switch|p1a: Ayra|Jirachi|100/100
|switch|p2a: pupper|Salamence, F, shiny|100/100
|-ability|p2a: pupper|Intimidate|boost
|-unboost|p1a: Ayra|atk|1
|turn|1
|
|t:|1728778280
|switch|p2a: laxlaborlaws|Snorlax, F|100/100
|switch|p1a: Hubert|Swampert, M|100/100
|
|upkeep
|turn|2
|
|t:|1728778289
|move|p1a: Hubert|Earthquake|p2a: laxlaborlaws
|-damage|p2a: laxlaborlaws|72/100
|move|p2a: laxlaborlaws|Curse|p2a: laxlaborlaws
|-unboost|p2a: laxlaborlaws|spe|1
|-boost|p2a: laxlaborlaws|atk|1
|-boost|p2a: laxlaborlaws|def|1
|
|-heal|p2a: laxlaborlaws|78/100|[from] item: Leftovers
|upkeep
|turn|3
|
|t:|1728778297
|move|p2a: laxlaborlaws|Curse|p2a: laxlaborlaws
|-unboost|p2a: laxlaborlaws|spe|1
|-boost|p2a: laxlaborlaws|atk|1
|-boost|p2a: laxlaborlaws|def|1
|move|p1a: Hubert|Roar|p2a: laxlaborlaws
|drag|p2a: pupper|Salamence, F, shiny|100/100
|-ability|p2a: pupper|Intimidate|boost
|-unboost|p1a: Hubert|atk|1
|
|upkeep
|turn|4
|
|t:|1728778307
|switch|p2a: orb|Forretress, F|100/100
|move|p1a: Hubert|Protect||[still]
|-fail|p1a: Hubert
|
|upkeep
|turn|5
|
|t:|1728778312
|move|p1a: Hubert|Earthquake|p2a: orb
|-damage|p2a: orb|84/100
|move|p2a: orb|Spikes|p1a: Hubert
|-sidestart|p1: RBVengeance|Spikes
|
|-heal|p2a: orb|90/100|[from] item: Leftovers
|upkeep
|turn|6
|inactive|RBVengeance has 270 seconds left.
|
|t:|1728778364
|switch|p1a: Ayra|Jirachi|100/100
|-damage|p1a: Ayra|88/100|[from] Spikes
|move|p2a: orb|Spikes|p1a: Ayra
|-sidestart|p1: RBVengeance|Spikes
|
|-heal|p2a: orb|96/100|[from] item: Leftovers
|upkeep
|turn|7
|
|t:|1728778377
|switch|p2a: laxlaborlaws|Snorlax, F|78/100
|move|p1a: Ayra|Hidden Power|p2a: laxlaborlaws
|-supereffective|p2a: laxlaborlaws
|-damage|p2a: laxlaborlaws|21/100
|
|-heal|p2a: laxlaborlaws|27/100|[from] item: Leftovers
|upkeep
|turn|8
|
|t:|1728778383
|switch|p2a: pupper|Salamence, F, shiny|100/100
|-ability|p2a: pupper|Intimidate|boost
|-unboost|p1a: Ayra|atk|1
|move|p1a: Ayra|Hidden Power|p2a: pupper
|-resisted|p2a: pupper
|-damage|p2a: pupper|89/100
|
|-heal|p2a: pupper|95/100|[from] item: Leftovers
|upkeep
|turn|9
|
|t:|1728778392
|switch|p1a: Hubert|Swampert, M|100/100
|-damage|p1a: Hubert|84/100|[from] Spikes
|move|p2a: pupper|Hidden Power|p1a: Hubert
|-supereffective|p1a: Hubert
|-damage|p1a: Hubert|16/100
|
|-heal|p2a: pupper|100/100|[from] item: Leftovers
|-heal|p1a: Hubert|22/100|[from] item: Leftovers
|upkeep
|turn|10
|inactive|RBVengeance has 270 seconds left.
|
|t:|1728778404
|move|p1a: Hubert|Protect|p1a: Hubert
|-singleturn|p1a: Hubert|Protect
|move|p2a: pupper|Hidden Power|p1a: Hubert
|-activate|p1a: Hubert|Protect
|
|-heal|p1a: Hubert|28/100|[from] item: Leftovers
|upkeep
|turn|11
|inactive|RBVengeance has 270 seconds left.
|
|t:|1728778423
|switch|p1a: Ross Shady|Zapdos|100/100
|move|p2a: pupper|Dragon Claw|p1a: Ross Shady
|-damage|p1a: Ross Shady|58/100
|
|-heal|p1a: Ross Shady|64/100|[from] item: Leftovers
|upkeep
|turn|12
|
|t:|1728778433
|switch|p2a: jenny|Tyranitar, F|100/100
|-weather|Sandstorm|[from] ability: Sand Stream|[of] p2a: jenny
|move|p1a: Ross Shady|Thunder Wave|p2a: jenny
|-status|p2a: jenny|par
|
|-weather|Sandstorm|[upkeep]
|-damage|p1a: Ross Shady|58/100|[from] Sandstorm
|-heal|p1a: Ross Shady|64/100|[from] item: Leftovers
|upkeep
|turn|13
|inactive|RBVengeance has 270 seconds left.
|
|t:|1728778444
|switch|p1a: Alec|Forretress, M|100/100
|-damage|p1a: Alec|84/100|[from] Spikes
|move|p2a: jenny|Fire Blast|p1a: Alec
|-supereffective|p1a: Alec
|-damage|p1a: Alec|0 fnt
|faint|p1a: Alec
|inactive|RBVengeance has 240 seconds left.
|
|t:|1728778477
|switch|p1a: Ayra|Jirachi|88/100
|-damage|p1a: Ayra|72/100|[from] Spikes
|
|-weather|Sandstorm|[upkeep]
|upkeep
|turn|14
|
|t:|1728778489
|switch|p2a: june|Celebi|100/100
|move|p1a: Ayra|Body Slam|p2a: june
|-damage|p2a: june|66/100
|
|-weather|Sandstorm|[upkeep]
|-damage|p2a: june|60/100|[from] Sandstorm
|-heal|p2a: june|66/100|[from] item: Leftovers
|upkeep
|turn|15
|
|t:|1728778500
|switch|p1a: Dakota|Aerodactyl, M|100/100
|move|p2a: june|Leech Seed|p1a: Dakota
|-start|p1a: Dakota|move: Leech Seed
|
|-weather|Sandstorm|[upkeep]
|-damage|p2a: june|60/100|[from] Sandstorm
|-damage|p1a: Dakota|88/100|[from] Leech Seed|[of] p2a: june
|-heal|p2a: june|69/100|[silent]
|-heal|p2a: june|75/100|[from] item: Leftovers
|upkeep
|turn|16
|inactive|RBVengeance has 240 seconds left.
|
|t:|1728778517
|switch|p2a: pupper|Salamence, F, shiny|100/100
|-ability|p2a: pupper|Intimidate|boost
|-unboost|p1a: Dakota|atk|1
|move|p1a: Dakota|Double-Edge|p2a: pupper
|-crit|p2a: pupper
|-damage|p2a: pupper|0 fnt
|faint|p2a: pupper
|c|☆RBVengeance|mb
|
|t:|1728778537
|switch|p2a: orb|Forretress, F|96/100
|
|-weather|Sandstorm|[upkeep]
|-damage|p1a: Dakota|76/100|[from] Leech Seed|[of] p2a: orb
|-heal|p2a: orb|100/100|[silent]
|upkeep
|turn|17
|
|t:|1728778548
|switch|p1a: Ross Shady|Zapdos|64/100
|move|p2a: orb|Spikes|p1a: Ross Shady
|-sidestart|p1: RBVengeance|Spikes
|
|-weather|Sandstorm|[upkeep]
|-damage|p1a: Ross Shady|58/100|[from] Sandstorm
|-heal|p1a: Ross Shady|64/100|[from] item: Leftovers
|upkeep
|turn|18
|
|t:|1728778556
|move|p1a: Ross Shady|Thunderbolt|p2a: orb
|-crit|p2a: orb
|-damage|p2a: orb|0 fnt
|faint|p2a: orb
|c|☆RBVengeance|i am so sorry
|
|t:|1728778565
|switch|p2a: with the wind|Flygon, F|100/100
|
|-weather|Sandstorm|[upkeep]
|-damage|p1a: Ross Shady|58/100|[from] Sandstorm
|-heal|p1a: Ross Shady|64/100|[from] item: Leftovers
|upkeep
|turn|19
|
|t:|1728778572
|move|p2a: with the wind|Rock Slide|p1a: Ross Shady
|-supereffective|p1a: Ross Shady
|-damage|p1a: Ross Shady|0 fnt
|faint|p1a: Ross Shady
|
|t:|1728778577
|switch|p1a: Ceres|Celebi|100/100
|-damage|p1a: Ceres|75/100|[from] Spikes
|
|-weather|Sandstorm|[upkeep]
|-damage|p1a: Ceres|69/100|[from] Sandstorm
|-heal|p1a: Ceres|75/100|[from] item: Leftovers
|upkeep
|turn|20
|
|t:|1728778584
|switch|p2a: june|Celebi|75/100
|move|p1a: Ceres|Hidden Power|p2a: june
|-resisted|p2a: june
|-damage|p2a: june|67/100
|
|-weather|Sandstorm|[upkeep]
|-damage|p2a: june|61/100|[from] Sandstorm
|-damage|p1a: Ceres|69/100|[from] Sandstorm
|-heal|p2a: june|67/100|[from] item: Leftovers
|-heal|p1a: Ceres|75/100|[from] item: Leftovers
|upkeep
|turn|21
|inactive|RBVengeance has 270 seconds left.
|
|t:|1728778595
|move|p2a: june|Recover|p2a: june
|-heal|p2a: june|100/100
|move|p1a: Ceres|Recover|p1a: Ceres
|-heal|p1a: Ceres|100/100
|
|-weather|Sandstorm|[upkeep]
|-damage|p2a: june|94/100|[from] Sandstorm
|-damage|p1a: Ceres|94/100|[from] Sandstorm
|-heal|p2a: june|100/100|[from] item: Leftovers
|-heal|p1a: Ceres|100/100|[from] item: Leftovers
|upkeep
|turn|22
|inactive|RBVengeance has 270 seconds left.
|
|t:|1728778606
|move|p2a: june|Heal Bell|p2a: june
|-activate|p2a: june|move: Heal Bell
|-curestatus|p2: jenny|par|[silent]
|move|p1a: Ceres|Hidden Power|p2a: june
|-resisted|p2a: june
|-damage|p2a: june|93/100
|
|-weather|Sandstorm|[upkeep]
|-damage|p2a: june|87/100|[from] Sandstorm
|-damage|p1a: Ceres|94/100|[from] Sandstorm
|-heal|p2a: june|93/100|[from] item: Leftovers
|-heal|p1a: Ceres|100/100|[from] item: Leftovers
|upkeep
|turn|23
|inactive|RBVengeance has 270 seconds left.
|
|t:|1728778616
|switch|p2a: with the wind|Flygon, F|100/100
|move|p1a: Ceres|Hidden Power|p2a: with the wind
|-damage|p2a: with the wind|67/100
|
|-weather|Sandstorm|[upkeep]
|-damage|p1a: Ceres|94/100|[from] Sandstorm
|-heal|p1a: Ceres|100/100|[from] item: Leftovers
|upkeep
|turn|24
|inactive|RBVengeance has 270 seconds left.
|
|t:|1728778631
|switch|p1a: Hubert|Swampert, M|28/100
|-damage|p1a: Hubert|3/100|[from] Spikes
|move|p2a: with the wind|Hidden Power|p1a: Hubert
|-damage|p1a: Hubert|0 fnt
|faint|p1a: Hubert
|
|t:|1728778644
|switch|p1a: Dakota|Aerodactyl, M|76/100
|
|-weather|Sandstorm|[upkeep]
|upkeep
|turn|25
|
|t:|1728778658
|switch|p2a: laxlaborlaws|Snorlax, F|27/100
|move|p1a: Dakota|Double-Edge|p2a: laxlaborlaws
|-damage|p2a: laxlaborlaws|0 fnt
|faint|p2a: laxlaborlaws
|
|t:|1728778661
|switch|p2a: jenny|Tyranitar, F|100/100
|
|-weather|Sandstorm|[upkeep]
|upkeep
|turn|26
|
|t:|1728778666
|switch|p1a: Ceres|Celebi|100/100
|-damage|p1a: Ceres|75/100|[from] Spikes
|move|p2a: jenny|Thunder Wave|p1a: Ceres
|-status|p1a: Ceres|par
|
|-weather|Sandstorm|[upkeep]
|-damage|p1a: Ceres|69/100 par|[from] Sandstorm
|-heal|p1a: Ceres|75/100 par|[from] item: Leftovers
|upkeep
|turn|27
|
|t:|1728778674
|move|p2a: jenny|Crunch|p1a: Ceres
|-supereffective|p1a: Ceres
|-damage|p1a: Ceres|20/100 par
|move|p1a: Ceres|Hidden Power|p2a: jenny
|-supereffective|p2a: jenny
|-damage|p2a: jenny|58/100
|
|-weather|Sandstorm|[upkeep]
|-damage|p1a: Ceres|14/100 par|[from] Sandstorm
|-heal|p2a: jenny|64/100|[from] item: Leftovers
|-heal|p1a: Ceres|20/100 par|[from] item: Leftovers
|upkeep
|turn|28
|inactive|RBVengeance has 270 seconds left.
|
|t:|1728778703
|move|p2a: jenny|Pursuit|p1a: Ceres
|-supereffective|p1a: Ceres
|-damage|p1a: Ceres|0 fnt
|faint|p1a: Ceres
|
|t:|1728778707
|switch|p1a: Ayra|Jirachi|72/100
|-damage|p1a: Ayra|47/100|[from] Spikes
|
|-weather|Sandstorm|[upkeep]
|-heal|p2a: jenny|70/100|[from] item: Leftovers
|upkeep
|turn|29
|inactive|RBVengeance has 270 seconds left.
|
|t:|1728778724
|switch|p2a: june|Celebi|93/100
|move|p1a: Ayra|Body Slam|p2a: june
|-damage|p2a: june|58/100
|-status|p2a: june|par
|
|-weather|Sandstorm|[upkeep]
|-damage|p2a: june|52/100 par|[from] Sandstorm
|-heal|p2a: june|58/100 par|[from] item: Leftovers
|upkeep
|turn|30
|inactive|RBVengeance has 270 seconds left.
|
|t:|1728778733
|move|p1a: Ayra|Body Slam|p2a: june
|-damage|p2a: june|23/100 par
|move|p2a: june|Recover|p2a: june
|-heal|p2a: june|73/100 par
|
|-weather|Sandstorm|[upkeep]
|-damage|p2a: june|67/100 par|[from] Sandstorm
|-heal|p2a: june|73/100 par|[from] item: Leftovers
|upkeep
|turn|31
|
|t:|1728778741
|move|p1a: Ayra|Body Slam|p2a: june
|-damage|p2a: june|38/100 par
|move|p2a: june|Recover|p2a: june
|-heal|p2a: june|88/100 par
|
|-weather|Sandstorm|[upkeep]
|-damage|p2a: june|81/100 par|[from] Sandstorm
|-heal|p2a: june|88/100 par|[from] item: Leftovers
|upkeep
|turn|32
|
|t:|1728778749
|move|p1a: Ayra|Body Slam|p2a: june
|-damage|p2a: june|55/100 par
|move|p2a: june|Leech Seed|p1a: Ayra
|-start|p1a: Ayra|move: Leech Seed
|
|-weather|Sandstorm|[upkeep]
|-damage|p2a: june|49/100 par|[from] Sandstorm
|-damage|p1a: Ayra|35/100|[from] Leech Seed|[of] p2a: june
|-heal|p2a: june|59/100 par|[silent]
|-heal|p2a: june|65/100 par|[from] item: Leftovers
|upkeep
|turn|33
|
|t:|1728778759
|switch|p1a: Dakota|Aerodactyl, M|76/100
|move|p2a: june|Leech Seed|p1a: Dakota
|-start|p1a: Dakota|move: Leech Seed
|
|-weather|Sandstorm|[upkeep]
|-damage|p2a: june|59/100 par|[from] Sandstorm
|-damage|p1a: Dakota|64/100|[from] Leech Seed|[of] p2a: june
|-heal|p2a: june|68/100 par|[silent]
|-heal|p2a: june|74/100 par|[from] item: Leftovers
|upkeep
|turn|34
|
|t:|1728778771
|-curestatus|p2a: june|par|[from] ability: Natural Cure
|switch|p2a: jenny|Tyranitar, F|70/100
|move|p1a: Dakota|Earthquake|p2a: jenny
|-supereffective|p2a: jenny
|-damage|p2a: jenny|0 fnt
|faint|p2a: jenny
|
|t:|1728778776
|switch|p2a: with the wind|Flygon, F|67/100
|
|-weather|Sandstorm|[upkeep]
|-damage|p1a: Dakota|51/100|[from] Leech Seed|[of] p2a: with the wind
|-heal|p2a: with the wind|79/100|[silent]
|upkeep
|turn|35
|
|t:|1728778783
|switch|p1a: Ayra|Jirachi|35/100
|-damage|p1a: Ayra|10/100|[from] Spikes
|move|p2a: with the wind|Earthquake|p1a: Ayra
|-supereffective|p1a: Ayra
|-damage|p1a: Ayra|0 fnt
|faint|p1a: Ayra
|
|t:|1728778790
|switch|p1a: Dakota|Aerodactyl, M|51/100
|
|-weather|Sandstorm|[upkeep]
|upkeep
|turn|36
|
|t:|1728778794
|switch|p2a: june|Celebi|74/100
|move|p1a: Dakota|Double-Edge|p2a: june
|-damage|p2a: june|32/100
|
|-weather|Sandstorm|[upkeep]
|-damage|p2a: june|26/100|[from] Sandstorm
|-heal|p2a: june|32/100|[from] item: Leftovers
|upkeep
|turn|37
|
|t:|1728778801
|move|p1a: Dakota|Double-Edge|p2a: june
|-damage|p2a: june|0 fnt
|faint|p2a: june
|
|t:|1728778803
|switch|p2a: with the wind|Flygon, F|79/100
|
|-weather|Sandstorm|[upkeep]
|upkeep
|turn|38
|
|t:|1728778808
|move|p1a: Dakota|Double-Edge|p2a: with the wind
|-damage|p2a: with the wind|1/100
|move|p2a: with the wind|Rock Slide|p1a: Dakota
|-supereffective|p1a: Dakota
|-damage|p1a: Dakota|0 fnt
|faint|p1a: Dakota
|
|win|xlimexheep
|c|☆xlimexheep|ggs

</script>
<script type="application/json" class="data" id="replaydata-smogtours-gen3ou-797887">
{"id":"smogtours-gen3ou-797887","format":"[Gen 3] OU","players":["RBVengeance","xlimexheep"],"uploadtime":1728778808,"views":107,"formatid":"gen3ou","rating":null,"private":0,"password":null}
</script>

<script defer src="js/replays.js?9d40a366"></script>
