<!DOCTYPE html>
<meta charset="utf-8" />
<meta name="viewport" content="width=device-width" />

<title>[Gen 3] OU: zinc3 vs. Garpachi - Replays - Pok&eacute;mon Showdown!</title>

<meta name="description" content="Watch a replay of a Pok&eacute;mon battle between zinc3 and Garpachi! Format: [Gen 3] OU; Date: Nov 7, 2024" />
<!--

Hey, you! Looking in the source for the replay log?

You can find them in JSON format, just add `.json` at the end of a replay URL.

https://replay.pokemonshowdown.com/gen7randomdoublesbattle-865046831.json

Or, if you only need the log itself, add `.log` instead:

https://replay.pokemonshowdown.com/gen7randomdoublesbattle-865046831.log

-->

<link rel="stylesheet" href="//pokemonshowdown.com/style/global.css?0.023195364461161105" />
<link rel="stylesheet" href="//play.pokemonshowdown.com/style/font-awesome.css?0.13261647063804238" />
<link rel="stylesheet" href="//play.pokemonshowdown.com/style/battle.css?0.8753245789963631" />
<link rel="stylesheet" href="//play.pokemonshowdown.com/style/utilichart.css?0.8627959624976733" />

<!-- Global site tag (gtag.js) - Google Analytics -->
<script async src="https://www.googletagmanager.com/gtag/js?id=UA-26211653-1"></script>
<script>
  window.dataLayer = window.dataLayer || [];
  function gtag(){dataLayer.push(arguments);}
  gtag('js', new Date());

  gtag('config', 'UA-26211653-1');
</script>
<!-- End Google Analytics -->
<!-- Venatus Ad Manager - Install in <HEAD> of page -->
	<script src="https://hb.vntsm.com/v3/live/ad-manager.min.js" type="text/javascript" data-site-id="642aba63ec9a7b11c3c9c1be" data-mode="scan" async></script>
<!-- / Venatus Ad Manager -->

<style>
	@media (max-width:820px) {
		.battle {
			margin: 0 auto;
		}
		.battle-log {
			margin: 7px auto 0;
			max-width: 640px;
			height: 300px;
			position: static;
		}
	}
	.optgroup {
		display: inline-block;
		line-height: 22px;
		font-size: 10pt;
	}
	.optgroup .button {
		height: 25px;
		padding-top: 0;
		padding-bottom: 0;
	}
	.optgroup button.button {
		padding-left: 12px;
		padding-right: 12px;
	}
	.linklist {
		list-style: none;
		margin: 0.5em 0;
		padding: 0;
	}
	.linklist li {
		padding: 2px 0;
	}
	.sidebar {
		float: left;
		width: 320px;
	}
	.bar-wrapper {
		max-width: 1100px;
		margin: 0 auto;
	}
	.bar-wrapper.has-sidebar {
		max-width: 1430px;
	}
	.mainbar {
		margin: 0;
		padding-right: 1px;
	}
	.mainbar.has-sidebar {
		margin-left: 330px;
	}
	@media (min-width: 1511px) {
		.sidebar {
			width: 400px;
		}
		.bar-wrapper.has-sidebar {
			max-width: 1510px;
		}
		.mainbar.has-sidebar {
			margin-left: 410px;
		}
	}
	.section.first-section {
		margin-top: 9px;
	}
	.blocklink small {
		white-space: normal;
	}
	.button {
		vertical-align: middle;
	}
	.replay-controls {
		padding-top: 10px;
	}
	.replay-controls h1 {
		font-size: 16pt;
		font-weight: normal;
		color: #CCC;
	}
	.pagelink {
		text-align: center;
	}
	.pagelink a {
		width: 150px;
	}
	.textbox, .button {
		font-size: 11pt;
		vertical-align: middle;
	}
	@media (max-width: 450px) {
		.button {
			font-size: 9pt;
		}
	}
</style>

<div>

	<header>
		<div class="nav-wrapper"><ul class="nav">
			<li><a class="button nav-first" href="//pokemonshowdown.com/"><img src="//pokemonshowdown.com/images/pokemonshowdownbeta.png" srcset="//pokemonshowdown.com/images/pokemonshowdownbeta.png 1x, //pokemonshowdown.com/images/pokemonshowdownbeta@2x.png 2x" alt="Pok&eacute;mon Showdown" width="146" height="44" /> Home</a></li>
			<li><a class="button" href="//pokemonshowdown.com/dex/">Pok&eacute;dex</a></li>
			<li><a class="button cur" href="/">Replays</a></li>
			<li><a class="button" href="//pokemonshowdown.com/ladder/">Ladder</a></li>
			<li><a class="button nav-last" href="//pokemonshowdown.com/forums/">Forum</a></li>
			<li><a class="button greenbutton nav-first nav-last" href="//play.pokemonshowdown.com/">Play</a></li>
		</ul></div>
	</header>

	<div class="main" id="main">

		<noscript><section class="section">You need to enable JavaScript to use this page; sorry!</section></noscript>

	</div>

</div>

<script defer nomodule src="//play.pokemonshowdown.com/js/lib/ps-polyfill.js"></script>
<script defer src="//play.pokemonshowdown.com/js/lib/preact.min.js"></script>

<script defer src="//play.pokemonshowdown.com/config/config.js?2bddbc15"></script>
<script defer src="//play.pokemonshowdown.com/js/lib/jquery-1.11.0.min.js"></script>
<script defer src="//play.pokemonshowdown.com/js/lib/html-sanitizer-minified.js"></script>
<script defer src="//play.pokemonshowdown.com/js/battle-sound.js"></script>
<script defer src="//play.pokemonshowdown.com/js/battledata.js?0.7209276989879541"></script>
<script defer src="//play.pokemonshowdown.com/data/pokedex-mini.js?0.6111056340867951"></script>
<script defer src="//play.pokemonshowdown.com/data/pokedex-mini-bw.js?0.3532142036491459"></script>
<script defer src="//play.pokemonshowdown.com/data/graphics.js?0.24223875632456182"></script>
<script defer src="//play.pokemonshowdown.com/data/pokedex.js?0.38839984266356864"></script>
<script defer src="//play.pokemonshowdown.com/data/moves.js?0.21866028504024015"></script>
<script defer src="//play.pokemonshowdown.com/data/abilities.js?0.2005157953846628"></script>
<script defer src="//play.pokemonshowdown.com/data/items.js?0.9894211263848525"></script>
<script defer src="//play.pokemonshowdown.com/data/teambuilder-tables.js?0.6008791140282215"></script>
<script defer src="//play.pokemonshowdown.com/js/battle-tooltips.js?0.7580118955022959"></script>
<script defer src="//play.pokemonshowdown.com/js/battle.js?0.6057722274234274"></script>

<script defer src="js/utils.js?e31f9a17"></script>
<script defer src="js/replays-battle.js?7008c182"></script>

<!-- don't scrape this data! just add .json or .log after the URL!
Full API docs: https://github.com/smogon/pokemon-showdown-client/blob/master/WEB-API.md -->
<script type="text/plain" class="log" id="replaylog-smogtours-gen3ou-805065">
|inactive|Battle timer is ON: inactive players will automatically lose when time's up.
|t:|1730946199
|gametype|singles
|player|p1|zinc3|touristf|
|player|p2|Garpachi|266|
|teamsize|p1|6
|teamsize|p2|6
|gen|3
|tier|[Gen 3] OU
|rule|Sleep Clause Mod: Limit one foe put to sleep
|rule|Switch Priority Clause Mod: Faster Pokémon switch first
|rule|Species Clause: Limit one of each Pokémon
|rule|OHKO Clause: OHKO moves are banned
|rule|Evasion Items Clause: Evasion items are banned
|rule|Evasion Moves Clause: Evasion moves are banned
|rule|Endless Battle Clause: Forcing endless battles is banned
|rule|HP Percentage Mod: HP is shown in percentages
|rule|One Boost Passer Clause: Limit one Baton Passer that has a way to boost its stats
|rule|Freeze Clause Mod: Limit one foe frozen
|
|t:|1730946199
|start
|switch|p1a: Crapbo|Swampert, F|100/100
|switch|p2a: Tyranitar|Tyranitar, M|100/100
|-weather|Sandstorm|[from] ability: Sand Stream|[of] p2a: Tyranitar
|turn|1
|
|t:|1730946221
|switch|p2a: Skarmory|Skarmory, F|100/100
|move|p1a: Crapbo|Earthquake|p2a: Skarmory
|-immune|p2a: Skarmory
|
|-weather|Sandstorm|[upkeep]
|upkeep
|turn|2
|
|t:|1730946238
|switch|p1a: Magneton|Magneton|100/100
|move|p2a: Skarmory|Spikes|p1a: Magneton
|-sidestart|p1: zinc3|Spikes
|
|-weather|Sandstorm|[upkeep]
|upkeep
|turn|3
|
|t:|1730946251
|move|p2a: Skarmory|Protect|p2a: Skarmory
|-singleturn|p2a: Skarmory|Protect
|move|p1a: Magneton|Thunderbolt|p2a: Skarmory
|-activate|p2a: Skarmory|Protect
|
|-weather|Sandstorm|[upkeep]
|upkeep
|turn|4
|
|t:|1730946258
|move|p1a: Magneton|Thunderbolt|p2a: Skarmory
|-supereffective|p2a: Skarmory
|-damage|p2a: Skarmory|1/100
|move|p2a: Skarmory|Spikes|p1a: Magneton
|-sidestart|p1: zinc3|Spikes
|
|-weather|Sandstorm|[upkeep]
|-heal|p2a: Skarmory|7/100|[from] item: Leftovers
|upkeep
|turn|5
|
|t:|1730946265
|move|p2a: Skarmory|Protect|p2a: Skarmory
|-singleturn|p2a: Skarmory|Protect
|move|p1a: Magneton|Thunderbolt|p2a: Skarmory
|-activate|p2a: Skarmory|Protect
|
|-weather|Sandstorm|[upkeep]
|-heal|p2a: Skarmory|13/100|[from] item: Leftovers
|upkeep
|turn|6
|
|t:|1730946272
|move|p1a: Magneton|Thunderbolt|p2a: Skarmory
|-supereffective|p2a: Skarmory
|-damage|p2a: Skarmory|0 fnt
|faint|p2a: Skarmory
|
|t:|1730946295
|switch|p2a: Flygon|Flygon, M|100/100
|
|-weather|Sandstorm|[upkeep]
|upkeep
|turn|7
|
|t:|1730946303
|switch|p1a: Skarmory|Skarmory, M|100/100
|move|p2a: Flygon|Earthquake|p1a: Skarmory
|-immune|p1a: Skarmory
|
|-weather|Sandstorm|[upkeep]
|upkeep
|turn|8
|
|t:|1730946312
|switch|p2a: Gengar|Gengar, M|100/100
|move|p1a: Skarmory|Spikes|p2a: Gengar
|-sidestart|p2: Garpachi|Spikes
|
|-weather|Sandstorm|[upkeep]
|-damage|p2a: Gengar|94/100|[from] Sandstorm
|-heal|p2a: Gengar|100/100|[from] item: Leftovers
|upkeep
|turn|9
|
|t:|1730946328
|switch|p1a: Blissey|Blissey, F|100/100
|-damage|p1a: Blissey|84/100|[from] Spikes
|move|p2a: Gengar|Will-O-Wisp|p1a: Blissey|[miss]
|-miss|p2a: Gengar|p1a: Blissey
|
|-weather|Sandstorm|[upkeep]
|-damage|p2a: Gengar|94/100|[from] Sandstorm
|-damage|p1a: Blissey|78/100|[from] Sandstorm
|-heal|p2a: Gengar|100/100|[from] item: Leftovers
|-heal|p1a: Blissey|84/100|[from] item: Leftovers
|upkeep
|turn|10
|inactive|Garpachi has 270 seconds left.
|
|t:|1730946360
|switch|p2a: Blissey|Blissey, F|100/100
|-damage|p2a: Blissey|88/100|[from] Spikes
|move|p1a: Blissey|Ice Beam|p2a: Blissey
|-damage|p2a: Blissey|80/100
|
|-weather|Sandstorm|[upkeep]
|-damage|p1a: Blissey|78/100|[from] Sandstorm
|-damage|p2a: Blissey|73/100|[from] Sandstorm
|-heal|p1a: Blissey|84/100|[from] item: Leftovers
|-heal|p2a: Blissey|80/100|[from] item: Leftovers
|upkeep
|turn|11
|inactive|Garpachi has 270 seconds left.
|
|t:|1730946377
|switch|p1a: Skarmory|Skarmory, M|100/100
|switch|p2a: Tyranitar|Tyranitar, M|100/100
|-damage|p2a: Tyranitar|88/100|[from] Spikes
|
|-weather|Sandstorm|[upkeep]
|-heal|p2a: Tyranitar|94/100|[from] item: Leftovers
|upkeep
|turn|12
|inactive|Garpachi has 270 seconds left.
|
|t:|1730946388
|switch|p2a: Gengar|Gengar, M|100/100
|move|p1a: Skarmory|Toxic|p2a: Gengar|[miss]
|-miss|p1a: Skarmory|p2a: Gengar
|
|-weather|Sandstorm|[upkeep]
|-damage|p2a: Gengar|94/100|[from] Sandstorm
|-heal|p2a: Gengar|100/100|[from] item: Leftovers
|upkeep
|turn|13
|inactive|Garpachi has 270 seconds left.
|
|t:|1730946405
|switch|p1a: Zapdos|Zapdos|100/100
|move|p2a: Gengar|Will-O-Wisp|p1a: Zapdos
|-status|p1a: Zapdos|brn
|
|-weather|Sandstorm|[upkeep]
|-damage|p2a: Gengar|94/100|[from] Sandstorm
|-damage|p1a: Zapdos|94/100 brn|[from] Sandstorm
|-heal|p2a: Gengar|100/100|[from] item: Leftovers
|-heal|p1a: Zapdos|100/100 brn|[from] item: Leftovers
|-damage|p1a: Zapdos|88/100 brn|[from] brn
|upkeep
|turn|14
|inactive|Garpachi has 270 seconds left.
|
|t:|1730946419
|switch|p2a: Blissey|Blissey, F|80/100
|-damage|p2a: Blissey|67/100|[from] Spikes
|move|p1a: Zapdos|Thunderbolt|p2a: Blissey
|-damage|p2a: Blissey|50/100
|
|-weather|Sandstorm|[upkeep]
|-damage|p1a: Zapdos|82/100 brn|[from] Sandstorm
|-damage|p2a: Blissey|44/100|[from] Sandstorm
|-heal|p1a: Zapdos|88/100 brn|[from] item: Leftovers
|-damage|p1a: Zapdos|75/100 brn|[from] brn
|-heal|p2a: Blissey|50/100|[from] item: Leftovers
|upkeep
|turn|15
|inactive|Garpachi has 270 seconds left.
|
|t:|1730946433
|move|p1a: Zapdos|Rest|p1a: Zapdos
|-status|p1a: Zapdos|slp|[from] move: Rest
|-heal|p1a: Zapdos|100/100 slp|[silent]
|move|p2a: Blissey|Soft-Boiled|p2a: Blissey
|-heal|p2a: Blissey|99/100
|
|-weather|Sandstorm|[upkeep]
|-damage|p1a: Zapdos|94/100 slp|[from] Sandstorm
|-damage|p2a: Blissey|94/100|[from] Sandstorm
|-heal|p1a: Zapdos|100/100 slp|[from] item: Leftovers
|-heal|p2a: Blissey|99/100|[from] item: Leftovers
|upkeep
|turn|16
|inactive|Garpachi has 270 seconds left.
|
|t:|1730946444
|cant|p1a: Zapdos|slp
|move|p2a: Blissey|Seismic Toss|p1a: Zapdos
|-damage|p1a: Zapdos|74/100 slp
|
|-weather|Sandstorm|[upkeep]
|-damage|p1a: Zapdos|68/100 slp|[from] Sandstorm
|-damage|p2a: Blissey|94/100|[from] Sandstorm
|-heal|p1a: Zapdos|74/100 slp|[from] item: Leftovers
|-heal|p2a: Blissey|99/100|[from] item: Leftovers
|upkeep
|turn|17
|
|t:|1730946454
|switch|p1a: Skarmory|Skarmory, M|100/100
|move|p2a: Blissey|Ice Beam|p1a: Skarmory
|-damage|p1a: Skarmory|79/100
|
|-weather|Sandstorm|[upkeep]
|-damage|p2a: Blissey|94/100|[from] Sandstorm
|-heal|p1a: Skarmory|85/100|[from] item: Leftovers
|-heal|p2a: Blissey|99/100|[from] item: Leftovers
|upkeep
|turn|18
|
|t:|1730946463
|move|p1a: Skarmory|Spikes|p2a: Blissey
|-sidestart|p2: Garpachi|Spikes
|move|p2a: Blissey|Seismic Toss|p1a: Skarmory
|-damage|p1a: Skarmory|55/100
|
|-weather|Sandstorm|[upkeep]
|-damage|p2a: Blissey|94/100|[from] Sandstorm
|-heal|p1a: Skarmory|61/100|[from] item: Leftovers
|-heal|p2a: Blissey|99/100|[from] item: Leftovers
|upkeep
|turn|19
|
|t:|1730946472
|switch|p2a: Gengar|Gengar, M|100/100
|move|p1a: Skarmory|Spikes|p2a: Gengar
|-sidestart|p2: Garpachi|Spikes
|
|-weather|Sandstorm|[upkeep]
|-damage|p2a: Gengar|94/100|[from] Sandstorm
|-heal|p2a: Gengar|100/100|[from] item: Leftovers
|-heal|p1a: Skarmory|67/100|[from] item: Leftovers
|upkeep
|turn|20
|
|t:|1730946481
|move|p1a: Skarmory|Protect|p1a: Skarmory
|-singleturn|p1a: Skarmory|Protect
|move|p2a: Gengar|Thunderbolt|p1a: Skarmory
|-activate|p1a: Skarmory|Protect
|
|-weather|Sandstorm|[upkeep]
|-damage|p2a: Gengar|94/100|[from] Sandstorm
|-heal|p2a: Gengar|100/100|[from] item: Leftovers
|-heal|p1a: Skarmory|73/100|[from] item: Leftovers
|upkeep
|turn|21
|
|t:|1730946490
|switch|p1a: Zapdos|Zapdos|74/100 slp
|move|p2a: Gengar|Will-O-Wisp||[still]
|-fail|p2a: Gengar
|
|-weather|Sandstorm|[upkeep]
|-damage|p2a: Gengar|94/100|[from] Sandstorm
|-damage|p1a: Zapdos|68/100 slp|[from] Sandstorm
|-heal|p2a: Gengar|100/100|[from] item: Leftovers
|-heal|p1a: Zapdos|74/100 slp|[from] item: Leftovers
|upkeep
|turn|22
|
|t:|1730946505
|switch|p2a: Blissey|Blissey, F|99/100
|-damage|p2a: Blissey|75/100|[from] Spikes
|cant|p1a: Zapdos|slp
|
|-weather|Sandstorm|[upkeep]
|-damage|p1a: Zapdos|68/100 slp|[from] Sandstorm
|-damage|p2a: Blissey|69/100|[from] Sandstorm
|-heal|p1a: Zapdos|74/100 slp|[from] item: Leftovers
|-heal|p2a: Blissey|75/100|[from] item: Leftovers
|upkeep
|turn|23
|inactive|zinc3 has 270 seconds left.
|
|t:|1730946538
|switch|p1a: Blissey|Blissey, F|84/100
|-damage|p1a: Blissey|67/100|[from] Spikes
|move|p2a: Blissey|Seismic Toss|p1a: Blissey
|-damage|p1a: Blissey|52/100
|
|-weather|Sandstorm|[upkeep]
|-damage|p1a: Blissey|46/100|[from] Sandstorm
|-damage|p2a: Blissey|69/100|[from] Sandstorm
|-heal|p1a: Blissey|52/100|[from] item: Leftovers
|-heal|p2a: Blissey|75/100|[from] item: Leftovers
|upkeep
|turn|24
|
|t:|1730946549
|switch|p2a: Tyranitar|Tyranitar, M|94/100
|-damage|p2a: Tyranitar|69/100|[from] Spikes
|move|p1a: Blissey|Soft-Boiled|p1a: Blissey
|-heal|p1a: Blissey|100/100
|
|-weather|Sandstorm|[upkeep]
|-damage|p1a: Blissey|94/100|[from] Sandstorm
|-heal|p2a: Tyranitar|76/100|[from] item: Leftovers
|-heal|p1a: Blissey|100/100|[from] item: Leftovers
|upkeep
|turn|25
|inactive|zinc3 has 270 seconds left.
|
|t:|1730946565
|-singleturn|p2a: Tyranitar|move: Focus Punch
|switch|p1a: Crapbo|Swampert, F|100/100
|-damage|p1a: Crapbo|84/100|[from] Spikes
|move|p2a: Tyranitar|Focus Punch|p1a: Crapbo
|-damage|p1a: Crapbo|46/100
|
|-weather|Sandstorm|[upkeep]
|-heal|p2a: Tyranitar|82/100|[from] item: Leftovers
|-heal|p1a: Crapbo|53/100|[from] item: Leftovers
|upkeep
|turn|26
|inactive|Garpachi has 270 seconds left.
|
|t:|1730946598
|move|p2a: Tyranitar|Earthquake|p1a: Crapbo
|-damage|p1a: Crapbo|26/100
|move|p1a: Crapbo|Earthquake|p2a: Tyranitar
|-supereffective|p2a: Tyranitar
|-damage|p2a: Tyranitar|21/100
|
|-weather|Sandstorm|[upkeep]
|-heal|p2a: Tyranitar|27/100|[from] item: Leftovers
|-heal|p1a: Crapbo|33/100|[from] item: Leftovers
|upkeep
|turn|27
|
|t:|1730946610
|switch|p2a: Zapdos|Zapdos|100/100
|move|p1a: Crapbo|Protect||[still]
|-fail|p1a: Crapbo
|
|-weather|Sandstorm|[upkeep]
|-damage|p2a: Zapdos|94/100|[from] Sandstorm
|-heal|p2a: Zapdos|100/100|[from] item: Leftovers
|-heal|p1a: Crapbo|39/100|[from] item: Leftovers
|upkeep
|turn|28
|
|t:|1730946620
|move|p1a: Crapbo|Protect|p1a: Crapbo
|-singleturn|p1a: Crapbo|Protect
|move|p2a: Zapdos|Roar|p1a: Crapbo
|-activate|p1a: Crapbo|Protect
|
|-weather|Sandstorm|[upkeep]
|-damage|p2a: Zapdos|94/100|[from] Sandstorm
|-heal|p2a: Zapdos|100/100|[from] item: Leftovers
|-heal|p1a: Crapbo|45/100|[from] item: Leftovers
|upkeep
|turn|29
|
|t:|1730946630
|switch|p1a: Magneton|Magneton|100/100
|-damage|p1a: Magneton|84/100|[from] Spikes
|move|p2a: Zapdos|Roar|p1a: Magneton
|drag|p1a: Blissey|Blissey, F|100/100
|-damage|p1a: Blissey|84/100|[from] Spikes
|
|-weather|Sandstorm|[upkeep]
|-damage|p2a: Zapdos|94/100|[from] Sandstorm
|-damage|p1a: Blissey|78/100|[from] Sandstorm
|-heal|p2a: Zapdos|100/100|[from] item: Leftovers
|-heal|p1a: Blissey|84/100|[from] item: Leftovers
|upkeep
|turn|30
|
|t:|1730946642
|switch|p2a: Blissey|Blissey, F|75/100
|-damage|p2a: Blissey|51/100|[from] Spikes
|move|p1a: Blissey|Ice Beam|p2a: Blissey
|-damage|p2a: Blissey|42/100
|
|-weather|Sandstorm|[upkeep]
|-damage|p1a: Blissey|78/100|[from] Sandstorm
|-damage|p2a: Blissey|36/100|[from] Sandstorm
|-heal|p1a: Blissey|84/100|[from] item: Leftovers
|-heal|p2a: Blissey|42/100|[from] item: Leftovers
|upkeep
|turn|31
|
|t:|1730946653
|move|p1a: Blissey|Wish|p1a: Blissey
|move|p2a: Blissey|Wish|p2a: Blissey
|
|-weather|Sandstorm|[upkeep]
|-damage|p1a: Blissey|78/100|[from] Sandstorm
|-damage|p2a: Blissey|36/100|[from] Sandstorm
|-heal|p1a: Blissey|84/100|[from] item: Leftovers
|-heal|p2a: Blissey|42/100|[from] item: Leftovers
|upkeep
|turn|32
|
|t:|1730946660
|move|p1a: Blissey|Ice Beam|p2a: Blissey
|-damage|p2a: Blissey|33/100
|move|p2a: Blissey|Seismic Toss|p1a: Blissey
|-damage|p1a: Blissey|69/100
|
|-heal|p2a: Blissey|83/100|[from] move: Wish|[wisher] Blissey
|-heal|p1a: Blissey|100/100|[from] move: Wish|[wisher] Blissey
|-weather|Sandstorm|[upkeep]
|-damage|p1a: Blissey|94/100|[from] Sandstorm
|-damage|p2a: Blissey|76/100|[from] Sandstorm
|-heal|p1a: Blissey|100/100|[from] item: Leftovers
|-heal|p2a: Blissey|83/100|[from] item: Leftovers
|upkeep
|turn|33
|inactive|Garpachi has 270 seconds left.
|
|t:|1730946685
|switch|p1a: Skarmory|Skarmory, M|73/100
|move|p2a: Blissey|Wish|p2a: Blissey
|
|-weather|Sandstorm|[upkeep]
|-damage|p2a: Blissey|76/100|[from] Sandstorm
|-heal|p1a: Skarmory|79/100|[from] item: Leftovers
|-heal|p2a: Blissey|83/100|[from] item: Leftovers
|upkeep
|turn|34
|
|t:|1730946693
|switch|p2a: Tyranitar|Tyranitar, M|27/100
|-damage|p2a: Tyranitar|2/100|[from] Spikes
|move|p1a: Skarmory|Toxic|p2a: Tyranitar
|-status|p2a: Tyranitar|tox
|
|-heal|p2a: Tyranitar|52/100 tox|[from] move: Wish|[wisher] Blissey
|-weather|Sandstorm|[upkeep]
|-heal|p1a: Skarmory|85/100|[from] item: Leftovers
|-heal|p2a: Tyranitar|59/100 tox|[from] item: Leftovers
|-damage|p2a: Tyranitar|52/100 tox|[from] psn
|upkeep
|turn|35
|
|t:|1730946705
|switch|p2a: Zapdos|Zapdos|100/100
|move|p1a: Skarmory|Protect||[still]
|-fail|p1a: Skarmory
|
|-weather|Sandstorm|[upkeep]
|-damage|p2a: Zapdos|94/100|[from] Sandstorm
|-heal|p2a: Zapdos|100/100|[from] item: Leftovers
|-heal|p1a: Skarmory|91/100|[from] item: Leftovers
|upkeep
|turn|36
|
|t:|1730946716
|move|p1a: Skarmory|Protect|p1a: Skarmory
|-singleturn|p1a: Skarmory|Protect
|move|p2a: Zapdos|Roar|p1a: Skarmory
|-activate|p1a: Skarmory|Protect
|
|-weather|Sandstorm|[upkeep]
|-damage|p2a: Zapdos|94/100|[from] Sandstorm
|-heal|p2a: Zapdos|100/100|[from] item: Leftovers
|-heal|p1a: Skarmory|97/100|[from] item: Leftovers
|upkeep
|turn|37
|
|t:|1730946725
|switch|p1a: Magneton|Magneton|84/100
|-damage|p1a: Magneton|67/100|[from] Spikes
|move|p2a: Zapdos|Thunderbolt|p1a: Magneton
|-resisted|p1a: Magneton
|-damage|p1a: Magneton|33/100
|
|-weather|Sandstorm|[upkeep]
|-damage|p2a: Zapdos|94/100|[from] Sandstorm
|-heal|p2a: Zapdos|100/100|[from] item: Leftovers
|upkeep
|turn|38
|inactive|zinc3 has 270 seconds left.
|
|t:|1730946757
|move|p1a: Magneton|Protect|p1a: Magneton
|-singleturn|p1a: Magneton|Protect
|move|p2a: Zapdos|Thunderbolt|p1a: Magneton
|-activate|p1a: Magneton|Protect
|
|-weather|Sandstorm|[upkeep]
|-damage|p2a: Zapdos|94/100|[from] Sandstorm
|-heal|p2a: Zapdos|100/100|[from] item: Leftovers
|upkeep
|turn|39
|inactive|Garpachi has 270 seconds left.
|
|t:|1730946788
|switch|p1a: Zapdos|Zapdos|74/100 slp
|move|p2a: Zapdos|Roar|p1a: Zapdos
|drag|p1a: Magneton|Magneton|33/100
|-damage|p1a: Magneton|16/100|[from] Spikes
|
|-weather|Sandstorm|[upkeep]
|-damage|p2a: Zapdos|94/100|[from] Sandstorm
|-heal|p2a: Zapdos|100/100|[from] item: Leftovers
|upkeep
|turn|40
|inactive|Garpachi has 270 seconds left.
|
|t:|1730946797
|move|p2a: Zapdos|Thunderbolt|p1a: Magneton
|-resisted|p1a: Magneton
|-crit|p1a: Magneton
|-damage|p1a: Magneton|0 fnt
|faint|p1a: Magneton
|inactive|zinc3 has 270 seconds left.
|
|t:|1730946828
|switch|p1a: Blissey|Blissey, F|100/100
|-damage|p1a: Blissey|84/100|[from] Spikes
|
|-weather|Sandstorm|[upkeep]
|-damage|p2a: Zapdos|94/100|[from] Sandstorm
|-damage|p1a: Blissey|78/100|[from] Sandstorm
|-heal|p2a: Zapdos|100/100|[from] item: Leftovers
|-heal|p1a: Blissey|84/100|[from] item: Leftovers
|upkeep
|turn|41
|inactive|Garpachi has 270 seconds left.
|
|t:|1730946844
|switch|p2a: Blissey|Blissey, F|83/100
|-damage|p2a: Blissey|58/100|[from] Spikes
|move|p1a: Blissey|Ice Beam|p2a: Blissey
|-damage|p2a: Blissey|49/100
|
|-weather|Sandstorm|[upkeep]
|-damage|p1a: Blissey|78/100|[from] Sandstorm
|-damage|p2a: Blissey|43/100|[from] Sandstorm
|-heal|p1a: Blissey|84/100|[from] item: Leftovers
|-heal|p2a: Blissey|49/100|[from] item: Leftovers
|upkeep
|turn|42
|inactive|zinc3 has 270 seconds left.
|inactive|Garpachi has 270 seconds left.
|
|t:|1730946856
|move|p1a: Blissey|Wish|p1a: Blissey
|move|p2a: Blissey|Soft-Boiled|p2a: Blissey
|-heal|p2a: Blissey|99/100
|
|-weather|Sandstorm|[upkeep]
|-damage|p1a: Blissey|78/100|[from] Sandstorm
|-damage|p2a: Blissey|93/100|[from] Sandstorm
|-heal|p1a: Blissey|84/100|[from] item: Leftovers
|-heal|p2a: Blissey|99/100|[from] item: Leftovers
|upkeep
|turn|43
|inactive|zinc3 has 270 seconds left.
|
|t:|1730946864
|switch|p1a: Crapbo|Swampert, F|45/100
|-damage|p1a: Crapbo|28/100|[from] Spikes
|move|p2a: Blissey|Seismic Toss|p1a: Crapbo
|-damage|p1a: Crapbo|3/100
|
|-heal|p1a: Crapbo|53/100|[from] move: Wish|[wisher] Blissey
|-weather|Sandstorm|[upkeep]
|-damage|p2a: Blissey|93/100|[from] Sandstorm
|-heal|p2a: Blissey|99/100|[from] item: Leftovers
|-heal|p1a: Crapbo|60/100|[from] item: Leftovers
|upkeep
|turn|44
|inactive|zinc3 has 270 seconds left.
|inactive|Garpachi has 270 seconds left.
|
|t:|1730946885
|move|p2a: Blissey|Seismic Toss|p1a: Crapbo
|-damage|p1a: Crapbo|35/100
|move|p1a: Crapbo|Curse|p1a: Crapbo
|-unboost|p1a: Crapbo|spe|1
|-boost|p1a: Crapbo|atk|1
|-boost|p1a: Crapbo|def|1
|
|-weather|Sandstorm|[upkeep]
|-damage|p2a: Blissey|93/100|[from] Sandstorm
|-heal|p2a: Blissey|99/100|[from] item: Leftovers
|-heal|p1a: Crapbo|41/100|[from] item: Leftovers
|upkeep
|turn|45
|inactive|Garpachi has 270 seconds left.
|
|t:|1730946901
|switch|p2a: Gengar|Gengar, M|100/100
|move|p1a: Crapbo|Earthquake|p2a: Gengar
|-immune|p2a: Gengar
|
|-weather|Sandstorm|[upkeep]
|-damage|p2a: Gengar|94/100|[from] Sandstorm
|-heal|p2a: Gengar|100/100|[from] item: Leftovers
|-heal|p1a: Crapbo|47/100|[from] item: Leftovers
|upkeep
|turn|46
|
|t:|1730946923
|move|p1a: Crapbo|Protect|p1a: Crapbo
|-singleturn|p1a: Crapbo|Protect
|move|p2a: Gengar|Will-O-Wisp|p1a: Crapbo
|-activate|p1a: Crapbo|Protect
|
|-weather|Sandstorm|[upkeep]
|-damage|p2a: Gengar|94/100|[from] Sandstorm
|-heal|p2a: Gengar|100/100|[from] item: Leftovers
|-heal|p1a: Crapbo|53/100|[from] item: Leftovers
|upkeep
|turn|47
|
|t:|1730946932
|switch|p1a: Zapdos|Zapdos|74/100 slp
|move|p2a: Gengar|Giga Drain|p1a: Zapdos
|-resisted|p1a: Zapdos
|-damage|p1a: Zapdos|68/100 slp
|
|-weather|Sandstorm|[upkeep]
|-damage|p2a: Gengar|94/100|[from] Sandstorm
|-damage|p1a: Zapdos|61/100 slp|[from] Sandstorm
|-heal|p2a: Gengar|100/100|[from] item: Leftovers
|-heal|p1a: Zapdos|68/100 slp|[from] item: Leftovers
|upkeep
|turn|48
|
|t:|1730946951
|switch|p2a: Blissey|Blissey, F|99/100
|-damage|p2a: Blissey|74/100|[from] Spikes
|-curestatus|p1a: Zapdos|slp|[msg]
|move|p1a: Zapdos|Roar|p2a: Blissey
|drag|p2a: Gengar|Gengar, M|100/100
|
|-weather|Sandstorm|[upkeep]
|-damage|p2a: Gengar|94/100|[from] Sandstorm
|-damage|p1a: Zapdos|61/100|[from] Sandstorm
|-heal|p2a: Gengar|100/100|[from] item: Leftovers
|-heal|p1a: Zapdos|68/100|[from] item: Leftovers
|upkeep
|turn|49
|inactive|Garpachi has 240 seconds left.
|
|t:|1730946972
|switch|p2a: Flygon|Flygon, M|100/100
|move|p1a: Zapdos|Thunderbolt|p2a: Flygon
|-immune|p2a: Flygon
|
|-weather|Sandstorm|[upkeep]
|-damage|p1a: Zapdos|61/100|[from] Sandstorm
|-heal|p1a: Zapdos|68/100|[from] item: Leftovers
|upkeep
|turn|50
|inactive|Garpachi has 240 seconds left.
|
|t:|1730946982
|switch|p1a: Skarmory|Skarmory, M|97/100
|move|p2a: Flygon|Rock Slide|p1a: Skarmory
|-damage|p1a: Skarmory|84/100
|
|-weather|Sandstorm|[upkeep]
|-heal|p1a: Skarmory|90/100|[from] item: Leftovers
|upkeep
|turn|51
|inactive|Garpachi has 240 seconds left.
|
|t:|1730946994
|switch|p2a: Gengar|Gengar, M|100/100
|move|p1a: Skarmory|Roar|p2a: Gengar
|drag|p2a: Tyranitar|Tyranitar, M|52/100 tox
|-damage|p2a: Tyranitar|28/100 tox|[from] Spikes
|
|-weather|Sandstorm|[upkeep]
|-heal|p1a: Skarmory|96/100|[from] item: Leftovers
|-heal|p2a: Tyranitar|34/100 tox|[from] item: Leftovers
|-damage|p2a: Tyranitar|28/100 tox|[from] psn
|upkeep
|turn|52
|inactive|Garpachi has 240 seconds left.
|inactive|Garpachi has 210 seconds left.
|
|t:|1730947044
|-singleturn|p2a: Tyranitar|move: Focus Punch
|move|p1a: Skarmory|Protect|p1a: Skarmory
|-singleturn|p1a: Skarmory|Protect
|move|p2a: Tyranitar|Focus Punch|p1a: Skarmory
|-activate|p1a: Skarmory|Protect
|
|-weather|Sandstorm|[upkeep]
|-heal|p1a: Skarmory|100/100|[from] item: Leftovers
|-heal|p2a: Tyranitar|34/100 tox|[from] item: Leftovers
|-damage|p2a: Tyranitar|21/100 tox|[from] psn
|upkeep
|turn|53
|
|t:|1730947056
|move|p2a: Tyranitar|Rock Slide|p1a: Skarmory
|-damage|p1a: Skarmory|67/100
|cant|p1a: Skarmory|flinch
|
|-weather|Sandstorm|[upkeep]
|-heal|p1a: Skarmory|73/100|[from] item: Leftovers
|-heal|p2a: Tyranitar|28/100 tox|[from] item: Leftovers
|-damage|p2a: Tyranitar|9/100 tox|[from] psn
|upkeep
|turn|54
|
|t:|1730947066
|switch|p2a: Gengar|Gengar, M|100/100
|move|p1a: Skarmory|Protect||[still]
|-fail|p1a: Skarmory
|
|-weather|Sandstorm|[upkeep]
|-damage|p2a: Gengar|94/100|[from] Sandstorm
|-heal|p2a: Gengar|100/100|[from] item: Leftovers
|-heal|p1a: Skarmory|79/100|[from] item: Leftovers
|upkeep
|turn|55
|inactive|Garpachi has 210 seconds left.
|
|t:|1730947076
|move|p1a: Skarmory|Protect|p1a: Skarmory
|-singleturn|p1a: Skarmory|Protect
|move|p2a: Gengar|Will-O-Wisp|p1a: Skarmory
|-activate|p1a: Skarmory|Protect
|
|-weather|Sandstorm|[upkeep]
|-damage|p2a: Gengar|94/100|[from] Sandstorm
|-heal|p2a: Gengar|100/100|[from] item: Leftovers
|-heal|p1a: Skarmory|85/100|[from] item: Leftovers
|upkeep
|turn|56
|inactive|Garpachi has 210 seconds left.
|
|t:|1730947088
|switch|p1a: Zapdos|Zapdos|68/100
|move|p2a: Gengar|Will-O-Wisp|p1a: Zapdos
|-status|p1a: Zapdos|brn
|
|-weather|Sandstorm|[upkeep]
|-damage|p2a: Gengar|94/100|[from] Sandstorm
|-damage|p1a: Zapdos|61/100 brn|[from] Sandstorm
|-heal|p2a: Gengar|100/100|[from] item: Leftovers
|-heal|p1a: Zapdos|68/100 brn|[from] item: Leftovers
|-damage|p1a: Zapdos|55/100 brn|[from] brn
|upkeep
|turn|57
|inactive|Garpachi has 210 seconds left.
|
|t:|1730947106
|move|p2a: Gengar|Thunderbolt|p1a: Zapdos
|-damage|p1a: Zapdos|37/100 brn
|move|p1a: Zapdos|Thunderbolt|p2a: Gengar
|-damage|p2a: Gengar|55/100
|-status|p2a: Gengar|par
|
|-weather|Sandstorm|[upkeep]
|-damage|p1a: Zapdos|31/100 brn|[from] Sandstorm
|-damage|p2a: Gengar|49/100 par|[from] Sandstorm
|-heal|p1a: Zapdos|37/100 brn|[from] item: Leftovers
|-damage|p1a: Zapdos|25/100 brn|[from] brn
|-heal|p2a: Gengar|55/100 par|[from] item: Leftovers
|upkeep
|turn|58
|c|☆zinc3|mb
|
|t:|1730947124
|switch|p2a: Blissey|Blissey, F|74/100
|-damage|p2a: Blissey|49/100|[from] Spikes
|move|p1a: Zapdos|Rest|p1a: Zapdos
|-status|p1a: Zapdos|slp|[from] move: Rest
|-heal|p1a: Zapdos|100/100 slp|[silent]
|
|-weather|Sandstorm|[upkeep]
|-damage|p1a: Zapdos|94/100 slp|[from] Sandstorm
|-damage|p2a: Blissey|43/100|[from] Sandstorm
|-heal|p1a: Zapdos|100/100 slp|[from] item: Leftovers
|-heal|p2a: Blissey|49/100|[from] item: Leftovers
|upkeep
|turn|59
|
|t:|1730947138
|cant|p1a: Zapdos|slp
|move|p2a: Blissey|Soft-Boiled|p2a: Blissey
|-heal|p2a: Blissey|99/100
|
|-weather|Sandstorm|[upkeep]
|-damage|p1a: Zapdos|94/100 slp|[from] Sandstorm
|-damage|p2a: Blissey|93/100|[from] Sandstorm
|-heal|p1a: Zapdos|100/100 slp|[from] item: Leftovers
|-heal|p2a: Blissey|99/100|[from] item: Leftovers
|upkeep
|turn|60
|
|t:|1730947150
|switch|p2a: Flygon|Flygon, M|100/100
|cant|p1a: Zapdos|slp
|
|-weather|Sandstorm|[upkeep]
|-damage|p1a: Zapdos|94/100 slp|[from] Sandstorm
|-heal|p1a: Zapdos|100/100 slp|[from] item: Leftovers
|upkeep
|turn|61
|
|t:|1730947164
|-curestatus|p1a: Zapdos|slp|[msg]
|move|p1a: Zapdos|Toxic|p2a: Flygon
|-status|p2a: Flygon|tox
|move|p2a: Flygon|Rock Slide|p1a: Zapdos
|-supereffective|p1a: Zapdos
|-damage|p1a: Zapdos|64/100
|
|-weather|Sandstorm|[upkeep]
|-damage|p1a: Zapdos|57/100|[from] Sandstorm
|-heal|p1a: Zapdos|64/100|[from] item: Leftovers
|-damage|p2a: Flygon|94/100 tox|[from] psn
|upkeep
|turn|62
|
|t:|1730947177
|switch|p1a: Skarmory|Skarmory, M|85/100
|switch|p2a: Blissey|Blissey, F|99/100
|-damage|p2a: Blissey|74/100|[from] Spikes
|
|-weather|Sandstorm|[upkeep]
|-damage|p2a: Blissey|68/100|[from] Sandstorm
|-heal|p1a: Skarmory|91/100|[from] item: Leftovers
|-heal|p2a: Blissey|74/100|[from] item: Leftovers
|upkeep
|turn|63
|inactive|zinc3 has 270 seconds left.
|
|t:|1730947208
|move|p1a: Skarmory|Toxic|p2a: Blissey|[miss]
|-miss|p1a: Skarmory|p2a: Blissey
|move|p2a: Blissey|Wish|p2a: Blissey
|
|-weather|Sandstorm|[upkeep]
|-damage|p2a: Blissey|68/100|[from] Sandstorm
|-heal|p1a: Skarmory|97/100|[from] item: Leftovers
|-heal|p2a: Blissey|74/100|[from] item: Leftovers
|upkeep
|turn|64
|
|t:|1730947216
|switch|p2a: Gengar|Gengar, M|55/100 par
|move|p1a: Skarmory|Roar|p2a: Gengar
|drag|p2a: Flygon|Flygon, M|94/100 tox
|
|-heal|p2a: Flygon|100/100 tox|[from] move: Wish|[wisher] Blissey
|-weather|Sandstorm|[upkeep]
|-damage|p2a: Flygon|94/100 tox|[from] psn
|-heal|p1a: Skarmory|100/100|[from] item: Leftovers
|upkeep
|turn|65
|inactive|zinc3 has 270 seconds left.
|inactive|Garpachi has 180 seconds left.
|
|t:|1730947261
|switch|p2a: Zapdos|Zapdos|100/100
|move|p1a: Skarmory|Roar|p2a: Zapdos
|drag|p2a: Gengar|Gengar, M|55/100 par
|
|-weather|Sandstorm|[upkeep]
|-damage|p2a: Gengar|49/100 par|[from] Sandstorm
|-heal|p2a: Gengar|55/100 par|[from] item: Leftovers
|upkeep
|turn|66
|inactive|Garpachi has 180 seconds left.
|
|t:|1730947272
|switch|p1a: Zapdos|Zapdos|64/100
|move|p2a: Gengar|Will-O-Wisp|p1a: Zapdos|[miss]
|-miss|p2a: Gengar|p1a: Zapdos
|
|-weather|Sandstorm|[upkeep]
|-damage|p1a: Zapdos|57/100|[from] Sandstorm
|-damage|p2a: Gengar|49/100 par|[from] Sandstorm
|-heal|p1a: Zapdos|64/100|[from] item: Leftovers
|-heal|p2a: Gengar|55/100 par|[from] item: Leftovers
|upkeep
|turn|67
|inactive|Garpachi has 180 seconds left.
|
|t:|1730947292
|move|p1a: Zapdos|Thunderbolt|p2a: Gengar
|-damage|p2a: Gengar|9/100 par
|move|p2a: Gengar|Explosion|p1a: Zapdos
|-damage|p1a: Zapdos|0 fnt
|faint|p2a: Gengar
|faint|p1a: Zapdos
|inactive|zinc3 has 270 seconds left.
|inactive|Garpachi has 150 seconds left.
|
|t:|1730947343
|switch|p2a: Zapdos|Zapdos|100/100
|switch|p1a: Blissey|Blissey, F|84/100
|-damage|p1a: Blissey|67/100|[from] Spikes
|
|-weather|Sandstorm|[upkeep]
|-damage|p2a: Zapdos|94/100|[from] Sandstorm
|-damage|p1a: Blissey|61/100|[from] Sandstorm
|-heal|p2a: Zapdos|100/100|[from] item: Leftovers
|-heal|p1a: Blissey|67/100|[from] item: Leftovers
|upkeep
|turn|68
|inactive|Garpachi has 120 seconds left.
|
|t:|1730947368
|switch|p2a: Blissey|Blissey, F|74/100
|-damage|p2a: Blissey|49/100|[from] Spikes
|move|p1a: Blissey|Soft-Boiled|p1a: Blissey
|-heal|p1a: Blissey|100/100
|
|-weather|Sandstorm|[upkeep]
|-damage|p1a: Blissey|94/100|[from] Sandstorm
|-damage|p2a: Blissey|43/100|[from] Sandstorm
|-heal|p1a: Blissey|100/100|[from] item: Leftovers
|-heal|p2a: Blissey|49/100|[from] item: Leftovers
|upkeep
|turn|69
|
|t:|1730947378
|move|p1a: Blissey|Wish|p1a: Blissey
|move|p2a: Blissey|Soft-Boiled|p2a: Blissey
|-heal|p2a: Blissey|99/100
|
|-weather|Sandstorm|[upkeep]
|-damage|p1a: Blissey|94/100|[from] Sandstorm
|-damage|p2a: Blissey|93/100|[from] Sandstorm
|-heal|p1a: Blissey|100/100|[from] item: Leftovers
|-heal|p2a: Blissey|99/100|[from] item: Leftovers
|upkeep
|turn|70
|inactive|Garpachi has 120 seconds left.
|
|t:|1730947405
|switch|p1a: Crapbo|Swampert, F|53/100
|-damage|p1a: Crapbo|37/100|[from] Spikes
|move|p2a: Blissey|Seismic Toss|p1a: Crapbo
|-damage|p1a: Crapbo|12/100
|
|-heal|p1a: Crapbo|62/100|[from] move: Wish|[wisher] Blissey
|-weather|Sandstorm|[upkeep]
|-damage|p2a: Blissey|93/100|[from] Sandstorm
|-heal|p2a: Blissey|99/100|[from] item: Leftovers
|-heal|p1a: Crapbo|68/100|[from] item: Leftovers
|upkeep
|turn|71
|inactive|zinc3 has 270 seconds left.
|
|t:|1730947424
|move|p1a: Crapbo|Protect|p1a: Crapbo
|-singleturn|p1a: Crapbo|Protect
|move|p2a: Blissey|Seismic Toss|p1a: Crapbo
|-activate|p1a: Crapbo|Protect
|
|-weather|Sandstorm|[upkeep]
|-damage|p2a: Blissey|93/100|[from] Sandstorm
|-heal|p2a: Blissey|99/100|[from] item: Leftovers
|-heal|p1a: Crapbo|74/100|[from] item: Leftovers
|upkeep
|turn|72
|
|t:|1730947433
|move|p2a: Blissey|Seismic Toss|p1a: Crapbo
|-damage|p1a: Crapbo|49/100
|move|p1a: Crapbo|Curse|p1a: Crapbo
|-unboost|p1a: Crapbo|spe|1
|-boost|p1a: Crapbo|atk|1
|-boost|p1a: Crapbo|def|1
|
|-weather|Sandstorm|[upkeep]
|-damage|p2a: Blissey|93/100|[from] Sandstorm
|-heal|p2a: Blissey|99/100|[from] item: Leftovers
|-heal|p1a: Crapbo|56/100|[from] item: Leftovers
|upkeep
|turn|73
|inactive|Garpachi has 120 seconds left.
|
|t:|1730947453
|move|p2a: Blissey|Ice Beam|p1a: Crapbo
|-crit|p1a: Crapbo
|-damage|p1a: Crapbo|11/100
|move|p1a: Crapbo|Earthquake|p2a: Blissey
|-crit|p2a: Blissey
|-damage|p2a: Blissey|0 fnt
|faint|p2a: Blissey
|c|☆Garpachi|touche
|c|☆zinc3|:(
|inactive|Garpachi has 90 seconds left.
|inactive|Garpachi has 60 seconds left.
|
|t:|1730947512
|switch|p2a: Flygon|Flygon, M|94/100 tox
|
|-weather|Sandstorm|[upkeep]
|-heal|p2a: Flygon|100/100 tox|[from] item: Leftovers
|-damage|p2a: Flygon|94/100 tox|[from] psn
|-heal|p1a: Crapbo|17/100|[from] item: Leftovers
|upkeep
|turn|74
|inactive|Garpachi has 60 seconds left.
|
|t:|1730947519
|move|p1a: Crapbo|Protect|p1a: Crapbo
|-singleturn|p1a: Crapbo|Protect
|move|p2a: Flygon|Earthquake|p1a: Crapbo
|-activate|p1a: Crapbo|Protect
|
|-weather|Sandstorm|[upkeep]
|-heal|p2a: Flygon|100/100 tox|[from] item: Leftovers
|-damage|p2a: Flygon|88/100 tox|[from] psn
|-heal|p1a: Crapbo|23/100|[from] item: Leftovers
|upkeep
|turn|75
|
|t:|1730947533
|switch|p1a: Skarmory|Skarmory, M|100/100
|move|p2a: Flygon|Earthquake|p1a: Skarmory
|-immune|p1a: Skarmory
|
|-weather|Sandstorm|[upkeep]
|-heal|p2a: Flygon|94/100 tox|[from] item: Leftovers
|-damage|p2a: Flygon|76/100 tox|[from] psn
|upkeep
|turn|76
|
|t:|1730947541
|switch|p2a: Zapdos|Zapdos|100/100
|move|p1a: Skarmory|Toxic|p2a: Zapdos
|-status|p2a: Zapdos|tox
|
|-weather|Sandstorm|[upkeep]
|-damage|p2a: Zapdos|94/100 tox|[from] Sandstorm
|-heal|p2a: Zapdos|100/100 tox|[from] item: Leftovers
|-damage|p2a: Zapdos|94/100 tox|[from] psn
|upkeep
|turn|77
|
|t:|1730947550
|switch|p1a: Blissey|Blissey, F|100/100
|-damage|p1a: Blissey|84/100|[from] Spikes
|move|p2a: Zapdos|Roar|p1a: Blissey
|drag|p1a: Crapbo|Swampert, F|23/100
|-damage|p1a: Crapbo|7/100|[from] Spikes
|
|-weather|Sandstorm|[upkeep]
|-damage|p2a: Zapdos|88/100 tox|[from] Sandstorm
|-heal|p2a: Zapdos|94/100 tox|[from] item: Leftovers
|-damage|p2a: Zapdos|82/100 tox|[from] psn
|-heal|p1a: Crapbo|13/100|[from] item: Leftovers
|upkeep
|turn|78
|
|t:|1730947565
|move|p1a: Crapbo|Protect|p1a: Crapbo
|-singleturn|p1a: Crapbo|Protect
|move|p2a: Zapdos|Rest|p2a: Zapdos
|-status|p2a: Zapdos|slp|[from] move: Rest
|-heal|p2a: Zapdos|100/100 slp|[silent]
|
|-weather|Sandstorm|[upkeep]
|-damage|p2a: Zapdos|94/100 slp|[from] Sandstorm
|-heal|p2a: Zapdos|100/100 slp|[from] item: Leftovers
|-heal|p1a: Crapbo|19/100|[from] item: Leftovers
|upkeep
|turn|79
|
|t:|1730947586
|cant|p2a: Zapdos|slp
|move|p2a: Zapdos|Sleep Talk|p2a: Zapdos
|move|p2a: Zapdos|Rest|p2a: Zapdos|[from]Sleep Talk
|move|p1a: Crapbo|Ice Beam|p2a: Zapdos
|-supereffective|p2a: Zapdos
|-damage|p2a: Zapdos|72/100 slp
|
|-weather|Sandstorm|[upkeep]
|-damage|p2a: Zapdos|66/100 slp|[from] Sandstorm
|-heal|p2a: Zapdos|72/100 slp|[from] item: Leftovers
|-heal|p1a: Crapbo|25/100|[from] item: Leftovers
|upkeep
|turn|80
|
|t:|1730947605
|cant|p2a: Zapdos|slp
|move|p2a: Zapdos|Sleep Talk|p2a: Zapdos
|move|p2a: Zapdos|Rest|p2a: Zapdos|[from]Sleep Talk
|move|p1a: Crapbo|Ice Beam|p2a: Zapdos
|-supereffective|p2a: Zapdos
|-damage|p2a: Zapdos|41/100 slp
|
|-weather|Sandstorm|[upkeep]
|-damage|p2a: Zapdos|35/100 slp|[from] Sandstorm
|-heal|p2a: Zapdos|41/100 slp|[from] item: Leftovers
|-heal|p1a: Crapbo|32/100|[from] item: Leftovers
|upkeep
|turn|81
|
|t:|1730947616
|move|p1a: Crapbo|Ice Beam|p2a: Zapdos
|-supereffective|p2a: Zapdos
|-damage|p2a: Zapdos|9/100 slp
|-curestatus|p2a: Zapdos|slp|[msg]
|move|p2a: Zapdos|Roar|p1a: Crapbo
|drag|p1a: Blissey|Blissey, F|84/100
|-damage|p1a: Blissey|67/100|[from] Spikes
|
|-weather|Sandstorm|[upkeep]
|-damage|p2a: Zapdos|3/100|[from] Sandstorm
|-damage|p1a: Blissey|61/100|[from] Sandstorm
|-heal|p2a: Zapdos|9/100|[from] item: Leftovers
|-heal|p1a: Blissey|67/100|[from] item: Leftovers
|upkeep
|turn|82
|
|t:|1730947629
|move|p2a: Zapdos|Sleep Talk|p2a: Zapdos
|move|p1a: Blissey|Ice Beam|p2a: Zapdos
|-supereffective|p2a: Zapdos
|-damage|p2a: Zapdos|0 fnt
|faint|p2a: Zapdos
|c|☆Garpachi|lol what a misclick
|c|☆Garpachi|it was dead anyway, gg
|c|☆zinc3|yeah gg
|-message|Garpachi forfeited.
|
|win|zinc3
|c|☆zinc3|aero last so uhh
|c|☆zinc3|yeah
|c|☆Garpachi|yeah i needed flygon to not get toxiced

</script>
<script type="application/json" class="data" id="replaydata-smogtours-gen3ou-805065">
{"id":"smogtours-gen3ou-805065","format":"[Gen 3] OU","players":["zinc3","Garpachi"],"uploadtime":1730947645,"views":36,"formatid":"gen3ou","rating":null,"private":0,"password":null}
</script>

<script defer src="js/replays.js?9d40a366"></script>
