<!DOCTYPE html>
<meta charset="utf-8" />
<meta name="viewport" content="width=device-width" />

<title>[Gen 3] OU: jlev vs. 3 blades - Replays - Pok&eacute;mon Showdown!</title>

<meta name="description" content="Watch a replay of a Pok&eacute;mon battle between jlev and 3 blades! Format: [Gen 3] OU; Date: Oct 5, 2024" />
<!--

Hey, you! Looking in the source for the replay log?

You can find them in JSON format, just add `.json` at the end of a replay URL.

https://replay.pokemonshowdown.com/gen7randomdoublesbattle-865046831.json

Or, if you only need the log itself, add `.log` instead:

https://replay.pokemonshowdown.com/gen7randomdoublesbattle-865046831.log

-->

<link rel="stylesheet" href="//pokemonshowdown.com/style/global.css?0.767286132409787" />
<link rel="stylesheet" href="//play.pokemonshowdown.com/style/font-awesome.css?0.9266228007934947" />
<link rel="stylesheet" href="//play.pokemonshowdown.com/style/battle.css?0.7924700842790926" />
<link rel="stylesheet" href="//play.pokemonshowdown.com/style/utilichart.css?0.8777417872839479" />

<!-- Global site tag (gtag.js) - Google Analytics -->
<script async src="https://www.googletagmanager.com/gtag/js?id=UA-26211653-1"></script>
<script>
  window.dataLayer = window.dataLayer || [];
  function gtag(){dataLayer.push(arguments);}
  gtag('js', new Date());

  gtag('config', 'UA-26211653-1');
</script>
<!-- End Google Analytics -->
<!-- Venatus Ad Manager - Install in <HEAD> of page -->
	<script src="https://hb.vntsm.com/v3/live/ad-manager.min.js" type="text/javascript" data-site-id="642aba63ec9a7b11c3c9c1be" data-mode="scan" async></script>
<!-- / Venatus Ad Manager -->

<style>
	@media (max-width:820px) {
		.battle {
			margin: 0 auto;
		}
		.battle-log {
			margin: 7px auto 0;
			max-width: 640px;
			height: 300px;
			position: static;
		}
	}
	.optgroup {
		display: inline-block;
		line-height: 22px;
		font-size: 10pt;
	}
	.optgroup .button {
		height: 25px;
		padding-top: 0;
		padding-bottom: 0;
	}
	.optgroup button.button {
		padding-left: 12px;
		padding-right: 12px;
	}
	.linklist {
		list-style: none;
		margin: 0.5em 0;
		padding: 0;
	}
	.linklist li {
		padding: 2px 0;
	}
	.sidebar {
		float: left;
		width: 320px;
	}
	.bar-wrapper {
		max-width: 1100px;
		margin: 0 auto;
	}
	.bar-wrapper.has-sidebar {
		max-width: 1430px;
	}
	.mainbar {
		margin: 0;
		padding-right: 1px;
	}
	.mainbar.has-sidebar {
		margin-left: 330px;
	}
	@media (min-width: 1511px) {
		.sidebar {
			width: 400px;
		}
		.bar-wrapper.has-sidebar {
			max-width: 1510px;
		}
		.mainbar.has-sidebar {
			margin-left: 410px;
		}
	}
	.section.first-section {
		margin-top: 9px;
	}
	.blocklink small {
		white-space: normal;
	}
	.button {
		vertical-align: middle;
	}
	.replay-controls {
		padding-top: 10px;
	}
	.replay-controls h1 {
		font-size: 16pt;
		font-weight: normal;
		color: #CCC;
	}
	.pagelink {
		text-align: center;
	}
	.pagelink a {
		width: 150px;
	}
	.textbox, .button {
		font-size: 11pt;
		vertical-align: middle;
	}
	@media (max-width: 450px) {
		.button {
			font-size: 9pt;
		}
	}
</style>

<div>

	<header>
		<div class="nav-wrapper"><ul class="nav">
			<li><a class="button nav-first" href="//pokemonshowdown.com/"><img src="//pokemonshowdown.com/images/pokemonshowdownbeta.png" srcset="//pokemonshowdown.com/images/pokemonshowdownbeta.png 1x, //pokemonshowdown.com/images/pokemonshowdownbeta@2x.png 2x" alt="Pok&eacute;mon Showdown" width="146" height="44" /> Home</a></li>
			<li><a class="button" href="//pokemonshowdown.com/dex/">Pok&eacute;dex</a></li>
			<li><a class="button cur" href="/">Replays</a></li>
			<li><a class="button" href="//pokemonshowdown.com/ladder/">Ladder</a></li>
			<li><a class="button nav-last" href="//pokemonshowdown.com/forums/">Forum</a></li>
			<li><a class="button greenbutton nav-first nav-last" href="//play.pokemonshowdown.com/">Play</a></li>
		</ul></div>
	</header>

	<div class="main" id="main">

		<noscript><section class="section">You need to enable JavaScript to use this page; sorry!</section></noscript>

	</div>

</div>

<script defer nomodule src="//play.pokemonshowdown.com/js/lib/ps-polyfill.js"></script>
<script defer src="//play.pokemonshowdown.com/js/lib/preact.min.js"></script>

<script defer src="//play.pokemonshowdown.com/config/config.js?6dec07f6"></script>
<script defer src="//play.pokemonshowdown.com/js/lib/jquery-1.11.0.min.js"></script>
<script defer src="//play.pokemonshowdown.com/js/lib/html-sanitizer-minified.js"></script>
<script defer src="//play.pokemonshowdown.com/js/battle-sound.js"></script>
<script defer src="//play.pokemonshowdown.com/js/battledata.js?0.6315294753075389"></script>
<script defer src="//play.pokemonshowdown.com/data/pokedex-mini.js?0.7603743185311358"></script>
<script defer src="//play.pokemonshowdown.com/data/pokedex-mini-bw.js?0.030888842834281283"></script>
<script defer src="//play.pokemonshowdown.com/data/graphics.js?0.05593094747507488"></script>
<script defer src="//play.pokemonshowdown.com/data/pokedex.js?0.47064822249611904"></script>
<script defer src="//play.pokemonshowdown.com/data/moves.js?0.8583693120512459"></script>
<script defer src="//play.pokemonshowdown.com/data/abilities.js?0.16017181182386842"></script>
<script defer src="//play.pokemonshowdown.com/data/items.js?0.4163379185673943"></script>
<script defer src="//play.pokemonshowdown.com/data/teambuilder-tables.js?0.31075597372830477"></script>
<script defer src="//play.pokemonshowdown.com/js/battle-tooltips.js?0.6536193500708172"></script>
<script defer src="//play.pokemonshowdown.com/js/battle.js?0.1916591943277901"></script>

<script defer src="js/utils.js?e31f9a17"></script>
<script defer src="js/replays-battle.js?7008c182"></script>

<!-- don't scrape this data! just add .json or .log after the URL!
Full API docs: https://github.com/smogon/pokemon-showdown-client/blob/master/WEB-API.md -->
<script type="text/plain" class="log" id="replaylog-smogtours-gen3ou-795041">
|inactive|Battle timer is ON: inactive players will automatically lose when time's up.
|t:|1728148522
|gametype|singles
|player|p1|jlev|265|
|player|p2|3 blades|guzma|
|teamsize|p1|6
|teamsize|p2|6
|gen|3
|tier|[Gen 3] OU
|rule|Sleep Clause Mod: Limit one foe put to sleep
|rule|Switch Priority Clause Mod: Faster Pokémon switch first
|rule|Species Clause: Limit one of each Pokémon
|rule|OHKO Clause: OHKO moves are banned
|rule|Evasion Items Clause: Evasion items are banned
|rule|Evasion Moves Clause: Evasion moves are banned
|rule|Endless Battle Clause: Forcing endless battles is banned
|rule|HP Percentage Mod: HP is shown in percentages
|rule|One Boost Passer Clause: Limit one Baton Passer that has a way to boost its stats
|rule|Freeze Clause Mod: Limit one foe frozen
|
|t:|1728148522
|start
|switch|p1a: Tyranitar|Tyranitar, M|100/100
|switch|p2a: HERMIT PURPLE|Metagross|100/100
|-weather|Sandstorm|[from] ability: Sand Stream|[of] p1a: Tyranitar
|turn|1
|c|☆3 blades|hf
|inactive|jlev has 270 seconds left.
|inactive|3 blades has 270 seconds left.
|c|☆jlev|gl!
|
|t:|1728148579
|switch|p1a: Charizard|Charizard, M|100/100
|switch|p2a: D4C|Suicune|100/100
|
|-weather|Sandstorm|[upkeep]
|-damage|p1a: Charizard|94/100|[from] Sandstorm
|-damage|p2a: D4C|94/100|[from] Sandstorm
|-heal|p1a: Charizard|100/100|[from] item: Leftovers
|-heal|p2a: D4C|100/100|[from] item: Leftovers
|upkeep
|turn|2
|inactive|jlev has 270 seconds left.
|
|t:|1728148610
|switch|p1a: Blissey|Blissey, F|100/100
|switch|p2a: THE WORLD|Snorlax, F|100/100
|
|-weather|Sandstorm|[upkeep]
|-damage|p1a: Blissey|94/100|[from] Sandstorm
|-damage|p2a: THE WORLD|94/100|[from] Sandstorm
|-heal|p1a: Blissey|100/100|[from] item: Leftovers
|-heal|p2a: THE WORLD|100/100|[from] item: Leftovers
|upkeep
|turn|3
|inactive|jlev has 270 seconds left.
|
|t:|1728148644
|-singleturn|p2a: THE WORLD|move: Focus Punch
|switch|p1a: Tyranitar|Tyranitar, M|100/100
|move|p2a: THE WORLD|Focus Punch|p1a: Tyranitar
|-supereffective|p1a: Tyranitar
|-damage|p1a: Tyranitar|0 fnt
|faint|p1a: Tyranitar
|
|t:|1728148649
|switch|p1a: Skarmory|Skarmory, M|100/100
|
|-weather|Sandstorm|[upkeep]
|-damage|p2a: THE WORLD|94/100|[from] Sandstorm
|-heal|p2a: THE WORLD|100/100|[from] item: Leftovers
|upkeep
|turn|4
|
|t:|1728148654
|-singleturn|p2a: THE WORLD|move: Focus Punch
|move|p1a: Skarmory|Spikes|p2a: THE WORLD
|-sidestart|p2: 3 blades|Spikes
|move|p2a: THE WORLD|Focus Punch|p1a: Skarmory
|-damage|p1a: Skarmory|63/100
|
|-weather|Sandstorm|[upkeep]
|-damage|p2a: THE WORLD|94/100|[from] Sandstorm
|-heal|p1a: Skarmory|69/100|[from] item: Leftovers
|-heal|p2a: THE WORLD|100/100|[from] item: Leftovers
|upkeep
|turn|5
|inactive|jlev has 270 seconds left.
|
|t:|1728148666
|-singleturn|p2a: THE WORLD|move: Focus Punch
|move|p1a: Skarmory|Spikes|p2a: THE WORLD
|-sidestart|p2: 3 blades|Spikes
|move|p2a: THE WORLD|Focus Punch|p1a: Skarmory
|-damage|p1a: Skarmory|36/100
|
|-weather|Sandstorm|[upkeep]
|-damage|p2a: THE WORLD|94/100|[from] Sandstorm
|-heal|p1a: Skarmory|42/100|[from] item: Leftovers
|-heal|p2a: THE WORLD|100/100|[from] item: Leftovers
|upkeep
|turn|6
|inactive|jlev has 270 seconds left.
|
|t:|1728148672
|-singleturn|p2a: THE WORLD|move: Focus Punch
|move|p1a: Skarmory|Protect|p1a: Skarmory
|-singleturn|p1a: Skarmory|Protect
|move|p2a: THE WORLD|Focus Punch|p1a: Skarmory
|-activate|p1a: Skarmory|Protect
|
|-weather|Sandstorm|[upkeep]
|-damage|p2a: THE WORLD|94/100|[from] Sandstorm
|-heal|p1a: Skarmory|48/100|[from] item: Leftovers
|-heal|p2a: THE WORLD|100/100|[from] item: Leftovers
|upkeep
|turn|7
|inactive|jlev has 270 seconds left.
|
|t:|1728148690
|move|p2a: THE WORLD|Shadow Ball|p1a: Skarmory
|-resisted|p1a: Skarmory
|-damage|p1a: Skarmory|39/100
|move|p1a: Skarmory|Roar|p2a: THE WORLD
|drag|p2a: MADE IN HEAVEN|Solrock, shiny|100/100
|
|-weather|Sandstorm|[upkeep]
|-heal|p1a: Skarmory|45/100|[from] item: Leftovers
|upkeep
|turn|8
|inactive|jlev has 270 seconds left.
|c|+Zpanther|THE SUN
|c|☆3 blades|\o/
|inactive|jlev has 240 seconds left.
|
|t:|1728148746
|switch|p2a: HEAVENS DOOR|Claydol|100/100
|move|p1a: Skarmory|Spikes|p2a: HEAVENS DOOR
|-sidestart|p2: 3 blades|Spikes
|
|-weather|Sandstorm|[upkeep]
|-heal|p1a: Skarmory|51/100|[from] item: Leftovers
|upkeep
|turn|9
|c|+adorluigi|the sun is a deadly laser
|c|☆jlev|i feel i am in over my head
|inactive|3 blades has 270 seconds left.
|
|t:|1728148778
|switch|p1a: Gengar|Gengar, F|100/100
|move|p2a: HEAVENS DOOR|Psychic|p1a: Gengar
|-supereffective|p1a: Gengar
|-damage|p1a: Gengar|27/100
|
|-weather|Sandstorm|[upkeep]
|-damage|p1a: Gengar|20/100|[from] Sandstorm
|-heal|p1a: Gengar|27/100|[from] item: Leftovers
|upkeep
|turn|10
|inactive|3 blades has 270 seconds left.
|
|t:|1728148799
|switch|p2a: HERMIT PURPLE|Metagross|100/100
|-damage|p2a: HERMIT PURPLE|76/100|[from] Spikes
|move|p1a: Gengar|Explosion|p2a: HERMIT PURPLE
|-resisted|p2a: HERMIT PURPLE
|-damage|p2a: HERMIT PURPLE|45/100
|faint|p1a: Gengar
|
|t:|1728148807
|switch|p1a: Charizard|Charizard, M|100/100
|
|-weather|Sandstorm|[upkeep]
|-damage|p1a: Charizard|94/100|[from] Sandstorm
|-heal|p1a: Charizard|100/100|[from] item: Leftovers
|-heal|p2a: HERMIT PURPLE|51/100|[from] item: Leftovers
|upkeep
|turn|11
|inactive|3 blades has 270 seconds left.
|inactive|3 blades has 240 seconds left.
|inactive|jlev has 210 seconds left.
|
|t:|1728148864
|move|p1a: Charizard|Fire Blast|p2a: HERMIT PURPLE
|-supereffective|p2a: HERMIT PURPLE
|-damage|p2a: HERMIT PURPLE|0 fnt
|faint|p2a: HERMIT PURPLE
|
|t:|1728148869
|switch|p2a: HEAVENS DOOR|Claydol|100/100
|
|-weather|Sandstorm|[upkeep]
|-damage|p1a: Charizard|94/100|[from] Sandstorm
|-heal|p1a: Charizard|100/100|[from] item: Leftovers
|upkeep
|turn|12
|inactive|jlev has 210 seconds left.
|
|t:|1728148889
|move|p1a: Charizard|Fire Blast|p2a: HEAVENS DOOR
|-damage|p2a: HEAVENS DOOR|53/100
|move|p2a: HEAVENS DOOR|Rapid Spin|p1a: Charizard
|-damage|p1a: Charizard|94/100
|-sideend|p2: 3 blades|Spikes|[from] move: Rapid Spin|[of] p2a: HEAVENS DOOR
|
|-weather|Sandstorm|[upkeep]
|-damage|p1a: Charizard|88/100|[from] Sandstorm
|-heal|p1a: Charizard|94/100|[from] item: Leftovers
|-heal|p2a: HEAVENS DOOR|59/100|[from] item: Leftovers
|upkeep
|turn|13
|
|t:|1728148905
|switch|p1a: Skarmory|Skarmory, M|51/100
|move|p2a: HEAVENS DOOR|Explosion|p1a: Skarmory
|-resisted|p1a: Skarmory
|-damage|p1a: Skarmory|2/100
|faint|p2a: HEAVENS DOOR
|inactive|3 blades has 240 seconds left.
|
|t:|1728148931
|switch|p2a: TUSK|Charizard, F|100/100
|
|-weather|Sandstorm|[upkeep]
|-damage|p2a: TUSK|94/100|[from] Sandstorm
|-heal|p2a: TUSK|100/100|[from] item: Leftovers
|-heal|p1a: Skarmory|8/100|[from] item: Leftovers
|upkeep
|turn|14
|
|t:|1728148946
|switch|p1a: Blissey|Blissey, F|100/100
|move|p2a: TUSK|Hidden Power|p1a: Blissey
|-damage|p1a: Blissey|93/100
|
|-weather|Sandstorm|[upkeep]
|-damage|p2a: TUSK|94/100|[from] Sandstorm
|-damage|p1a: Blissey|86/100|[from] Sandstorm
|-heal|p2a: TUSK|100/100|[from] item: Leftovers
|-heal|p1a: Blissey|93/100|[from] item: Leftovers
|upkeep
|turn|15
|inactive|3 blades has 240 seconds left.
|
|t:|1728148976
|switch|p2a: THE WORLD|Snorlax, F|100/100
|switch|p1a: Skarmory|Skarmory, M|8/100
|
|-weather|Sandstorm|[upkeep]
|-damage|p2a: THE WORLD|94/100|[from] Sandstorm
|-heal|p1a: Skarmory|14/100|[from] item: Leftovers
|-heal|p2a: THE WORLD|100/100|[from] item: Leftovers
|upkeep
|turn|16
|
|t:|1728148984
|-singleturn|p2a: THE WORLD|move: Focus Punch
|move|p1a: Skarmory|Spikes|p2a: THE WORLD
|-sidestart|p2: 3 blades|Spikes
|move|p2a: THE WORLD|Focus Punch|p1a: Skarmory
|-damage|p1a: Skarmory|0 fnt
|faint|p1a: Skarmory
|inactive|jlev has 180 seconds left.
|
|t:|1728149025
|switch|p1a: Swampert|Swampert, F|100/100
|
|-weather|Sandstorm|[upkeep]
|-damage|p2a: THE WORLD|94/100|[from] Sandstorm
|-heal|p2a: THE WORLD|100/100|[from] item: Leftovers
|upkeep
|turn|17
|inactive|3 blades has 240 seconds left.
|
|t:|1728149040
|move|p1a: Swampert|Earthquake|p2a: THE WORLD
|-crit|p2a: THE WORLD
|-damage|p2a: THE WORLD|37/100
|move|p2a: THE WORLD|Body Slam|p1a: Swampert
|-damage|p1a: Swampert|73/100
|
|-weather|Sandstorm|[upkeep]
|-damage|p2a: THE WORLD|31/100|[from] Sandstorm
|-heal|p1a: Swampert|79/100|[from] item: Leftovers
|-heal|p2a: THE WORLD|37/100|[from] item: Leftovers
|upkeep
|turn|18
|inactive|3 blades has 240 seconds left.
|inactive|jlev has 150 seconds left.
|
|t:|1728149073
|move|p1a: Swampert|Protect|p1a: Swampert
|-singleturn|p1a: Swampert|Protect
|move|p2a: THE WORLD|Self-Destruct|p1a: Swampert
|-activate|p1a: Swampert|Protect
|faint|p2a: THE WORLD
|
|t:|1728149074
|switch|p2a: D4C|Suicune|100/100
|-damage|p2a: D4C|88/100|[from] Spikes
|
|-weather|Sandstorm|[upkeep]
|-damage|p2a: D4C|82/100|[from] Sandstorm
|-heal|p2a: D4C|88/100|[from] item: Leftovers
|-heal|p1a: Swampert|85/100|[from] item: Leftovers
|upkeep
|turn|19
|inactive|jlev has 150 seconds left.
|
|t:|1728149093
|switch|p1a: Blissey|Blissey, F|93/100
|move|p2a: D4C|Calm Mind|p2a: D4C
|-boost|p2a: D4C|spa|1
|-boost|p2a: D4C|spd|1
|
|-weather|Sandstorm|[upkeep]
|-damage|p2a: D4C|82/100|[from] Sandstorm
|-damage|p1a: Blissey|86/100|[from] Sandstorm
|-heal|p2a: D4C|88/100|[from] item: Leftovers
|-heal|p1a: Blissey|93/100|[from] item: Leftovers
|upkeep
|turn|20
|inactive|jlev has 120 seconds left.
|
|t:|1728149130
|move|p2a: D4C|Calm Mind|p2a: D4C
|-boost|p2a: D4C|spa|1
|-boost|p2a: D4C|spd|1
|move|p1a: Blissey|Thunderbolt|p2a: D4C
|-supereffective|p2a: D4C
|-damage|p2a: D4C|70/100
|
|-weather|Sandstorm|[upkeep]
|-damage|p2a: D4C|63/100|[from] Sandstorm
|-damage|p1a: Blissey|86/100|[from] Sandstorm
|-heal|p2a: D4C|70/100|[from] item: Leftovers
|-heal|p1a: Blissey|93/100|[from] item: Leftovers
|upkeep
|turn|21
|
|t:|1728149134
|move|p2a: D4C|Calm Mind|p2a: D4C
|-boost|p2a: D4C|spa|1
|-boost|p2a: D4C|spd|1
|move|p1a: Blissey|Toxic|p2a: D4C
|-status|p2a: D4C|tox
|
|-weather|Sandstorm|[upkeep]
|-damage|p2a: D4C|63/100 tox|[from] Sandstorm
|-damage|p1a: Blissey|86/100|[from] Sandstorm
|-heal|p2a: D4C|70/100 tox|[from] item: Leftovers
|-damage|p2a: D4C|63/100 tox|[from] psn
|-heal|p1a: Blissey|93/100|[from] item: Leftovers
|upkeep
|turn|22
|
|t:|1728149147
|move|p2a: D4C|Calm Mind|p2a: D4C
|-boost|p2a: D4C|spa|1
|-boost|p2a: D4C|spd|1
|move|p1a: Blissey|Thunderbolt|p2a: D4C
|-supereffective|p2a: D4C
|-damage|p2a: D4C|50/100 tox
|
|-weather|Sandstorm|[upkeep]
|-damage|p2a: D4C|44/100 tox|[from] Sandstorm
|-damage|p1a: Blissey|86/100|[from] Sandstorm
|-heal|p2a: D4C|50/100 tox|[from] item: Leftovers
|-damage|p2a: D4C|38/100 tox|[from] psn
|-heal|p1a: Blissey|93/100|[from] item: Leftovers
|upkeep
|turn|23
|
|t:|1728149158
|move|p2a: D4C|Rest|p2a: D4C
|-status|p2a: D4C|slp|[from] move: Rest
|-heal|p2a: D4C|100/100 slp|[silent]
|move|p1a: Blissey|Thunderbolt|p2a: D4C
|-supereffective|p2a: D4C
|-damage|p2a: D4C|87/100 slp
|
|-weather|Sandstorm|[upkeep]
|-damage|p2a: D4C|81/100 slp|[from] Sandstorm
|-damage|p1a: Blissey|86/100|[from] Sandstorm
|-heal|p2a: D4C|87/100 slp|[from] item: Leftovers
|-heal|p1a: Blissey|93/100|[from] item: Leftovers
|upkeep
|turn|24
|inactive|jlev has 120 seconds left.
|
|t:|1728149174
|cant|p2a: D4C|slp
|move|p1a: Blissey|Thunderbolt|p2a: D4C
|-supereffective|p2a: D4C
|-damage|p2a: D4C|73/100 slp
|
|-weather|Sandstorm|[upkeep]
|-damage|p2a: D4C|67/100 slp|[from] Sandstorm
|-damage|p1a: Blissey|86/100|[from] Sandstorm
|-heal|p2a: D4C|73/100 slp|[from] item: Leftovers
|-heal|p1a: Blissey|93/100|[from] item: Leftovers
|upkeep
|turn|25
|
|t:|1728149182
|cant|p2a: D4C|slp
|move|p1a: Blissey|Thunderbolt|p2a: D4C
|-supereffective|p2a: D4C
|-damage|p2a: D4C|60/100 slp
|
|-weather|Sandstorm|[upkeep]
|-damage|p2a: D4C|54/100 slp|[from] Sandstorm
|-damage|p1a: Blissey|86/100|[from] Sandstorm
|-heal|p2a: D4C|60/100 slp|[from] item: Leftovers
|-heal|p1a: Blissey|93/100|[from] item: Leftovers
|upkeep
|turn|26
|
|t:|1728149191
|-curestatus|p2a: D4C|slp|[msg]
|move|p2a: D4C|Rest|p2a: D4C
|-status|p2a: D4C|slp|[from] move: Rest
|-heal|p2a: D4C|100/100 slp|[silent]
|move|p1a: Blissey|Toxic||[still]
|-fail|p1a: Blissey
|
|-weather|Sandstorm|[upkeep]
|-damage|p2a: D4C|94/100 slp|[from] Sandstorm
|-damage|p1a: Blissey|86/100|[from] Sandstorm
|-heal|p2a: D4C|100/100 slp|[from] item: Leftovers
|-heal|p1a: Blissey|93/100|[from] item: Leftovers
|upkeep
|turn|27
|
|t:|1728149211
|cant|p2a: D4C|slp
|move|p1a: Blissey|Thunderbolt|p2a: D4C
|-supereffective|p2a: D4C
|-damage|p2a: D4C|88/100 slp
|
|-weather|Sandstorm|[upkeep]
|-damage|p2a: D4C|81/100 slp|[from] Sandstorm
|-damage|p1a: Blissey|86/100|[from] Sandstorm
|-heal|p2a: D4C|88/100 slp|[from] item: Leftovers
|-heal|p1a: Blissey|93/100|[from] item: Leftovers
|upkeep
|turn|28
|
|t:|1728149218
|cant|p2a: D4C|slp
|move|p1a: Blissey|Thunderbolt|p2a: D4C
|-supereffective|p2a: D4C
|-damage|p2a: D4C|73/100 slp
|
|-weather|Sandstorm|[upkeep]
|-damage|p2a: D4C|67/100 slp|[from] Sandstorm
|-damage|p1a: Blissey|86/100|[from] Sandstorm
|-heal|p2a: D4C|73/100 slp|[from] item: Leftovers
|-heal|p1a: Blissey|93/100|[from] item: Leftovers
|upkeep
|turn|29
|
|t:|1728149226
|-curestatus|p2a: D4C|slp|[msg]
|move|p2a: D4C|Rest|p2a: D4C
|-status|p2a: D4C|slp|[from] move: Rest
|-heal|p2a: D4C|100/100 slp|[silent]
|move|p1a: Blissey|Thunderbolt|p2a: D4C
|-supereffective|p2a: D4C
|-damage|p2a: D4C|87/100 slp
|
|-weather|Sandstorm|[upkeep]
|-damage|p2a: D4C|81/100 slp|[from] Sandstorm
|-damage|p1a: Blissey|86/100|[from] Sandstorm
|-heal|p2a: D4C|87/100 slp|[from] item: Leftovers
|-heal|p1a: Blissey|93/100|[from] item: Leftovers
|upkeep
|turn|30
|
|t:|1728149230
|cant|p2a: D4C|slp
|move|p1a: Blissey|Thunderbolt|p2a: D4C
|-supereffective|p2a: D4C
|-damage|p2a: D4C|74/100 slp
|
|-weather|Sandstorm|[upkeep]
|-damage|p2a: D4C|68/100 slp|[from] Sandstorm
|-damage|p1a: Blissey|86/100|[from] Sandstorm
|-heal|p2a: D4C|74/100 slp|[from] item: Leftovers
|-heal|p1a: Blissey|93/100|[from] item: Leftovers
|upkeep
|turn|31
|
|t:|1728149235
|cant|p2a: D4C|slp
|move|p1a: Blissey|Thunderbolt|p2a: D4C
|-supereffective|p2a: D4C
|-damage|p2a: D4C|61/100 slp
|
|-weather|Sandstorm|[upkeep]
|-damage|p2a: D4C|55/100 slp|[from] Sandstorm
|-damage|p1a: Blissey|86/100|[from] Sandstorm
|-heal|p2a: D4C|61/100 slp|[from] item: Leftovers
|-heal|p1a: Blissey|93/100|[from] item: Leftovers
|upkeep
|turn|32
|
|t:|1728149238
|switch|p1a: Swampert|Swampert, F|85/100
|-curestatus|p2a: D4C|slp|[msg]
|move|p2a: D4C|Rest|p2a: D4C
|-status|p2a: D4C|slp|[from] move: Rest
|-heal|p2a: D4C|100/100 slp|[silent]
|
|-weather|Sandstorm|[upkeep]
|-damage|p2a: D4C|94/100 slp|[from] Sandstorm
|-heal|p2a: D4C|100/100 slp|[from] item: Leftovers
|-heal|p1a: Swampert|91/100|[from] item: Leftovers
|upkeep
|turn|33
|
|t:|1728149244
|cant|p2a: D4C|slp
|move|p1a: Swampert|Earthquake|p2a: D4C
|-damage|p2a: D4C|75/100 slp
|
|-weather|Sandstorm|[upkeep]
|-damage|p2a: D4C|68/100 slp|[from] Sandstorm
|-heal|p2a: D4C|75/100 slp|[from] item: Leftovers
|-heal|p1a: Swampert|98/100|[from] item: Leftovers
|upkeep
|turn|34
|
|t:|1728149249
|cant|p2a: D4C|slp
|move|p1a: Swampert|Earthquake|p2a: D4C
|-damage|p2a: D4C|46/100 slp
|
|-weather|Sandstorm|[upkeep]
|-damage|p2a: D4C|40/100 slp|[from] Sandstorm
|-heal|p2a: D4C|46/100 slp|[from] item: Leftovers
|-heal|p1a: Swampert|100/100|[from] item: Leftovers
|upkeep
|turn|35
|inactive|jlev has 180 seconds left.
|inactive|3 blades has 270 seconds left.
|
|t:|1728149307
|-curestatus|p2a: D4C|slp|[msg]
|move|p2a: D4C|Surf|p1a: Swampert
|-damage|p1a: Swampert|3/100
|move|p1a: Swampert|Earthquake|p2a: D4C
|-damage|p2a: D4C|18/100
|
|-weather|Sandstorm|[upkeep]
|-damage|p2a: D4C|12/100|[from] Sandstorm
|-heal|p2a: D4C|18/100|[from] item: Leftovers
|-heal|p1a: Swampert|9/100|[from] item: Leftovers
|upkeep
|turn|36
|inactive|jlev has 180 seconds left.
|inactive|3 blades has 240 seconds left.
|
|t:|1728149339
|move|p2a: D4C|Rest|p2a: D4C
|-status|p2a: D4C|slp|[from] move: Rest
|-heal|p2a: D4C|100/100 slp|[silent]
|move|p1a: Swampert|Earthquake|p2a: D4C
|-damage|p2a: D4C|71/100 slp
|
|-weather|Sandstorm|[upkeep]
|-damage|p2a: D4C|64/100 slp|[from] Sandstorm
|-heal|p2a: D4C|71/100 slp|[from] item: Leftovers
|-heal|p1a: Swampert|15/100|[from] item: Leftovers
|upkeep
|turn|37
|inactive|3 blades has 240 seconds left.
|
|t:|1728149346
|cant|p2a: D4C|slp
|move|p1a: Swampert|Earthquake|p2a: D4C
|-damage|p2a: D4C|44/100 slp
|
|-weather|Sandstorm|[upkeep]
|-damage|p2a: D4C|38/100 slp|[from] Sandstorm
|-heal|p2a: D4C|44/100 slp|[from] item: Leftovers
|-heal|p1a: Swampert|21/100|[from] item: Leftovers
|upkeep
|turn|38
|
|t:|1728149354
|cant|p2a: D4C|slp
|move|p1a: Swampert|Earthquake|p2a: D4C
|-damage|p2a: D4C|18/100 slp
|
|-weather|Sandstorm|[upkeep]
|-damage|p2a: D4C|12/100 slp|[from] Sandstorm
|-heal|p2a: D4C|18/100 slp|[from] item: Leftovers
|-heal|p1a: Swampert|28/100|[from] item: Leftovers
|upkeep
|turn|39
|inactive|jlev has 180 seconds left.
|
|t:|1728149367
|-curestatus|p2a: D4C|slp|[msg]
|move|p2a: D4C|Rest|p2a: D4C
|-status|p2a: D4C|slp|[from] move: Rest
|-heal|p2a: D4C|100/100 slp|[silent]
|move|p1a: Swampert|Earthquake|p2a: D4C
|-damage|p2a: D4C|71/100 slp
|
|-weather|Sandstorm|[upkeep]
|-damage|p2a: D4C|64/100 slp|[from] Sandstorm
|-heal|p2a: D4C|71/100 slp|[from] item: Leftovers
|-heal|p1a: Swampert|34/100|[from] item: Leftovers
|upkeep
|turn|40
|inactive|jlev has 180 seconds left.
|
|t:|1728149375
|cant|p2a: D4C|slp
|move|p1a: Swampert|Earthquake|p2a: D4C
|-damage|p2a: D4C|40/100 slp
|
|-weather|Sandstorm|[upkeep]
|-damage|p2a: D4C|34/100 slp|[from] Sandstorm
|-heal|p2a: D4C|40/100 slp|[from] item: Leftovers
|-heal|p1a: Swampert|40/100|[from] item: Leftovers
|upkeep
|turn|41
|
|t:|1728149384
|switch|p1a: Blissey|Blissey, F|93/100
|cant|p2a: D4C|slp
|
|-weather|Sandstorm|[upkeep]
|-damage|p2a: D4C|34/100 slp|[from] Sandstorm
|-damage|p1a: Blissey|86/100|[from] Sandstorm
|-heal|p2a: D4C|40/100 slp|[from] item: Leftovers
|-heal|p1a: Blissey|93/100|[from] item: Leftovers
|upkeep
|turn|42
|
|t:|1728149388
|-curestatus|p2a: D4C|slp|[msg]
|move|p2a: D4C|Rest|p2a: D4C
|-status|p2a: D4C|slp|[from] move: Rest
|-heal|p2a: D4C|100/100 slp|[silent]
|move|p1a: Blissey|Thunderbolt|p2a: D4C
|-supereffective|p2a: D4C
|-damage|p2a: D4C|87/100 slp
|
|-weather|Sandstorm|[upkeep]
|-damage|p2a: D4C|81/100 slp|[from] Sandstorm
|-damage|p1a: Blissey|86/100|[from] Sandstorm
|-heal|p2a: D4C|87/100 slp|[from] item: Leftovers
|-heal|p1a: Blissey|93/100|[from] item: Leftovers
|upkeep
|turn|43
|
|t:|1728149403
|cant|p2a: D4C|slp
|move|p1a: Blissey|Ice Beam|p2a: D4C
|-resisted|p2a: D4C
|-damage|p2a: D4C|84/100 slp
|
|-weather|Sandstorm|[upkeep]
|-damage|p2a: D4C|78/100 slp|[from] Sandstorm
|-damage|p1a: Blissey|86/100|[from] Sandstorm
|-heal|p2a: D4C|84/100 slp|[from] item: Leftovers
|-heal|p1a: Blissey|93/100|[from] item: Leftovers
|upkeep
|turn|44
|
|t:|1728149407
|cant|p2a: D4C|slp
|move|p1a: Blissey|Ice Beam|p2a: D4C
|-resisted|p2a: D4C
|-crit|p2a: D4C
|-damage|p2a: D4C|64/100 slp
|
|-weather|Sandstorm|[upkeep]
|-damage|p2a: D4C|58/100 slp|[from] Sandstorm
|-damage|p1a: Blissey|86/100|[from] Sandstorm
|-heal|p2a: D4C|64/100 slp|[from] item: Leftovers
|-heal|p1a: Blissey|93/100|[from] item: Leftovers
|upkeep
|turn|45
|inactive|jlev has 210 seconds left.
|inactive|3 blades has 270 seconds left.
|
|t:|1728149438
|-curestatus|p2a: D4C|slp|[msg]
|move|p2a: D4C|Surf|p1a: Blissey
|-damage|p1a: Blissey|44/100
|move|p1a: Blissey|Soft-Boiled|p1a: Blissey
|-heal|p1a: Blissey|94/100
|
|-weather|Sandstorm|[upkeep]
|-damage|p2a: D4C|58/100|[from] Sandstorm
|-damage|p1a: Blissey|87/100|[from] Sandstorm
|-heal|p2a: D4C|64/100|[from] item: Leftovers
|-heal|p1a: Blissey|94/100|[from] item: Leftovers
|upkeep
|turn|46
|inactive|jlev has 210 seconds left.
|
|t:|1728149452
|move|p2a: D4C|Surf|p1a: Blissey
|-damage|p1a: Blissey|44/100
|move|p1a: Blissey|Ice Beam|p2a: D4C
|-resisted|p2a: D4C
|-damage|p2a: D4C|61/100
|
|-weather|Sandstorm|[upkeep]
|-damage|p2a: D4C|55/100|[from] Sandstorm
|-damage|p1a: Blissey|38/100|[from] Sandstorm
|-heal|p2a: D4C|61/100|[from] item: Leftovers
|-heal|p1a: Blissey|44/100|[from] item: Leftovers
|upkeep
|turn|47
|inactive|jlev has 210 seconds left.
|c|☆jlev|gg
|c|☆3 blades|gg
|
|t:|1728149465
|move|p2a: D4C|Surf|p1a: Blissey
|-damage|p1a: Blissey|0 fnt
|faint|p1a: Blissey
|inactive|jlev has 210 seconds left.
|-message|jlev forfeited.
|
|win|3 blades
|player|p1|
|player|p2|
|player|p2|3 blades|guzma|
|player|p2|

</script>
<script type="application/json" class="data" id="replaydata-smogtours-gen3ou-795041">
{"id":"smogtours-gen3ou-795041","format":"[Gen 3] OU","players":["jlev","3 blades"],"uploadtime":1728149475,"views":215,"formatid":"gen3ou","rating":null,"private":0,"password":null}
</script>

<script defer src="js/replays.js?9d40a366"></script>
