<!DOCTYPE html>
<meta charset="utf-8" />
<meta name="viewport" content="width=device-width" />

<title>[Gen 3] OU: kittencel vs. Axselo - Replays - Pok&eacute;mon Showdown!</title>

<meta name="description" content="Watch a replay of a Pok&eacute;mon battle between kittencel and Axselo! Format: [Gen 3] OU; Date: Oct 9, 2024" />
<!--

Hey, you! Looking in the source for the replay log?

You can find them in JSON format, just add `.json` at the end of a replay URL.

https://replay.pokemonshowdown.com/gen7randomdoublesbattle-865046831.json

Or, if you only need the log itself, add `.log` instead:

https://replay.pokemonshowdown.com/gen7randomdoublesbattle-865046831.log

-->

<link rel="stylesheet" href="//pokemonshowdown.com/style/global.css?0.767286132409787" />
<link rel="stylesheet" href="//play.pokemonshowdown.com/style/font-awesome.css?0.9266228007934947" />
<link rel="stylesheet" href="//play.pokemonshowdown.com/style/battle.css?0.7924700842790926" />
<link rel="stylesheet" href="//play.pokemonshowdown.com/style/utilichart.css?0.8777417872839479" />

<!-- Global site tag (gtag.js) - Google Analytics -->
<script async src="https://www.googletagmanager.com/gtag/js?id=UA-26211653-1"></script>
<script>
  window.dataLayer = window.dataLayer || [];
  function gtag(){dataLayer.push(arguments);}
  gtag('js', new Date());

  gtag('config', 'UA-26211653-1');
</script>
<!-- End Google Analytics -->
<!-- Venatus Ad Manager - Install in <HEAD> of page -->
	<script src="https://hb.vntsm.com/v3/live/ad-manager.min.js" type="text/javascript" data-site-id="642aba63ec9a7b11c3c9c1be" data-mode="scan" async></script>
<!-- / Venatus Ad Manager -->

<style>
	@media (max-width:820px) {
		.battle {
			margin: 0 auto;
		}
		.battle-log {
			margin: 7px auto 0;
			max-width: 640px;
			height: 300px;
			position: static;
		}
	}
	.optgroup {
		display: inline-block;
		line-height: 22px;
		font-size: 10pt;
	}
	.optgroup .button {
		height: 25px;
		padding-top: 0;
		padding-bottom: 0;
	}
	.optgroup button.button {
		padding-left: 12px;
		padding-right: 12px;
	}
	.linklist {
		list-style: none;
		margin: 0.5em 0;
		padding: 0;
	}
	.linklist li {
		padding: 2px 0;
	}
	.sidebar {
		float: left;
		width: 320px;
	}
	.bar-wrapper {
		max-width: 1100px;
		margin: 0 auto;
	}
	.bar-wrapper.has-sidebar {
		max-width: 1430px;
	}
	.mainbar {
		margin: 0;
		padding-right: 1px;
	}
	.mainbar.has-sidebar {
		margin-left: 330px;
	}
	@media (min-width: 1511px) {
		.sidebar {
			width: 400px;
		}
		.bar-wrapper.has-sidebar {
			max-width: 1510px;
		}
		.mainbar.has-sidebar {
			margin-left: 410px;
		}
	}
	.section.first-section {
		margin-top: 9px;
	}
	.blocklink small {
		white-space: normal;
	}
	.button {
		vertical-align: middle;
	}
	.replay-controls {
		padding-top: 10px;
	}
	.replay-controls h1 {
		font-size: 16pt;
		font-weight: normal;
		color: #CCC;
	}
	.pagelink {
		text-align: center;
	}
	.pagelink a {
		width: 150px;
	}
	.textbox, .button {
		font-size: 11pt;
		vertical-align: middle;
	}
	@media (max-width: 450px) {
		.button {
			font-size: 9pt;
		}
	}
</style>

<div>

	<header>
		<div class="nav-wrapper"><ul class="nav">
			<li><a class="button nav-first" href="//pokemonshowdown.com/"><img src="//pokemonshowdown.com/images/pokemonshowdownbeta.png" srcset="//pokemonshowdown.com/images/pokemonshowdownbeta.png 1x, //pokemonshowdown.com/images/pokemonshowdownbeta@2x.png 2x" alt="Pok&eacute;mon Showdown" width="146" height="44" /> Home</a></li>
			<li><a class="button" href="//pokemonshowdown.com/dex/">Pok&eacute;dex</a></li>
			<li><a class="button cur" href="/">Replays</a></li>
			<li><a class="button" href="//pokemonshowdown.com/ladder/">Ladder</a></li>
			<li><a class="button nav-last" href="//pokemonshowdown.com/forums/">Forum</a></li>
			<li><a class="button greenbutton nav-first nav-last" href="//play.pokemonshowdown.com/">Play</a></li>
		</ul></div>
	</header>

	<div class="main" id="main">

		<noscript><section class="section">You need to enable JavaScript to use this page; sorry!</section></noscript>

	</div>

</div>

<script defer nomodule src="//play.pokemonshowdown.com/js/lib/ps-polyfill.js"></script>
<script defer src="//play.pokemonshowdown.com/js/lib/preact.min.js"></script>

<script defer src="//play.pokemonshowdown.com/config/config.js?6dec07f6"></script>
<script defer src="//play.pokemonshowdown.com/js/lib/jquery-1.11.0.min.js"></script>
<script defer src="//play.pokemonshowdown.com/js/lib/html-sanitizer-minified.js"></script>
<script defer src="//play.pokemonshowdown.com/js/battle-sound.js"></script>
<script defer src="//play.pokemonshowdown.com/js/battledata.js?0.6315294753075389"></script>
<script defer src="//play.pokemonshowdown.com/data/pokedex-mini.js?0.7603743185311358"></script>
<script defer src="//play.pokemonshowdown.com/data/pokedex-mini-bw.js?0.030888842834281283"></script>
<script defer src="//play.pokemonshowdown.com/data/graphics.js?0.05593094747507488"></script>
<script defer src="//play.pokemonshowdown.com/data/pokedex.js?0.47064822249611904"></script>
<script defer src="//play.pokemonshowdown.com/data/moves.js?0.8583693120512459"></script>
<script defer src="//play.pokemonshowdown.com/data/abilities.js?0.16017181182386842"></script>
<script defer src="//play.pokemonshowdown.com/data/items.js?0.4163379185673943"></script>
<script defer src="//play.pokemonshowdown.com/data/teambuilder-tables.js?0.31075597372830477"></script>
<script defer src="//play.pokemonshowdown.com/js/battle-tooltips.js?0.6536193500708172"></script>
<script defer src="//play.pokemonshowdown.com/js/battle.js?0.1916591943277901"></script>

<script defer src="js/utils.js?e31f9a17"></script>
<script defer src="js/replays-battle.js?7008c182"></script>

<!-- don't scrape this data! just add .json or .log after the URL!
Full API docs: https://github.com/smogon/pokemon-showdown-client/blob/master/WEB-API.md -->
<script type="text/plain" class="log" id="replaylog-smogtours-gen3ou-796738">
|inactive|Battle timer is ON: inactive players will automatically lose when time's up.
|t:|1728504595
|gametype|singles
|player|p1|kittencel|lady|
|player|p2|Axselo|101|
|teamsize|p1|6
|teamsize|p2|6
|gen|3
|tier|[Gen 3] OU
|rule|Sleep Clause Mod: Limit one foe put to sleep
|rule|Switch Priority Clause Mod: Faster Pokémon switch first
|rule|Species Clause: Limit one of each Pokémon
|rule|OHKO Clause: OHKO moves are banned
|rule|Evasion Items Clause: Evasion items are banned
|rule|Evasion Moves Clause: Evasion moves are banned
|rule|Endless Battle Clause: Forcing endless battles is banned
|rule|HP Percentage Mod: HP is shown in percentages
|rule|One Boost Passer Clause: Limit one Baton Passer that has a way to boost its stats
|rule|Freeze Clause Mod: Limit one foe frozen
|
|t:|1728504595
|start
|switch|p1a: Swampalice|Swampert, M|100/100
|switch|p2a: Jolteon|Jolteon, F|100/100
|turn|1
|c|☆kittencel|hf
|c|☆Axselo|gracias
|
|t:|1728504618
|move|p2a: Jolteon|Substitute|p2a: Jolteon
|-start|p2a: Jolteon|Substitute
|-damage|p2a: Jolteon|76/100
|move|p1a: Swampalice|Earthquake|p2a: Jolteon
|-supereffective|p2a: Jolteon
|-end|p2a: Jolteon|Substitute
|
|-heal|p2a: Jolteon|82/100|[from] item: Leftovers
|upkeep
|turn|2
|
|t:|1728504626
|move|p2a: Jolteon|Baton Pass|p2a: Jolteon
|
|t:|1728504634
|switch|p2a: Celebi|Celebi|100/100|[from] Baton Pass
|move|p1a: Swampalice|Earthquake|p2a: Celebi
|-resisted|p2a: Celebi
|-damage|p2a: Celebi|86/100
|
|-heal|p2a: Celebi|92/100|[from] item: Leftovers
|upkeep
|turn|3
|
|t:|1728504649
|switch|p1a: Salicemence|Salamence, F|100/100
|-ability|p1a: Salicemence|Intimidate|boost
|-unboost|p2a: Celebi|atk|1
|move|p2a: Celebi|Leech Seed|p1a: Salicemence
|-start|p1a: Salicemence|move: Leech Seed
|
|-damage|p1a: Salicemence|88/100|[from] Leech Seed|[of] p2a: Celebi
|-heal|p2a: Celebi|100/100|[silent]
|upkeep
|turn|4
|
|t:|1728504656
|switch|p1a: Alicebi|Celebi|100/100
|switch|p2a: Vaporeon|Vaporeon, M|100/100
|
|upkeep
|turn|5
|
|t:|1728504662
|switch|p2a: Celebi|Celebi|100/100
|move|p1a: Alicebi|Calm Mind|p1a: Alicebi
|-boost|p1a: Alicebi|spa|1
|-boost|p1a: Alicebi|spd|1
|
|upkeep
|turn|6
|
|t:|1728504666
|move|p1a: Alicebi|Calm Mind|p1a: Alicebi
|-boost|p1a: Alicebi|spa|1
|-boost|p1a: Alicebi|spd|1
|move|p2a: Celebi|Swords Dance|p2a: Celebi
|-boost|p2a: Celebi|atk|2
|
|upkeep
|turn|7
|
|t:|1728504669
|move|p1a: Alicebi|Hidden Power|p2a: Celebi
|-supereffective|p2a: Celebi
|-damage|p2a: Celebi|41/100
|move|p2a: Celebi|Baton Pass|p2a: Celebi
|
|t:|1728504678
|switch|p2a: Flareon|Flareon, M|100/100|[from] Baton Pass
|
|upkeep
|turn|8
|
|t:|1728504683
|move|p1a: Alicebi|Psychic|p2a: Flareon
|-crit|p2a: Flareon
|-damage|p2a: Flareon|0 fnt
|faint|p2a: Flareon
|c|☆Axselo|damn
|c|☆kittencel|sorry
|
|t:|1728504702
|switch|p2a: Metagross|Metagross|100/100
|
|upkeep
|turn|9
|
|t:|1728504713
|switch|p1a: Swampalice|Swampert, M|100/100
|move|p2a: Metagross|Meteor Mash|p1a: Swampalice
|-resisted|p1a: Swampalice
|-damage|p1a: Swampalice|80/100
|
|-heal|p1a: Swampalice|86/100|[from] item: Leftovers
|upkeep
|turn|10
|
|t:|1728504727
|switch|p2a: Celebi|Celebi|41/100
|switch|p1a: Salicemence|Salamence, F|88/100
|-ability|p1a: Salicemence|Intimidate|boost
|-unboost|p2a: Celebi|atk|1
|
|-heal|p1a: Salicemence|94/100|[from] item: Leftovers
|-heal|p2a: Celebi|48/100|[from] item: Leftovers
|upkeep
|turn|11
|
|t:|1728504734
|switch|p2a: Vaporeon|Vaporeon, M|100/100
|move|p1a: Salicemence|Hidden Power|p2a: Vaporeon
|-damage|p2a: Vaporeon|72/100
|
|-heal|p1a: Salicemence|99/100|[from] item: Leftovers
|-heal|p2a: Vaporeon|78/100|[from] item: Leftovers
|upkeep
|turn|12
|
|t:|1728504742
|switch|p1a: Tentalice|Tentacruel, M|100/100
|move|p2a: Vaporeon|Wish|p2a: Vaporeon
|
|-heal|p2a: Vaporeon|84/100|[from] item: Leftovers
|upkeep
|turn|13
|
|t:|1728504754
|switch|p1a: Metagross|Metagross|100/100
|switch|p2a: Forretress|Forretress, F|100/100
|
|upkeep
|turn|14
|
|t:|1728504764
|move|p1a: Metagross|Earthquake|p2a: Forretress
|-damage|p2a: Forretress|71/100
|move|p2a: Forretress|Spikes|p1a: Metagross
|-sidestart|p1: kittencel|Spikes
|
|-heal|p2a: Forretress|77/100|[from] item: Leftovers
|upkeep
|turn|15
|
|t:|1728504777
|switch|p1a: Magnalice|Magneton|100/100
|-damage|p1a: Magnalice|88/100|[from] Spikes
|move|p2a: Forretress|Spikes|p1a: Magnalice
|-sidestart|p1: kittencel|Spikes
|
|-heal|p2a: Forretress|83/100|[from] item: Leftovers
|upkeep
|turn|16
|
|t:|1728504779
|move|p1a: Magnalice|Hidden Power|p2a: Forretress
|-supereffective|p2a: Forretress
|-damage|p2a: Forretress|0 fnt
|faint|p2a: Forretress
|
|t:|1728504799
|switch|p2a: Jolteon|Jolteon, F|82/100
|
|-heal|p2a: Jolteon|88/100|[from] item: Leftovers
|upkeep
|turn|17
|
|t:|1728504811
|move|p2a: Jolteon|Substitute|p2a: Jolteon
|-start|p2a: Jolteon|Substitute
|-damage|p2a: Jolteon|63/100
|move|p1a: Magnalice|Hidden Power|p2a: Jolteon
|-end|p2a: Jolteon|Substitute
|
|-heal|p2a: Jolteon|69/100|[from] item: Leftovers
|upkeep
|turn|18
|
|t:|1728504817
|move|p2a: Jolteon|Thunder Wave|p1a: Magnalice
|-status|p1a: Magnalice|par
|cant|p1a: Magnalice|par
|
|-heal|p2a: Jolteon|75/100|[from] item: Leftovers
|upkeep
|turn|19
|
|t:|1728504823
|move|p2a: Jolteon|Substitute|p2a: Jolteon
|-start|p2a: Jolteon|Substitute
|-damage|p2a: Jolteon|50/100
|cant|p1a: Magnalice|par
|
|-heal|p2a: Jolteon|56/100|[from] item: Leftovers
|upkeep
|turn|20
|
|t:|1728504835
|move|p2a: Jolteon|Baton Pass|p2a: Jolteon
|
|t:|1728504843
|switch|p2a: Metagross|Metagross|100/100|[from] Baton Pass
|move|p1a: Magnalice|Hidden Power|p2a: Metagross
|-supereffective|p2a: Metagross
|-end|p2a: Metagross|Substitute
|
|upkeep
|turn|21
|inactive|Axselo has 270 seconds left.
|
|t:|1728504898
|move|p2a: Metagross|Agility|p2a: Metagross
|-boost|p2a: Metagross|spe|2
|move|p1a: Magnalice|Thunderbolt|p2a: Metagross
|-damage|p2a: Metagross|35/100
|
|upkeep
|turn|22
|
|t:|1728504906
|switch|p1a: Salicemence|Salamence, F|99/100
|-ability|p1a: Salicemence|Intimidate|boost
|-fail|p2a: Metagross|unboost|[from] ability: Clear Body|[of] p2a: Metagross
|move|p2a: Metagross|Earthquake|p1a: Salicemence
|-immune|p1a: Salicemence
|
|-heal|p1a: Salicemence|100/100|[from] item: Leftovers
|upkeep
|turn|23
|
|t:|1728504911
|switch|p1a: Magnalice|Magneton|88/100 par
|-damage|p1a: Magnalice|72/100 par|[from] Spikes
|move|p2a: Metagross|Rock Slide|p1a: Magnalice
|-resisted|p1a: Magnalice
|-damage|p1a: Magnalice|48/100 par
|
|upkeep
|turn|24
|
|t:|1728504918
|move|p2a: Metagross|Earthquake|p1a: Magnalice
|-supereffective|p1a: Magnalice
|-damage|p1a: Magnalice|0 fnt
|faint|p1a: Magnalice
|
|t:|1728504920
|switch|p1a: Swampalice|Swampert, M|86/100
|-damage|p1a: Swampalice|70/100|[from] Spikes
|
|-heal|p1a: Swampalice|76/100|[from] item: Leftovers
|upkeep
|turn|25
|
|t:|1728504923
|switch|p2a: Celebi|Celebi|48/100
|move|p1a: Swampalice|Earthquake|p2a: Celebi
|-resisted|p2a: Celebi
|-damage|p2a: Celebi|34/100
|
|-heal|p2a: Celebi|40/100|[from] item: Leftovers
|-heal|p1a: Swampalice|82/100|[from] item: Leftovers
|upkeep
|turn|26
|
|t:|1728504929
|move|p2a: Celebi|Leech Seed|p1a: Swampalice
|-start|p1a: Swampalice|move: Leech Seed
|move|p1a: Swampalice|Ice Beam|p2a: Celebi
|-supereffective|p2a: Celebi
|-damage|p2a: Celebi|12/100
|
|-heal|p2a: Celebi|19/100|[from] item: Leftovers
|-heal|p1a: Swampalice|89/100|[from] item: Leftovers
|-damage|p1a: Swampalice|76/100|[from] Leech Seed|[of] p2a: Celebi
|-heal|p2a: Celebi|31/100|[silent]
|upkeep
|turn|27
|
|t:|1728504935
|switch|p1a: Salicemence|Salamence, F|100/100
|-ability|p1a: Salicemence|Intimidate|boost
|-unboost|p2a: Celebi|atk|1
|move|p2a: Celebi|Leech Seed|p1a: Salicemence
|-start|p1a: Salicemence|move: Leech Seed
|
|-damage|p1a: Salicemence|88/100|[from] Leech Seed|[of] p2a: Celebi
|-heal|p2a: Celebi|42/100|[silent]
|-heal|p2a: Celebi|48/100|[from] item: Leftovers
|upkeep
|turn|28
|
|t:|1728504956
|switch|p1a: Metagross|Metagross|100/100
|-damage|p1a: Metagross|84/100|[from] Spikes
|switch|p2a: Vaporeon|Vaporeon, M|84/100
|
|-heal|p2a: Vaporeon|90/100|[from] item: Leftovers
|upkeep
|turn|29
|
|t:|1728504962
|move|p1a: Metagross|Earthquake|p2a: Vaporeon
|-crit|p2a: Vaporeon
|-damage|p2a: Vaporeon|27/100
|move|p2a: Vaporeon|Surf|p1a: Metagross
|-damage|p1a: Metagross|45/100
|
|-heal|p2a: Vaporeon|34/100|[from] item: Leftovers
|upkeep
|turn|30
|
|t:|1728504974
|move|p1a: Metagross|Earthquake|p2a: Vaporeon
|-damage|p2a: Vaporeon|5/100
|move|p2a: Vaporeon|Surf|p1a: Metagross
|-damage|p1a: Metagross|4/100
|
|-heal|p2a: Vaporeon|11/100|[from] item: Leftovers
|upkeep
|turn|31
|
|t:|1728504982
|move|p1a: Metagross|Earthquake|p2a: Vaporeon
|-damage|p2a: Vaporeon|0 fnt
|faint|p2a: Vaporeon
|
|t:|1728504984
|switch|p2a: Jolteon|Jolteon, F|56/100
|
|-heal|p2a: Jolteon|62/100|[from] item: Leftovers
|upkeep
|turn|32
|
|t:|1728504987
|switch|p1a: Swampalice|Swampert, M|76/100
|-damage|p1a: Swampalice|60/100|[from] Spikes
|move|p2a: Jolteon|Thunderbolt|p1a: Swampalice
|-immune|p1a: Swampalice
|
|-heal|p2a: Jolteon|68/100|[from] item: Leftovers
|-heal|p1a: Swampalice|66/100|[from] item: Leftovers
|upkeep
|turn|33
|
|t:|1728504991
|move|p2a: Jolteon|Baton Pass|p2a: Jolteon
|
|t:|1728504993
|switch|p2a: Celebi|Celebi|48/100|[from] Baton Pass
|move|p1a: Swampalice|Ice Beam|p2a: Celebi
|-supereffective|p2a: Celebi
|-damage|p2a: Celebi|20/100
|
|-heal|p2a: Celebi|26/100|[from] item: Leftovers
|-heal|p1a: Swampalice|72/100|[from] item: Leftovers
|upkeep
|turn|34
|
|t:|1728504999
|move|p2a: Celebi|Hidden Power|p1a: Swampalice
|-supereffective|p1a: Swampalice
|-damage|p1a: Swampalice|0 fnt
|faint|p1a: Swampalice
|
|t:|1728505003
|switch|p1a: Salicemence|Salamence, F|88/100
|-ability|p1a: Salicemence|Intimidate|boost
|-unboost|p2a: Celebi|atk|1
|
|-heal|p1a: Salicemence|94/100|[from] item: Leftovers
|-heal|p2a: Celebi|32/100|[from] item: Leftovers
|upkeep
|turn|35
|
|t:|1728505009
|move|p1a: Salicemence|Dragon Dance|p1a: Salicemence
|-boost|p1a: Salicemence|atk|1
|-boost|p1a: Salicemence|spe|1
|move|p2a: Celebi|Leech Seed|p1a: Salicemence
|-start|p1a: Salicemence|move: Leech Seed
|
|-heal|p1a: Salicemence|99/100|[from] item: Leftovers
|-damage|p1a: Salicemence|88/100|[from] Leech Seed|[of] p2a: Celebi
|-heal|p2a: Celebi|43/100|[silent]
|-heal|p2a: Celebi|50/100|[from] item: Leftovers
|upkeep
|turn|36
|
|t:|1728505017
|move|p1a: Salicemence|Hidden Power|p2a: Celebi
|-supereffective|p2a: Celebi
|-damage|p2a: Celebi|0 fnt
|faint|p2a: Celebi
|
|t:|1728505021
|switch|p2a: Jolteon|Jolteon, F|68/100
|
|-heal|p1a: Salicemence|94/100|[from] item: Leftovers
|-damage|p1a: Salicemence|81/100|[from] Leech Seed|[of] p2a: Jolteon
|-heal|p2a: Jolteon|83/100|[silent]
|-heal|p2a: Jolteon|89/100|[from] item: Leftovers
|upkeep
|turn|37
|
|t:|1728505027
|move|p1a: Salicemence|Earthquake|p2a: Jolteon
|-supereffective|p2a: Jolteon
|-damage|p2a: Jolteon|0 fnt
|faint|p2a: Jolteon
|c|☆Axselo|gg
|c|☆kittencel|gg
|
|t:|1728505031
|switch|p2a: Metagross|Metagross|35/100
|
|-heal|p1a: Salicemence|87/100|[from] item: Leftovers
|-damage|p1a: Salicemence|75/100|[from] Leech Seed|[of] p2a: Metagross
|-heal|p2a: Metagross|48/100|[silent]
|upkeep
|turn|38
|
|t:|1728505033
|move|p1a: Salicemence|Earthquake|p2a: Metagross
|-supereffective|p2a: Metagross
|-damage|p2a: Metagross|0 fnt
|faint|p2a: Metagross
|
|win|kittencel
|player|p2|

</script>
<script type="application/json" class="data" id="replaydata-smogtours-gen3ou-796738">
{"id":"smogtours-gen3ou-796738","format":"[Gen 3] OU","players":["kittencel","Axselo"],"uploadtime":1728505033,"views":137,"formatid":"gen3ou","rating":null,"private":0,"password":null}
</script>

<script defer src="js/replays.js?9d40a366"></script>
