<!DOCTYPE html>
<meta charset="utf-8" />
<meta name="viewport" content="width=device-width" />

<title>[Gen 3] OU: doomlsinger vs. halux - Replays - Pok&eacute;mon Showdown!</title>

<meta name="description" content="Watch a replay of a Pok&eacute;mon battle between doomlsinger and halux! Format: [Gen 3] OU; Date: Oct 15, 2024" />
<!--

Hey, you! Looking in the source for the replay log?

You can find them in JSON format, just add `.json` at the end of a replay URL.

https://replay.pokemonshowdown.com/gen7randomdoublesbattle-865046831.json

Or, if you only need the log itself, add `.log` instead:

https://replay.pokemonshowdown.com/gen7randomdoublesbattle-865046831.log

-->

<link rel="stylesheet" href="//pokemonshowdown.com/style/global.css?0.023195364461161105" />
<link rel="stylesheet" href="//play.pokemonshowdown.com/style/font-awesome.css?0.13261647063804238" />
<link rel="stylesheet" href="//play.pokemonshowdown.com/style/battle.css?0.8753245789963631" />
<link rel="stylesheet" href="//play.pokemonshowdown.com/style/utilichart.css?0.8627959624976733" />

<!-- Global site tag (gtag.js) - Google Analytics -->
<script async src="https://www.googletagmanager.com/gtag/js?id=UA-26211653-1"></script>
<script>
  window.dataLayer = window.dataLayer || [];
  function gtag(){dataLayer.push(arguments);}
  gtag('js', new Date());

  gtag('config', 'UA-26211653-1');
</script>
<!-- End Google Analytics -->
<!-- Venatus Ad Manager - Install in <HEAD> of page -->
	<script src="https://hb.vntsm.com/v3/live/ad-manager.min.js" type="text/javascript" data-site-id="642aba63ec9a7b11c3c9c1be" data-mode="scan" async></script>
<!-- / Venatus Ad Manager -->

<style>
	@media (max-width:820px) {
		.battle {
			margin: 0 auto;
		}
		.battle-log {
			margin: 7px auto 0;
			max-width: 640px;
			height: 300px;
			position: static;
		}
	}
	.optgroup {
		display: inline-block;
		line-height: 22px;
		font-size: 10pt;
	}
	.optgroup .button {
		height: 25px;
		padding-top: 0;
		padding-bottom: 0;
	}
	.optgroup button.button {
		padding-left: 12px;
		padding-right: 12px;
	}
	.linklist {
		list-style: none;
		margin: 0.5em 0;
		padding: 0;
	}
	.linklist li {
		padding: 2px 0;
	}
	.sidebar {
		float: left;
		width: 320px;
	}
	.bar-wrapper {
		max-width: 1100px;
		margin: 0 auto;
	}
	.bar-wrapper.has-sidebar {
		max-width: 1430px;
	}
	.mainbar {
		margin: 0;
		padding-right: 1px;
	}
	.mainbar.has-sidebar {
		margin-left: 330px;
	}
	@media (min-width: 1511px) {
		.sidebar {
			width: 400px;
		}
		.bar-wrapper.has-sidebar {
			max-width: 1510px;
		}
		.mainbar.has-sidebar {
			margin-left: 410px;
		}
	}
	.section.first-section {
		margin-top: 9px;
	}
	.blocklink small {
		white-space: normal;
	}
	.button {
		vertical-align: middle;
	}
	.replay-controls {
		padding-top: 10px;
	}
	.replay-controls h1 {
		font-size: 16pt;
		font-weight: normal;
		color: #CCC;
	}
	.pagelink {
		text-align: center;
	}
	.pagelink a {
		width: 150px;
	}
	.textbox, .button {
		font-size: 11pt;
		vertical-align: middle;
	}
	@media (max-width: 450px) {
		.button {
			font-size: 9pt;
		}
	}
</style>

<div>

	<header>
		<div class="nav-wrapper"><ul class="nav">
			<li><a class="button nav-first" href="//pokemonshowdown.com/"><img src="//pokemonshowdown.com/images/pokemonshowdownbeta.png" srcset="//pokemonshowdown.com/images/pokemonshowdownbeta.png 1x, //pokemonshowdown.com/images/pokemonshowdownbeta@2x.png 2x" alt="Pok&eacute;mon Showdown" width="146" height="44" /> Home</a></li>
			<li><a class="button" href="//pokemonshowdown.com/dex/">Pok&eacute;dex</a></li>
			<li><a class="button cur" href="/">Replays</a></li>
			<li><a class="button" href="//pokemonshowdown.com/ladder/">Ladder</a></li>
			<li><a class="button nav-last" href="//pokemonshowdown.com/forums/">Forum</a></li>
			<li><a class="button greenbutton nav-first nav-last" href="//play.pokemonshowdown.com/">Play</a></li>
		</ul></div>
	</header>

	<div class="main" id="main">

		<noscript><section class="section">You need to enable JavaScript to use this page; sorry!</section></noscript>

	</div>

</div>

<script defer nomodule src="//play.pokemonshowdown.com/js/lib/ps-polyfill.js"></script>
<script defer src="//play.pokemonshowdown.com/js/lib/preact.min.js"></script>

<script defer src="//play.pokemonshowdown.com/config/config.js?2bddbc15"></script>
<script defer src="//play.pokemonshowdown.com/js/lib/jquery-1.11.0.min.js"></script>
<script defer src="//play.pokemonshowdown.com/js/lib/html-sanitizer-minified.js"></script>
<script defer src="//play.pokemonshowdown.com/js/battle-sound.js"></script>
<script defer src="//play.pokemonshowdown.com/js/battledata.js?0.7209276989879541"></script>
<script defer src="//play.pokemonshowdown.com/data/pokedex-mini.js?0.6111056340867951"></script>
<script defer src="//play.pokemonshowdown.com/data/pokedex-mini-bw.js?0.3532142036491459"></script>
<script defer src="//play.pokemonshowdown.com/data/graphics.js?0.24223875632456182"></script>
<script defer src="//play.pokemonshowdown.com/data/pokedex.js?0.38839984266356864"></script>
<script defer src="//play.pokemonshowdown.com/data/moves.js?0.21866028504024015"></script>
<script defer src="//play.pokemonshowdown.com/data/abilities.js?0.2005157953846628"></script>
<script defer src="//play.pokemonshowdown.com/data/items.js?0.9894211263848525"></script>
<script defer src="//play.pokemonshowdown.com/data/teambuilder-tables.js?0.6008791140282215"></script>
<script defer src="//play.pokemonshowdown.com/js/battle-tooltips.js?0.7580118955022959"></script>
<script defer src="//play.pokemonshowdown.com/js/battle.js?0.6057722274234274"></script>

<script defer src="js/utils.js?e31f9a17"></script>
<script defer src="js/replays-battle.js?7008c182"></script>

<!-- don't scrape this data! just add .json or .log after the URL!
Full API docs: https://github.com/smogon/pokemon-showdown-client/blob/master/WEB-API.md -->
<script type="text/plain" class="log" id="replaylog-smogtours-gen3ou-798887">
|inactive|Battle timer is ON: inactive players will automatically lose when time's up.
|t:|1728984966
|gametype|singles
|player|p1|doomlsinger|silver|
|player|p2|halux|wattson|
|teamsize|p1|6
|teamsize|p2|6
|gen|3
|tier|[Gen 3] OU
|rule|Sleep Clause Mod: Limit one foe put to sleep
|rule|Switch Priority Clause Mod: Faster Pokémon switch first
|rule|Species Clause: Limit one of each Pokémon
|rule|OHKO Clause: OHKO moves are banned
|rule|Evasion Items Clause: Evasion items are banned
|rule|Evasion Moves Clause: Evasion moves are banned
|rule|Endless Battle Clause: Forcing endless battles is banned
|rule|HP Percentage Mod: HP is shown in percentages
|rule|One Boost Passer Clause: Limit one Baton Passer that has a way to boost its stats
|rule|Freeze Clause Mod: Limit one foe frozen
|
|t:|1728984966
|start
|switch|p1a: Salamence|Salamence, M|100/100
|switch|p2a: Salamence|Salamence, F|100/100
|-ability|p2a: Salamence|Intimidate|boost
|-unboost|p1a: Salamence|atk|1
|-ability|p1a: Salamence|Intimidate|boost
|-unboost|p2a: Salamence|atk|1
|turn|1
|c|☆halux|gl hf
|c|☆doomlsinger|and you
|
|t:|1728984980
|switch|p2a: Blissey|Blissey, F|100/100
|move|p1a: Salamence|Dragon Claw|p2a: Blissey
|-crit|p2a: Blissey
|-damage|p2a: Blissey|72/100
|
|-heal|p2a: Blissey|78/100|[from] item: Leftovers
|upkeep
|turn|2
|
|t:|1728984995
|switch|p1a: Jirachi|Jirachi|100/100
|move|p2a: Blissey|Thunder Wave|p1a: Jirachi
|-status|p1a: Jirachi|par
|
|-heal|p2a: Blissey|84/100|[from] item: Leftovers
|upkeep
|turn|3
|
|t:|1728985006
|move|p2a: Blissey|Seismic Toss|p1a: Jirachi
|-damage|p1a: Jirachi|76/100 par
|move|p1a: Jirachi|Toxic|p2a: Blissey
|-status|p2a: Blissey|tox
|
|-heal|p2a: Blissey|90/100 tox|[from] item: Leftovers
|-damage|p2a: Blissey|84/100 tox|[from] psn
|-heal|p1a: Jirachi|82/100 par|[from] item: Leftovers
|upkeep
|turn|4
|
|t:|1728985020
|-curestatus|p2a: Blissey|tox|[from] ability: Natural Cure
|switch|p2a: Forretress|Forretress, F|100/100
|switch|p1a: Blissey|Blissey, F|100/100
|
|upkeep
|turn|5
|
|t:|1728985030
|switch|p2a: Blissey|Blissey, F|84/100
|move|p1a: Blissey|Thunder Wave|p2a: Blissey
|-status|p2a: Blissey|par
|
|-heal|p2a: Blissey|90/100 par|[from] item: Leftovers
|upkeep
|turn|6
|
|t:|1728985042
|-curestatus|p2a: Blissey|par|[from] ability: Natural Cure
|switch|p2a: Forretress|Forretress, F|100/100
|move|p1a: Blissey|Seismic Toss|p2a: Forretress
|-damage|p2a: Forretress|72/100
|
|-heal|p2a: Forretress|78/100|[from] item: Leftovers
|upkeep
|turn|7
|
|t:|1728985052
|move|p1a: Blissey|Thunder Wave|p2a: Forretress
|-status|p2a: Forretress|par
|move|p2a: Forretress|Spikes|p1a: Blissey
|-sidestart|p1: doomlsinger|Spikes
|
|-heal|p2a: Forretress|85/100 par|[from] item: Leftovers
|upkeep
|turn|8
|
|t:|1728985063
|move|p1a: Blissey|Seismic Toss|p2a: Forretress
|-damage|p2a: Forretress|56/100 par
|move|p2a: Forretress|Spikes|p1a: Blissey
|-sidestart|p1: doomlsinger|Spikes
|
|-heal|p2a: Forretress|63/100 par|[from] item: Leftovers
|upkeep
|turn|9
|
|t:|1728985074
|switch|p1a: Forretress|Forretress, M|100/100
|-damage|p1a: Forretress|84/100|[from] Spikes
|move|p2a: Forretress|Spikes|p1a: Forretress
|-sidestart|p1: doomlsinger|Spikes
|
|-heal|p1a: Forretress|90/100|[from] item: Leftovers
|-heal|p2a: Forretress|69/100 par|[from] item: Leftovers
|upkeep
|turn|10
|
|t:|1728985086
|switch|p2a: Salamence|Salamence, F|100/100
|-ability|p2a: Salamence|Intimidate|boost
|-unboost|p1a: Forretress|atk|1
|move|p1a: Forretress|Rapid Spin|p2a: Salamence
|-damage|p2a: Salamence|97/100
|-sideend|p1: doomlsinger|Spikes|[from] move: Rapid Spin|[of] p1a: Forretress
|
|-heal|p2a: Salamence|100/100|[from] item: Leftovers
|-heal|p1a: Forretress|96/100|[from] item: Leftovers
|upkeep
|turn|11
|
|t:|1728985097
|switch|p1a: Blissey|Blissey, F|100/100
|move|p2a: Salamence|Fire Blast|p1a: Blissey|[miss]
|-miss|p2a: Salamence|p1a: Blissey
|
|upkeep
|turn|12
|
|t:|1728985106
|switch|p2a: Forretress|Forretress, F|69/100 par
|move|p1a: Blissey|Thunder Wave|p2a: Forretress
|-fail|p2a: Forretress|par
|
|-heal|p2a: Forretress|75/100 par|[from] item: Leftovers
|upkeep
|turn|13
|
|t:|1728985114
|move|p1a: Blissey|Seismic Toss|p2a: Forretress
|-damage|p2a: Forretress|47/100 par
|move|p2a: Forretress|Spikes|p1a: Blissey
|-sidestart|p1: doomlsinger|Spikes
|
|-heal|p2a: Forretress|53/100 par|[from] item: Leftovers
|upkeep
|turn|14
|
|t:|1728985127
|switch|p1a: Salamence|Salamence, M|100/100
|-ability|p1a: Salamence|Intimidate|boost
|-unboost|p2a: Forretress|atk|1
|switch|p2a: Salamence|Salamence, F|100/100
|-ability|p2a: Salamence|Intimidate|boost
|-unboost|p1a: Salamence|atk|1
|
|upkeep
|turn|15
|
|t:|1728985140
|switch|p2a: Jirachi|Jirachi|100/100
|move|p1a: Salamence|Dragon Claw|p2a: Jirachi
|-resisted|p2a: Jirachi
|-damage|p2a: Jirachi|82/100
|
|-heal|p2a: Jirachi|89/100|[from] item: Leftovers
|upkeep
|turn|16
|
|t:|1728985165
|switch|p2a: Salamence|Salamence, F|100/100
|-ability|p2a: Salamence|Intimidate|boost
|-unboost|p1a: Salamence|atk|1
|move|p1a: Salamence|Fire Blast|p2a: Salamence
|-resisted|p2a: Salamence
|-damage|p2a: Salamence|72/100
|
|-heal|p2a: Salamence|78/100|[from] item: Leftovers
|upkeep
|turn|17
|
|t:|1728985176
|switch|p2a: Blissey|Blissey, F|90/100
|move|p1a: Salamence|Dragon Claw|p2a: Blissey
|-crit|p2a: Blissey
|-damage|p2a: Blissey|63/100
|
|-heal|p2a: Blissey|69/100|[from] item: Leftovers
|upkeep
|turn|18
|
|t:|1728985192
|switch|p1a: Jirachi|Jirachi|82/100 par
|-damage|p1a: Jirachi|70/100 par|[from] Spikes
|switch|p2a: Forretress|Forretress, F|53/100 par
|
|-heal|p1a: Jirachi|76/100 par|[from] item: Leftovers
|-heal|p2a: Forretress|59/100 par|[from] item: Leftovers
|upkeep
|turn|19
|
|t:|1728985205
|switch|p2a: Blissey|Blissey, F|69/100
|move|p1a: Jirachi|Fire Punch|p2a: Blissey
|-damage|p2a: Blissey|62/100
|-status|p2a: Blissey|brn
|
|-heal|p2a: Blissey|68/100 brn|[from] item: Leftovers
|-damage|p2a: Blissey|55/100 brn|[from] brn
|-heal|p1a: Jirachi|82/100 par|[from] item: Leftovers
|upkeep
|turn|20
|
|t:|1728985222
|switch|p1a: Forretress|Forretress, M|96/100
|-damage|p1a: Forretress|84/100|[from] Spikes
|move|p2a: Blissey|Soft-Boiled|p2a: Blissey
|-heal|p2a: Blissey|100/100 brn
|
|-damage|p2a: Blissey|88/100 brn|[from] brn
|-heal|p1a: Forretress|90/100|[from] item: Leftovers
|upkeep
|turn|21
|
|t:|1728985231
|-curestatus|p2a: Blissey|brn|[from] ability: Natural Cure
|switch|p2a: Salamence|Salamence, F|78/100
|-ability|p2a: Salamence|Intimidate|boost
|-unboost|p1a: Forretress|atk|1
|move|p1a: Forretress|Spikes|p2a: Salamence
|-sidestart|p2: halux|Spikes
|
|-heal|p2a: Salamence|84/100|[from] item: Leftovers
|-heal|p1a: Forretress|96/100|[from] item: Leftovers
|upkeep
|turn|22
|
|t:|1728985253
|switch|p1a: Blissey|Blissey, F|100/100
|-damage|p1a: Blissey|88/100|[from] Spikes
|move|p2a: Salamence|Brick Break|p1a: Blissey
|-supereffective|p1a: Blissey
|-damage|p1a: Blissey|52/100
|
|-heal|p2a: Salamence|90/100|[from] item: Leftovers
|-heal|p1a: Blissey|58/100|[from] item: Leftovers
|upkeep
|turn|23
|inactive|doomlsinger has 270 seconds left.
|
|t:|1728985276
|switch|p2a: Tyranitar|Tyranitar, F|100/100
|-damage|p2a: Tyranitar|88/100|[from] Spikes
|-weather|Sandstorm|[from] ability: Sand Stream|[of] p2a: Tyranitar
|move|p1a: Blissey|Seismic Toss|p2a: Tyranitar
|-damage|p2a: Tyranitar|63/100
|
|-weather|Sandstorm|[upkeep]
|-damage|p1a: Blissey|52/100|[from] Sandstorm
|-heal|p2a: Tyranitar|69/100|[from] item: Leftovers
|-heal|p1a: Blissey|58/100|[from] item: Leftovers
|upkeep
|turn|24
|inactive|doomlsinger has 270 seconds left.
|
|t:|1728985291
|switch|p2a: Salamence|Salamence, F|90/100
|-ability|p2a: Salamence|Intimidate|boost
|-unboost|p1a: Blissey|atk|1
|move|p1a: Blissey|Counter|p2a: Salamence
|
|-weather|Sandstorm|[upkeep]
|-damage|p2a: Salamence|84/100|[from] Sandstorm
|-damage|p1a: Blissey|52/100|[from] Sandstorm
|-heal|p2a: Salamence|90/100|[from] item: Leftovers
|-heal|p1a: Blissey|58/100|[from] item: Leftovers
|upkeep
|turn|25
|inactive|doomlsinger has 270 seconds left.
|
|t:|1728985302
|switch|p2a: Blissey|Blissey, F|88/100
|-damage|p2a: Blissey|76/100|[from] Spikes
|move|p1a: Blissey|Thunder Wave|p2a: Blissey
|-status|p2a: Blissey|par
|
|-weather|Sandstorm|[upkeep]
|-damage|p1a: Blissey|52/100|[from] Sandstorm
|-damage|p2a: Blissey|69/100 par|[from] Sandstorm
|-heal|p1a: Blissey|58/100|[from] item: Leftovers
|-heal|p2a: Blissey|76/100 par|[from] item: Leftovers
|upkeep
|turn|26
|inactive|doomlsinger has 270 seconds left.
|
|t:|1728985313
|-curestatus|p2a: Blissey|par|[from] ability: Natural Cure
|switch|p2a: Jirachi|Jirachi|89/100
|-damage|p2a: Jirachi|76/100|[from] Spikes
|move|p1a: Blissey|Seismic Toss|p2a: Jirachi
|-damage|p2a: Jirachi|51/100
|
|-weather|Sandstorm|[upkeep]
|-damage|p1a: Blissey|52/100|[from] Sandstorm
|-heal|p2a: Jirachi|58/100|[from] item: Leftovers
|-heal|p1a: Blissey|58/100|[from] item: Leftovers
|upkeep
|turn|27
|inactive|doomlsinger has 270 seconds left.
|
|t:|1728985326
|move|p2a: Jirachi|Protect|p2a: Jirachi
|-singleturn|p2a: Jirachi|Protect
|move|p1a: Blissey|Seismic Toss|p2a: Jirachi
|-activate|p2a: Jirachi|Protect
|
|-weather|Sandstorm|[upkeep]
|-damage|p1a: Blissey|52/100|[from] Sandstorm
|-heal|p2a: Jirachi|64/100|[from] item: Leftovers
|-heal|p1a: Blissey|58/100|[from] item: Leftovers
|upkeep
|turn|28
|
|t:|1728985335
|move|p2a: Jirachi|Wish|p2a: Jirachi
|move|p1a: Blissey|Seismic Toss|p2a: Jirachi
|-damage|p2a: Jirachi|39/100
|
|-weather|Sandstorm|[upkeep]
|-damage|p1a: Blissey|52/100|[from] Sandstorm
|-heal|p2a: Jirachi|45/100|[from] item: Leftovers
|-heal|p1a: Blissey|58/100|[from] item: Leftovers
|upkeep
|turn|29
|
|t:|1728985344
|move|p2a: Jirachi|Protect|p2a: Jirachi
|-singleturn|p2a: Jirachi|Protect
|move|p1a: Blissey|Soft-Boiled|p1a: Blissey
|-heal|p1a: Blissey|100/100
|
|-heal|p2a: Jirachi|95/100|[from] move: Wish|[wisher] Jirachi
|-weather|Sandstorm|[upkeep]
|-damage|p1a: Blissey|94/100|[from] Sandstorm
|-heal|p2a: Jirachi|100/100|[from] item: Leftovers
|-heal|p1a: Blissey|100/100|[from] item: Leftovers
|upkeep
|turn|30
|
|t:|1728985354
|switch|p2a: Blissey|Blissey, F|76/100
|-damage|p2a: Blissey|63/100|[from] Spikes
|move|p1a: Blissey|Thunder Wave|p2a: Blissey
|-status|p2a: Blissey|par
|
|-weather|Sandstorm|[upkeep]
|-damage|p1a: Blissey|94/100|[from] Sandstorm
|-damage|p2a: Blissey|57/100 par|[from] Sandstorm
|-heal|p1a: Blissey|100/100|[from] item: Leftovers
|-heal|p2a: Blissey|63/100 par|[from] item: Leftovers
|upkeep
|turn|31
|
|t:|1728985364
|move|p1a: Blissey|Seismic Toss|p2a: Blissey
|-damage|p2a: Blissey|49/100 par
|move|p2a: Blissey|Soft-Boiled|p2a: Blissey
|-heal|p2a: Blissey|99/100 par
|
|-weather|Sandstorm|[upkeep]
|-damage|p1a: Blissey|94/100|[from] Sandstorm
|-damage|p2a: Blissey|93/100 par|[from] Sandstorm
|-heal|p1a: Blissey|100/100|[from] item: Leftovers
|-heal|p2a: Blissey|99/100 par|[from] item: Leftovers
|upkeep
|turn|32
|
|t:|1728985386
|switch|p1a: Forretress|Forretress, M|96/100
|-damage|p1a: Forretress|84/100|[from] Spikes
|move|p2a: Blissey|Seismic Toss|p1a: Forretress
|-damage|p1a: Forretress|56/100
|
|-weather|Sandstorm|[upkeep]
|-damage|p2a: Blissey|93/100 par|[from] Sandstorm
|-heal|p1a: Forretress|62/100|[from] item: Leftovers
|-heal|p2a: Blissey|99/100 par|[from] item: Leftovers
|upkeep
|turn|33
|inactive|doomlsinger has 270 seconds left.
|
|t:|1728985402
|-curestatus|p2a: Blissey|par|[from] ability: Natural Cure
|switch|p2a: Jirachi|Jirachi|100/100
|-damage|p2a: Jirachi|88/100|[from] Spikes
|move|p1a: Forretress|Rapid Spin|p2a: Jirachi
|-resisted|p2a: Jirachi
|-damage|p2a: Jirachi|87/100
|-sideend|p1: doomlsinger|Spikes|[from] move: Rapid Spin|[of] p1a: Forretress
|
|-weather|Sandstorm|[upkeep]
|-heal|p2a: Jirachi|93/100|[from] item: Leftovers
|-heal|p1a: Forretress|68/100|[from] item: Leftovers
|upkeep
|turn|34
|inactive|doomlsinger has 270 seconds left.
|
|t:|1728985436
|switch|p1a: Salamence|Salamence, M|100/100
|-ability|p1a: Salamence|Intimidate|boost
|-unboost|p2a: Jirachi|atk|1
|move|p2a: Jirachi|Wish|p2a: Jirachi
|
|-weather|Sandstorm|[upkeep]
|-damage|p1a: Salamence|95/100|[from] Sandstorm
|-heal|p1a: Salamence|100/100|[from] item: Leftovers
|-heal|p2a: Jirachi|99/100|[from] item: Leftovers
|upkeep
|turn|35
|
|t:|1728985451
|move|p2a: Jirachi|Toxic|p1a: Salamence
|-status|p1a: Salamence|tox
|move|p1a: Salamence|Roar|p2a: Jirachi
|drag|p2a: Blissey|Blissey, F|99/100
|-damage|p2a: Blissey|87/100|[from] Spikes
|
|-heal|p2a: Blissey|100/100|[from] move: Wish|[wisher] Jirachi
|-weather|Sandstorm|[upkeep]
|-damage|p1a: Salamence|95/100 tox|[from] Sandstorm
|-damage|p2a: Blissey|94/100|[from] Sandstorm
|-heal|p1a: Salamence|100/100 tox|[from] item: Leftovers
|-damage|p1a: Salamence|95/100 tox|[from] psn
|-heal|p2a: Blissey|100/100|[from] item: Leftovers
|upkeep
|turn|36
|
|t:|1728985471
|move|p1a: Salamence|Brick Break|p2a: Blissey
|-supereffective|p2a: Blissey
|-damage|p2a: Blissey|59/100
|move|p2a: Blissey|Seismic Toss|p1a: Salamence
|-damage|p1a: Salamence|65/100 tox
|
|-weather|Sandstorm|[upkeep]
|-damage|p1a: Salamence|59/100 tox|[from] Sandstorm
|-damage|p2a: Blissey|53/100|[from] Sandstorm
|-heal|p1a: Salamence|65/100 tox|[from] item: Leftovers
|-damage|p1a: Salamence|53/100 tox|[from] psn
|-heal|p2a: Blissey|59/100|[from] item: Leftovers
|upkeep
|turn|37
|
|t:|1728985481
|move|p1a: Salamence|Brick Break|p2a: Blissey
|-supereffective|p2a: Blissey
|-damage|p2a: Blissey|17/100
|move|p2a: Blissey|Soft-Boiled|p2a: Blissey
|-heal|p2a: Blissey|67/100
|
|-weather|Sandstorm|[upkeep]
|-damage|p1a: Salamence|47/100 tox|[from] Sandstorm
|-damage|p2a: Blissey|61/100|[from] Sandstorm
|-heal|p1a: Salamence|53/100 tox|[from] item: Leftovers
|-damage|p1a: Salamence|35/100 tox|[from] psn
|-heal|p2a: Blissey|67/100|[from] item: Leftovers
|upkeep
|turn|38
|
|t:|1728985497
|switch|p1a: Aerodactyl|Aerodactyl, M|100/100
|move|p2a: Blissey|Soft-Boiled|p2a: Blissey
|-heal|p2a: Blissey|100/100
|
|-weather|Sandstorm|[upkeep]
|-damage|p2a: Blissey|94/100|[from] Sandstorm
|-heal|p2a: Blissey|100/100|[from] item: Leftovers
|upkeep
|turn|39
|
|t:|1728985518
|switch|p1a: Forretress|Forretress, M|68/100
|move|p2a: Blissey|Thunder Wave|p1a: Forretress
|-status|p1a: Forretress|par
|
|-weather|Sandstorm|[upkeep]
|-damage|p2a: Blissey|94/100|[from] Sandstorm
|-heal|p2a: Blissey|100/100|[from] item: Leftovers
|-heal|p1a: Forretress|74/100 par|[from] item: Leftovers
|upkeep
|turn|40
|
|t:|1728985527
|switch|p2a: Forretress|Forretress, F|59/100 par
|-damage|p2a: Forretress|47/100 par|[from] Spikes
|move|p1a: Forretress|Explosion|p2a: Forretress
|-resisted|p2a: Forretress
|-damage|p2a: Forretress|7/100 par
|faint|p1a: Forretress
|
|t:|1728985534
|switch|p1a: Aerodactyl|Aerodactyl, M|100/100
|
|-weather|Sandstorm|[upkeep]
|-heal|p2a: Forretress|13/100 par|[from] item: Leftovers
|upkeep
|turn|41
|
|t:|1728985549
|move|p1a: Aerodactyl|Rock Slide|p2a: Forretress|[miss]
|-miss|p1a: Aerodactyl|p2a: Forretress
|move|p2a: Forretress|Explosion|p1a: Aerodactyl
|-resisted|p1a: Aerodactyl
|-damage|p1a: Aerodactyl|9/100
|faint|p2a: Forretress
|
|t:|1728985557
|switch|p2a: Jirachi|Jirachi|99/100
|-damage|p2a: Jirachi|87/100|[from] Spikes
|
|-weather|Sandstorm|[upkeep]
|-heal|p2a: Jirachi|93/100|[from] item: Leftovers
|upkeep
|turn|42
|
|t:|1728985568
|switch|p1a: Blissey|Blissey, F|100/100
|move|p2a: Jirachi|Toxic|p1a: Blissey|[miss]
|-miss|p2a: Jirachi|p1a: Blissey
|
|-weather|Sandstorm|[upkeep]
|-damage|p1a: Blissey|94/100|[from] Sandstorm
|-heal|p2a: Jirachi|99/100|[from] item: Leftovers
|-heal|p1a: Blissey|100/100|[from] item: Leftovers
|upkeep
|turn|43
|
|t:|1728985578
|switch|p2a: Blissey|Blissey, F|100/100
|-damage|p2a: Blissey|88/100|[from] Spikes
|move|p1a: Blissey|Thunder Wave|p2a: Blissey
|-status|p2a: Blissey|par
|
|-weather|Sandstorm|[upkeep]
|-damage|p1a: Blissey|94/100|[from] Sandstorm
|-damage|p2a: Blissey|82/100 par|[from] Sandstorm
|-heal|p1a: Blissey|100/100|[from] item: Leftovers
|-heal|p2a: Blissey|88/100 par|[from] item: Leftovers
|upkeep
|turn|44
|inactive|doomlsinger has 240 seconds left.
|
|t:|1728985599
|switch|p1a: Aerodactyl|Aerodactyl, M|9/100
|move|p2a: Blissey|Seismic Toss|p1a: Aerodactyl
|-damage|p1a: Aerodactyl|0 fnt
|faint|p1a: Aerodactyl
|inactive|doomlsinger has 240 seconds left.
|
|t:|1728985609
|switch|p1a: Salamence|Salamence, M|35/100 tox
|-ability|p1a: Salamence|Intimidate|boost
|-unboost|p2a: Blissey|atk|1
|
|-weather|Sandstorm|[upkeep]
|-damage|p1a: Salamence|29/100 tox|[from] Sandstorm
|-damage|p2a: Blissey|82/100 par|[from] Sandstorm
|-heal|p1a: Salamence|35/100 tox|[from] item: Leftovers
|-damage|p1a: Salamence|29/100 tox|[from] psn
|-heal|p2a: Blissey|88/100 par|[from] item: Leftovers
|upkeep
|turn|45
|inactive|doomlsinger has 240 seconds left.
|
|t:|1728985622
|-curestatus|p2a: Blissey|par|[from] ability: Natural Cure
|switch|p2a: Tyranitar|Tyranitar, F|69/100
|-damage|p2a: Tyranitar|57/100|[from] Spikes
|move|p1a: Salamence|Brick Break|p2a: Tyranitar
|-supereffective|p2a: Tyranitar
|-damage|p2a: Tyranitar|0 fnt
|faint|p2a: Tyranitar
|
|t:|1728985631
|switch|p2a: Aerodactyl|Aerodactyl, F|100/100
|
|-weather|Sandstorm|[upkeep]
|-damage|p1a: Salamence|23/100 tox|[from] Sandstorm
|-heal|p1a: Salamence|29/100 tox|[from] item: Leftovers
|-damage|p1a: Salamence|17/100 tox|[from] psn
|upkeep
|turn|46
|
|t:|1728985641
|switch|p1a: Jirachi|Jirachi|82/100 par
|move|p2a: Aerodactyl|Rock Slide|p1a: Jirachi
|-resisted|p1a: Jirachi
|-damage|p1a: Jirachi|67/100 par
|
|-weather|Sandstorm|[upkeep]
|-heal|p1a: Jirachi|74/100 par|[from] item: Leftovers
|upkeep
|turn|47
|
|t:|1728985654
|switch|p2a: Blissey|Blissey, F|88/100
|-damage|p2a: Blissey|76/100|[from] Spikes
|cant|p1a: Jirachi|par
|
|-weather|Sandstorm|[upkeep]
|-damage|p2a: Blissey|69/100|[from] Sandstorm
|-heal|p2a: Blissey|76/100|[from] item: Leftovers
|-heal|p1a: Jirachi|80/100 par|[from] item: Leftovers
|upkeep
|turn|48
|
|t:|1728985673
|move|p2a: Blissey|Soft-Boiled|p2a: Blissey
|-heal|p2a: Blissey|100/100
|move|p1a: Jirachi|Toxic|p2a: Blissey|[miss]
|-miss|p1a: Jirachi|p2a: Blissey
|
|-weather|Sandstorm|[upkeep]
|-damage|p2a: Blissey|94/100|[from] Sandstorm
|-heal|p2a: Blissey|100/100|[from] item: Leftovers
|-heal|p1a: Jirachi|86/100 par|[from] item: Leftovers
|upkeep
|turn|49
|
|t:|1728985683
|switch|p2a: Jirachi|Jirachi|99/100
|-damage|p2a: Jirachi|87/100|[from] Spikes
|move|p1a: Jirachi|Toxic|p2a: Jirachi
|-immune|p2a: Jirachi
|
|-weather|Sandstorm|[upkeep]
|-heal|p2a: Jirachi|93/100|[from] item: Leftovers
|-heal|p1a: Jirachi|92/100 par|[from] item: Leftovers
|upkeep
|turn|50
|
|t:|1728985693
|move|p2a: Jirachi|Fire Punch|p1a: Jirachi
|-supereffective|p1a: Jirachi
|-damage|p1a: Jirachi|63/100 par
|cant|p1a: Jirachi|par
|
|-weather|Sandstorm|[upkeep]
|-heal|p2a: Jirachi|99/100|[from] item: Leftovers
|-heal|p1a: Jirachi|69/100 par|[from] item: Leftovers
|upkeep
|turn|51
|inactive|doomlsinger has 270 seconds left.
|-message|doomlsinger forfeited.
|
|win|halux
|c|☆doomlsinger|gg
|c|☆halux|gg

</script>
<script type="application/json" class="data" id="replaydata-smogtours-gen3ou-798887">
{"id":"smogtours-gen3ou-798887","format":"[Gen 3] OU","players":["doomlsinger","halux"],"uploadtime":1728985716,"views":97,"formatid":"gen3ou","rating":null,"private":0,"password":null}
</script>

<script defer src="js/replays.js?9d40a366"></script>
