<!DOCTYPE html>
<meta charset="utf-8" />
<meta name="viewport" content="width=device-width" />

<title>[Gen 3] OU: cheesimoon vs. pkLeech - Replays - Pok&eacute;mon Showdown!</title>

<meta name="description" content="Watch a replay of a Pok&eacute;mon battle between cheesimoon and pkLeech! Format: [Gen 3] OU; Date: Nov 4, 2024" />
<!--

Hey, you! Looking in the source for the replay log?

You can find them in JSON format, just add `.json` at the end of a replay URL.

https://replay.pokemonshowdown.com/gen7randomdoublesbattle-865046831.json

Or, if you only need the log itself, add `.log` instead:

https://replay.pokemonshowdown.com/gen7randomdoublesbattle-865046831.log

-->

<link rel="stylesheet" href="//pokemonshowdown.com/style/global.css?0.023195364461161105" />
<link rel="stylesheet" href="//play.pokemonshowdown.com/style/font-awesome.css?0.13261647063804238" />
<link rel="stylesheet" href="//play.pokemonshowdown.com/style/battle.css?0.8753245789963631" />
<link rel="stylesheet" href="//play.pokemonshowdown.com/style/utilichart.css?0.8627959624976733" />

<!-- Global site tag (gtag.js) - Google Analytics -->
<script async src="https://www.googletagmanager.com/gtag/js?id=UA-26211653-1"></script>
<script>
  window.dataLayer = window.dataLayer || [];
  function gtag(){dataLayer.push(arguments);}
  gtag('js', new Date());

  gtag('config', 'UA-26211653-1');
</script>
<!-- End Google Analytics -->
<!-- Venatus Ad Manager - Install in <HEAD> of page -->
	<script src="https://hb.vntsm.com/v3/live/ad-manager.min.js" type="text/javascript" data-site-id="642aba63ec9a7b11c3c9c1be" data-mode="scan" async></script>
<!-- / Venatus Ad Manager -->

<style>
	@media (max-width:820px) {
		.battle {
			margin: 0 auto;
		}
		.battle-log {
			margin: 7px auto 0;
			max-width: 640px;
			height: 300px;
			position: static;
		}
	}
	.optgroup {
		display: inline-block;
		line-height: 22px;
		font-size: 10pt;
	}
	.optgroup .button {
		height: 25px;
		padding-top: 0;
		padding-bottom: 0;
	}
	.optgroup button.button {
		padding-left: 12px;
		padding-right: 12px;
	}
	.linklist {
		list-style: none;
		margin: 0.5em 0;
		padding: 0;
	}
	.linklist li {
		padding: 2px 0;
	}
	.sidebar {
		float: left;
		width: 320px;
	}
	.bar-wrapper {
		max-width: 1100px;
		margin: 0 auto;
	}
	.bar-wrapper.has-sidebar {
		max-width: 1430px;
	}
	.mainbar {
		margin: 0;
		padding-right: 1px;
	}
	.mainbar.has-sidebar {
		margin-left: 330px;
	}
	@media (min-width: 1511px) {
		.sidebar {
			width: 400px;
		}
		.bar-wrapper.has-sidebar {
			max-width: 1510px;
		}
		.mainbar.has-sidebar {
			margin-left: 410px;
		}
	}
	.section.first-section {
		margin-top: 9px;
	}
	.blocklink small {
		white-space: normal;
	}
	.button {
		vertical-align: middle;
	}
	.replay-controls {
		padding-top: 10px;
	}
	.replay-controls h1 {
		font-size: 16pt;
		font-weight: normal;
		color: #CCC;
	}
	.pagelink {
		text-align: center;
	}
	.pagelink a {
		width: 150px;
	}
	.textbox, .button {
		font-size: 11pt;
		vertical-align: middle;
	}
	@media (max-width: 450px) {
		.button {
			font-size: 9pt;
		}
	}
</style>

<div>

	<header>
		<div class="nav-wrapper"><ul class="nav">
			<li><a class="button nav-first" href="//pokemonshowdown.com/"><img src="//pokemonshowdown.com/images/pokemonshowdownbeta.png" srcset="//pokemonshowdown.com/images/pokemonshowdownbeta.png 1x, //pokemonshowdown.com/images/pokemonshowdownbeta@2x.png 2x" alt="Pok&eacute;mon Showdown" width="146" height="44" /> Home</a></li>
			<li><a class="button" href="//pokemonshowdown.com/dex/">Pok&eacute;dex</a></li>
			<li><a class="button cur" href="/">Replays</a></li>
			<li><a class="button" href="//pokemonshowdown.com/ladder/">Ladder</a></li>
			<li><a class="button nav-last" href="//pokemonshowdown.com/forums/">Forum</a></li>
			<li><a class="button greenbutton nav-first nav-last" href="//play.pokemonshowdown.com/">Play</a></li>
		</ul></div>
	</header>

	<div class="main" id="main">

		<noscript><section class="section">You need to enable JavaScript to use this page; sorry!</section></noscript>

	</div>

</div>

<script defer nomodule src="//play.pokemonshowdown.com/js/lib/ps-polyfill.js"></script>
<script defer src="//play.pokemonshowdown.com/js/lib/preact.min.js"></script>

<script defer src="//play.pokemonshowdown.com/config/config.js?2bddbc15"></script>
<script defer src="//play.pokemonshowdown.com/js/lib/jquery-1.11.0.min.js"></script>
<script defer src="//play.pokemonshowdown.com/js/lib/html-sanitizer-minified.js"></script>
<script defer src="//play.pokemonshowdown.com/js/battle-sound.js"></script>
<script defer src="//play.pokemonshowdown.com/js/battledata.js?0.7209276989879541"></script>
<script defer src="//play.pokemonshowdown.com/data/pokedex-mini.js?0.6111056340867951"></script>
<script defer src="//play.pokemonshowdown.com/data/pokedex-mini-bw.js?0.3532142036491459"></script>
<script defer src="//play.pokemonshowdown.com/data/graphics.js?0.24223875632456182"></script>
<script defer src="//play.pokemonshowdown.com/data/pokedex.js?0.38839984266356864"></script>
<script defer src="//play.pokemonshowdown.com/data/moves.js?0.21866028504024015"></script>
<script defer src="//play.pokemonshowdown.com/data/abilities.js?0.2005157953846628"></script>
<script defer src="//play.pokemonshowdown.com/data/items.js?0.9894211263848525"></script>
<script defer src="//play.pokemonshowdown.com/data/teambuilder-tables.js?0.6008791140282215"></script>
<script defer src="//play.pokemonshowdown.com/js/battle-tooltips.js?0.7580118955022959"></script>
<script defer src="//play.pokemonshowdown.com/js/battle.js?0.6057722274234274"></script>

<script defer src="js/utils.js?e31f9a17"></script>
<script defer src="js/replays-battle.js?7008c182"></script>

<!-- don't scrape this data! just add .json or .log after the URL!
Full API docs: https://github.com/smogon/pokemon-showdown-client/blob/master/WEB-API.md -->
<script type="text/plain" class="log" id="replaylog-smogtours-gen3ou-804812">
|inactive|Battle timer is ON: inactive players will automatically lose when time's up.
|t:|1730754273
|gametype|singles
|player|p1|cheesimoon|iris-gen5bw2|
|player|p2|pkLeech|pokemonbreeder-gen4|
|teamsize|p1|6
|teamsize|p2|6
|gen|3
|tier|[Gen 3] OU
|rule|Sleep Clause Mod: Limit one foe put to sleep
|rule|Switch Priority Clause Mod: Faster Pokémon switch first
|rule|Species Clause: Limit one of each Pokémon
|rule|OHKO Clause: OHKO moves are banned
|rule|Evasion Items Clause: Evasion items are banned
|rule|Evasion Moves Clause: Evasion moves are banned
|rule|Endless Battle Clause: Forcing endless battles is banned
|rule|HP Percentage Mod: HP is shown in percentages
|rule|One Boost Passer Clause: Limit one Baton Passer that has a way to boost its stats
|rule|Freeze Clause Mod: Limit one foe frozen
|
|t:|1730754273
|start
|switch|p1a: Saiki|Metagross|100/100
|switch|p2a: Tyranitar|Tyranitar, F|100/100
|-weather|Sandstorm|[from] ability: Sand Stream|[of] p2a: Tyranitar
|turn|1
|c|☆pkLeech|have fun
|c|☆cheesimoon|gl hf
|
|t:|1730754281
|switch|p2a: Magneton|Magneton|100/100
|move|p1a: Saiki|Meteor Mash|p2a: Magneton|[miss]
|-miss|p1a: Saiki|p2a: Magneton
|
|-weather|Sandstorm|[upkeep]
|upkeep
|turn|2
|
|t:|1730754290
|move|p2a: Magneton|Thunderbolt|p1a: Saiki
|-damage|p1a: Saiki|38/100
|move|p1a: Saiki|Meteor Mash|p2a: Magneton
|-resisted|p2a: Magneton
|-crit|p2a: Magneton
|-damage|p2a: Magneton|37/100
|
|-weather|Sandstorm|[upkeep]
|upkeep
|turn|3
|
|t:|1730754294
|move|p2a: Magneton|Thunderbolt|p1a: Saiki
|-damage|p1a: Saiki|0 fnt
|faint|p1a: Saiki
|
|t:|1730754314
|switch|p1a: Teruhashi|Celebi|100/100
|
|-weather|Sandstorm|[upkeep]
|-damage|p1a: Teruhashi|94/100|[from] Sandstorm
|-heal|p1a: Teruhashi|100/100|[from] item: Leftovers
|upkeep
|turn|4
|
|t:|1730754336
|switch|p2a: Aerodactyl|Aerodactyl, M|100/100
|move|p1a: Teruhashi|Leech Seed|p2a: Aerodactyl
|-start|p2a: Aerodactyl|move: Leech Seed
|
|-weather|Sandstorm|[upkeep]
|-damage|p1a: Teruhashi|94/100|[from] Sandstorm
|-damage|p2a: Aerodactyl|88/100|[from] Leech Seed|[of] p1a: Teruhashi
|-heal|p1a: Teruhashi|100/100|[silent]
|upkeep
|turn|5
|inactive|pkLeech has 270 seconds left.
|
|t:|1730754364
|switch|p1a: Mera|Swampert, F|100/100
|move|p2a: Aerodactyl|Double-Edge|p1a: Mera
|-damage|p1a: Mera|63/100
|
|-weather|Sandstorm|[upkeep]
|-damage|p2a: Aerodactyl|76/100|[from] Leech Seed|[of] p1a: Mera
|-heal|p1a: Mera|72/100|[silent]
|-heal|p1a: Mera|78/100|[from] item: Leftovers
|upkeep
|turn|6
|
|t:|1730754372
|switch|p2a: Suicune|Suicune|100/100
|move|p1a: Mera|Surf|p2a: Suicune
|-resisted|p2a: Suicune
|-damage|p2a: Suicune|87/100
|
|-weather|Sandstorm|[upkeep]
|-damage|p2a: Suicune|81/100|[from] Sandstorm
|-heal|p2a: Suicune|87/100|[from] item: Leftovers
|-heal|p1a: Mera|84/100|[from] item: Leftovers
|upkeep
|turn|7
|inactive|pkLeech has 270 seconds left.
|
|t:|1730754395
|switch|p1a: Teruhashi|Celebi|100/100
|move|p2a: Suicune|Calm Mind|p2a: Suicune
|-boost|p2a: Suicune|spa|1
|-boost|p2a: Suicune|spd|1
|
|-weather|Sandstorm|[upkeep]
|-damage|p2a: Suicune|81/100|[from] Sandstorm
|-damage|p1a: Teruhashi|94/100|[from] Sandstorm
|-heal|p2a: Suicune|87/100|[from] item: Leftovers
|-heal|p1a: Teruhashi|100/100|[from] item: Leftovers
|upkeep
|turn|8
|
|t:|1730754398
|move|p2a: Suicune|Ice Beam|p1a: Teruhashi
|-supereffective|p1a: Teruhashi
|-damage|p1a: Teruhashi|47/100
|move|p1a: Teruhashi|Calm Mind|p1a: Teruhashi
|-boost|p1a: Teruhashi|spa|1
|-boost|p1a: Teruhashi|spd|1
|
|-weather|Sandstorm|[upkeep]
|-damage|p2a: Suicune|81/100|[from] Sandstorm
|-damage|p1a: Teruhashi|41/100|[from] Sandstorm
|-heal|p2a: Suicune|87/100|[from] item: Leftovers
|-heal|p1a: Teruhashi|47/100|[from] item: Leftovers
|upkeep
|turn|9
|inactive|pkLeech has 270 seconds left.
|inactive|pkLeech has 240 seconds left.
|inactive|pkLeech has 210 seconds left.
|
|t:|1730754477
|move|p2a: Suicune|Calm Mind|p2a: Suicune
|-boost|p2a: Suicune|spa|1
|-boost|p2a: Suicune|spd|1
|move|p1a: Teruhashi|Giga Drain|p2a: Suicune
|-supereffective|p2a: Suicune
|-damage|p2a: Suicune|61/100
|-heal|p1a: Teruhashi|58/100|[from] drain|[of] p2a: Suicune
|
|-weather|Sandstorm|[upkeep]
|-damage|p2a: Suicune|55/100|[from] Sandstorm
|-damage|p1a: Teruhashi|52/100|[from] Sandstorm
|-heal|p2a: Suicune|61/100|[from] item: Leftovers
|-heal|p1a: Teruhashi|58/100|[from] item: Leftovers
|upkeep
|turn|10
|
|t:|1730754487
|move|p2a: Suicune|Ice Beam|p1a: Teruhashi
|-supereffective|p1a: Teruhashi
|-damage|p1a: Teruhashi|14/100
|-status|p1a: Teruhashi|frz
|cant|p1a: Teruhashi|frz
|
|-weather|Sandstorm|[upkeep]
|-damage|p2a: Suicune|55/100|[from] Sandstorm
|-damage|p1a: Teruhashi|8/100 frz|[from] Sandstorm
|-heal|p2a: Suicune|61/100|[from] item: Leftovers
|-heal|p1a: Teruhashi|14/100 frz|[from] item: Leftovers
|upkeep
|turn|11
|c|☆pkLeech|my bad
|c|☆pkLeech|that sucsk
|c|☆cheesimoon|happens
|inactive|cheesimoon has 270 seconds left.
|inactive|cheesimoon has 240 seconds left.
|
|t:|1730754552
|move|p2a: Suicune|Ice Beam|p1a: Teruhashi
|-supereffective|p1a: Teruhashi
|-damage|p1a: Teruhashi|0 fnt
|faint|p1a: Teruhashi
|
|t:|1730754579
|switch|p1a: Nendo|Tyranitar, M|100/100
|
|-weather|Sandstorm|[upkeep]
|-damage|p2a: Suicune|55/100|[from] Sandstorm
|-heal|p2a: Suicune|61/100|[from] item: Leftovers
|upkeep
|turn|12
|inactive|pkLeech has 210 seconds left.
|inactive|pkLeech has 180 seconds left.
|
|t:|1730754647
|move|p2a: Suicune|Hidden Power|p1a: Nendo
|-supereffective|p1a: Nendo
|-damage|p1a: Nendo|37/100
|move|p1a: Nendo|Rock Slide|p2a: Suicune
|-damage|p2a: Suicune|20/100
|
|-weather|Sandstorm|[upkeep]
|-damage|p2a: Suicune|14/100|[from] Sandstorm
|-heal|p2a: Suicune|20/100|[from] item: Leftovers
|-heal|p1a: Nendo|43/100|[from] item: Leftovers
|upkeep
|turn|13
|inactive|cheesimoon has 210 seconds left.
|
|t:|1730754679
|move|p2a: Suicune|Hydro Pump|p1a: Nendo
|-supereffective|p1a: Nendo
|-damage|p1a: Nendo|0 fnt
|faint|p1a: Nendo
|inactive|cheesimoon has 210 seconds left.
|
|t:|1730754685
|switch|p1a: Kaido|Zapdos|100/100
|
|-weather|Sandstorm|[upkeep]
|-damage|p1a: Kaido|94/100|[from] Sandstorm
|-damage|p2a: Suicune|14/100|[from] Sandstorm
|-heal|p1a: Kaido|100/100|[from] item: Leftovers
|-heal|p2a: Suicune|20/100|[from] item: Leftovers
|upkeep
|turn|14
|inactive|pkLeech has 150 seconds left.
|
|t:|1730754730
|move|p1a: Kaido|Substitute|p1a: Kaido
|-start|p1a: Kaido|Substitute
|-damage|p1a: Kaido|76/100
|move|p2a: Suicune|Ice Beam|p1a: Kaido
|-supereffective|p1a: Kaido
|-end|p1a: Kaido|Substitute
|
|-weather|Sandstorm|[upkeep]
|-damage|p1a: Kaido|69/100|[from] Sandstorm
|-damage|p2a: Suicune|14/100|[from] Sandstorm
|-heal|p1a: Kaido|76/100|[from] item: Leftovers
|-heal|p2a: Suicune|20/100|[from] item: Leftovers
|upkeep
|turn|15
|
|t:|1730754733
|move|p1a: Kaido|Thunderbolt|p2a: Suicune
|-supereffective|p2a: Suicune
|-damage|p2a: Suicune|0 fnt
|faint|p2a: Suicune
|
|t:|1730754751
|switch|p2a: Tyranitar|Tyranitar, F|100/100
|
|-weather|Sandstorm|[upkeep]
|-damage|p1a: Kaido|69/100|[from] Sandstorm
|-heal|p1a: Kaido|76/100|[from] item: Leftovers
|upkeep
|turn|16
|
|t:|1730754764
|move|p1a: Kaido|Thunderbolt|p2a: Tyranitar
|-damage|p2a: Tyranitar|49/100
|move|p2a: Tyranitar|Dragon Dance|p2a: Tyranitar
|-boost|p2a: Tyranitar|atk|1
|-boost|p2a: Tyranitar|spe|1
|
|-weather|Sandstorm|[upkeep]
|-damage|p1a: Kaido|69/100|[from] Sandstorm
|-heal|p1a: Kaido|76/100|[from] item: Leftovers
|upkeep
|turn|17
|
|t:|1730754775
|move|p2a: Tyranitar|Rock Slide|p1a: Kaido
|-supereffective|p1a: Kaido
|-crit|p1a: Kaido
|-damage|p1a: Kaido|0 fnt
|faint|p1a: Kaido
|
|t:|1730754777
|switch|p1a: Mera|Swampert, F|84/100
|
|-weather|Sandstorm|[upkeep]
|-heal|p1a: Mera|90/100|[from] item: Leftovers
|upkeep
|turn|18
|inactive|pkLeech has 150 seconds left.
|inactive|cheesimoon has 240 seconds left.
|
|t:|1730754802
|move|p2a: Tyranitar|Hidden Power|p1a: Mera
|-supereffective|p1a: Mera
|-damage|p1a: Mera|30/100
|move|p1a: Mera|Earthquake|p2a: Tyranitar
|-supereffective|p2a: Tyranitar
|-damage|p2a: Tyranitar|0 fnt
|faint|p2a: Tyranitar
|inactive|pkLeech has 120 seconds left.
|
|t:|1730754834
|switch|p2a: Snorlax|Snorlax, F|100/100
|
|-weather|Sandstorm|[upkeep]
|-damage|p2a: Snorlax|94/100|[from] Sandstorm
|-heal|p1a: Mera|36/100|[from] item: Leftovers
|-heal|p2a: Snorlax|100/100|[from] item: Leftovers
|upkeep
|turn|19
|
|t:|1730754837
|move|p1a: Mera|Protect|p1a: Mera
|-singleturn|p1a: Mera|Protect
|move|p2a: Snorlax|Body Slam|p1a: Mera
|-activate|p1a: Mera|Protect
|
|-weather|Sandstorm|[upkeep]
|-damage|p2a: Snorlax|94/100|[from] Sandstorm
|-heal|p1a: Mera|42/100|[from] item: Leftovers
|-heal|p2a: Snorlax|100/100|[from] item: Leftovers
|upkeep
|turn|20
|
|t:|1730754845
|switch|p1a: Hairo|Charizard, M|100/100
|move|p2a: Snorlax|Body Slam|p1a: Hairo
|-damage|p1a: Hairo|46/100
|
|-weather|Sandstorm|[upkeep]
|-damage|p1a: Hairo|40/100|[from] Sandstorm
|-damage|p2a: Snorlax|94/100|[from] Sandstorm
|-heal|p1a: Hairo|46/100|[from] item: Leftovers
|-heal|p2a: Snorlax|100/100|[from] item: Leftovers
|upkeep
|turn|21
|
|t:|1730754854
|move|p1a: Hairo|Substitute|p1a: Hairo
|-start|p1a: Hairo|Substitute
|-damage|p1a: Hairo|21/100
|move|p2a: Snorlax|Body Slam|p1a: Hairo
|-end|p1a: Hairo|Substitute
|
|-weather|Sandstorm|[upkeep]
|-damage|p1a: Hairo|15/100|[from] Sandstorm
|-damage|p2a: Snorlax|94/100|[from] Sandstorm
|-heal|p1a: Hairo|21/100|[from] item: Leftovers
|-heal|p2a: Snorlax|100/100|[from] item: Leftovers
|upkeep
|turn|22
|
|t:|1730754857
|move|p1a: Hairo|Fire Blast|p2a: Snorlax
|-damage|p2a: Snorlax|49/100
|move|p2a: Snorlax|Body Slam|p1a: Hairo
|-damage|p1a: Hairo|0 fnt
|faint|p1a: Hairo
|
|t:|1730754861
|switch|p1a: Mera|Swampert, F|42/100
|
|-weather|Sandstorm|[upkeep]
|-damage|p2a: Snorlax|43/100|[from] Sandstorm
|-heal|p1a: Mera|48/100|[from] item: Leftovers
|-heal|p2a: Snorlax|49/100|[from] item: Leftovers
|upkeep
|turn|23
|inactive|pkLeech has 150 seconds left.
|
|t:|1730754883
|move|p1a: Mera|Earthquake|p2a: Snorlax
|-damage|p2a: Snorlax|19/100
|move|p2a: Snorlax|Body Slam|p1a: Mera
|-damage|p1a: Mera|24/100
|-status|p1a: Mera|par
|
|-weather|Sandstorm|[upkeep]
|-damage|p2a: Snorlax|12/100|[from] Sandstorm
|-heal|p2a: Snorlax|19/100|[from] item: Leftovers
|-heal|p1a: Mera|30/100 par|[from] item: Leftovers
|upkeep
|turn|24
|
|t:|1730754891
|move|p1a: Mera|Protect|p1a: Mera
|-singleturn|p1a: Mera|Protect
|move|p2a: Snorlax|Body Slam|p1a: Mera
|-activate|p1a: Mera|Protect
|
|-weather|Sandstorm|[upkeep]
|-damage|p2a: Snorlax|12/100|[from] Sandstorm
|-heal|p2a: Snorlax|19/100|[from] item: Leftovers
|-heal|p1a: Mera|36/100 par|[from] item: Leftovers
|upkeep
|turn|25
|
|t:|1730754893
|move|p2a: Snorlax|Body Slam|p1a: Mera
|-damage|p1a: Mera|9/100 par
|cant|p1a: Mera|par
|
|-weather|Sandstorm|[upkeep]
|-damage|p2a: Snorlax|12/100|[from] Sandstorm
|-heal|p2a: Snorlax|19/100|[from] item: Leftovers
|-heal|p1a: Mera|15/100 par|[from] item: Leftovers
|upkeep
|turn|26
|c|☆cheesimoon|gg
|
|t:|1730754898
|move|p2a: Snorlax|Body Slam|p1a: Mera
|-crit|p1a: Mera
|-damage|p1a: Mera|0 fnt
|faint|p1a: Mera
|
|win|pkLeech
|c|☆pkLeech|gg
|c|☆pkLeech|sorry about the para
|c|☆cheesimoon|all good
|c|☆cheesimoon|thats the game
|player|p1|

</script>
<script type="application/json" class="data" id="replaydata-smogtours-gen3ou-804812">
{"id":"smogtours-gen3ou-804812","format":"[Gen 3] OU","players":["cheesimoon","pkLeech"],"uploadtime":1730754898,"views":95,"formatid":"gen3ou","rating":null,"private":0,"password":null}
</script>

<script defer src="js/replays.js?9d40a366"></script>
