<!DOCTYPE html>
<meta charset="utf-8" />
<meta name="viewport" content="width=device-width" />

<title>[Gen 3] OU: butter dk vs. moistmania - Replays - Pok&eacute;mon Showdown!</title>

<meta name="description" content="Watch a replay of a Pok&eacute;mon battle between butter dk and moistmania! Format: [Gen 3] OU; Date: Nov 5, 2024" />
<!--

Hey, you! Looking in the source for the replay log?

You can find them in JSON format, just add `.json` at the end of a replay URL.

https://replay.pokemonshowdown.com/gen7randomdoublesbattle-865046831.json

Or, if you only need the log itself, add `.log` instead:

https://replay.pokemonshowdown.com/gen7randomdoublesbattle-865046831.log

-->

<link rel="stylesheet" href="//pokemonshowdown.com/style/global.css?0.023195364461161105" />
<link rel="stylesheet" href="//play.pokemonshowdown.com/style/font-awesome.css?0.13261647063804238" />
<link rel="stylesheet" href="//play.pokemonshowdown.com/style/battle.css?0.8753245789963631" />
<link rel="stylesheet" href="//play.pokemonshowdown.com/style/utilichart.css?0.8627959624976733" />

<!-- Global site tag (gtag.js) - Google Analytics -->
<script async src="https://www.googletagmanager.com/gtag/js?id=UA-26211653-1"></script>
<script>
  window.dataLayer = window.dataLayer || [];
  function gtag(){dataLayer.push(arguments);}
  gtag('js', new Date());

  gtag('config', 'UA-26211653-1');
</script>
<!-- End Google Analytics -->
<!-- Venatus Ad Manager - Install in <HEAD> of page -->
	<script src="https://hb.vntsm.com/v3/live/ad-manager.min.js" type="text/javascript" data-site-id="642aba63ec9a7b11c3c9c1be" data-mode="scan" async></script>
<!-- / Venatus Ad Manager -->

<style>
	@media (max-width:820px) {
		.battle {
			margin: 0 auto;
		}
		.battle-log {
			margin: 7px auto 0;
			max-width: 640px;
			height: 300px;
			position: static;
		}
	}
	.optgroup {
		display: inline-block;
		line-height: 22px;
		font-size: 10pt;
	}
	.optgroup .button {
		height: 25px;
		padding-top: 0;
		padding-bottom: 0;
	}
	.optgroup button.button {
		padding-left: 12px;
		padding-right: 12px;
	}
	.linklist {
		list-style: none;
		margin: 0.5em 0;
		padding: 0;
	}
	.linklist li {
		padding: 2px 0;
	}
	.sidebar {
		float: left;
		width: 320px;
	}
	.bar-wrapper {
		max-width: 1100px;
		margin: 0 auto;
	}
	.bar-wrapper.has-sidebar {
		max-width: 1430px;
	}
	.mainbar {
		margin: 0;
		padding-right: 1px;
	}
	.mainbar.has-sidebar {
		margin-left: 330px;
	}
	@media (min-width: 1511px) {
		.sidebar {
			width: 400px;
		}
		.bar-wrapper.has-sidebar {
			max-width: 1510px;
		}
		.mainbar.has-sidebar {
			margin-left: 410px;
		}
	}
	.section.first-section {
		margin-top: 9px;
	}
	.blocklink small {
		white-space: normal;
	}
	.button {
		vertical-align: middle;
	}
	.replay-controls {
		padding-top: 10px;
	}
	.replay-controls h1 {
		font-size: 16pt;
		font-weight: normal;
		color: #CCC;
	}
	.pagelink {
		text-align: center;
	}
	.pagelink a {
		width: 150px;
	}
	.textbox, .button {
		font-size: 11pt;
		vertical-align: middle;
	}
	@media (max-width: 450px) {
		.button {
			font-size: 9pt;
		}
	}
</style>

<div>

	<header>
		<div class="nav-wrapper"><ul class="nav">
			<li><a class="button nav-first" href="//pokemonshowdown.com/"><img src="//pokemonshowdown.com/images/pokemonshowdownbeta.png" srcset="//pokemonshowdown.com/images/pokemonshowdownbeta.png 1x, //pokemonshowdown.com/images/pokemonshowdownbeta@2x.png 2x" alt="Pok&eacute;mon Showdown" width="146" height="44" /> Home</a></li>
			<li><a class="button" href="//pokemonshowdown.com/dex/">Pok&eacute;dex</a></li>
			<li><a class="button cur" href="/">Replays</a></li>
			<li><a class="button" href="//pokemonshowdown.com/ladder/">Ladder</a></li>
			<li><a class="button nav-last" href="//pokemonshowdown.com/forums/">Forum</a></li>
			<li><a class="button greenbutton nav-first nav-last" href="//play.pokemonshowdown.com/">Play</a></li>
		</ul></div>
	</header>

	<div class="main" id="main">

		<noscript><section class="section">You need to enable JavaScript to use this page; sorry!</section></noscript>

	</div>

</div>

<script defer nomodule src="//play.pokemonshowdown.com/js/lib/ps-polyfill.js"></script>
<script defer src="//play.pokemonshowdown.com/js/lib/preact.min.js"></script>

<script defer src="//play.pokemonshowdown.com/config/config.js?2bddbc15"></script>
<script defer src="//play.pokemonshowdown.com/js/lib/jquery-1.11.0.min.js"></script>
<script defer src="//play.pokemonshowdown.com/js/lib/html-sanitizer-minified.js"></script>
<script defer src="//play.pokemonshowdown.com/js/battle-sound.js"></script>
<script defer src="//play.pokemonshowdown.com/js/battledata.js?0.7209276989879541"></script>
<script defer src="//play.pokemonshowdown.com/data/pokedex-mini.js?0.6111056340867951"></script>
<script defer src="//play.pokemonshowdown.com/data/pokedex-mini-bw.js?0.3532142036491459"></script>
<script defer src="//play.pokemonshowdown.com/data/graphics.js?0.24223875632456182"></script>
<script defer src="//play.pokemonshowdown.com/data/pokedex.js?0.38839984266356864"></script>
<script defer src="//play.pokemonshowdown.com/data/moves.js?0.21866028504024015"></script>
<script defer src="//play.pokemonshowdown.com/data/abilities.js?0.2005157953846628"></script>
<script defer src="//play.pokemonshowdown.com/data/items.js?0.9894211263848525"></script>
<script defer src="//play.pokemonshowdown.com/data/teambuilder-tables.js?0.6008791140282215"></script>
<script defer src="//play.pokemonshowdown.com/js/battle-tooltips.js?0.7580118955022959"></script>
<script defer src="//play.pokemonshowdown.com/js/battle.js?0.6057722274234274"></script>

<script defer src="js/utils.js?e31f9a17"></script>
<script defer src="js/replays-battle.js?7008c182"></script>

<!-- don't scrape this data! just add .json or .log after the URL!
Full API docs: https://github.com/smogon/pokemon-showdown-client/blob/master/WEB-API.md -->
<script type="text/plain" class="log" id="replaylog-smogtours-gen3ou-804848">
|inactive|Battle timer is ON: inactive players will automatically lose when time's up.
|t:|1730769360
|gametype|singles
|player|p1|butter dk|proton|
|player|p2|moistmania|backersf|
|teamsize|p1|6
|teamsize|p2|6
|gen|3
|tier|[Gen 3] OU
|rule|Sleep Clause Mod: Limit one foe put to sleep
|rule|Switch Priority Clause Mod: Faster Pokémon switch first
|rule|Species Clause: Limit one of each Pokémon
|rule|OHKO Clause: OHKO moves are banned
|rule|Evasion Items Clause: Evasion items are banned
|rule|Evasion Moves Clause: Evasion moves are banned
|rule|Endless Battle Clause: Forcing endless battles is banned
|rule|HP Percentage Mod: HP is shown in percentages
|rule|One Boost Passer Clause: Limit one Baton Passer that has a way to boost its stats
|rule|Freeze Clause Mod: Limit one foe frozen
|
|t:|1730769360
|start
|switch|p1a: Tyranitar|Tyranitar, F|100/100
|switch|p2a: Tyranitar|Tyranitar, F|100/100
|-weather|Sandstorm|[from] ability: Sand Stream|[of] p2a: Tyranitar
|turn|1
|
|t:|1730769384
|switch|p2a: Forretress|Forretress, M|100/100
|move|p1a: Tyranitar|Earthquake|p2a: Forretress
|-damage|p2a: Forretress|75/100
|
|-weather|Sandstorm|[upkeep]
|-heal|p2a: Forretress|82/100|[from] item: Leftovers
|upkeep
|turn|2
|
|t:|1730769412
|switch|p1a: Charizard|Charizard, F|100/100
|move|p2a: Forretress|Spikes|p1a: Charizard
|-sidestart|p1: butter dk|Spikes
|
|-weather|Sandstorm|[upkeep]
|-damage|p1a: Charizard|94/100|[from] Sandstorm
|-heal|p1a: Charizard|100/100|[from] item: Leftovers
|-heal|p2a: Forretress|88/100|[from] item: Leftovers
|upkeep
|turn|3
|
|t:|1730769421
|switch|p2a: Blissey|Blissey, F|100/100
|move|p1a: Charizard|Substitute|p1a: Charizard
|-start|p1a: Charizard|Substitute
|-damage|p1a: Charizard|76/100
|
|-weather|Sandstorm|[upkeep]
|-damage|p1a: Charizard|70/100|[from] Sandstorm
|-damage|p2a: Blissey|94/100|[from] Sandstorm
|-heal|p1a: Charizard|76/100|[from] item: Leftovers
|-heal|p2a: Blissey|100/100|[from] item: Leftovers
|upkeep
|turn|4
|
|t:|1730769425
|-singleturn|p1a: Charizard|move: Focus Punch
|move|p2a: Blissey|Thunderbolt|p1a: Charizard
|-supereffective|p1a: Charizard
|-end|p1a: Charizard|Substitute
|move|p1a: Charizard|Focus Punch|p2a: Blissey
|-supereffective|p2a: Blissey
|-damage|p2a: Blissey|41/100
|
|-weather|Sandstorm|[upkeep]
|-damage|p1a: Charizard|70/100|[from] Sandstorm
|-damage|p2a: Blissey|35/100|[from] Sandstorm
|-heal|p1a: Charizard|76/100|[from] item: Leftovers
|-heal|p2a: Blissey|41/100|[from] item: Leftovers
|upkeep
|turn|5
|
|t:|1730769436
|switch|p1a: Metagross|Metagross|100/100
|-damage|p1a: Metagross|88/100|[from] Spikes
|move|p2a: Blissey|Soft-Boiled|p2a: Blissey
|-heal|p2a: Blissey|91/100
|
|-weather|Sandstorm|[upkeep]
|-damage|p2a: Blissey|85/100|[from] Sandstorm
|-heal|p1a: Metagross|94/100|[from] item: Leftovers
|-heal|p2a: Blissey|91/100|[from] item: Leftovers
|upkeep
|turn|6
|inactive|moistmania has 270 seconds left.
|
|t:|1730769470
|switch|p2a: Swampert|Swampert, F|100/100
|move|p1a: Metagross|Meteor Mash|p2a: Swampert
|-resisted|p2a: Swampert
|-damage|p2a: Swampert|84/100
|
|-weather|Sandstorm|[upkeep]
|-heal|p1a: Metagross|99/100|[from] item: Leftovers
|-heal|p2a: Swampert|90/100|[from] item: Leftovers
|upkeep
|turn|7
|
|t:|1730769478
|switch|p1a: Skarmory|Skarmory, M|100/100
|move|p2a: Swampert|Hydro Pump|p1a: Skarmory
|-damage|p1a: Skarmory|64/100
|
|-weather|Sandstorm|[upkeep]
|-heal|p1a: Skarmory|70/100|[from] item: Leftovers
|-heal|p2a: Swampert|96/100|[from] item: Leftovers
|upkeep
|turn|8
|
|t:|1730769489
|switch|p2a: Forretress|Forretress, M|88/100
|move|p1a: Skarmory|Toxic|p2a: Forretress
|-immune|p2a: Forretress
|
|-weather|Sandstorm|[upkeep]
|-heal|p1a: Skarmory|76/100|[from] item: Leftovers
|-heal|p2a: Forretress|94/100|[from] item: Leftovers
|upkeep
|turn|9
|inactive|moistmania has 270 seconds left.
|
|t:|1730769518
|switch|p2a: Blissey|Blissey, F|91/100
|move|p1a: Skarmory|Spikes|p2a: Blissey
|-sidestart|p2: moistmania|Spikes
|
|-weather|Sandstorm|[upkeep]
|-damage|p2a: Blissey|85/100|[from] Sandstorm
|-heal|p1a: Skarmory|82/100|[from] item: Leftovers
|-heal|p2a: Blissey|91/100|[from] item: Leftovers
|upkeep
|turn|10
|inactive|moistmania has 270 seconds left.
|
|t:|1730769532
|move|p1a: Skarmory|Protect|p1a: Skarmory
|-singleturn|p1a: Skarmory|Protect
|move|p2a: Blissey|Thunderbolt|p1a: Skarmory
|-activate|p1a: Skarmory|Protect
|
|-weather|Sandstorm|[upkeep]
|-damage|p2a: Blissey|85/100|[from] Sandstorm
|-heal|p1a: Skarmory|88/100|[from] item: Leftovers
|-heal|p2a: Blissey|91/100|[from] item: Leftovers
|upkeep
|turn|11
|
|t:|1730769542
|switch|p2a: Forretress|Forretress, M|94/100
|-damage|p2a: Forretress|82/100|[from] Spikes
|move|p1a: Skarmory|Toxic|p2a: Forretress
|-immune|p2a: Forretress
|
|-weather|Sandstorm|[upkeep]
|-heal|p1a: Skarmory|94/100|[from] item: Leftovers
|-heal|p2a: Forretress|88/100|[from] item: Leftovers
|upkeep
|turn|12
|
|t:|1730769548
|move|p1a: Skarmory|Spikes|p2a: Forretress
|-sidestart|p2: moistmania|Spikes
|move|p2a: Forretress|Spikes|p1a: Skarmory
|-sidestart|p1: butter dk|Spikes
|
|-weather|Sandstorm|[upkeep]
|-heal|p1a: Skarmory|99/100|[from] item: Leftovers
|-heal|p2a: Forretress|94/100|[from] item: Leftovers
|upkeep
|turn|13
|
|t:|1730769556
|move|p2a: Forretress|Spikes|p1a: Skarmory
|-sidestart|p1: butter dk|Spikes
|move|p1a: Skarmory|Roar|p2a: Forretress
|drag|p2a: Blissey|Blissey, F|91/100
|-damage|p2a: Blissey|74/100|[from] Spikes
|
|-weather|Sandstorm|[upkeep]
|-damage|p2a: Blissey|68/100|[from] Sandstorm
|-heal|p1a: Skarmory|100/100|[from] item: Leftovers
|-heal|p2a: Blissey|74/100|[from] item: Leftovers
|upkeep
|turn|14
|
|t:|1730769561
|move|p2a: Blissey|Thunderbolt|p1a: Skarmory
|-supereffective|p1a: Skarmory
|-damage|p1a: Skarmory|53/100
|move|p1a: Skarmory|Roar|p2a: Blissey
|drag|p2a: Swampert|Swampert, F|96/100
|-damage|p2a: Swampert|79/100|[from] Spikes
|
|-weather|Sandstorm|[upkeep]
|-heal|p1a: Skarmory|59/100|[from] item: Leftovers
|-heal|p2a: Swampert|86/100|[from] item: Leftovers
|upkeep
|turn|15
|
|t:|1730769573
|switch|p2a: Gengar|Gengar, M|100/100
|move|p1a: Skarmory|Protect||[still]
|-fail|p1a: Skarmory
|
|-weather|Sandstorm|[upkeep]
|-damage|p2a: Gengar|94/100|[from] Sandstorm
|-heal|p2a: Gengar|100/100|[from] item: Leftovers
|-heal|p1a: Skarmory|65/100|[from] item: Leftovers
|upkeep
|turn|16
|
|t:|1730769581
|move|p1a: Skarmory|Protect|p1a: Skarmory
|-singleturn|p1a: Skarmory|Protect
|move|p2a: Gengar|Fire Punch|p1a: Skarmory
|-activate|p1a: Skarmory|Protect
|
|-weather|Sandstorm|[upkeep]
|-damage|p2a: Gengar|94/100|[from] Sandstorm
|-heal|p2a: Gengar|100/100|[from] item: Leftovers
|-heal|p1a: Skarmory|71/100|[from] item: Leftovers
|upkeep
|turn|17
|
|t:|1730769589
|switch|p1a: Blissey|Blissey, F|100/100
|-damage|p1a: Blissey|76/100|[from] Spikes
|move|p2a: Gengar|Fire Punch|p1a: Blissey
|-damage|p1a: Blissey|65/100
|
|-weather|Sandstorm|[upkeep]
|-damage|p2a: Gengar|94/100|[from] Sandstorm
|-damage|p1a: Blissey|58/100|[from] Sandstorm
|-heal|p2a: Gengar|100/100|[from] item: Leftovers
|-heal|p1a: Blissey|65/100|[from] item: Leftovers
|upkeep
|turn|18
|inactive|moistmania has 270 seconds left.
|
|t:|1730769622
|switch|p2a: Tyranitar|Tyranitar, F|100/100
|-damage|p2a: Tyranitar|84/100|[from] Spikes
|move|p1a: Blissey|Thunder Wave|p2a: Tyranitar
|-status|p2a: Tyranitar|par
|-enditem|p2a: Tyranitar|Lum Berry|[eat]
|-curestatus|p2a: Tyranitar|par|[msg]
|
|-weather|Sandstorm|[upkeep]
|-damage|p1a: Blissey|58/100|[from] Sandstorm
|-heal|p1a: Blissey|65/100|[from] item: Leftovers
|upkeep
|turn|19
|inactive|moistmania has 270 seconds left.
|
|t:|1730769661
|move|p2a: Tyranitar|Rock Slide|p1a: Blissey
|-damage|p1a: Blissey|21/100
|cant|p1a: Blissey|flinch
|
|-weather|Sandstorm|[upkeep]
|-damage|p1a: Blissey|14/100|[from] Sandstorm
|-heal|p1a: Blissey|21/100|[from] item: Leftovers
|upkeep
|turn|20
|c|☆moistmania|mb
|
|t:|1730769680
|switch|p1a: Skarmory|Skarmory, M|71/100
|move|p2a: Tyranitar|Earthquake|p1a: Skarmory
|-immune|p1a: Skarmory
|
|-weather|Sandstorm|[upkeep]
|-heal|p1a: Skarmory|77/100|[from] item: Leftovers
|upkeep
|turn|21
|inactive|moistmania has 240 seconds left.
|
|t:|1730769710
|move|p2a: Tyranitar|Rock Slide|p1a: Skarmory
|-damage|p1a: Skarmory|46/100
|cant|p1a: Skarmory|flinch
|
|-weather|Sandstorm|[upkeep]
|-heal|p1a: Skarmory|52/100|[from] item: Leftovers
|upkeep
|turn|22
|
|t:|1730769716
|move|p1a: Skarmory|Protect|p1a: Skarmory
|-singleturn|p1a: Skarmory|Protect
|move|p2a: Tyranitar|Rock Slide|p1a: Skarmory
|-activate|p1a: Skarmory|Protect
|
|-weather|Sandstorm|[upkeep]
|-heal|p1a: Skarmory|58/100|[from] item: Leftovers
|upkeep
|turn|23
|inactive|moistmania has 240 seconds left.
|
|t:|1730769727
|switch|p2a: Gengar|Gengar, M|100/100
|move|p1a: Skarmory|Roar|p2a: Gengar
|drag|p2a: Forretress|Forretress, M|94/100
|-damage|p2a: Forretress|77/100|[from] Spikes
|
|-weather|Sandstorm|[upkeep]
|-heal|p1a: Skarmory|64/100|[from] item: Leftovers
|-heal|p2a: Forretress|84/100|[from] item: Leftovers
|upkeep
|turn|24
|inactive|moistmania has 240 seconds left.
|
|t:|1730769743
|switch|p1a: Charizard|Charizard, F|76/100
|switch|p2a: Gengar|Gengar, M|100/100
|
|-weather|Sandstorm|[upkeep]
|-damage|p2a: Gengar|94/100|[from] Sandstorm
|-damage|p1a: Charizard|70/100|[from] Sandstorm
|-heal|p2a: Gengar|100/100|[from] item: Leftovers
|-heal|p1a: Charizard|76/100|[from] item: Leftovers
|upkeep
|turn|25
|inactive|moistmania has 240 seconds left.
|inactive|butter dk has 270 seconds left.
|inactive|moistmania has 210 seconds left.
|inactive|butter dk has 240 seconds left.
|inactive|moistmania has 180 seconds left.
|
|t:|1730769818
|switch|p2a: Blissey|Blissey, F|74/100
|-damage|p2a: Blissey|58/100|[from] Spikes
|switch|p1a: Blissey|Blissey, F|21/100
|-damage|p1a: Blissey|0 fnt|[from] Spikes
|faint|p1a: Blissey
|
|t:|1730769848
|switch|p1a: Tyranitar|Tyranitar, F|100/100
|-damage|p1a: Tyranitar|76/100|[from] Spikes
|
|-weather|Sandstorm|[upkeep]
|-damage|p2a: Blissey|51/100|[from] Sandstorm
|-heal|p2a: Blissey|58/100|[from] item: Leftovers
|upkeep
|turn|26
|inactive|moistmania has 180 seconds left.
|
|t:|1730769862
|switch|p2a: Swampert|Swampert, F|86/100
|-damage|p2a: Swampert|69/100|[from] Spikes
|move|p1a: Tyranitar|Dragon Dance|p1a: Tyranitar
|-boost|p1a: Tyranitar|atk|1
|-boost|p1a: Tyranitar|spe|1
|
|-weather|Sandstorm|[upkeep]
|-heal|p2a: Swampert|75/100|[from] item: Leftovers
|upkeep
|turn|27
|inactive|moistmania has 180 seconds left.
|inactive|moistmania has 150 seconds left.
|
|t:|1730769903
|move|p1a: Tyranitar|Earthquake|p2a: Swampert
|-damage|p2a: Swampert|39/100
|move|p2a: Swampert|Earthquake|p1a: Tyranitar
|-supereffective|p1a: Tyranitar
|-damage|p1a: Tyranitar|16/100
|
|-weather|Sandstorm|[upkeep]
|-heal|p2a: Swampert|45/100|[from] item: Leftovers
|upkeep
|turn|28
|inactive|moistmania has 150 seconds left.
|inactive|butter dk has 210 seconds left.
|
|t:|1730769925
|move|p1a: Tyranitar|Dragon Dance|p1a: Tyranitar
|-boost|p1a: Tyranitar|atk|1
|-boost|p1a: Tyranitar|spe|1
|move|p2a: Swampert|Earthquake|p1a: Tyranitar
|-supereffective|p1a: Tyranitar
|-damage|p1a: Tyranitar|0 fnt
|faint|p1a: Tyranitar
|
|t:|1730769933
|switch|p1a: Charizard|Charizard, F|76/100
|
|-weather|Sandstorm|[upkeep]
|-damage|p1a: Charizard|70/100|[from] Sandstorm
|-heal|p1a: Charizard|76/100|[from] item: Leftovers
|-heal|p2a: Swampert|51/100|[from] item: Leftovers
|upkeep
|turn|29
|inactive|butter dk has 210 seconds left.
|inactive|moistmania has 150 seconds left.
|
|t:|1730769951
|move|p1a: Charizard|Substitute|p1a: Charizard
|-start|p1a: Charizard|Substitute
|-damage|p1a: Charizard|51/100
|move|p2a: Swampert|Roar|p1a: Charizard
|drag|p1a: Metagross|Metagross|99/100
|-damage|p1a: Metagross|75/100|[from] Spikes
|
|-weather|Sandstorm|[upkeep]
|-heal|p1a: Metagross|81/100|[from] item: Leftovers
|-heal|p2a: Swampert|58/100|[from] item: Leftovers
|upkeep
|turn|30
|inactive|butter dk has 210 seconds left.
|inactive|moistmania has 150 seconds left.
|
|t:|1730769962
|move|p1a: Metagross|Meteor Mash|p2a: Swampert
|-resisted|p2a: Swampert
|-damage|p2a: Swampert|41/100
|move|p2a: Swampert|Hydro Pump|p1a: Metagross|[miss]
|-miss|p2a: Swampert|p1a: Metagross
|
|-weather|Sandstorm|[upkeep]
|-heal|p1a: Metagross|87/100|[from] item: Leftovers
|-heal|p2a: Swampert|47/100|[from] item: Leftovers
|upkeep
|turn|31
|
|t:|1730769968
|move|p1a: Metagross|Meteor Mash|p2a: Swampert
|-resisted|p2a: Swampert
|-damage|p2a: Swampert|32/100
|move|p2a: Swampert|Hydro Pump|p1a: Metagross
|-damage|p1a: Metagross|25/100
|
|-weather|Sandstorm|[upkeep]
|-heal|p1a: Metagross|31/100|[from] item: Leftovers
|-heal|p2a: Swampert|38/100|[from] item: Leftovers
|upkeep
|turn|32
|inactive|moistmania has 150 seconds left.
|
|t:|1730769984
|move|p1a: Metagross|Earthquake|p2a: Swampert
|-damage|p2a: Swampert|16/100
|move|p2a: Swampert|Hydro Pump|p1a: Metagross
|-damage|p1a: Metagross|0 fnt
|faint|p1a: Metagross
|
|t:|1730769990
|switch|p1a: Charizard|Charizard, F|51/100
|
|-weather|Sandstorm|[upkeep]
|-damage|p1a: Charizard|45/100|[from] Sandstorm
|-heal|p1a: Charizard|51/100|[from] item: Leftovers
|-heal|p2a: Swampert|23/100|[from] item: Leftovers
|upkeep
|turn|33
|
|t:|1730770000
|move|p1a: Charizard|Hidden Power|p2a: Swampert
|-supereffective|p2a: Swampert
|-damage|p2a: Swampert|0 fnt
|faint|p2a: Swampert
|inactive|moistmania has 150 seconds left.
|
|t:|1730770026
|switch|p2a: Aerodactyl|Aerodactyl, F|100/100
|
|-weather|Sandstorm|[upkeep]
|-damage|p1a: Charizard|45/100|[from] Sandstorm
|-heal|p1a: Charizard|51/100|[from] item: Leftovers
|upkeep
|turn|34
|
|t:|1730770034
|switch|p1a: Skarmory|Skarmory, M|64/100
|move|p2a: Aerodactyl|Rock Slide|p1a: Skarmory
|-damage|p1a: Skarmory|25/100
|
|-weather|Sandstorm|[upkeep]
|-heal|p1a: Skarmory|31/100|[from] item: Leftovers
|upkeep
|turn|35
|
|t:|1730770048
|switch|p2a: Gengar|Gengar, M|100/100
|move|p1a: Skarmory|Protect||[still]
|-fail|p1a: Skarmory
|
|-weather|Sandstorm|[upkeep]
|-damage|p2a: Gengar|94/100|[from] Sandstorm
|-heal|p2a: Gengar|100/100|[from] item: Leftovers
|-heal|p1a: Skarmory|37/100|[from] item: Leftovers
|upkeep
|turn|36
|
|t:|1730770052
|move|p1a: Skarmory|Protect|p1a: Skarmory
|-singleturn|p1a: Skarmory|Protect
|move|p2a: Gengar|Fire Punch|p1a: Skarmory
|-activate|p1a: Skarmory|Protect
|
|-weather|Sandstorm|[upkeep]
|-damage|p2a: Gengar|94/100|[from] Sandstorm
|-heal|p2a: Gengar|100/100|[from] item: Leftovers
|-heal|p1a: Skarmory|43/100|[from] item: Leftovers
|upkeep
|turn|37
|
|t:|1730770059
|switch|p1a: Charizard|Charizard, F|51/100
|move|p2a: Gengar|Ice Punch|p1a: Charizard
|-damage|p1a: Charizard|19/100
|
|-weather|Sandstorm|[upkeep]
|-damage|p2a: Gengar|94/100|[from] Sandstorm
|-damage|p1a: Charizard|13/100|[from] Sandstorm
|-heal|p2a: Gengar|100/100|[from] item: Leftovers
|-heal|p1a: Charizard|19/100|[from] item: Leftovers
|upkeep
|turn|38
|
|t:|1730770065
|move|p2a: Gengar|Ice Punch|p1a: Charizard
|-damage|p1a: Charizard|0 fnt
|faint|p1a: Charizard
|
|t:|1730770067
|switch|p1a: Aerodactyl|Aerodactyl, F|100/100
|
|-weather|Sandstorm|[upkeep]
|-damage|p2a: Gengar|94/100|[from] Sandstorm
|-heal|p2a: Gengar|100/100|[from] item: Leftovers
|upkeep
|turn|39
|inactive|moistmania has 180 seconds left.
|
|t:|1730770101
|move|p1a: Aerodactyl|Rock Slide|p2a: Gengar
|-damage|p2a: Gengar|0 fnt
|faint|p2a: Gengar
|
|t:|1730770113
|switch|p2a: Forretress|Forretress, M|84/100
|-damage|p2a: Forretress|67/100|[from] Spikes
|
|-weather|Sandstorm|[upkeep]
|-heal|p2a: Forretress|73/100|[from] item: Leftovers
|upkeep
|turn|40
|inactive|butter dk has 270 seconds left.
|
|t:|1730770137
|switch|p1a: Skarmory|Skarmory, M|43/100
|move|p2a: Forretress|Explosion|p1a: Skarmory
|-resisted|p1a: Skarmory
|-damage|p1a: Skarmory|0 fnt
|faint|p2a: Forretress
|faint|p1a: Skarmory
|inactive|moistmania has 150 seconds left.
|
|t:|1730770155
|switch|p1a: Aerodactyl|Aerodactyl, F|100/100
|switch|p2a: Tyranitar|Tyranitar, F|84/100
|-damage|p2a: Tyranitar|67/100|[from] Spikes
|
|-weather|Sandstorm|[upkeep]
|upkeep
|turn|41
|
|t:|1730770163
|move|p1a: Aerodactyl|Rock Slide|p2a: Tyranitar
|-damage|p2a: Tyranitar|16/100
|cant|p2a: Tyranitar|flinch
|
|-weather|Sandstorm|[upkeep]
|upkeep
|turn|42
|
|t:|1730770167
|move|p1a: Aerodactyl|Rock Slide|p2a: Tyranitar
|-damage|p2a: Tyranitar|0 fnt
|faint|p2a: Tyranitar
|
|t:|1730770172
|switch|p2a: Aerodactyl|Aerodactyl, F|100/100
|
|-weather|Sandstorm|[upkeep]
|upkeep
|turn|43
|
|t:|1730770176
|move|p1a: Aerodactyl|Rock Slide|p2a: Aerodactyl
|-supereffective|p2a: Aerodactyl
|-damage|p2a: Aerodactyl|0 fnt
|faint|p2a: Aerodactyl
|
|t:|1730770185
|switch|p2a: Blissey|Blissey, F|58/100
|-damage|p2a: Blissey|41/100|[from] Spikes
|
|-weather|Sandstorm|[upkeep]
|-damage|p2a: Blissey|35/100|[from] Sandstorm
|-heal|p2a: Blissey|41/100|[from] item: Leftovers
|upkeep
|turn|44
|
|t:|1730770187
|move|p1a: Aerodactyl|Rock Slide|p2a: Blissey
|-damage|p2a: Blissey|0 fnt
|faint|p2a: Blissey
|
|win|butter dk
|c|☆moistmania|gg
|c|☆butter dk|gg 
|player|p2|
|player|p1|
|player|p1|butter dk|proton|

</script>
<script type="application/json" class="data" id="replaydata-smogtours-gen3ou-804848">
{"id":"smogtours-gen3ou-804848","format":"[Gen 3] OU","players":["butter dk","moistmania"],"uploadtime":1730770187,"views":83,"formatid":"gen3ou","rating":null,"private":0,"password":null}
</script>

<script defer src="js/replays.js?9d40a366"></script>
