<!DOCTYPE html>
<meta charset="utf-8" />
<meta name="viewport" content="width=device-width" />

<title>[Gen 3] OU: Oskari SOSA vs. LemonLC - Replays - Pok&eacute;mon Showdown!</title>

<meta name="description" content="Watch a replay of a Pok&eacute;mon battle between Oskari SOSA and LemonLC! Format: [Gen 3] OU; Date: Oct 15, 2024" />
<!--

Hey, you! Looking in the source for the replay log?

You can find them in JSON format, just add `.json` at the end of a replay URL.

https://replay.pokemonshowdown.com/gen7randomdoublesbattle-865046831.json

Or, if you only need the log itself, add `.log` instead:

https://replay.pokemonshowdown.com/gen7randomdoublesbattle-865046831.log

-->

<link rel="stylesheet" href="//pokemonshowdown.com/style/global.css?0.767286132409787" />
<link rel="stylesheet" href="//play.pokemonshowdown.com/style/font-awesome.css?0.9266228007934947" />
<link rel="stylesheet" href="//play.pokemonshowdown.com/style/battle.css?0.7924700842790926" />
<link rel="stylesheet" href="//play.pokemonshowdown.com/style/utilichart.css?0.8777417872839479" />

<!-- Global site tag (gtag.js) - Google Analytics -->
<script async src="https://www.googletagmanager.com/gtag/js?id=UA-26211653-1"></script>
<script>
  window.dataLayer = window.dataLayer || [];
  function gtag(){dataLayer.push(arguments);}
  gtag('js', new Date());

  gtag('config', 'UA-26211653-1');
</script>
<!-- End Google Analytics -->
<!-- Venatus Ad Manager - Install in <HEAD> of page -->
	<script src="https://hb.vntsm.com/v3/live/ad-manager.min.js" type="text/javascript" data-site-id="642aba63ec9a7b11c3c9c1be" data-mode="scan" async></script>
<!-- / Venatus Ad Manager -->

<style>
	@media (max-width:820px) {
		.battle {
			margin: 0 auto;
		}
		.battle-log {
			margin: 7px auto 0;
			max-width: 640px;
			height: 300px;
			position: static;
		}
	}
	.optgroup {
		display: inline-block;
		line-height: 22px;
		font-size: 10pt;
	}
	.optgroup .button {
		height: 25px;
		padding-top: 0;
		padding-bottom: 0;
	}
	.optgroup button.button {
		padding-left: 12px;
		padding-right: 12px;
	}
	.linklist {
		list-style: none;
		margin: 0.5em 0;
		padding: 0;
	}
	.linklist li {
		padding: 2px 0;
	}
	.sidebar {
		float: left;
		width: 320px;
	}
	.bar-wrapper {
		max-width: 1100px;
		margin: 0 auto;
	}
	.bar-wrapper.has-sidebar {
		max-width: 1430px;
	}
	.mainbar {
		margin: 0;
		padding-right: 1px;
	}
	.mainbar.has-sidebar {
		margin-left: 330px;
	}
	@media (min-width: 1511px) {
		.sidebar {
			width: 400px;
		}
		.bar-wrapper.has-sidebar {
			max-width: 1510px;
		}
		.mainbar.has-sidebar {
			margin-left: 410px;
		}
	}
	.section.first-section {
		margin-top: 9px;
	}
	.blocklink small {
		white-space: normal;
	}
	.button {
		vertical-align: middle;
	}
	.replay-controls {
		padding-top: 10px;
	}
	.replay-controls h1 {
		font-size: 16pt;
		font-weight: normal;
		color: #CCC;
	}
	.pagelink {
		text-align: center;
	}
	.pagelink a {
		width: 150px;
	}
	.textbox, .button {
		font-size: 11pt;
		vertical-align: middle;
	}
	@media (max-width: 450px) {
		.button {
			font-size: 9pt;
		}
	}
</style>

<div>

	<header>
		<div class="nav-wrapper"><ul class="nav">
			<li><a class="button nav-first" href="//pokemonshowdown.com/"><img src="//pokemonshowdown.com/images/pokemonshowdownbeta.png" srcset="//pokemonshowdown.com/images/pokemonshowdownbeta.png 1x, //pokemonshowdown.com/images/pokemonshowdownbeta@2x.png 2x" alt="Pok&eacute;mon Showdown" width="146" height="44" /> Home</a></li>
			<li><a class="button" href="//pokemonshowdown.com/dex/">Pok&eacute;dex</a></li>
			<li><a class="button cur" href="/">Replays</a></li>
			<li><a class="button" href="//pokemonshowdown.com/ladder/">Ladder</a></li>
			<li><a class="button nav-last" href="//pokemonshowdown.com/forums/">Forum</a></li>
			<li><a class="button greenbutton nav-first nav-last" href="//play.pokemonshowdown.com/">Play</a></li>
		</ul></div>
	</header>

	<div class="main" id="main">

		<noscript><section class="section">You need to enable JavaScript to use this page; sorry!</section></noscript>

	</div>

</div>

<script defer nomodule src="//play.pokemonshowdown.com/js/lib/ps-polyfill.js"></script>
<script defer src="//play.pokemonshowdown.com/js/lib/preact.min.js"></script>

<script defer src="//play.pokemonshowdown.com/config/config.js?6dec07f6"></script>
<script defer src="//play.pokemonshowdown.com/js/lib/jquery-1.11.0.min.js"></script>
<script defer src="//play.pokemonshowdown.com/js/lib/html-sanitizer-minified.js"></script>
<script defer src="//play.pokemonshowdown.com/js/battle-sound.js"></script>
<script defer src="//play.pokemonshowdown.com/js/battledata.js?0.6315294753075389"></script>
<script defer src="//play.pokemonshowdown.com/data/pokedex-mini.js?0.7603743185311358"></script>
<script defer src="//play.pokemonshowdown.com/data/pokedex-mini-bw.js?0.030888842834281283"></script>
<script defer src="//play.pokemonshowdown.com/data/graphics.js?0.05593094747507488"></script>
<script defer src="//play.pokemonshowdown.com/data/pokedex.js?0.47064822249611904"></script>
<script defer src="//play.pokemonshowdown.com/data/moves.js?0.8583693120512459"></script>
<script defer src="//play.pokemonshowdown.com/data/abilities.js?0.16017181182386842"></script>
<script defer src="//play.pokemonshowdown.com/data/items.js?0.4163379185673943"></script>
<script defer src="//play.pokemonshowdown.com/data/teambuilder-tables.js?0.31075597372830477"></script>
<script defer src="//play.pokemonshowdown.com/js/battle-tooltips.js?0.6536193500708172"></script>
<script defer src="//play.pokemonshowdown.com/js/battle.js?0.1916591943277901"></script>

<script defer src="js/utils.js?e31f9a17"></script>
<script defer src="js/replays-battle.js?7008c182"></script>

<!-- don't scrape this data! just add .json or .log after the URL!
Full API docs: https://github.com/smogon/pokemon-showdown-client/blob/master/WEB-API.md -->
<script type="text/plain" class="log" id="replaylog-smogtours-gen3ou-798984">
|inactive|Battle timer is ON: inactive players will automatically lose when time's up.
|t:|1729021561
|gametype|singles
|player|p1|Oskari SOSA|101|
|player|p2|LemonLC|102|
|teamsize|p1|6
|teamsize|p2|6
|gen|3
|tier|[Gen 3] OU
|rule|Sleep Clause Mod: Limit one foe put to sleep
|rule|Switch Priority Clause Mod: Faster Pokémon switch first
|rule|Species Clause: Limit one of each Pokémon
|rule|OHKO Clause: OHKO moves are banned
|rule|Evasion Items Clause: Evasion items are banned
|rule|Evasion Moves Clause: Evasion moves are banned
|rule|Endless Battle Clause: Forcing endless battles is banned
|rule|HP Percentage Mod: HP is shown in percentages
|rule|One Boost Passer Clause: Limit one Baton Passer that has a way to boost its stats
|rule|Freeze Clause Mod: Limit one foe frozen
|
|t:|1729021561
|start
|switch|p1a: Tyranitar|Tyranitar, M|100/100
|switch|p2a: Electhor|Zapdos|100/100
|-weather|Sandstorm|[from] ability: Sand Stream|[of] p1a: Tyranitar
|turn|1
|
|t:|1729021583
|switch|p2a: Métalosse|Metagross, shiny|100/100
|move|p1a: Tyranitar|Earthquake|p2a: Métalosse
|-supereffective|p2a: Métalosse
|-damage|p2a: Métalosse|42/100
|
|-weather|Sandstorm|[upkeep]
|upkeep
|turn|2
|
|t:|1729021598
|switch|p1a: Skarmory|Skarmory, M|100/100
|move|p2a: Métalosse|Explosion|p1a: Skarmory
|-resisted|p1a: Skarmory
|-damage|p1a: Skarmory|0 fnt
|faint|p2a: Métalosse
|faint|p1a: Skarmory
|
|t:|1729021615
|switch|p2a: Ronflex|Snorlax, M, shiny|100/100
|switch|p1a: Zapdos|Zapdos|100/100
|
|-weather|Sandstorm|[upkeep]
|-damage|p1a: Zapdos|94/100|[from] Sandstorm
|-damage|p2a: Ronflex|94/100|[from] Sandstorm
|-heal|p1a: Zapdos|100/100|[from] item: Leftovers
|-heal|p2a: Ronflex|100/100|[from] item: Leftovers
|upkeep
|turn|3
|
|t:|1729021622
|switch|p1a: Tyranitar|Tyranitar, M|100/100
|move|p2a: Ronflex|Curse|p2a: Ronflex
|-unboost|p2a: Ronflex|spe|1
|-boost|p2a: Ronflex|atk|1
|-boost|p2a: Ronflex|def|1
|
|-weather|Sandstorm|[upkeep]
|-damage|p2a: Ronflex|94/100|[from] Sandstorm
|-heal|p2a: Ronflex|100/100|[from] item: Leftovers
|upkeep
|turn|4
|
|t:|1729021634
|move|p1a: Tyranitar|Rock Slide|p2a: Ronflex
|-crit|p2a: Ronflex
|-damage|p2a: Ronflex|32/100
|cant|p2a: Ronflex|flinch
|
|-weather|Sandstorm|[upkeep]
|-damage|p2a: Ronflex|25/100|[from] Sandstorm
|-heal|p2a: Ronflex|32/100|[from] item: Leftovers
|upkeep
|turn|5
|c|☆Oskari SOSA|mb
|
|t:|1729021642
|move|p1a: Tyranitar|Rock Slide|p2a: Ronflex
|-damage|p2a: Ronflex|6/100
|move|p2a: Ronflex|Self-Destruct|p1a: Tyranitar
|-resisted|p1a: Tyranitar
|-damage|p1a: Tyranitar|0 fnt
|faint|p2a: Ronflex
|faint|p1a: Tyranitar
|c|☆LemonLC|alg
|
|t:|1729021661
|switch|p1a: Zapdos|Zapdos|100/100
|switch|p2a: Tyranocif|Tyranitar, M, shiny|100/100
|
|-weather|Sandstorm|[upkeep]
|-damage|p1a: Zapdos|94/100|[from] Sandstorm
|-heal|p1a: Zapdos|100/100|[from] item: Leftovers
|upkeep
|turn|6
|
|t:|1729021667
|switch|p1a: Swampert|Swampert, M|100/100
|move|p2a: Tyranocif|Crunch|p1a: Swampert
|-damage|p1a: Swampert|72/100
|
|-weather|Sandstorm|[upkeep]
|-heal|p1a: Swampert|78/100|[from] item: Leftovers
|upkeep
|turn|7
|
|t:|1729021674
|switch|p2a: Electhor|Zapdos|100/100
|move|p1a: Swampert|Toxic|p2a: Electhor
|-status|p2a: Electhor|tox
|
|-weather|Sandstorm|[upkeep]
|-damage|p2a: Electhor|94/100 tox|[from] Sandstorm
|-heal|p2a: Electhor|100/100 tox|[from] item: Leftovers
|-damage|p2a: Electhor|94/100 tox|[from] psn
|-heal|p1a: Swampert|85/100|[from] item: Leftovers
|upkeep
|turn|8
|
|t:|1729021683
|move|p1a: Swampert|Protect|p1a: Swampert
|-singleturn|p1a: Swampert|Protect
|move|p2a: Electhor|Agility|p2a: Electhor
|-boost|p2a: Electhor|spe|2
|
|-weather|Sandstorm|[upkeep]
|-damage|p2a: Electhor|88/100 tox|[from] Sandstorm
|-heal|p2a: Electhor|94/100 tox|[from] item: Leftovers
|-damage|p2a: Electhor|82/100 tox|[from] psn
|-heal|p1a: Swampert|91/100|[from] item: Leftovers
|upkeep
|turn|9
|
|t:|1729021687
|switch|p1a: Zapdos|Zapdos|100/100
|move|p2a: Electhor|Hidden Power|p1a: Zapdos
|-resisted|p1a: Zapdos
|-damage|p1a: Zapdos|91/100
|
|-weather|Sandstorm|[upkeep]
|-damage|p2a: Electhor|76/100 tox|[from] Sandstorm
|-damage|p1a: Zapdos|85/100|[from] Sandstorm
|-heal|p2a: Electhor|82/100 tox|[from] item: Leftovers
|-damage|p2a: Electhor|64/100 tox|[from] psn
|-heal|p1a: Zapdos|91/100|[from] item: Leftovers
|upkeep
|turn|10
|
|t:|1729021698
|move|p2a: Electhor|Baton Pass|p2a: Electhor
|
|t:|1729021701
|switch|p2a: Tyranocif|Tyranitar, M, shiny|100/100|[from] Baton Pass
|move|p1a: Zapdos|Thunderbolt|p2a: Tyranocif
|-damage|p2a: Tyranocif|62/100
|
|-weather|Sandstorm|[upkeep]
|-damage|p1a: Zapdos|85/100|[from] Sandstorm
|-heal|p2a: Tyranocif|68/100|[from] item: Leftovers
|-heal|p1a: Zapdos|91/100|[from] item: Leftovers
|upkeep
|turn|11
|
|t:|1729021714
|move|p2a: Tyranocif|Crunch|p1a: Zapdos
|-damage|p1a: Zapdos|53/100
|move|p1a: Zapdos|Toxic|p2a: Tyranocif
|-status|p2a: Tyranocif|tox
|
|-weather|Sandstorm|[upkeep]
|-damage|p1a: Zapdos|47/100|[from] Sandstorm
|-heal|p2a: Tyranocif|74/100 tox|[from] item: Leftovers
|-damage|p2a: Tyranocif|68/100 tox|[from] psn
|-heal|p1a: Zapdos|53/100|[from] item: Leftovers
|upkeep
|turn|12
|
|t:|1729021721
|move|p1a: Zapdos|Protect|p1a: Zapdos
|-singleturn|p1a: Zapdos|Protect
|move|p2a: Tyranocif|Crunch|p1a: Zapdos
|-activate|p1a: Zapdos|Protect
|
|-weather|Sandstorm|[upkeep]
|-damage|p1a: Zapdos|47/100|[from] Sandstorm
|-heal|p2a: Tyranocif|74/100 tox|[from] item: Leftovers
|-damage|p2a: Tyranocif|62/100 tox|[from] psn
|-heal|p1a: Zapdos|53/100|[from] item: Leftovers
|upkeep
|turn|13
|
|t:|1729021725
|switch|p1a: Swampert|Swampert, M|91/100
|move|p2a: Tyranocif|Crunch|p1a: Swampert
|-damage|p1a: Swampert|60/100
|
|-weather|Sandstorm|[upkeep]
|-heal|p2a: Tyranocif|68/100 tox|[from] item: Leftovers
|-damage|p2a: Tyranocif|49/100 tox|[from] psn
|-heal|p1a: Swampert|66/100|[from] item: Leftovers
|upkeep
|turn|14
|
|t:|1729021733
|switch|p2a: Electhor|Zapdos|64/100 tox
|move|p1a: Swampert|Surf|p2a: Electhor
|-crit|p2a: Electhor
|-damage|p2a: Electhor|16/100 tox
|
|-weather|Sandstorm|[upkeep]
|-damage|p2a: Electhor|10/100 tox|[from] Sandstorm
|-heal|p2a: Electhor|16/100 tox|[from] item: Leftovers
|-damage|p2a: Electhor|10/100 tox|[from] psn
|-heal|p1a: Swampert|72/100|[from] item: Leftovers
|upkeep
|turn|15
|
|t:|1729021742
|move|p1a: Swampert|Protect|p1a: Swampert
|-singleturn|p1a: Swampert|Protect
|move|p2a: Electhor|Hidden Power|p1a: Swampert
|-activate|p1a: Swampert|Protect
|
|-weather|Sandstorm|[upkeep]
|-damage|p2a: Electhor|4/100 tox|[from] Sandstorm
|-heal|p2a: Electhor|10/100 tox|[from] item: Leftovers
|-damage|p2a: Electhor|0 fnt|[from] psn
|faint|p2a: Electhor
|-heal|p1a: Swampert|78/100|[from] item: Leftovers
|upkeep
|
|t:|1729021745
|switch|p2a: Chapignon|Breloom, F, shiny|100/100
|turn|16
|
|t:|1729021753
|switch|p1a: Zapdos|Zapdos|53/100
|move|p2a: Chapignon|Substitute|p2a: Chapignon
|-start|p2a: Chapignon|Substitute
|-damage|p2a: Chapignon|76/100
|
|-weather|Sandstorm|[upkeep]
|-damage|p1a: Zapdos|47/100|[from] Sandstorm
|-damage|p2a: Chapignon|70/100|[from] Sandstorm
|-heal|p1a: Zapdos|53/100|[from] item: Leftovers
|-heal|p2a: Chapignon|76/100|[from] item: Leftovers
|upkeep
|turn|17
|
|t:|1729021758
|move|p1a: Zapdos|Hidden Power|p2a: Chapignon
|-supereffective|p2a: Chapignon
|-end|p2a: Chapignon|Substitute
|move|p2a: Chapignon|Spore|p1a: Zapdos
|-status|p1a: Zapdos|slp|[from] move: Spore
|
|-weather|Sandstorm|[upkeep]
|-damage|p1a: Zapdos|47/100 slp|[from] Sandstorm
|-damage|p2a: Chapignon|70/100|[from] Sandstorm
|-heal|p1a: Zapdos|53/100 slp|[from] item: Leftovers
|-heal|p2a: Chapignon|76/100|[from] item: Leftovers
|upkeep
|turn|18
|
|t:|1729021763
|switch|p1a: Gengar|Gengar, M|100/100
|move|p2a: Chapignon|Substitute|p2a: Chapignon
|-start|p2a: Chapignon|Substitute
|-damage|p2a: Chapignon|51/100
|
|-weather|Sandstorm|[upkeep]
|-damage|p1a: Gengar|94/100|[from] Sandstorm
|-damage|p2a: Chapignon|45/100|[from] Sandstorm
|-heal|p1a: Gengar|100/100|[from] item: Leftovers
|-heal|p2a: Chapignon|51/100|[from] item: Leftovers
|upkeep
|turn|19
|
|t:|1729021768
|move|p1a: Gengar|Taunt|p2a: Chapignon
|-start|p2a: Chapignon|move: Taunt
|cant|p2a: Chapignon|move: Taunt|Leech Seed
|
|-weather|Sandstorm|[upkeep]
|-damage|p1a: Gengar|94/100|[from] Sandstorm
|-damage|p2a: Chapignon|45/100|[from] Sandstorm
|-heal|p1a: Gengar|100/100|[from] item: Leftovers
|-heal|p2a: Chapignon|51/100|[from] item: Leftovers
|upkeep
|turn|20
|
|t:|1729021774
|-singleturn|p2a: Chapignon|move: Focus Punch
|move|p1a: Gengar|Thunderbolt|p2a: Chapignon
|-resisted|p2a: Chapignon
|-end|p2a: Chapignon|Substitute
|move|p2a: Chapignon|Focus Punch|p1a: Gengar
|-immune|p1a: Gengar
|
|-weather|Sandstorm|[upkeep]
|-damage|p1a: Gengar|94/100|[from] Sandstorm
|-damage|p2a: Chapignon|45/100|[from] Sandstorm
|-heal|p1a: Gengar|100/100|[from] item: Leftovers
|-heal|p2a: Chapignon|51/100|[from] item: Leftovers
|-end|p2a: Chapignon|move: Taunt|[silent]
|upkeep
|turn|21
|
|t:|1729021780
|switch|p2a: Tyranocif|Tyranitar, M, shiny|49/100 tox
|move|p1a: Gengar|Taunt|p2a: Tyranocif
|-start|p2a: Tyranocif|move: Taunt
|
|-weather|Sandstorm|[upkeep]
|-damage|p1a: Gengar|94/100|[from] Sandstorm
|-heal|p1a: Gengar|100/100|[from] item: Leftovers
|-heal|p2a: Tyranocif|55/100 tox|[from] item: Leftovers
|-damage|p2a: Tyranocif|49/100 tox|[from] psn
|upkeep
|turn|22
|
|t:|1729021787
|-activate|p1a: Gengar|move: Pursuit
|move|p2a: Tyranocif|Pursuit|p1a: Gengar|[from]Pursuit
|-supereffective|p1a: Gengar
|-damage|p1a: Gengar|19/100
|switch|p1a: Swampert|Swampert, M|78/100
|
|-weather|Sandstorm|[upkeep]
|-heal|p2a: Tyranocif|55/100 tox|[from] item: Leftovers
|-damage|p2a: Tyranocif|43/100 tox|[from] psn
|-end|p2a: Tyranocif|move: Taunt|[silent]
|-heal|p1a: Swampert|85/100|[from] item: Leftovers
|upkeep
|turn|23
|
|t:|1729021802
|move|p2a: Tyranocif|Crunch|p1a: Swampert
|-damage|p1a: Swampert|52/100
|move|p1a: Swampert|Surf|p2a: Tyranocif
|-supereffective|p2a: Tyranocif
|-damage|p2a: Tyranocif|0 fnt
|faint|p2a: Tyranocif
|
|t:|1729021812
|switch|p2a: Chapignon|Breloom, F, shiny|51/100
|
|-weather|Sandstorm|[upkeep]
|-damage|p2a: Chapignon|45/100|[from] Sandstorm
|-heal|p2a: Chapignon|51/100|[from] item: Leftovers
|-heal|p1a: Swampert|58/100|[from] item: Leftovers
|upkeep
|turn|24
|
|t:|1729021817
|move|p2a: Chapignon|Leech Seed|p1a: Swampert|[miss]
|-miss|p2a: Chapignon|p1a: Swampert
|move|p1a: Swampert|Surf|p2a: Chapignon
|-resisted|p2a: Chapignon
|-damage|p2a: Chapignon|17/100
|
|-weather|Sandstorm|[upkeep]
|-damage|p2a: Chapignon|11/100|[from] Sandstorm
|-heal|p2a: Chapignon|17/100|[from] item: Leftovers
|-heal|p1a: Swampert|64/100|[from] item: Leftovers
|upkeep
|turn|25
|
|t:|1729021827
|move|p2a: Chapignon|Leech Seed|p1a: Swampert
|-start|p1a: Swampert|move: Leech Seed
|move|p1a: Swampert|Surf|p2a: Chapignon
|-resisted|p2a: Chapignon
|-damage|p2a: Chapignon|0 fnt
|faint|p2a: Chapignon
|
|t:|1729021831
|switch|p2a: Suicune|Suicune, shiny|100/100
|
|-weather|Sandstorm|[upkeep]
|-damage|p2a: Suicune|94/100|[from] Sandstorm
|-heal|p2a: Suicune|100/100|[from] item: Leftovers
|-heal|p1a: Swampert|70/100|[from] item: Leftovers
|-damage|p1a: Swampert|58/100|[from] Leech Seed|[of] p2a: Suicune
|upkeep
|turn|26
|
|t:|1729021834
|move|p2a: Suicune|Calm Mind|p2a: Suicune
|-boost|p2a: Suicune|spa|1
|-boost|p2a: Suicune|spd|1
|move|p1a: Swampert|Toxic|p2a: Suicune
|-status|p2a: Suicune|tox
|
|-weather|Sandstorm|[upkeep]
|-damage|p2a: Suicune|94/100 tox|[from] Sandstorm
|-heal|p2a: Suicune|100/100 tox|[from] item: Leftovers
|-damage|p2a: Suicune|94/100 tox|[from] psn
|-heal|p1a: Swampert|64/100|[from] item: Leftovers
|-damage|p1a: Swampert|52/100|[from] Leech Seed|[of] p2a: Suicune
|-heal|p2a: Suicune|100/100 tox|[silent]
|upkeep
|turn|27
|
|t:|1729021841
|switch|p1a: Zapdos|Zapdos|53/100 slp
|move|p2a: Suicune|Calm Mind|p2a: Suicune
|-boost|p2a: Suicune|spa|1
|-boost|p2a: Suicune|spd|1
|
|-weather|Sandstorm|[upkeep]
|-damage|p1a: Zapdos|47/100 slp|[from] Sandstorm
|-damage|p2a: Suicune|94/100 tox|[from] Sandstorm
|-heal|p1a: Zapdos|53/100 slp|[from] item: Leftovers
|-heal|p2a: Suicune|100/100 tox|[from] item: Leftovers
|-damage|p2a: Suicune|88/100 tox|[from] psn
|upkeep
|turn|28
|
|t:|1729021845
|cant|p1a: Zapdos|slp
|move|p2a: Suicune|Surf|p1a: Zapdos
|-damage|p1a: Zapdos|0 fnt
|faint|p1a: Zapdos
|
|t:|1729021850
|switch|p1a: Gengar|Gengar, M|19/100
|
|-weather|Sandstorm|[upkeep]
|-damage|p1a: Gengar|13/100|[from] Sandstorm
|-damage|p2a: Suicune|82/100 tox|[from] Sandstorm
|-heal|p1a: Gengar|19/100|[from] item: Leftovers
|-heal|p2a: Suicune|88/100 tox|[from] item: Leftovers
|-damage|p2a: Suicune|70/100 tox|[from] psn
|upkeep
|turn|29
|
|t:|1729021858
|move|p1a: Gengar|Taunt|p2a: Suicune
|-start|p2a: Suicune|move: Taunt
|move|p2a: Suicune|Surf|p1a: Gengar
|-damage|p1a: Gengar|0 fnt
|faint|p1a: Gengar
|
|t:|1729021863
|switch|p1a: Aerodactyl|Aerodactyl, M|100/100
|
|-weather|Sandstorm|[upkeep]
|-damage|p2a: Suicune|63/100 tox|[from] Sandstorm
|-heal|p2a: Suicune|70/100 tox|[from] item: Leftovers
|-damage|p2a: Suicune|45/100 tox|[from] psn
|upkeep
|turn|30
|
|t:|1729021867
|move|p1a: Aerodactyl|Double-Edge|p2a: Suicune
|-damage|p2a: Suicune|13/100 tox
|move|p2a: Suicune|Surf|p1a: Aerodactyl
|-supereffective|p1a: Aerodactyl
|-damage|p1a: Aerodactyl|0 fnt
|faint|p1a: Aerodactyl
|
|t:|1729021870
|switch|p1a: Swampert|Swampert, M|52/100
|
|-weather|Sandstorm|[upkeep]
|-damage|p2a: Suicune|7/100 tox|[from] Sandstorm
|-heal|p2a: Suicune|13/100 tox|[from] item: Leftovers
|-damage|p2a: Suicune|0 fnt|[from] psn
|faint|p2a: Suicune
|
|win|Oskari SOSA
|upkeep
|c|☆Oskari SOSA|got lucky
|c|☆Oskari SOSA|gg
|c|☆LemonLC|gg no problem

</script>
<script type="application/json" class="data" id="replaydata-smogtours-gen3ou-798984">
{"id":"smogtours-gen3ou-798984","format":"[Gen 3] OU","players":["Oskari SOSA","LemonLC"],"uploadtime":1729021870,"views":139,"formatid":"gen3ou","rating":null,"private":0,"password":null}
</script>

<script defer src="js/replays.js?9d40a366"></script>
