<!DOCTYPE html>
<meta charset="utf-8" />
<meta name="viewport" content="width=device-width" />

<title>[Gen 3] OU: TaviTavi vs. knexhawk2 - Replays - Pok&eacute;mon Showdown!</title>

<meta name="description" content="Watch a replay of a Pok&eacute;mon battle between TaviTavi and knexhawk2! Format: [Gen 3] OU; Date: Oct 20, 2024" />
<!--

Hey, you! Looking in the source for the replay log?

You can find them in JSON format, just add `.json` at the end of a replay URL.

https://replay.pokemonshowdown.com/gen7randomdoublesbattle-865046831.json

Or, if you only need the log itself, add `.log` instead:

https://replay.pokemonshowdown.com/gen7randomdoublesbattle-865046831.log

-->

<link rel="stylesheet" href="//pokemonshowdown.com/style/global.css?0.023195364461161105" />
<link rel="stylesheet" href="//play.pokemonshowdown.com/style/font-awesome.css?0.13261647063804238" />
<link rel="stylesheet" href="//play.pokemonshowdown.com/style/battle.css?0.8753245789963631" />
<link rel="stylesheet" href="//play.pokemonshowdown.com/style/utilichart.css?0.8627959624976733" />

<!-- Global site tag (gtag.js) - Google Analytics -->
<script async src="https://www.googletagmanager.com/gtag/js?id=UA-26211653-1"></script>
<script>
  window.dataLayer = window.dataLayer || [];
  function gtag(){dataLayer.push(arguments);}
  gtag('js', new Date());

  gtag('config', 'UA-26211653-1');
</script>
<!-- End Google Analytics -->
<!-- Venatus Ad Manager - Install in <HEAD> of page -->
	<script src="https://hb.vntsm.com/v3/live/ad-manager.min.js" type="text/javascript" data-site-id="642aba63ec9a7b11c3c9c1be" data-mode="scan" async></script>
<!-- / Venatus Ad Manager -->

<style>
	@media (max-width:820px) {
		.battle {
			margin: 0 auto;
		}
		.battle-log {
			margin: 7px auto 0;
			max-width: 640px;
			height: 300px;
			position: static;
		}
	}
	.optgroup {
		display: inline-block;
		line-height: 22px;
		font-size: 10pt;
	}
	.optgroup .button {
		height: 25px;
		padding-top: 0;
		padding-bottom: 0;
	}
	.optgroup button.button {
		padding-left: 12px;
		padding-right: 12px;
	}
	.linklist {
		list-style: none;
		margin: 0.5em 0;
		padding: 0;
	}
	.linklist li {
		padding: 2px 0;
	}
	.sidebar {
		float: left;
		width: 320px;
	}
	.bar-wrapper {
		max-width: 1100px;
		margin: 0 auto;
	}
	.bar-wrapper.has-sidebar {
		max-width: 1430px;
	}
	.mainbar {
		margin: 0;
		padding-right: 1px;
	}
	.mainbar.has-sidebar {
		margin-left: 330px;
	}
	@media (min-width: 1511px) {
		.sidebar {
			width: 400px;
		}
		.bar-wrapper.has-sidebar {
			max-width: 1510px;
		}
		.mainbar.has-sidebar {
			margin-left: 410px;
		}
	}
	.section.first-section {
		margin-top: 9px;
	}
	.blocklink small {
		white-space: normal;
	}
	.button {
		vertical-align: middle;
	}
	.replay-controls {
		padding-top: 10px;
	}
	.replay-controls h1 {
		font-size: 16pt;
		font-weight: normal;
		color: #CCC;
	}
	.pagelink {
		text-align: center;
	}
	.pagelink a {
		width: 150px;
	}
	.textbox, .button {
		font-size: 11pt;
		vertical-align: middle;
	}
	@media (max-width: 450px) {
		.button {
			font-size: 9pt;
		}
	}
</style>

<div>

	<header>
		<div class="nav-wrapper"><ul class="nav">
			<li><a class="button nav-first" href="//pokemonshowdown.com/"><img src="//pokemonshowdown.com/images/pokemonshowdownbeta.png" srcset="//pokemonshowdown.com/images/pokemonshowdownbeta.png 1x, //pokemonshowdown.com/images/pokemonshowdownbeta@2x.png 2x" alt="Pok&eacute;mon Showdown" width="146" height="44" /> Home</a></li>
			<li><a class="button" href="//pokemonshowdown.com/dex/">Pok&eacute;dex</a></li>
			<li><a class="button cur" href="/">Replays</a></li>
			<li><a class="button" href="//pokemonshowdown.com/ladder/">Ladder</a></li>
			<li><a class="button nav-last" href="//pokemonshowdown.com/forums/">Forum</a></li>
			<li><a class="button greenbutton nav-first nav-last" href="//play.pokemonshowdown.com/">Play</a></li>
		</ul></div>
	</header>

	<div class="main" id="main">

		<noscript><section class="section">You need to enable JavaScript to use this page; sorry!</section></noscript>

	</div>

</div>

<script defer nomodule src="//play.pokemonshowdown.com/js/lib/ps-polyfill.js"></script>
<script defer src="//play.pokemonshowdown.com/js/lib/preact.min.js"></script>

<script defer src="//play.pokemonshowdown.com/config/config.js?2bddbc15"></script>
<script defer src="//play.pokemonshowdown.com/js/lib/jquery-1.11.0.min.js"></script>
<script defer src="//play.pokemonshowdown.com/js/lib/html-sanitizer-minified.js"></script>
<script defer src="//play.pokemonshowdown.com/js/battle-sound.js"></script>
<script defer src="//play.pokemonshowdown.com/js/battledata.js?0.7209276989879541"></script>
<script defer src="//play.pokemonshowdown.com/data/pokedex-mini.js?0.6111056340867951"></script>
<script defer src="//play.pokemonshowdown.com/data/pokedex-mini-bw.js?0.3532142036491459"></script>
<script defer src="//play.pokemonshowdown.com/data/graphics.js?0.24223875632456182"></script>
<script defer src="//play.pokemonshowdown.com/data/pokedex.js?0.38839984266356864"></script>
<script defer src="//play.pokemonshowdown.com/data/moves.js?0.21866028504024015"></script>
<script defer src="//play.pokemonshowdown.com/data/abilities.js?0.2005157953846628"></script>
<script defer src="//play.pokemonshowdown.com/data/items.js?0.9894211263848525"></script>
<script defer src="//play.pokemonshowdown.com/data/teambuilder-tables.js?0.6008791140282215"></script>
<script defer src="//play.pokemonshowdown.com/js/battle-tooltips.js?0.7580118955022959"></script>
<script defer src="//play.pokemonshowdown.com/js/battle.js?0.6057722274234274"></script>

<script defer src="js/utils.js?e31f9a17"></script>
<script defer src="js/replays-battle.js?7008c182"></script>

<!-- don't scrape this data! just add .json or .log after the URL!
Full API docs: https://github.com/smogon/pokemon-showdown-client/blob/master/WEB-API.md -->
<script type="text/plain" class="log" id="replaylog-smogtours-gen3ou-800404">
|inactive|Battle timer is ON: inactive players will automatically lose when time's up.
|badge|p2|silver|gen9ou|30-3
|uhtml|medal-msg|<div class="broadcast-blue">Curious what those medals under the avatar are? PS now has Ladder Seasons! For more information, check out the <a href="https://www.smogon.com/forums/threads/3740067/">thread on Smogon.<\/a><\/div>
|t:|1729436668
|gametype|singles
|player|p1|TaviTavi|2|
|player|p2|knexhawk2|benga|
|teamsize|p1|6
|teamsize|p2|6
|gen|3
|tier|[Gen 3] OU
|rule|Sleep Clause Mod: Limit one foe put to sleep
|rule|Switch Priority Clause Mod: Faster Pokémon switch first
|rule|Species Clause: Limit one of each Pokémon
|rule|OHKO Clause: OHKO moves are banned
|rule|Evasion Items Clause: Evasion items are banned
|rule|Evasion Moves Clause: Evasion moves are banned
|rule|Endless Battle Clause: Forcing endless battles is banned
|rule|HP Percentage Mod: HP is shown in percentages
|rule|One Boost Passer Clause: Limit one Baton Passer that has a way to boost its stats
|rule|Freeze Clause Mod: Limit one foe frozen
|
|t:|1729436668
|start
|switch|p1a: Salamence|Salamence, F|100/100
|switch|p2a: Metagross|Metagross|100/100
|-ability|p1a: Salamence|Intimidate|boost
|-fail|p2a: Metagross|unboost|[from] ability: Clear Body|[of] p2a: Metagross
|turn|1
|inactive|TaviTavi has 270 seconds left.
|
|t:|1729436701
|switch|p1a: Swampert|Swampert, M|100/100
|switch|p2a: Gyarados|Gyarados, F|100/100
|-ability|p2a: Gyarados|Intimidate|boost
|-unboost|p1a: Swampert|atk|1
|
|upkeep
|turn|2
|
|t:|1729436711
|switch|p2a: Celebi|Celebi|100/100
|switch|p1a: Skarmory|Skarmory, M|100/100
|
|upkeep
|turn|3
|
|t:|1729436720
|switch|p2a: Magneton|Magneton, shiny|100/100
|move|p1a: Skarmory|Spikes|p2a: Magneton
|-sidestart|p2: knexhawk2|Spikes
|
|upkeep
|turn|4
|
|t:|1729436726
|move|p2a: Magneton|Thunderbolt|p1a: Skarmory
|-supereffective|p1a: Skarmory
|-damage|p1a: Skarmory|12/100
|move|p1a: Skarmory|Spikes|p2a: Magneton
|-sidestart|p2: knexhawk2|Spikes
|
|-heal|p1a: Skarmory|18/100|[from] item: Leftovers
|upkeep
|turn|5
|
|t:|1729436734
|move|p2a: Magneton|Thunderbolt|p1a: Skarmory
|-supereffective|p1a: Skarmory
|-damage|p1a: Skarmory|0 fnt
|faint|p1a: Skarmory
|inactive|TaviTavi has 270 seconds left.
|
|t:|1729436765
|switch|p1a: Swampert|Swampert, M|100/100
|
|upkeep
|turn|6
|
|t:|1729436770
|switch|p2a: Celebi|Celebi|100/100
|-damage|p2a: Celebi|84/100|[from] Spikes
|move|p1a: Swampert|Ice Beam|p2a: Celebi
|-supereffective|p2a: Celebi
|-damage|p2a: Celebi|46/100
|
|-heal|p2a: Celebi|52/100|[from] item: Leftovers
|upkeep
|turn|7
|
|t:|1729436782
|switch|p1a: Aerodactyl|Aerodactyl, M|100/100
|move|p2a: Celebi|Recover|p2a: Celebi
|-heal|p2a: Celebi|100/100
|
|upkeep
|turn|8
|inactive|TaviTavi has 270 seconds left.
|
|t:|1729436816
|switch|p2a: Donphan|Donphan, F|100/100
|-damage|p2a: Donphan|84/100|[from] Spikes
|move|p1a: Aerodactyl|Rock Slide|p2a: Donphan|[miss]
|-miss|p1a: Aerodactyl|p2a: Donphan
|
|-heal|p2a: Donphan|90/100|[from] item: Leftovers
|upkeep
|turn|9
|
|t:|1729436822
|switch|p1a: Salamence|Salamence, F|100/100
|-ability|p1a: Salamence|Intimidate|boost
|-unboost|p2a: Donphan|atk|1
|move|p2a: Donphan|Rapid Spin|p1a: Salamence
|-damage|p1a: Salamence|95/100
|-sideend|p2: knexhawk2|Spikes|[from] move: Rapid Spin|[of] p2a: Donphan
|
|-heal|p1a: Salamence|100/100|[from] item: Leftovers
|-heal|p2a: Donphan|96/100|[from] item: Leftovers
|upkeep
|turn|10
|inactive|TaviTavi has 270 seconds left.
|
|t:|1729436833
|move|p2a: Donphan|Protect|p2a: Donphan
|-singleturn|p2a: Donphan|Protect
|move|p1a: Salamence|Hydro Pump|p2a: Donphan
|-activate|p2a: Donphan|Protect
|
|-heal|p2a: Donphan|100/100|[from] item: Leftovers
|upkeep
|turn|11
|inactive|TaviTavi has 270 seconds left.
|
|t:|1729436867
|switch|p2a: Umbreon|Umbreon, M, shiny|100/100
|move|p1a: Salamence|Hydro Pump|p2a: Umbreon
|-damage|p2a: Umbreon|77/100
|
|-heal|p2a: Umbreon|83/100|[from] item: Leftovers
|upkeep
|turn|12
|
|t:|1729436873
|switch|p1a: Celebi|Celebi|100/100
|move|p2a: Umbreon|Wish|p2a: Umbreon
|
|-heal|p2a: Umbreon|89/100|[from] item: Leftovers
|upkeep
|turn|13
|
|t:|1729436883
|switch|p2a: Gyarados|Gyarados, F|100/100
|-ability|p2a: Gyarados|Intimidate|boost
|-unboost|p1a: Celebi|atk|1
|move|p1a: Celebi|Leech Seed|p2a: Gyarados
|-start|p2a: Gyarados|move: Leech Seed
|
|-damage|p2a: Gyarados|88/100|[from] Leech Seed|[of] p1a: Celebi
|upkeep
|turn|14
|
|t:|1729436890
|move|p1a: Celebi|Psychic|p2a: Gyarados
|-damage|p2a: Gyarados|52/100
|move|p2a: Gyarados|Hidden Power|p1a: Celebi
|-supereffective|p1a: Celebi
|-damage|p1a: Celebi|39/100
|
|-heal|p1a: Celebi|45/100|[from] item: Leftovers
|-heal|p2a: Gyarados|58/100|[from] item: Leftovers
|-damage|p2a: Gyarados|46/100|[from] Leech Seed|[of] p1a: Celebi
|-heal|p1a: Celebi|57/100|[silent]
|upkeep
|turn|15
|
|t:|1729436902
|switch|p1a: Salamence|Salamence, F|100/100
|-ability|p1a: Salamence|Intimidate|boost
|-unboost|p2a: Gyarados|atk|1
|switch|p2a: Metagross|Metagross|100/100
|
|upkeep
|turn|16
|inactive|TaviTavi has 270 seconds left.
|
|t:|1729436915
|switch|p1a: Swampert|Swampert, M|100/100
|switch|p2a: Umbreon|Umbreon, M, shiny|89/100
|
|-heal|p2a: Umbreon|95/100|[from] item: Leftovers
|upkeep
|turn|17
|
|t:|1729436920
|switch|p1a: Celebi|Celebi|57/100
|move|p2a: Umbreon|Protect||[still]
|-fail|p2a: Umbreon
|
|-heal|p1a: Celebi|63/100|[from] item: Leftovers
|-heal|p2a: Umbreon|100/100|[from] item: Leftovers
|upkeep
|turn|18
|
|t:|1729436925
|switch|p2a: Metagross|Metagross|100/100
|move|p1a: Celebi|Leech Seed|p2a: Metagross
|-start|p2a: Metagross|move: Leech Seed
|
|-heal|p1a: Celebi|70/100|[from] item: Leftovers
|-damage|p2a: Metagross|88/100|[from] Leech Seed|[of] p1a: Celebi
|-heal|p1a: Celebi|81/100|[silent]
|upkeep
|turn|19
|
|t:|1729436943
|switch|p2a: Gyarados|Gyarados, F|46/100
|-ability|p2a: Gyarados|Intimidate|boost
|-unboost|p1a: Celebi|atk|1
|move|p1a: Celebi|Hidden Power|p2a: Gyarados
|-resisted|p2a: Gyarados
|-damage|p2a: Gyarados|37/100
|
|-heal|p1a: Celebi|87/100|[from] item: Leftovers
|-heal|p2a: Gyarados|43/100|[from] item: Leftovers
|upkeep
|turn|20
|
|t:|1729436958
|switch|p1a: Salamence|Salamence, F|100/100
|-ability|p1a: Salamence|Intimidate|boost
|-unboost|p2a: Gyarados|atk|1
|switch|p2a: Celebi|Celebi|100/100
|
|upkeep
|turn|21
|
|t:|1729436963
|switch|p2a: Umbreon|Umbreon, M, shiny|100/100
|move|p1a: Salamence|Fire Blast|p2a: Umbreon
|-damage|p2a: Umbreon|75/100
|
|-heal|p2a: Umbreon|81/100|[from] item: Leftovers
|upkeep
|turn|22
|
|t:|1729436977
|switch|p1a: Tyranitar|Tyranitar, M|100/100
|-weather|Sandstorm|[from] ability: Sand Stream|[of] p1a: Tyranitar
|move|p2a: Umbreon|Wish|p2a: Umbreon
|
|-weather|Sandstorm|[upkeep]
|-damage|p2a: Umbreon|75/100|[from] Sandstorm
|-heal|p2a: Umbreon|81/100|[from] item: Leftovers
|upkeep
|turn|23
|
|t:|1729436991
|switch|p2a: Metagross|Metagross|88/100
|move|p1a: Tyranitar|Rock Slide|p2a: Metagross
|-resisted|p2a: Metagross
|-damage|p2a: Metagross|72/100
|
|-heal|p2a: Metagross|100/100|[from] move: Wish|[wisher] Umbreon
|-weather|Sandstorm|[upkeep]
|upkeep
|turn|24
|
|t:|1729436997
|switch|p2a: Gyarados|Gyarados, F|43/100
|-ability|p2a: Gyarados|Intimidate|boost
|-unboost|p1a: Tyranitar|atk|1
|switch|p1a: Swampert|Swampert, M|100/100
|
|-weather|Sandstorm|[upkeep]
|-damage|p2a: Gyarados|37/100|[from] Sandstorm
|-heal|p2a: Gyarados|43/100|[from] item: Leftovers
|upkeep
|turn|25
|
|t:|1729437004
|switch|p1a: Salamence|Salamence, F|100/100
|-ability|p1a: Salamence|Intimidate|boost
|-unboost|p2a: Gyarados|atk|1
|move|p2a: Gyarados|Dragon Dance|p2a: Gyarados
|-boost|p2a: Gyarados|atk|1
|-boost|p2a: Gyarados|spe|1
|
|-weather|Sandstorm|[upkeep]
|-damage|p2a: Gyarados|37/100|[from] Sandstorm
|-damage|p1a: Salamence|94/100|[from] Sandstorm
|-heal|p2a: Gyarados|43/100|[from] item: Leftovers
|-heal|p1a: Salamence|100/100|[from] item: Leftovers
|upkeep
|turn|26
|inactive|knexhawk2 has 270 seconds left.
|
|t:|1729437043
|move|p2a: Gyarados|Hidden Power|p1a: Salamence
|-damage|p1a: Salamence|57/100
|move|p1a: Salamence|Dragon Claw|p2a: Gyarados
|-damage|p2a: Gyarados|12/100
|
|-weather|Sandstorm|[upkeep]
|-damage|p2a: Gyarados|5/100|[from] Sandstorm
|-damage|p1a: Salamence|51/100|[from] Sandstorm
|-heal|p2a: Gyarados|12/100|[from] item: Leftovers
|-heal|p1a: Salamence|57/100|[from] item: Leftovers
|upkeep
|turn|27
|inactive|knexhawk2 has 270 seconds left.
|
|t:|1729437055
|move|p2a: Gyarados|Rest|p2a: Gyarados
|-status|p2a: Gyarados|slp|[from] move: Rest
|-heal|p2a: Gyarados|100/100 slp|[silent]
|move|p1a: Salamence|Dragon Claw|p2a: Gyarados
|-crit|p2a: Gyarados
|-damage|p2a: Gyarados|38/100 slp
|
|-weather|Sandstorm|[upkeep]
|-damage|p2a: Gyarados|31/100 slp|[from] Sandstorm
|-damage|p1a: Salamence|51/100|[from] Sandstorm
|-heal|p2a: Gyarados|38/100 slp|[from] item: Leftovers
|-heal|p1a: Salamence|57/100|[from] item: Leftovers
|upkeep
|turn|28
|inactive|knexhawk2 has 270 seconds left.
|
|t:|1729437069
|switch|p2a: Celebi|Celebi|100/100
|move|p1a: Salamence|Dragon Claw|p2a: Celebi
|-damage|p2a: Celebi|72/100
|
|-weather|Sandstorm|[upkeep]
|-damage|p1a: Salamence|51/100|[from] Sandstorm
|-damage|p2a: Celebi|66/100|[from] Sandstorm
|-heal|p1a: Salamence|57/100|[from] item: Leftovers
|-heal|p2a: Celebi|72/100|[from] item: Leftovers
|upkeep
|turn|29
|
|t:|1729437077
|switch|p2a: Umbreon|Umbreon, M, shiny|81/100
|move|p1a: Salamence|Fire Blast|p2a: Umbreon
|-crit|p2a: Umbreon
|-damage|p2a: Umbreon|35/100
|-status|p2a: Umbreon|brn
|-status|p1a: Salamence|brn|[from] ability: Synchronize|[of] p2a: Umbreon
|
|-weather|Sandstorm|[upkeep]
|-damage|p1a: Salamence|51/100 brn|[from] Sandstorm
|-damage|p2a: Umbreon|29/100 brn|[from] Sandstorm
|-heal|p1a: Salamence|57/100 brn|[from] item: Leftovers
|-damage|p1a: Salamence|44/100 brn|[from] brn
|-heal|p2a: Umbreon|35/100 brn|[from] item: Leftovers
|-damage|p2a: Umbreon|22/100 brn|[from] brn
|upkeep
|turn|30
|
|t:|1729437082
|move|p1a: Salamence|Brick Break|p2a: Umbreon
|-supereffective|p2a: Umbreon
|-damage|p2a: Umbreon|4/100 brn
|move|p2a: Umbreon|Wish|p2a: Umbreon
|
|-weather|Sandstorm|[upkeep]
|-damage|p1a: Salamence|38/100 brn|[from] Sandstorm
|-damage|p2a: Umbreon|0 fnt|[from] Sandstorm
|faint|p2a: Umbreon
|-heal|p1a: Salamence|44/100 brn|[from] item: Leftovers
|-damage|p1a: Salamence|32/100 brn|[from] brn
|upkeep
|
|t:|1729437087
|switch|p2a: Gyarados|Gyarados, F|38/100 slp
|-ability|p2a: Gyarados|Intimidate|boost
|-unboost|p1a: Salamence|atk|1
|turn|31
|
|t:|1729437097
|switch|p1a: Aerodactyl|Aerodactyl, M|100/100
|cant|p2a: Gyarados|slp
|
|-heal|p2a: Gyarados|88/100 slp|[from] move: Wish|[wisher] Umbreon
|-weather|Sandstorm|[upkeep]
|-damage|p2a: Gyarados|81/100 slp|[from] Sandstorm
|-heal|p2a: Gyarados|88/100 slp|[from] item: Leftovers
|upkeep
|turn|32
|
|t:|1729437124
|switch|p2a: Donphan|Donphan, F|100/100
|move|p1a: Aerodactyl|Rock Slide|p2a: Donphan
|-resisted|p2a: Donphan
|-damage|p2a: Donphan|85/100
|
|-weather|Sandstorm|[upkeep]
|-heal|p2a: Donphan|91/100|[from] item: Leftovers
|upkeep
|turn|33
|
|t:|1729437139
|switch|p1a: Celebi|Celebi|87/100
|move|p2a: Donphan|Toxic|p1a: Celebi
|-status|p1a: Celebi|tox
|
|-weather|Sandstorm|[upkeep]
|-damage|p1a: Celebi|81/100 tox|[from] Sandstorm
|-heal|p1a: Celebi|87/100 tox|[from] item: Leftovers
|-damage|p1a: Celebi|81/100 tox|[from] psn
|-heal|p2a: Donphan|97/100|[from] item: Leftovers
|upkeep
|turn|34
|
|t:|1729437145
|switch|p2a: Celebi|Celebi|72/100
|move|p1a: Celebi|Leech Seed|p2a: Celebi
|-immune|p2a: Celebi
|
|-weather|Sandstorm|[upkeep]
|-damage|p1a: Celebi|75/100 tox|[from] Sandstorm
|-damage|p2a: Celebi|66/100|[from] Sandstorm
|-heal|p1a: Celebi|81/100 tox|[from] item: Leftovers
|-damage|p1a: Celebi|69/100 tox|[from] psn
|-heal|p2a: Celebi|72/100|[from] item: Leftovers
|upkeep
|turn|35
|
|t:|1729437157
|-curestatus|p1a: Celebi|tox|[from] ability: Natural Cure
|switch|p1a: Tyranitar|Tyranitar, M|100/100
|move|p2a: Celebi|Recover|p2a: Celebi
|-heal|p2a: Celebi|100/100
|
|-weather|Sandstorm|[upkeep]
|-damage|p2a: Celebi|94/100|[from] Sandstorm
|-heal|p2a: Celebi|100/100|[from] item: Leftovers
|upkeep
|turn|36
|
|t:|1729437168
|switch|p2a: Donphan|Donphan, F|97/100
|move|p1a: Tyranitar|Hidden Power|p2a: Donphan
|-damage|p2a: Donphan|77/100
|
|-weather|Sandstorm|[upkeep]
|-heal|p2a: Donphan|83/100|[from] item: Leftovers
|upkeep
|turn|37
|
|t:|1729437178
|switch|p1a: Celebi|Celebi|69/100
|move|p2a: Donphan|Toxic|p1a: Celebi
|-status|p1a: Celebi|tox
|
|-weather|Sandstorm|[upkeep]
|-damage|p1a: Celebi|63/100 tox|[from] Sandstorm
|-heal|p1a: Celebi|69/100 tox|[from] item: Leftovers
|-damage|p1a: Celebi|63/100 tox|[from] psn
|-heal|p2a: Donphan|89/100|[from] item: Leftovers
|upkeep
|turn|38
|
|t:|1729437186
|move|p2a: Donphan|Protect|p2a: Donphan
|-singleturn|p2a: Donphan|Protect
|move|p1a: Celebi|Giga Drain|p2a: Donphan
|-activate|p2a: Donphan|Protect
|
|-weather|Sandstorm|[upkeep]
|-damage|p1a: Celebi|57/100 tox|[from] Sandstorm
|-heal|p1a: Celebi|63/100 tox|[from] item: Leftovers
|-damage|p1a: Celebi|50/100 tox|[from] psn
|-heal|p2a: Donphan|95/100|[from] item: Leftovers
|upkeep
|turn|39
|
|t:|1729437193
|-curestatus|p1a: Celebi|tox|[from] ability: Natural Cure
|switch|p1a: Aerodactyl|Aerodactyl, M|100/100
|switch|p2a: Celebi|Celebi|100/100
|
|-weather|Sandstorm|[upkeep]
|-damage|p2a: Celebi|94/100|[from] Sandstorm
|-heal|p2a: Celebi|100/100|[from] item: Leftovers
|upkeep
|turn|40
|
|t:|1729437205
|switch|p2a: Donphan|Donphan, F|95/100
|move|p1a: Aerodactyl|Double-Edge|p2a: Donphan
|-damage|p2a: Donphan|61/100
|
|-weather|Sandstorm|[upkeep]
|-heal|p2a: Donphan|67/100|[from] item: Leftovers
|upkeep
|turn|41
|
|t:|1729437214
|move|p1a: Aerodactyl|Double-Edge|p2a: Donphan
|-damage|p2a: Donphan|33/100
|move|p2a: Donphan|Toxic|p1a: Aerodactyl
|-status|p1a: Aerodactyl|tox
|
|-weather|Sandstorm|[upkeep]
|-damage|p1a: Aerodactyl|95/100 tox|[from] psn
|-heal|p2a: Donphan|39/100|[from] item: Leftovers
|upkeep
|turn|42
|
|t:|1729437239
|switch|p1a: Swampert|Swampert, M|100/100
|move|p2a: Donphan|Protect||[still]
|-fail|p2a: Donphan
|
|-weather|Sandstorm|[upkeep]
|-heal|p2a: Donphan|45/100|[from] item: Leftovers
|upkeep
|turn|43
|inactive|TaviTavi has 270 seconds left.
|
|t:|1729437257
|move|p2a: Donphan|Protect|p2a: Donphan
|-singleturn|p2a: Donphan|Protect
|move|p1a: Swampert|Hydro Pump|p2a: Donphan
|-activate|p2a: Donphan|Protect
|
|-weather|Sandstorm|[upkeep]
|-heal|p2a: Donphan|51/100|[from] item: Leftovers
|upkeep
|turn|44
|inactive|TaviTavi has 270 seconds left.
|
|t:|1729437291
|switch|p2a: Gyarados|Gyarados, F|88/100 slp
|-ability|p2a: Gyarados|Intimidate|boost
|-unboost|p1a: Swampert|atk|1
|switch|p1a: Celebi|Celebi|50/100
|
|-weather|Sandstorm|[upkeep]
|-damage|p1a: Celebi|44/100|[from] Sandstorm
|-damage|p2a: Gyarados|81/100 slp|[from] Sandstorm
|-heal|p1a: Celebi|50/100|[from] item: Leftovers
|-heal|p2a: Gyarados|88/100 slp|[from] item: Leftovers
|upkeep
|turn|45
|
|t:|1729437299
|move|p1a: Celebi|Leech Seed|p2a: Gyarados
|-start|p2a: Gyarados|move: Leech Seed
|cant|p2a: Gyarados|slp
|
|-weather|Sandstorm|[upkeep]
|-damage|p1a: Celebi|44/100|[from] Sandstorm
|-damage|p2a: Gyarados|81/100 slp|[from] Sandstorm
|-heal|p1a: Celebi|50/100|[from] item: Leftovers
|-heal|p2a: Gyarados|88/100 slp|[from] item: Leftovers
|-damage|p2a: Gyarados|75/100 slp|[from] Leech Seed|[of] p1a: Celebi
|-heal|p1a: Celebi|63/100|[silent]
|upkeep
|turn|46
|
|t:|1729437311
|switch|p1a: Swampert|Swampert, M|100/100
|switch|p2a: Celebi|Celebi|100/100
|
|-weather|Sandstorm|[upkeep]
|-damage|p2a: Celebi|94/100|[from] Sandstorm
|-heal|p2a: Celebi|100/100|[from] item: Leftovers
|upkeep
|turn|47
|
|t:|1729437321
|switch|p1a: Celebi|Celebi|63/100
|move|p2a: Celebi|Hidden Power|p1a: Celebi
|-resisted|p1a: Celebi
|-damage|p1a: Celebi|51/100
|
|-weather|Sandstorm|[upkeep]
|-damage|p1a: Celebi|44/100|[from] Sandstorm
|-damage|p2a: Celebi|94/100|[from] Sandstorm
|-heal|p1a: Celebi|51/100|[from] item: Leftovers
|-heal|p2a: Celebi|100/100|[from] item: Leftovers
|upkeep
|turn|48
|inactive|TaviTavi has 270 seconds left.
|
|t:|1729437340
|move|p1a: Celebi|Hidden Power|p2a: Celebi
|-supereffective|p2a: Celebi
|-damage|p2a: Celebi|68/100
|move|p2a: Celebi|Perish Song|p2a: Celebi
|-start|p1a: Celebi|perish3|[silent]
|-start|p2a: Celebi|perish3|[silent]
|-fieldactivate|move: Perish Song
|
|-weather|Sandstorm|[upkeep]
|-damage|p1a: Celebi|44/100|[from] Sandstorm
|-damage|p2a: Celebi|62/100|[from] Sandstorm
|-heal|p1a: Celebi|51/100|[from] item: Leftovers
|-heal|p2a: Celebi|68/100|[from] item: Leftovers
|-start|p1a: Celebi|perish3
|-start|p2a: Celebi|perish3
|upkeep
|turn|49
|
|t:|1729437349
|switch|p1a: Swampert|Swampert, M|100/100
|move|p2a: Celebi|Recover|p2a: Celebi
|-heal|p2a: Celebi|100/100
|
|-weather|Sandstorm|[upkeep]
|-damage|p2a: Celebi|94/100|[from] Sandstorm
|-heal|p2a: Celebi|100/100|[from] item: Leftovers
|-start|p2a: Celebi|perish2
|upkeep
|turn|50
|inactive|TaviTavi has 270 seconds left.
|
|t:|1729437360
|switch|p2a: Magneton|Magneton, shiny|100/100
|switch|p1a: Tyranitar|Tyranitar, M|100/100
|
|-weather|Sandstorm|[upkeep]
|upkeep
|turn|51
|inactive|TaviTavi has 270 seconds left.
|
|t:|1729437370
|switch|p2a: Donphan|Donphan, F|51/100
|move|p1a: Tyranitar|Earthquake|p2a: Donphan
|-damage|p2a: Donphan|26/100
|
|-weather|Sandstorm|[upkeep]
|-heal|p2a: Donphan|32/100|[from] item: Leftovers
|upkeep
|turn|52
|inactive|TaviTavi has 270 seconds left.
|
|t:|1729437382
|switch|p1a: Salamence|Salamence, F|32/100 brn
|-ability|p1a: Salamence|Intimidate|boost
|-unboost|p2a: Donphan|atk|1
|move|p2a: Donphan|Protect||[still]
|-fail|p2a: Donphan
|
|-weather|Sandstorm|[upkeep]
|-damage|p1a: Salamence|26/100 brn|[from] Sandstorm
|-heal|p1a: Salamence|32/100 brn|[from] item: Leftovers
|-damage|p1a: Salamence|19/100 brn|[from] brn
|-heal|p2a: Donphan|38/100|[from] item: Leftovers
|upkeep
|turn|53
|
|t:|1729437391
|move|p2a: Donphan|Protect|p2a: Donphan
|-singleturn|p2a: Donphan|Protect
|move|p1a: Salamence|Dragon Claw|p2a: Donphan
|-activate|p2a: Donphan|Protect
|
|-weather|Sandstorm|[upkeep]
|-damage|p1a: Salamence|13/100 brn|[from] Sandstorm
|-heal|p1a: Salamence|19/100 brn|[from] item: Leftovers
|-damage|p1a: Salamence|7/100 brn|[from] brn
|-heal|p2a: Donphan|44/100|[from] item: Leftovers
|upkeep
|turn|54
|
|t:|1729437398
|switch|p2a: Gyarados|Gyarados, F|75/100 slp
|-ability|p2a: Gyarados|Intimidate|boost
|-unboost|p1a: Salamence|atk|1
|move|p1a: Salamence|Fire Blast|p2a: Gyarados
|-resisted|p2a: Gyarados
|-damage|p2a: Gyarados|59/100 slp
|
|-weather|Sandstorm|[upkeep]
|-damage|p1a: Salamence|1/100 brn|[from] Sandstorm
|-damage|p2a: Gyarados|53/100 slp|[from] Sandstorm
|-heal|p1a: Salamence|7/100 brn|[from] item: Leftovers
|-damage|p1a: Salamence|0 fnt|[from] brn
|faint|p1a: Salamence
|-heal|p2a: Gyarados|59/100 slp|[from] item: Leftovers
|upkeep
|
|t:|1729437405
|switch|p1a: Swampert|Swampert, M|100/100
|turn|55
|
|t:|1729437409
|switch|p2a: Celebi|Celebi|100/100
|move|p1a: Swampert|Curse|p1a: Swampert
|-unboost|p1a: Swampert|spe|1
|-boost|p1a: Swampert|atk|1
|-boost|p1a: Swampert|def|1
|
|-weather|Sandstorm|[upkeep]
|-damage|p2a: Celebi|94/100|[from] Sandstorm
|-heal|p2a: Celebi|100/100|[from] item: Leftovers
|upkeep
|turn|56
|
|t:|1729437422
|switch|p1a: Celebi|Celebi|51/100
|move|p2a: Celebi|Hidden Power|p1a: Celebi
|-resisted|p1a: Celebi
|-damage|p1a: Celebi|39/100
|
|-weather|Sandstorm|[upkeep]
|-damage|p1a: Celebi|33/100|[from] Sandstorm
|-damage|p2a: Celebi|94/100|[from] Sandstorm
|-heal|p1a: Celebi|39/100|[from] item: Leftovers
|-heal|p2a: Celebi|100/100|[from] item: Leftovers
|upkeep
|turn|57
|
|t:|1729437425
|move|p1a: Celebi|Hidden Power|p2a: Celebi
|-supereffective|p2a: Celebi
|-damage|p2a: Celebi|68/100
|move|p2a: Celebi|Hidden Power|p1a: Celebi
|-resisted|p1a: Celebi
|-damage|p1a: Celebi|27/100
|
|-weather|Sandstorm|[upkeep]
|-damage|p1a: Celebi|21/100|[from] Sandstorm
|-damage|p2a: Celebi|62/100|[from] Sandstorm
|-heal|p1a: Celebi|27/100|[from] item: Leftovers
|-heal|p2a: Celebi|68/100|[from] item: Leftovers
|upkeep
|turn|58
|
|t:|1729437430
|move|p1a: Celebi|Hidden Power|p2a: Celebi
|-supereffective|p2a: Celebi
|-damage|p2a: Celebi|35/100
|move|p2a: Celebi|Recover|p2a: Celebi
|-heal|p2a: Celebi|85/100
|
|-weather|Sandstorm|[upkeep]
|-damage|p1a: Celebi|21/100|[from] Sandstorm
|-damage|p2a: Celebi|78/100|[from] Sandstorm
|-heal|p1a: Celebi|27/100|[from] item: Leftovers
|-heal|p2a: Celebi|85/100|[from] item: Leftovers
|upkeep
|turn|59
|
|t:|1729437432
|move|p1a: Celebi|Hidden Power|p2a: Celebi
|-supereffective|p2a: Celebi
|-damage|p2a: Celebi|51/100
|move|p2a: Celebi|Hidden Power|p1a: Celebi
|-resisted|p1a: Celebi
|-damage|p1a: Celebi|16/100
|
|-weather|Sandstorm|[upkeep]
|-damage|p1a: Celebi|10/100|[from] Sandstorm
|-damage|p2a: Celebi|44/100|[from] Sandstorm
|-heal|p1a: Celebi|16/100|[from] item: Leftovers
|-heal|p2a: Celebi|51/100|[from] item: Leftovers
|upkeep
|turn|60
|
|t:|1729437437
|switch|p1a: Aerodactyl|Aerodactyl, M|95/100 tox
|switch|p2a: Gyarados|Gyarados, F|59/100 slp
|-ability|p2a: Gyarados|Intimidate|boost
|-unboost|p1a: Aerodactyl|atk|1
|
|-weather|Sandstorm|[upkeep]
|-damage|p2a: Gyarados|53/100 slp|[from] Sandstorm
|-damage|p1a: Aerodactyl|89/100 tox|[from] psn
|-heal|p2a: Gyarados|59/100 slp|[from] item: Leftovers
|upkeep
|turn|61
|inactive|TaviTavi has 270 seconds left.
|
|t:|1729437471
|switch|p1a: Swampert|Swampert, M|100/100
|switch|p2a: Donphan|Donphan, F|44/100
|
|-weather|Sandstorm|[upkeep]
|-heal|p2a: Donphan|50/100|[from] item: Leftovers
|upkeep
|turn|62
|
|t:|1729437477
|move|p2a: Donphan|Protect|p2a: Donphan
|-singleturn|p2a: Donphan|Protect
|move|p1a: Swampert|Hydro Pump|p2a: Donphan
|-activate|p2a: Donphan|Protect
|
|-weather|Sandstorm|[upkeep]
|-heal|p2a: Donphan|56/100|[from] item: Leftovers
|upkeep
|turn|63
|
|t:|1729437479
|switch|p2a: Magneton|Magneton, shiny|100/100
|move|p1a: Swampert|Ice Beam|p2a: Magneton
|-resisted|p2a: Magneton
|-crit|p2a: Magneton
|-damage|p2a: Magneton|58/100
|
|-weather|Sandstorm|[upkeep]
|-heal|p2a: Magneton|64/100|[from] item: Leftovers
|upkeep
|turn|64
|
|t:|1729437482
|move|p2a: Magneton|Protect|p2a: Magneton
|-singleturn|p2a: Magneton|Protect
|move|p1a: Swampert|Earthquake|p2a: Magneton
|-activate|p2a: Magneton|Protect
|
|-weather|Sandstorm|[upkeep]
|-heal|p2a: Magneton|70/100|[from] item: Leftovers
|upkeep
|turn|65
|
|t:|1729437486
|switch|p2a: Celebi|Celebi|51/100
|move|p1a: Swampert|Ice Beam|p2a: Celebi
|-supereffective|p2a: Celebi
|-damage|p2a: Celebi|15/100
|-status|p2a: Celebi|frz
|
|-weather|Sandstorm|[upkeep]
|-damage|p2a: Celebi|9/100 frz|[from] Sandstorm
|-heal|p2a: Celebi|15/100 frz|[from] item: Leftovers
|upkeep
|turn|66
|
|t:|1729437493
|-curestatus|p2a: Celebi|frz|[from] ability: Natural Cure
|switch|p2a: Gyarados|Gyarados, F|59/100 slp
|-ability|p2a: Gyarados|Intimidate|boost
|-unboost|p1a: Swampert|atk|1
|move|p1a: Swampert|Ice Beam|p2a: Gyarados
|-crit|p2a: Gyarados
|-damage|p2a: Gyarados|16/100 slp
|
|-weather|Sandstorm|[upkeep]
|-damage|p2a: Gyarados|10/100 slp|[from] Sandstorm
|-heal|p2a: Gyarados|16/100 slp|[from] item: Leftovers
|upkeep
|turn|67
|
|t:|1729437501
|-curestatus|p2a: Gyarados|slp|[msg]
|move|p2a: Gyarados|Rest|p2a: Gyarados
|-status|p2a: Gyarados|slp|[from] move: Rest
|-heal|p2a: Gyarados|100/100 slp|[silent]
|move|p1a: Swampert|Curse|p1a: Swampert
|-unboost|p1a: Swampert|spe|1
|-boost|p1a: Swampert|atk|1
|-boost|p1a: Swampert|def|1
|
|-weather|Sandstorm|[upkeep]
|-damage|p2a: Gyarados|94/100 slp|[from] Sandstorm
|-heal|p2a: Gyarados|100/100 slp|[from] item: Leftovers
|upkeep
|turn|68
|
|t:|1729437510
|cant|p2a: Gyarados|slp
|move|p1a: Swampert|Ice Beam|p2a: Gyarados
|-damage|p2a: Gyarados|79/100 slp
|
|-weather|Sandstorm|[upkeep]
|-damage|p2a: Gyarados|73/100 slp|[from] Sandstorm
|-heal|p2a: Gyarados|79/100 slp|[from] item: Leftovers
|upkeep
|turn|69
|
|t:|1729437512
|cant|p2a: Gyarados|slp
|move|p1a: Swampert|Curse|p1a: Swampert
|-unboost|p1a: Swampert|spe|1
|-boost|p1a: Swampert|atk|1
|-boost|p1a: Swampert|def|1
|
|-weather|Sandstorm|[upkeep]
|-damage|p2a: Gyarados|73/100 slp|[from] Sandstorm
|-heal|p2a: Gyarados|79/100 slp|[from] item: Leftovers
|upkeep
|turn|70
|
|t:|1729437519
|-curestatus|p2a: Gyarados|slp|[msg]
|move|p2a: Gyarados|Dragon Dance|p2a: Gyarados
|-boost|p2a: Gyarados|atk|1
|-boost|p2a: Gyarados|spe|1
|move|p1a: Swampert|Curse|p1a: Swampert
|-unboost|p1a: Swampert|spe|1
|-boost|p1a: Swampert|atk|1
|-boost|p1a: Swampert|def|1
|
|-weather|Sandstorm|[upkeep]
|-damage|p2a: Gyarados|73/100|[from] Sandstorm
|-heal|p2a: Gyarados|79/100|[from] item: Leftovers
|upkeep
|turn|71
|
|t:|1729437527
|move|p2a: Gyarados|Dragon Dance|p2a: Gyarados
|-boost|p2a: Gyarados|atk|1
|-boost|p2a: Gyarados|spe|1
|move|p1a: Swampert|Ice Beam|p2a: Gyarados
|-damage|p2a: Gyarados|59/100
|
|-weather|Sandstorm|[upkeep]
|-damage|p2a: Gyarados|53/100|[from] Sandstorm
|-heal|p2a: Gyarados|59/100|[from] item: Leftovers
|upkeep
|turn|72
|
|t:|1729437530
|move|p2a: Gyarados|Rest|p2a: Gyarados
|-status|p2a: Gyarados|slp|[from] move: Rest
|-heal|p2a: Gyarados|100/100 slp|[silent]
|move|p1a: Swampert|Ice Beam|p2a: Gyarados
|-damage|p2a: Gyarados|80/100 slp
|
|-weather|Sandstorm|[upkeep]
|-damage|p2a: Gyarados|74/100 slp|[from] Sandstorm
|-heal|p2a: Gyarados|80/100 slp|[from] item: Leftovers
|upkeep
|turn|73
|
|t:|1729437536
|switch|p1a: Aerodactyl|Aerodactyl, M|89/100 tox
|cant|p2a: Gyarados|slp
|
|-weather|Sandstorm|[upkeep]
|-damage|p2a: Gyarados|74/100 slp|[from] Sandstorm
|-heal|p2a: Gyarados|80/100 slp|[from] item: Leftovers
|-damage|p1a: Aerodactyl|83/100 tox|[from] psn
|upkeep
|turn|74
|
|t:|1729437540
|switch|p2a: Magneton|Magneton, shiny|70/100
|move|p1a: Aerodactyl|Rock Slide|p2a: Magneton
|-resisted|p2a: Magneton
|-damage|p2a: Magneton|36/100
|
|-weather|Sandstorm|[upkeep]
|-damage|p1a: Aerodactyl|71/100 tox|[from] psn
|-heal|p2a: Magneton|42/100|[from] item: Leftovers
|upkeep
|turn|75
|
|t:|1729437544
|switch|p1a: Swampert|Swampert, M|100/100
|move|p2a: Magneton|Toxic|p1a: Swampert
|-status|p1a: Swampert|tox
|
|-weather|Sandstorm|[upkeep]
|-heal|p2a: Magneton|48/100|[from] item: Leftovers
|-damage|p1a: Swampert|94/100 tox|[from] psn
|upkeep
|turn|76
|
|t:|1729437551
|move|p2a: Magneton|Protect|p2a: Magneton
|-singleturn|p2a: Magneton|Protect
|move|p1a: Swampert|Earthquake|p2a: Magneton
|-activate|p2a: Magneton|Protect
|
|-weather|Sandstorm|[upkeep]
|-heal|p2a: Magneton|54/100|[from] item: Leftovers
|-heal|p1a: Swampert|100/100 tox|[from] item: Leftovers
|-damage|p1a: Swampert|88/100 tox|[from] psn
|upkeep
|turn|77
|
|t:|1729437555
|switch|p2a: Gyarados|Gyarados, F|80/100 slp
|-ability|p2a: Gyarados|Intimidate|boost
|-unboost|p1a: Swampert|atk|1
|move|p1a: Swampert|Earthquake|p2a: Gyarados
|-immune|p2a: Gyarados
|
|-weather|Sandstorm|[upkeep]
|-damage|p2a: Gyarados|74/100 slp|[from] Sandstorm
|-heal|p2a: Gyarados|80/100 slp|[from] item: Leftovers
|-heal|p1a: Swampert|94/100 tox|[from] item: Leftovers
|-damage|p1a: Swampert|76/100 tox|[from] psn
|upkeep
|turn|78
|
|t:|1729437558
|switch|p1a: Aerodactyl|Aerodactyl, M|71/100 tox
|cant|p2a: Gyarados|slp
|
|-weather|Sandstorm|[upkeep]
|-damage|p2a: Gyarados|74/100 slp|[from] Sandstorm
|-damage|p1a: Aerodactyl|65/100 tox|[from] psn
|-heal|p2a: Gyarados|80/100 slp|[from] item: Leftovers
|upkeep
|turn|79
|
|t:|1729437564
|switch|p2a: Magneton|Magneton, shiny|54/100
|move|p1a: Aerodactyl|Rock Slide|p2a: Magneton
|-resisted|p2a: Magneton
|-damage|p2a: Magneton|21/100
|
|-weather|Sandstorm|[upkeep]
|-damage|p1a: Aerodactyl|53/100 tox|[from] psn
|-heal|p2a: Magneton|27/100|[from] item: Leftovers
|upkeep
|turn|80
|
|t:|1729437566
|move|p2a: Magneton|Protect|p2a: Magneton
|-singleturn|p2a: Magneton|Protect
|move|p1a: Aerodactyl|Rock Slide|p2a: Magneton
|-activate|p2a: Magneton|Protect
|
|-weather|Sandstorm|[upkeep]
|-damage|p1a: Aerodactyl|35/100 tox|[from] psn
|-heal|p2a: Magneton|33/100|[from] item: Leftovers
|upkeep
|turn|81
|
|t:|1729437568
|switch|p1a: Celebi|Celebi|16/100
|switch|p2a: Donphan|Donphan, F|56/100
|
|-weather|Sandstorm|[upkeep]
|-damage|p1a: Celebi|10/100|[from] Sandstorm
|-heal|p1a: Celebi|16/100|[from] item: Leftovers
|-heal|p2a: Donphan|62/100|[from] item: Leftovers
|upkeep
|turn|82
|
|t:|1729437572
|switch|p2a: Metagross|Metagross|100/100
|move|p1a: Celebi|Giga Drain|p2a: Metagross
|-resisted|p2a: Metagross
|-damage|p2a: Metagross|88/100
|-heal|p1a: Celebi|22/100|[from] drain|[of] p2a: Metagross
|
|-weather|Sandstorm|[upkeep]
|-damage|p1a: Celebi|16/100|[from] Sandstorm
|-heal|p1a: Celebi|22/100|[from] item: Leftovers
|-heal|p2a: Metagross|94/100|[from] item: Leftovers
|upkeep
|turn|83
|
|t:|1729437580
|move|p1a: Celebi|Hidden Power|p2a: Metagross
|-supereffective|p2a: Metagross
|-damage|p2a: Metagross|52/100
|move|p2a: Metagross|Meteor Mash|p1a: Celebi
|-damage|p1a: Celebi|0 fnt
|faint|p1a: Celebi
|
|t:|1729437605
|switch|p1a: Aerodactyl|Aerodactyl, M|35/100 tox
|
|-weather|Sandstorm|[upkeep]
|-damage|p1a: Aerodactyl|29/100 tox|[from] psn
|-heal|p2a: Metagross|58/100|[from] item: Leftovers
|upkeep
|turn|84
|
|t:|1729437614
|switch|p2a: Magneton|Magneton, shiny|33/100
|move|p1a: Aerodactyl|Rock Slide|p2a: Magneton|[miss]
|-miss|p1a: Aerodactyl|p2a: Magneton
|
|-weather|Sandstorm|[upkeep]
|-damage|p1a: Aerodactyl|17/100 tox|[from] psn
|-heal|p2a: Magneton|39/100|[from] item: Leftovers
|upkeep
|turn|85
|
|t:|1729437620
|switch|p1a: Swampert|Swampert, M|76/100 tox
|move|p2a: Magneton|Protect||[still]
|-fail|p2a: Magneton
|
|-weather|Sandstorm|[upkeep]
|-heal|p2a: Magneton|45/100|[from] item: Leftovers
|-heal|p1a: Swampert|82/100 tox|[from] item: Leftovers
|-damage|p1a: Swampert|76/100 tox|[from] psn
|upkeep
|turn|86
|
|t:|1729437627
|move|p2a: Magneton|Protect|p2a: Magneton
|-singleturn|p2a: Magneton|Protect
|move|p1a: Swampert|Ice Beam|p2a: Magneton
|-activate|p2a: Magneton|Protect
|
|-weather|Sandstorm|[upkeep]
|-heal|p2a: Magneton|51/100|[from] item: Leftovers
|-heal|p1a: Swampert|82/100 tox|[from] item: Leftovers
|-damage|p1a: Swampert|69/100 tox|[from] psn
|upkeep
|turn|87
|
|t:|1729437629
|switch|p2a: Gyarados|Gyarados, F|80/100 slp
|-ability|p2a: Gyarados|Intimidate|boost
|-unboost|p1a: Swampert|atk|1
|move|p1a: Swampert|Earthquake|p2a: Gyarados
|-immune|p2a: Gyarados
|
|-weather|Sandstorm|[upkeep]
|-damage|p2a: Gyarados|74/100 slp|[from] Sandstorm
|-heal|p2a: Gyarados|80/100 slp|[from] item: Leftovers
|-heal|p1a: Swampert|76/100 tox|[from] item: Leftovers
|-damage|p1a: Swampert|57/100 tox|[from] psn
|upkeep
|turn|88
|
|t:|1729437637
|-curestatus|p2a: Gyarados|slp|[msg]
|move|p2a: Gyarados|Earthquake|p1a: Swampert
|-damage|p1a: Swampert|29/100 tox
|move|p1a: Swampert|Hydro Pump|p2a: Gyarados
|-resisted|p2a: Gyarados
|-damage|p2a: Gyarados|54/100
|
|-weather|Sandstorm|[upkeep]
|-damage|p2a: Gyarados|48/100|[from] Sandstorm
|-heal|p2a: Gyarados|54/100|[from] item: Leftovers
|-heal|p1a: Swampert|35/100 tox|[from] item: Leftovers
|-damage|p1a: Swampert|11/100 tox|[from] psn
|upkeep
|turn|89
|
|t:|1729437640
|move|p2a: Gyarados|Earthquake|p1a: Swampert
|-damage|p1a: Swampert|0 fnt
|faint|p1a: Swampert
|
|t:|1729437642
|switch|p1a: Aerodactyl|Aerodactyl, M|17/100 tox
|
|-weather|Sandstorm|[upkeep]
|-damage|p2a: Gyarados|48/100|[from] Sandstorm
|-damage|p1a: Aerodactyl|11/100 tox|[from] psn
|-heal|p2a: Gyarados|54/100|[from] item: Leftovers
|upkeep
|turn|90
|
|t:|1729437647
|switch|p2a: Magneton|Magneton, shiny|51/100
|move|p1a: Aerodactyl|Double-Edge|p2a: Magneton
|-resisted|p2a: Magneton
|-damage|p2a: Magneton|19/100
|
|-weather|Sandstorm|[upkeep]
|-damage|p1a: Aerodactyl|0 fnt|[from] psn
|faint|p1a: Aerodactyl
|-heal|p2a: Magneton|25/100|[from] item: Leftovers
|upkeep
|
|t:|1729437648
|switch|p1a: Tyranitar|Tyranitar, M|100/100
|turn|91
|
|t:|1729437652
|move|p2a: Magneton|Thunderbolt|p1a: Tyranitar
|-damage|p1a: Tyranitar|60/100
|move|p1a: Tyranitar|Earthquake|p2a: Magneton
|-supereffective|p2a: Magneton
|-damage|p2a: Magneton|0 fnt
|faint|p2a: Magneton
|c|☆TaviTavi|gg
|
|t:|1729437653
|switch|p2a: Donphan|Donphan, F|62/100
|
|-weather|Sandstorm|[upkeep]
|-heal|p1a: Tyranitar|66/100|[from] item: Leftovers
|-heal|p2a: Donphan|68/100|[from] item: Leftovers
|upkeep
|turn|92
|
|t:|1729437657
|move|p1a: Tyranitar|Earthquake|p2a: Donphan
|-damage|p2a: Donphan|43/100
|move|p2a: Donphan|Earthquake|p1a: Tyranitar
|-supereffective|p1a: Tyranitar
|-damage|p1a: Tyranitar|6/100
|
|-weather|Sandstorm|[upkeep]
|-heal|p1a: Tyranitar|13/100|[from] item: Leftovers
|-heal|p2a: Donphan|49/100|[from] item: Leftovers
|upkeep
|turn|93
|
|t:|1729437661
|move|p1a: Tyranitar|Earthquake|p2a: Donphan
|-damage|p2a: Donphan|23/100
|move|p2a: Donphan|Earthquake|p1a: Tyranitar
|-supereffective|p1a: Tyranitar
|-damage|p1a: Tyranitar|0 fnt
|faint|p1a: Tyranitar
|
|win|knexhawk2
|player|p1|

</script>
<script type="application/json" class="data" id="replaydata-smogtours-gen3ou-800404">
{"id":"smogtours-gen3ou-800404","format":"[Gen 3] OU","players":["TaviTavi","knexhawk2"],"uploadtime":1729437661,"views":111,"formatid":"gen3ou","rating":null,"private":0,"password":null}
</script>

<script defer src="js/replays.js?9d40a366"></script>
