<!DOCTYPE html>
<meta charset="utf-8" />
<meta name="viewport" content="width=device-width" />

<title>[Gen 3] OU: GarhamSandich vs. Doc. Steel - Replays - Pok&eacute;mon Showdown!</title>

<meta name="description" content="Watch a replay of a Pok&eacute;mon battle between GarhamSandich and Doc. Steel! Format: [Gen 3] OU; Date: Oct 28, 2024" />
<!--

Hey, you! Looking in the source for the replay log?

You can find them in JSON format, just add `.json` at the end of a replay URL.

https://replay.pokemonshowdown.com/gen7randomdoublesbattle-865046831.json

Or, if you only need the log itself, add `.log` instead:

https://replay.pokemonshowdown.com/gen7randomdoublesbattle-865046831.log

-->

<link rel="stylesheet" href="//pokemonshowdown.com/style/global.css?0.023195364461161105" />
<link rel="stylesheet" href="//play.pokemonshowdown.com/style/font-awesome.css?0.13261647063804238" />
<link rel="stylesheet" href="//play.pokemonshowdown.com/style/battle.css?0.8753245789963631" />
<link rel="stylesheet" href="//play.pokemonshowdown.com/style/utilichart.css?0.8627959624976733" />

<!-- Global site tag (gtag.js) - Google Analytics -->
<script async src="https://www.googletagmanager.com/gtag/js?id=UA-26211653-1"></script>
<script>
  window.dataLayer = window.dataLayer || [];
  function gtag(){dataLayer.push(arguments);}
  gtag('js', new Date());

  gtag('config', 'UA-26211653-1');
</script>
<!-- End Google Analytics -->
<!-- Venatus Ad Manager - Install in <HEAD> of page -->
	<script src="https://hb.vntsm.com/v3/live/ad-manager.min.js" type="text/javascript" data-site-id="642aba63ec9a7b11c3c9c1be" data-mode="scan" async></script>
<!-- / Venatus Ad Manager -->

<style>
	@media (max-width:820px) {
		.battle {
			margin: 0 auto;
		}
		.battle-log {
			margin: 7px auto 0;
			max-width: 640px;
			height: 300px;
			position: static;
		}
	}
	.optgroup {
		display: inline-block;
		line-height: 22px;
		font-size: 10pt;
	}
	.optgroup .button {
		height: 25px;
		padding-top: 0;
		padding-bottom: 0;
	}
	.optgroup button.button {
		padding-left: 12px;
		padding-right: 12px;
	}
	.linklist {
		list-style: none;
		margin: 0.5em 0;
		padding: 0;
	}
	.linklist li {
		padding: 2px 0;
	}
	.sidebar {
		float: left;
		width: 320px;
	}
	.bar-wrapper {
		max-width: 1100px;
		margin: 0 auto;
	}
	.bar-wrapper.has-sidebar {
		max-width: 1430px;
	}
	.mainbar {
		margin: 0;
		padding-right: 1px;
	}
	.mainbar.has-sidebar {
		margin-left: 330px;
	}
	@media (min-width: 1511px) {
		.sidebar {
			width: 400px;
		}
		.bar-wrapper.has-sidebar {
			max-width: 1510px;
		}
		.mainbar.has-sidebar {
			margin-left: 410px;
		}
	}
	.section.first-section {
		margin-top: 9px;
	}
	.blocklink small {
		white-space: normal;
	}
	.button {
		vertical-align: middle;
	}
	.replay-controls {
		padding-top: 10px;
	}
	.replay-controls h1 {
		font-size: 16pt;
		font-weight: normal;
		color: #CCC;
	}
	.pagelink {
		text-align: center;
	}
	.pagelink a {
		width: 150px;
	}
	.textbox, .button {
		font-size: 11pt;
		vertical-align: middle;
	}
	@media (max-width: 450px) {
		.button {
			font-size: 9pt;
		}
	}
</style>

<div>

	<header>
		<div class="nav-wrapper"><ul class="nav">
			<li><a class="button nav-first" href="//pokemonshowdown.com/"><img src="//pokemonshowdown.com/images/pokemonshowdownbeta.png" srcset="//pokemonshowdown.com/images/pokemonshowdownbeta.png 1x, //pokemonshowdown.com/images/pokemonshowdownbeta@2x.png 2x" alt="Pok&eacute;mon Showdown" width="146" height="44" /> Home</a></li>
			<li><a class="button" href="//pokemonshowdown.com/dex/">Pok&eacute;dex</a></li>
			<li><a class="button cur" href="/">Replays</a></li>
			<li><a class="button" href="//pokemonshowdown.com/ladder/">Ladder</a></li>
			<li><a class="button nav-last" href="//pokemonshowdown.com/forums/">Forum</a></li>
			<li><a class="button greenbutton nav-first nav-last" href="//play.pokemonshowdown.com/">Play</a></li>
		</ul></div>
	</header>

	<div class="main" id="main">

		<noscript><section class="section">You need to enable JavaScript to use this page; sorry!</section></noscript>

	</div>

</div>

<script defer nomodule src="//play.pokemonshowdown.com/js/lib/ps-polyfill.js"></script>
<script defer src="//play.pokemonshowdown.com/js/lib/preact.min.js"></script>

<script defer src="//play.pokemonshowdown.com/config/config.js?2bddbc15"></script>
<script defer src="//play.pokemonshowdown.com/js/lib/jquery-1.11.0.min.js"></script>
<script defer src="//play.pokemonshowdown.com/js/lib/html-sanitizer-minified.js"></script>
<script defer src="//play.pokemonshowdown.com/js/battle-sound.js"></script>
<script defer src="//play.pokemonshowdown.com/js/battledata.js?0.7209276989879541"></script>
<script defer src="//play.pokemonshowdown.com/data/pokedex-mini.js?0.6111056340867951"></script>
<script defer src="//play.pokemonshowdown.com/data/pokedex-mini-bw.js?0.3532142036491459"></script>
<script defer src="//play.pokemonshowdown.com/data/graphics.js?0.24223875632456182"></script>
<script defer src="//play.pokemonshowdown.com/data/pokedex.js?0.38839984266356864"></script>
<script defer src="//play.pokemonshowdown.com/data/moves.js?0.21866028504024015"></script>
<script defer src="//play.pokemonshowdown.com/data/abilities.js?0.2005157953846628"></script>
<script defer src="//play.pokemonshowdown.com/data/items.js?0.9894211263848525"></script>
<script defer src="//play.pokemonshowdown.com/data/teambuilder-tables.js?0.6008791140282215"></script>
<script defer src="//play.pokemonshowdown.com/js/battle-tooltips.js?0.7580118955022959"></script>
<script defer src="//play.pokemonshowdown.com/js/battle.js?0.6057722274234274"></script>

<script defer src="js/utils.js?e31f9a17"></script>
<script defer src="js/replays-battle.js?7008c182"></script>

<!-- don't scrape this data! just add .json or .log after the URL!
Full API docs: https://github.com/smogon/pokemon-showdown-client/blob/master/WEB-API.md -->
<script type="text/plain" class="log" id="replaylog-smogtours-gen3ou-803062">
|inactive|Battle timer is ON: inactive players will automatically lose when time's up.
|t:|1730128438
|gametype|singles
|player|p1|GarhamSandich|2|
|player|p2|Doc. Steel|101|
|teamsize|p1|6
|teamsize|p2|6
|gen|3
|tier|[Gen 3] OU
|rule|Sleep Clause Mod: Limit one foe put to sleep
|rule|Switch Priority Clause Mod: Faster Pokémon switch first
|rule|Species Clause: Limit one of each Pokémon
|rule|OHKO Clause: OHKO moves are banned
|rule|Evasion Items Clause: Evasion items are banned
|rule|Evasion Moves Clause: Evasion moves are banned
|rule|Endless Battle Clause: Forcing endless battles is banned
|rule|HP Percentage Mod: HP is shown in percentages
|rule|One Boost Passer Clause: Limit one Baton Passer that has a way to boost its stats
|rule|Freeze Clause Mod: Limit one foe frozen
|
|t:|1730128438
|start
|switch|p1a: Medicham|Medicham, F|100/100
|switch|p2a: Zapdos|Zapdos|100/100
|turn|1
|
|t:|1730128450
|move|p2a: Zapdos|Baton Pass|p2a: Zapdos
|
|t:|1730128456
|switch|p2a: Swampert|Swampert, M|100/100|[from] Baton Pass
|move|p1a: Medicham|Rock Slide|p2a: Swampert
|-resisted|p2a: Swampert
|-damage|p2a: Swampert|88/100
|
|-heal|p2a: Swampert|94/100|[from] item: Leftovers
|upkeep
|turn|2
|
|t:|1730128461
|switch|p1a: Zapdos|Zapdos|100/100
|move|p2a: Swampert|Surf|p1a: Zapdos
|-damage|p1a: Zapdos|73/100
|
|-heal|p1a: Zapdos|79/100|[from] item: Leftovers
|-heal|p2a: Swampert|99/100|[from] item: Leftovers
|upkeep
|turn|3
|
|t:|1730128474
|switch|p2a: Celebi|Celebi|100/100
|move|p1a: Zapdos|Agility|p1a: Zapdos
|-boost|p1a: Zapdos|spe|2
|
|-heal|p1a: Zapdos|85/100|[from] item: Leftovers
|upkeep
|turn|4
|
|t:|1730128481
|move|p1a: Zapdos|Baton Pass|p1a: Zapdos
|
|t:|1730128482
|switch|p1a: Medicham|Medicham, F|100/100|[from] Baton Pass
|move|p2a: Celebi|Leech Seed|p1a: Medicham
|-start|p1a: Medicham|move: Leech Seed
|
|-damage|p1a: Medicham|88/100|[from] Leech Seed|[of] p2a: Celebi
|upkeep
|turn|5
|
|t:|1730128498
|-singleturn|p1a: Medicham|move: Focus Punch
|move|p2a: Celebi|Recover||[still]
|-fail|p2a: Celebi|heal
|move|p1a: Medicham|Focus Punch|p2a: Celebi
|-resisted|p2a: Celebi
|-damage|p2a: Celebi|57/100
|
|-damage|p1a: Medicham|76/100|[from] Leech Seed|[of] p2a: Celebi
|-heal|p2a: Celebi|65/100|[silent]
|-heal|p2a: Celebi|72/100|[from] item: Leftovers
|upkeep
|turn|6
|
|t:|1730128515
|switch|p1a: Zapdos|Zapdos|85/100
|move|p2a: Celebi|Leech Seed|p1a: Zapdos
|-start|p1a: Zapdos|move: Leech Seed
|
|-heal|p1a: Zapdos|91/100|[from] item: Leftovers
|-damage|p1a: Zapdos|79/100|[from] Leech Seed|[of] p2a: Celebi
|-heal|p2a: Celebi|81/100|[silent]
|-heal|p2a: Celebi|88/100|[from] item: Leftovers
|upkeep
|turn|7
|
|t:|1730128526
|switch|p1a: Medicham|Medicham, F|76/100
|move|p2a: Celebi|Psychic|p1a: Medicham
|-damage|p1a: Medicham|23/100
|
|-heal|p2a: Celebi|94/100|[from] item: Leftovers
|upkeep
|turn|8
|
|t:|1730128539
|switch|p2a: Zapdos|Zapdos|100/100
|move|p1a: Medicham|Shadow Ball|p2a: Zapdos
|-damage|p2a: Zapdos|56/100
|-unboost|p2a: Zapdos|spd|1
|
|-heal|p2a: Zapdos|63/100|[from] item: Leftovers
|upkeep
|turn|9
|
|t:|1730128549
|move|p2a: Zapdos|Thunderbolt|p1a: Medicham
|-damage|p1a: Medicham|0 fnt
|faint|p1a: Medicham
|
|t:|1730128552
|switch|p1a: Zapdos|Zapdos|79/100
|
|-heal|p2a: Zapdos|69/100|[from] item: Leftovers
|-heal|p1a: Zapdos|85/100|[from] item: Leftovers
|upkeep
|turn|10
|
|t:|1730128558
|move|p2a: Zapdos|Thunderbolt|p1a: Zapdos
|-damage|p1a: Zapdos|35/100
|move|p1a: Zapdos|Baton Pass|p1a: Zapdos
|
|t:|1730128563
|switch|p1a: Jirachi|Jirachi|100/100|[from] Baton Pass
|
|-heal|p2a: Zapdos|75/100|[from] item: Leftovers
|upkeep
|turn|11
|
|t:|1730128570
|move|p2a: Zapdos|Thunder Wave|p1a: Jirachi
|-status|p1a: Jirachi|par
|cant|p1a: Jirachi|par
|
|-heal|p2a: Zapdos|81/100|[from] item: Leftovers
|upkeep
|turn|12
|
|t:|1730128573
|switch|p2a: Tyranitar|Tyranitar, M|100/100
|-weather|Sandstorm|[from] ability: Sand Stream|[of] p2a: Tyranitar
|move|p1a: Jirachi|Ice Punch|p2a: Tyranitar
|-damage|p2a: Tyranitar|84/100
|-status|p2a: Tyranitar|frz
|
|-weather|Sandstorm|[upkeep]
|-heal|p2a: Tyranitar|91/100 frz|[from] item: Leftovers
|upkeep
|turn|13
|
|t:|1730128586
|switch|p2a: Swampert|Swampert, M|99/100
|cant|p1a: Jirachi|par
|
|-weather|Sandstorm|[upkeep]
|-heal|p2a: Swampert|100/100|[from] item: Leftovers
|upkeep
|turn|14
|
|t:|1730128589
|move|p2a: Swampert|Earthquake|p1a: Jirachi
|-supereffective|p1a: Jirachi
|-damage|p1a: Jirachi|35/100 par
|move|p1a: Jirachi|Calm Mind|p1a: Jirachi
|-boost|p1a: Jirachi|spa|1
|-boost|p1a: Jirachi|spd|1
|
|-weather|Sandstorm|[upkeep]
|-heal|p1a: Jirachi|42/100 par|[from] item: Leftovers
|upkeep
|turn|15
|
|t:|1730128595
|move|p2a: Swampert|Earthquake|p1a: Jirachi
|-supereffective|p1a: Jirachi
|-damage|p1a: Jirachi|0 fnt
|faint|p1a: Jirachi
|
|t:|1730128609
|switch|p1a: Suicune|Suicune|100/100
|
|-weather|Sandstorm|[upkeep]
|-damage|p1a: Suicune|94/100|[from] Sandstorm
|-heal|p1a: Suicune|100/100|[from] item: Leftovers
|upkeep
|turn|16
|
|t:|1730128614
|switch|p2a: Celebi|Celebi|94/100
|move|p1a: Suicune|Calm Mind|p1a: Suicune
|-boost|p1a: Suicune|spa|1
|-boost|p1a: Suicune|spd|1
|
|-weather|Sandstorm|[upkeep]
|-damage|p2a: Celebi|88/100|[from] Sandstorm
|-damage|p1a: Suicune|94/100|[from] Sandstorm
|-heal|p2a: Celebi|94/100|[from] item: Leftovers
|-heal|p1a: Suicune|100/100|[from] item: Leftovers
|upkeep
|turn|17
|
|t:|1730128617
|move|p2a: Celebi|Leech Seed|p1a: Suicune|[miss]
|-miss|p2a: Celebi|p1a: Suicune
|move|p1a: Suicune|Ice Beam|p2a: Celebi
|-supereffective|p2a: Celebi
|-damage|p2a: Celebi|40/100
|
|-weather|Sandstorm|[upkeep]
|-damage|p2a: Celebi|34/100|[from] Sandstorm
|-damage|p1a: Suicune|94/100|[from] Sandstorm
|-heal|p2a: Celebi|40/100|[from] item: Leftovers
|-heal|p1a: Suicune|100/100|[from] item: Leftovers
|upkeep
|turn|18
|
|t:|1730128623
|move|p2a: Celebi|Leech Seed|p1a: Suicune
|-start|p1a: Suicune|move: Leech Seed
|move|p1a: Suicune|Ice Beam|p2a: Celebi
|-supereffective|p2a: Celebi
|-damage|p2a: Celebi|0 fnt
|faint|p2a: Celebi
|
|t:|1730128627
|switch|p2a: Zapdos|Zapdos|81/100
|
|-weather|Sandstorm|[upkeep]
|-damage|p2a: Zapdos|75/100|[from] Sandstorm
|-damage|p1a: Suicune|94/100|[from] Sandstorm
|-heal|p2a: Zapdos|81/100|[from] item: Leftovers
|-heal|p1a: Suicune|100/100|[from] item: Leftovers
|-damage|p1a: Suicune|88/100|[from] Leech Seed|[of] p2a: Zapdos
|-heal|p2a: Zapdos|97/100|[silent]
|upkeep
|turn|19
|
|t:|1730128634
|switch|p1a: Marowak|Marowak, F|100/100
|move|p2a: Zapdos|Thunderbolt|p1a: Marowak
|-immune|p1a: Marowak
|
|-weather|Sandstorm|[upkeep]
|-damage|p2a: Zapdos|91/100|[from] Sandstorm
|-heal|p2a: Zapdos|97/100|[from] item: Leftovers
|upkeep
|turn|20
|
|t:|1730128643
|switch|p2a: Swampert|Swampert, M|100/100
|move|p1a: Marowak|Swords Dance|p1a: Marowak
|-boost|p1a: Marowak|atk|2
|
|-weather|Sandstorm|[upkeep]
|upkeep
|turn|21
|
|t:|1730128672
|move|p1a: Marowak|Swords Dance|p1a: Marowak
|-boost|p1a: Marowak|atk|2
|move|p2a: Swampert|Surf|p1a: Marowak
|-supereffective|p1a: Marowak
|-damage|p1a: Marowak|12/100
|
|-weather|Sandstorm|[upkeep]
|upkeep
|turn|22
|
|t:|1730128684
|switch|p2a: Tyranitar|Tyranitar, M|91/100 frz
|move|p1a: Marowak|Double-Edge|p2a: Tyranitar
|-resisted|p2a: Tyranitar
|-damage|p2a: Tyranitar|17/100 frz
|
|-weather|Sandstorm|[upkeep]
|-heal|p2a: Tyranitar|24/100 frz|[from] item: Leftovers
|upkeep
|turn|23
|
|t:|1730128693
|switch|p1a: Suicune|Suicune|88/100
|cant|p2a: Tyranitar|frz
|
|-weather|Sandstorm|[upkeep]
|-damage|p1a: Suicune|82/100|[from] Sandstorm
|-heal|p1a: Suicune|88/100|[from] item: Leftovers
|-heal|p2a: Tyranitar|30/100 frz|[from] item: Leftovers
|upkeep
|turn|24
|
|t:|1730128704
|switch|p2a: Zapdos|Zapdos|97/100
|move|p1a: Suicune|Calm Mind|p1a: Suicune
|-boost|p1a: Suicune|spa|1
|-boost|p1a: Suicune|spd|1
|
|-weather|Sandstorm|[upkeep]
|-damage|p2a: Zapdos|91/100|[from] Sandstorm
|-damage|p1a: Suicune|82/100|[from] Sandstorm
|-heal|p2a: Zapdos|97/100|[from] item: Leftovers
|-heal|p1a: Suicune|88/100|[from] item: Leftovers
|upkeep
|turn|25
|
|t:|1730128711
|move|p2a: Zapdos|Thunderbolt|p1a: Suicune
|-supereffective|p1a: Suicune
|-damage|p1a: Suicune|43/100
|move|p1a: Suicune|Ice Beam|p2a: Zapdos
|-supereffective|p2a: Zapdos
|-damage|p2a: Zapdos|5/100
|
|-weather|Sandstorm|[upkeep]
|-damage|p2a: Zapdos|0 fnt|[from] Sandstorm
|-damage|p1a: Suicune|36/100|[from] Sandstorm
|faint|p2a: Zapdos
|-heal|p1a: Suicune|43/100|[from] item: Leftovers
|upkeep
|
|t:|1730128719
|switch|p2a: Dugtrio|Dugtrio, F|100/100
|turn|26
|
|t:|1730128721
|move|p2a: Dugtrio|Earthquake|p1a: Suicune
|-damage|p1a: Suicune|0 fnt
|faint|p1a: Suicune
|
|t:|1730128722
|switch|p1a: Zapdos|Zapdos|35/100
|
|-weather|Sandstorm|[upkeep]
|-damage|p1a: Zapdos|29/100|[from] Sandstorm
|-heal|p1a: Zapdos|35/100|[from] item: Leftovers
|upkeep
|turn|27
|
|t:|1730128732
|switch|p2a: Starmie|Starmie|100/100
|move|p1a: Zapdos|Hidden Power|p2a: Starmie
|-supereffective|p2a: Starmie
|-damage|p2a: Starmie|26/100
|
|-weather|Sandstorm|[upkeep]
|-damage|p2a: Starmie|20/100|[from] Sandstorm
|-damage|p1a: Zapdos|29/100|[from] Sandstorm
|-heal|p2a: Starmie|26/100|[from] item: Leftovers
|-heal|p1a: Zapdos|35/100|[from] item: Leftovers
|upkeep
|turn|28
|
|t:|1730128738
|switch|p1a: Marowak|Marowak, F|12/100
|move|p2a: Starmie|Ice Beam|p1a: Marowak
|-supereffective|p1a: Marowak
|-damage|p1a: Marowak|0 fnt
|faint|p1a: Marowak
|
|t:|1730128739
|switch|p1a: Metagross|Metagross|100/100
|
|-weather|Sandstorm|[upkeep]
|-damage|p2a: Starmie|20/100|[from] Sandstorm
|-heal|p2a: Starmie|26/100|[from] item: Leftovers
|upkeep
|turn|29
|inactive|Doc. Steel has 270 seconds left.
|inactive|Doc. Steel has 240 seconds left.
|
|t:|1730128812
|switch|p2a: Swampert|Swampert, M|100/100
|move|p1a: Metagross|Protect||[still]
|-fail|p1a: Metagross
|
|-weather|Sandstorm|[upkeep]
|upkeep
|turn|30
|
|t:|1730128824
|move|p1a: Metagross|Meteor Mash|p2a: Swampert
|-resisted|p2a: Swampert
|-damage|p2a: Swampert|82/100
|move|p2a: Swampert|Earthquake|p1a: Metagross
|-supereffective|p1a: Metagross
|-damage|p1a: Metagross|43/100
|
|-weather|Sandstorm|[upkeep]
|-heal|p1a: Metagross|49/100|[from] item: Leftovers
|-heal|p2a: Swampert|88/100|[from] item: Leftovers
|upkeep
|turn|31
|
|t:|1730128828
|move|p1a: Metagross|Earthquake|p2a: Swampert
|-damage|p2a: Swampert|61/100
|move|p2a: Swampert|Earthquake|p1a: Metagross
|-supereffective|p1a: Metagross
|-damage|p1a: Metagross|0 fnt
|faint|p1a: Metagross
|
|t:|1730128830
|switch|p1a: Zapdos|Zapdos|35/100
|
|-weather|Sandstorm|[upkeep]
|-damage|p1a: Zapdos|29/100|[from] Sandstorm
|-heal|p1a: Zapdos|35/100|[from] item: Leftovers
|-heal|p2a: Swampert|68/100|[from] item: Leftovers
|upkeep
|turn|32
|
|t:|1730128834
|move|p1a: Zapdos|Agility|p1a: Zapdos
|-boost|p1a: Zapdos|spe|2
|move|p2a: Swampert|Ice Beam|p1a: Zapdos
|-supereffective|p1a: Zapdos
|-damage|p1a: Zapdos|0 fnt
|faint|p1a: Zapdos
|
|win|Doc. Steel
|c|☆GarhamSandich|gg
|player|p1|
|c|☆Doc. Steel|gg

</script>
<script type="application/json" class="data" id="replaydata-smogtours-gen3ou-803062">
{"id":"smogtours-gen3ou-803062","format":"[Gen 3] OU","players":["GarhamSandich","Doc. Steel"],"uploadtime":1730128834,"views":59,"formatid":"gen3ou","rating":null,"private":0,"password":null}
</script>

<script defer src="js/replays.js?9d40a366"></script>
