<!DOCTYPE html>
<meta charset="utf-8" />
<meta name="viewport" content="width=device-width" />

<title>[Gen 3] OU: Sificon~ vs. Valyns - Replays - Pok&eacute;mon Showdown!</title>

<meta name="description" content="Watch a replay of a Pok&eacute;mon battle between Sificon~ and Valyns! Format: [Gen 3] OU; Date: Oct 3, 2024" />
<!--

Hey, you! Looking in the source for the replay log?

You can find them in JSON format, just add `.json` at the end of a replay URL.

https://replay.pokemonshowdown.com/gen7randomdoublesbattle-865046831.json

Or, if you only need the log itself, add `.log` instead:

https://replay.pokemonshowdown.com/gen7randomdoublesbattle-865046831.log

-->

<link rel="stylesheet" href="//pokemonshowdown.com/style/global.css?0.023195364461161105" />
<link rel="stylesheet" href="//play.pokemonshowdown.com/style/font-awesome.css?0.13261647063804238" />
<link rel="stylesheet" href="//play.pokemonshowdown.com/style/battle.css?0.8753245789963631" />
<link rel="stylesheet" href="//play.pokemonshowdown.com/style/utilichart.css?0.8627959624976733" />

<!-- Global site tag (gtag.js) - Google Analytics -->
<script async src="https://www.googletagmanager.com/gtag/js?id=UA-26211653-1"></script>
<script>
  window.dataLayer = window.dataLayer || [];
  function gtag(){dataLayer.push(arguments);}
  gtag('js', new Date());

  gtag('config', 'UA-26211653-1');
</script>
<!-- End Google Analytics -->
<!-- Venatus Ad Manager - Install in <HEAD> of page -->
	<script src="https://hb.vntsm.com/v3/live/ad-manager.min.js" type="text/javascript" data-site-id="642aba63ec9a7b11c3c9c1be" data-mode="scan" async></script>
<!-- / Venatus Ad Manager -->

<style>
	@media (max-width:820px) {
		.battle {
			margin: 0 auto;
		}
		.battle-log {
			margin: 7px auto 0;
			max-width: 640px;
			height: 300px;
			position: static;
		}
	}
	.optgroup {
		display: inline-block;
		line-height: 22px;
		font-size: 10pt;
	}
	.optgroup .button {
		height: 25px;
		padding-top: 0;
		padding-bottom: 0;
	}
	.optgroup button.button {
		padding-left: 12px;
		padding-right: 12px;
	}
	.linklist {
		list-style: none;
		margin: 0.5em 0;
		padding: 0;
	}
	.linklist li {
		padding: 2px 0;
	}
	.sidebar {
		float: left;
		width: 320px;
	}
	.bar-wrapper {
		max-width: 1100px;
		margin: 0 auto;
	}
	.bar-wrapper.has-sidebar {
		max-width: 1430px;
	}
	.mainbar {
		margin: 0;
		padding-right: 1px;
	}
	.mainbar.has-sidebar {
		margin-left: 330px;
	}
	@media (min-width: 1511px) {
		.sidebar {
			width: 400px;
		}
		.bar-wrapper.has-sidebar {
			max-width: 1510px;
		}
		.mainbar.has-sidebar {
			margin-left: 410px;
		}
	}
	.section.first-section {
		margin-top: 9px;
	}
	.blocklink small {
		white-space: normal;
	}
	.button {
		vertical-align: middle;
	}
	.replay-controls {
		padding-top: 10px;
	}
	.replay-controls h1 {
		font-size: 16pt;
		font-weight: normal;
		color: #CCC;
	}
	.pagelink {
		text-align: center;
	}
	.pagelink a {
		width: 150px;
	}
	.textbox, .button {
		font-size: 11pt;
		vertical-align: middle;
	}
	@media (max-width: 450px) {
		.button {
			font-size: 9pt;
		}
	}
</style>

<div>

	<header>
		<div class="nav-wrapper"><ul class="nav">
			<li><a class="button nav-first" href="//pokemonshowdown.com/"><img src="//pokemonshowdown.com/images/pokemonshowdownbeta.png" srcset="//pokemonshowdown.com/images/pokemonshowdownbeta.png 1x, //pokemonshowdown.com/images/pokemonshowdownbeta@2x.png 2x" alt="Pok&eacute;mon Showdown" width="146" height="44" /> Home</a></li>
			<li><a class="button" href="//pokemonshowdown.com/dex/">Pok&eacute;dex</a></li>
			<li><a class="button cur" href="/">Replays</a></li>
			<li><a class="button" href="//pokemonshowdown.com/ladder/">Ladder</a></li>
			<li><a class="button nav-last" href="//pokemonshowdown.com/forums/">Forum</a></li>
			<li><a class="button greenbutton nav-first nav-last" href="//play.pokemonshowdown.com/">Play</a></li>
		</ul></div>
	</header>

	<div class="main" id="main">

		<noscript><section class="section">You need to enable JavaScript to use this page; sorry!</section></noscript>

	</div>

</div>

<script defer nomodule src="//play.pokemonshowdown.com/js/lib/ps-polyfill.js"></script>
<script defer src="//play.pokemonshowdown.com/js/lib/preact.min.js"></script>

<script defer src="//play.pokemonshowdown.com/config/config.js?2bddbc15"></script>
<script defer src="//play.pokemonshowdown.com/js/lib/jquery-1.11.0.min.js"></script>
<script defer src="//play.pokemonshowdown.com/js/lib/html-sanitizer-minified.js"></script>
<script defer src="//play.pokemonshowdown.com/js/battle-sound.js"></script>
<script defer src="//play.pokemonshowdown.com/js/battledata.js?0.7209276989879541"></script>
<script defer src="//play.pokemonshowdown.com/data/pokedex-mini.js?0.6111056340867951"></script>
<script defer src="//play.pokemonshowdown.com/data/pokedex-mini-bw.js?0.3532142036491459"></script>
<script defer src="//play.pokemonshowdown.com/data/graphics.js?0.24223875632456182"></script>
<script defer src="//play.pokemonshowdown.com/data/pokedex.js?0.38839984266356864"></script>
<script defer src="//play.pokemonshowdown.com/data/moves.js?0.21866028504024015"></script>
<script defer src="//play.pokemonshowdown.com/data/abilities.js?0.2005157953846628"></script>
<script defer src="//play.pokemonshowdown.com/data/items.js?0.9894211263848525"></script>
<script defer src="//play.pokemonshowdown.com/data/teambuilder-tables.js?0.6008791140282215"></script>
<script defer src="//play.pokemonshowdown.com/js/battle-tooltips.js?0.7580118955022959"></script>
<script defer src="//play.pokemonshowdown.com/js/battle.js?0.6057722274234274"></script>

<script defer src="js/utils.js?e31f9a17"></script>
<script defer src="js/replays-battle.js?7008c182"></script>

<!-- don't scrape this data! just add .json or .log after the URL!
Full API docs: https://github.com/smogon/pokemon-showdown-client/blob/master/WEB-API.md -->
<script type="text/plain" class="log" id="replaylog-smogtours-gen3ou-794367">
|inactive|Battle timer is ON: inactive players will automatically lose when time's up.
|t:|1727987122
|gametype|singles
|player|p1|Sificon~|#sificon|
|player|p2|Valyns|blue|
|teamsize|p1|6
|teamsize|p2|6
|gen|3
|tier|[Gen 3] OU
|rule|Sleep Clause Mod: Limit one foe put to sleep
|rule|Switch Priority Clause Mod: Faster Pokémon switch first
|rule|Species Clause: Limit one of each Pokémon
|rule|OHKO Clause: OHKO moves are banned
|rule|Evasion Items Clause: Evasion items are banned
|rule|Evasion Moves Clause: Evasion moves are banned
|rule|Endless Battle Clause: Forcing endless battles is banned
|rule|HP Percentage Mod: HP is shown in percentages
|rule|One Boost Passer Clause: Limit one Baton Passer that has a way to boost its stats
|rule|Freeze Clause Mod: Limit one foe frozen
|
|t:|1727987122
|start
|switch|p1a: Tyranitar|Tyranitar, F|100/100
|switch|p2a: Hariyama|Hariyama, F|100/100
|-weather|Sandstorm|[from] ability: Sand Stream|[of] p1a: Tyranitar
|turn|1
|inactive|Sificon~ also wants the timer to be on.
|
|t:|1727987134
|switch|p1a: Skarmory|Skarmory, F|100/100
|move|p2a: Hariyama|Knock Off|p1a: Skarmory
|-resisted|p1a: Skarmory
|-damage|p1a: Skarmory|99/100
|-enditem|p1a: Skarmory|Leftovers|[from] move: Knock Off|[of] p2a: Hariyama
|-hint|In Gens 3-4, Knock Off only makes the target's item unusable; it cannot obtain a new item.
|
|-weather|Sandstorm|[upkeep]
|-damage|p2a: Hariyama|94/100|[from] Sandstorm
|-heal|p2a: Hariyama|100/100|[from] item: Leftovers
|upkeep
|turn|2
|
|t:|1727987144
|-singleturn|p2a: Hariyama|move: Focus Punch
|move|p1a: Skarmory|Spikes|p2a: Hariyama
|-sidestart|p2: Valyns|Spikes
|move|p2a: Hariyama|Focus Punch|p1a: Skarmory
|-damage|p1a: Skarmory|44/100
|
|-weather|Sandstorm|[upkeep]
|-damage|p2a: Hariyama|94/100|[from] Sandstorm
|-heal|p2a: Hariyama|100/100|[from] item: Leftovers
|upkeep
|turn|3
|
|t:|1727987154
|-singleturn|p2a: Hariyama|move: Focus Punch
|move|p1a: Skarmory|Protect|p1a: Skarmory
|-singleturn|p1a: Skarmory|Protect
|move|p2a: Hariyama|Focus Punch|p1a: Skarmory
|-activate|p1a: Skarmory|Protect
|
|-weather|Sandstorm|[upkeep]
|-damage|p2a: Hariyama|94/100|[from] Sandstorm
|-heal|p2a: Hariyama|100/100|[from] item: Leftovers
|upkeep
|turn|4
|
|t:|1727987163
|-singleturn|p2a: Hariyama|move: Focus Punch
|switch|p1a: Gengar|Gengar, M|100/100
|move|p2a: Hariyama|Focus Punch|p1a: Gengar
|-immune|p1a: Gengar
|
|-weather|Sandstorm|[upkeep]
|-damage|p1a: Gengar|94/100|[from] Sandstorm
|-damage|p2a: Hariyama|94/100|[from] Sandstorm
|-heal|p1a: Gengar|100/100|[from] item: Leftovers
|-heal|p2a: Hariyama|100/100|[from] item: Leftovers
|upkeep
|turn|5
|
|t:|1727987174
|move|p1a: Gengar|Will-O-Wisp|p2a: Hariyama
|-status|p2a: Hariyama|brn
|move|p2a: Hariyama|Rock Slide|p1a: Gengar
|-damage|p1a: Gengar|42/100
|
|-weather|Sandstorm|[upkeep]
|-damage|p1a: Gengar|36/100|[from] Sandstorm
|-damage|p2a: Hariyama|94/100 brn|[from] Sandstorm
|-heal|p1a: Gengar|42/100|[from] item: Leftovers
|-heal|p2a: Hariyama|100/100 brn|[from] item: Leftovers
|-damage|p2a: Hariyama|88/100 brn|[from] brn
|upkeep
|turn|6
|
|t:|1727987186
|switch|p1a: Skarmory|Skarmory, F|44/100
|move|p2a: Hariyama|Rock Slide|p1a: Skarmory
|-damage|p1a: Skarmory|18/100
|
|-weather|Sandstorm|[upkeep]
|-damage|p2a: Hariyama|82/100 brn|[from] Sandstorm
|-heal|p2a: Hariyama|88/100 brn|[from] item: Leftovers
|-damage|p2a: Hariyama|76/100 brn|[from] brn
|upkeep
|turn|7
|
|t:|1727987196
|move|p1a: Skarmory|Protect|p1a: Skarmory
|-singleturn|p1a: Skarmory|Protect
|move|p2a: Hariyama|Rock Slide|p1a: Skarmory
|-activate|p1a: Skarmory|Protect
|
|-weather|Sandstorm|[upkeep]
|-damage|p2a: Hariyama|70/100 brn|[from] Sandstorm
|-heal|p2a: Hariyama|76/100 brn|[from] item: Leftovers
|-damage|p2a: Hariyama|63/100 brn|[from] brn
|upkeep
|turn|8
|
|t:|1727987216
|move|p1a: Skarmory|Spikes|p2a: Hariyama
|-sidestart|p2: Valyns|Spikes
|move|p2a: Hariyama|Rock Slide|p1a: Skarmory
|-damage|p1a: Skarmory|0 fnt
|faint|p1a: Skarmory
|
|t:|1727987228
|switch|p1a: Gengar|Gengar, M|42/100
|
|-weather|Sandstorm|[upkeep]
|-damage|p1a: Gengar|36/100|[from] Sandstorm
|-damage|p2a: Hariyama|57/100 brn|[from] Sandstorm
|-heal|p1a: Gengar|42/100|[from] item: Leftovers
|-heal|p2a: Hariyama|63/100 brn|[from] item: Leftovers
|-damage|p2a: Hariyama|51/100 brn|[from] brn
|upkeep
|turn|9
|
|t:|1727987236
|move|p1a: Gengar|Thunderbolt|p2a: Hariyama
|-damage|p2a: Hariyama|25/100 brn
|move|p2a: Hariyama|Rock Slide|p1a: Gengar|[miss]
|-miss|p2a: Hariyama|p1a: Gengar
|
|-weather|Sandstorm|[upkeep]
|-damage|p1a: Gengar|36/100|[from] Sandstorm
|-damage|p2a: Hariyama|18/100 brn|[from] Sandstorm
|-heal|p1a: Gengar|42/100|[from] item: Leftovers
|-heal|p2a: Hariyama|25/100 brn|[from] item: Leftovers
|-damage|p2a: Hariyama|12/100 brn|[from] brn
|upkeep
|turn|10
|
|t:|1727987250
|move|p1a: Gengar|Ice Punch|p2a: Hariyama
|-damage|p2a: Hariyama|0 fnt
|faint|p2a: Hariyama
|
|t:|1727987266
|switch|p2a: Regice|Regice|100/100
|-damage|p2a: Regice|84/100|[from] Spikes
|
|-weather|Sandstorm|[upkeep]
|-damage|p1a: Gengar|36/100|[from] Sandstorm
|-damage|p2a: Regice|78/100|[from] Sandstorm
|-heal|p1a: Gengar|42/100|[from] item: Leftovers
|-heal|p2a: Regice|84/100|[from] item: Leftovers
|upkeep
|turn|11
|
|t:|1727987281
|switch|p1a: Jirachi|Jirachi|100/100
|move|p2a: Regice|Ice Beam|p1a: Jirachi
|-resisted|p1a: Jirachi
|-damage|p1a: Jirachi|87/100
|-status|p1a: Jirachi|frz
|
|-weather|Sandstorm|[upkeep]
|-damage|p2a: Regice|78/100|[from] Sandstorm
|-heal|p1a: Jirachi|93/100 frz|[from] item: Leftovers
|-heal|p2a: Regice|84/100|[from] item: Leftovers
|upkeep
|turn|12
|inactive|Valyns has 270 seconds left.
|
|t:|1727987302
|switch|p2a: Magneton|Magneton|100/100
|-damage|p2a: Magneton|84/100|[from] Spikes
|cant|p1a: Jirachi|frz
|
|-weather|Sandstorm|[upkeep]
|-heal|p1a: Jirachi|99/100 frz|[from] item: Leftovers
|upkeep
|turn|13
|inactive|Valyns has 270 seconds left.
|
|t:|1727987318
|move|p2a: Magneton|Sunny Day|p2a: Magneton
|-weather|SunnyDay
|cant|p1a: Jirachi|frz
|
|-weather|SunnyDay|[upkeep]
|-heal|p1a: Jirachi|100/100 frz|[from] item: Leftovers
|upkeep
|turn|14
|inactive|Valyns has 270 seconds left.
|
|t:|1727987323
|move|p2a: Magneton|Hidden Power|p1a: Jirachi
|-supereffective|p1a: Jirachi
|-damage|p1a: Jirachi|51/100 frz
|-curestatus|p1a: Jirachi|frz|[msg]
|move|p1a: Jirachi|Fire Punch|p2a: Magneton
|-supereffective|p2a: Magneton
|-damage|p2a: Magneton|0 fnt
|faint|p2a: Magneton
|inactive|Valyns has 270 seconds left.
|
|t:|1727987340
|switch|p2a: Arcanine|Arcanine, M|100/100
|-damage|p2a: Arcanine|84/100|[from] Spikes
|-ability|p2a: Arcanine|Intimidate|boost
|-unboost|p1a: Jirachi|atk|1
|
|-weather|SunnyDay|[upkeep]
|-heal|p2a: Arcanine|90/100|[from] item: Leftovers
|-heal|p1a: Jirachi|57/100|[from] item: Leftovers
|upkeep
|turn|15
|
|t:|1727987351
|move|p1a: Jirachi|Protect|p1a: Jirachi
|-singleturn|p1a: Jirachi|Protect
|move|p2a: Arcanine|Overheat|p1a: Jirachi|[miss]
|-miss|p2a: Arcanine|p1a: Jirachi
|
|-weather|SunnyDay|[upkeep]
|-heal|p2a: Arcanine|96/100|[from] item: Leftovers
|-heal|p1a: Jirachi|64/100|[from] item: Leftovers
|upkeep
|turn|16
|
|t:|1727987364
|switch|p1a: Tyranitar|Tyranitar, F|100/100
|-weather|Sandstorm|[from] ability: Sand Stream|[of] p1a: Tyranitar
|move|p2a: Arcanine|Overheat|p1a: Tyranitar|[miss]
|-miss|p2a: Arcanine|p1a: Tyranitar
|
|-weather|Sandstorm|[upkeep]
|-damage|p2a: Arcanine|90/100|[from] Sandstorm
|-heal|p2a: Arcanine|96/100|[from] item: Leftovers
|upkeep
|turn|17
|inactive|Valyns has 270 seconds left.
|c|☆Valyns|bro LMAO
|
|t:|1727987376
|move|p2a: Arcanine|Hidden Power|p1a: Tyranitar
|-supereffective|p1a: Tyranitar
|-damage|p1a: Tyranitar|19/100
|move|p1a: Tyranitar|Earthquake|p2a: Arcanine
|-supereffective|p2a: Arcanine
|-crit|p2a: Arcanine
|-damage|p2a: Arcanine|0 fnt
|faint|p2a: Arcanine
|inactive|Valyns has 270 seconds left.
|c|☆Sificon~|this series is so cursed
|
|t:|1727987388
|switch|p2a: Forretress|Forretress, F|100/100
|-damage|p2a: Forretress|84/100|[from] Spikes
|
|-weather|Sandstorm|[upkeep]
|-heal|p1a: Tyranitar|25/100|[from] item: Leftovers
|-heal|p2a: Forretress|90/100|[from] item: Leftovers
|upkeep
|turn|18
|inactive|Valyns has 270 seconds left.
|
|t:|1727987405
|switch|p1a: Gengar|Gengar, M|42/100
|move|p2a: Forretress|Spikes|p1a: Gengar
|-sidestart|p1: Sificon~|Spikes
|
|-weather|Sandstorm|[upkeep]
|-damage|p1a: Gengar|36/100|[from] Sandstorm
|-heal|p1a: Gengar|42/100|[from] item: Leftovers
|-heal|p2a: Forretress|97/100|[from] item: Leftovers
|upkeep
|turn|19
|
|t:|1727987413
|move|p1a: Gengar|Taunt|p2a: Forretress
|-start|p2a: Forretress|move: Taunt
|cant|p2a: Forretress|move: Taunt|Spikes
|
|-weather|Sandstorm|[upkeep]
|-damage|p1a: Gengar|36/100|[from] Sandstorm
|-heal|p1a: Gengar|42/100|[from] item: Leftovers
|-heal|p2a: Forretress|100/100|[from] item: Leftovers
|upkeep
|turn|20
|inactive|Valyns has 270 seconds left.
|
|t:|1727987422
|switch|p2a: Salamence|Salamence, M|100/100
|-ability|p2a: Salamence|Intimidate|boost
|-unboost|p1a: Gengar|atk|1
|move|p1a: Gengar|Will-O-Wisp|p2a: Salamence
|-status|p2a: Salamence|brn
|
|-weather|Sandstorm|[upkeep]
|-damage|p1a: Gengar|36/100|[from] Sandstorm
|-damage|p2a: Salamence|94/100 brn|[from] Sandstorm
|-heal|p1a: Gengar|42/100|[from] item: Leftovers
|-heal|p2a: Salamence|100/100 brn|[from] item: Leftovers
|-damage|p2a: Salamence|88/100 brn|[from] brn
|upkeep
|turn|21
|inactive|Valyns has 270 seconds left.
|
|t:|1727987437
|move|p1a: Gengar|Ice Punch|p2a: Salamence
|-supereffective|p2a: Salamence
|-damage|p2a: Salamence|0 fnt
|faint|p2a: Salamence
|inactive|Valyns has 270 seconds left.
|
|t:|1727987442
|switch|p2a: Regice|Regice|84/100
|-damage|p2a: Regice|67/100|[from] Spikes
|
|-weather|Sandstorm|[upkeep]
|-damage|p1a: Gengar|36/100|[from] Sandstorm
|-damage|p2a: Regice|61/100|[from] Sandstorm
|-heal|p1a: Gengar|42/100|[from] item: Leftovers
|-heal|p2a: Regice|67/100|[from] item: Leftovers
|upkeep
|turn|22
|
|t:|1727987459
|switch|p1a: Jirachi|Jirachi|64/100
|-damage|p1a: Jirachi|51/100|[from] Spikes
|move|p2a: Regice|Thunder Wave|p1a: Jirachi
|-status|p1a: Jirachi|par
|
|-weather|Sandstorm|[upkeep]
|-damage|p2a: Regice|61/100|[from] Sandstorm
|-heal|p2a: Regice|67/100|[from] item: Leftovers
|-heal|p1a: Jirachi|57/100 par|[from] item: Leftovers
|upkeep
|turn|23
|
|t:|1727987469
|move|p2a: Regice|Thunderbolt|p1a: Jirachi
|-damage|p1a: Jirachi|39/100 par
|move|p1a: Jirachi|Fire Punch|p2a: Regice
|-supereffective|p2a: Regice
|-damage|p2a: Regice|51/100
|
|-weather|Sandstorm|[upkeep]
|-damage|p2a: Regice|45/100|[from] Sandstorm
|-heal|p2a: Regice|51/100|[from] item: Leftovers
|-heal|p1a: Jirachi|45/100 par|[from] item: Leftovers
|upkeep
|turn|24
|
|t:|1727987479
|move|p2a: Regice|Thunderbolt|p1a: Jirachi
|-damage|p1a: Jirachi|25/100 par
|move|p1a: Jirachi|Wish|p1a: Jirachi
|
|-weather|Sandstorm|[upkeep]
|-damage|p2a: Regice|45/100|[from] Sandstorm
|-heal|p2a: Regice|51/100|[from] item: Leftovers
|-heal|p1a: Jirachi|31/100 par|[from] item: Leftovers
|upkeep
|turn|25
|c|☆Valyns|gg
|c|☆Sificon~|ggs
|inactive|Valyns has 270 seconds left.
|-message|Valyns forfeited.
|
|win|Sificon~
|player|p2|

</script>
<script type="application/json" class="data" id="replaydata-smogtours-gen3ou-794367">
{"id":"smogtours-gen3ou-794367","format":"[Gen 3] OU","players":["Sificon~","Valyns"],"uploadtime":1727987500,"views":81,"formatid":"gen3ou","rating":null,"private":0,"password":null}
</script>

<script defer src="js/replays.js?9d40a366"></script>
