<!DOCTYPE html>
<meta charset="utf-8" />
<meta name="viewport" content="width=device-width" />

<title>[Gen 3] OU: Garpachi vs. kaesespaetzle - Replays - Pok&eacute;mon Showdown!</title>

<meta name="description" content="Watch a replay of a Pok&eacute;mon battle between Garpachi and kaesespaetzle! Format: [Gen 3] OU; Date: Oct 30, 2024" />
<!--

Hey, you! Looking in the source for the replay log?

You can find them in JSON format, just add `.json` at the end of a replay URL.

https://replay.pokemonshowdown.com/gen7randomdoublesbattle-865046831.json

Or, if you only need the log itself, add `.log` instead:

https://replay.pokemonshowdown.com/gen7randomdoublesbattle-865046831.log

-->

<link rel="stylesheet" href="//pokemonshowdown.com/style/global.css?0.023195364461161105" />
<link rel="stylesheet" href="//play.pokemonshowdown.com/style/font-awesome.css?0.13261647063804238" />
<link rel="stylesheet" href="//play.pokemonshowdown.com/style/battle.css?0.8753245789963631" />
<link rel="stylesheet" href="//play.pokemonshowdown.com/style/utilichart.css?0.8627959624976733" />

<!-- Global site tag (gtag.js) - Google Analytics -->
<script async src="https://www.googletagmanager.com/gtag/js?id=UA-26211653-1"></script>
<script>
  window.dataLayer = window.dataLayer || [];
  function gtag(){dataLayer.push(arguments);}
  gtag('js', new Date());

  gtag('config', 'UA-26211653-1');
</script>
<!-- End Google Analytics -->
<!-- Venatus Ad Manager - Install in <HEAD> of page -->
	<script src="https://hb.vntsm.com/v3/live/ad-manager.min.js" type="text/javascript" data-site-id="642aba63ec9a7b11c3c9c1be" data-mode="scan" async></script>
<!-- / Venatus Ad Manager -->

<style>
	@media (max-width:820px) {
		.battle {
			margin: 0 auto;
		}
		.battle-log {
			margin: 7px auto 0;
			max-width: 640px;
			height: 300px;
			position: static;
		}
	}
	.optgroup {
		display: inline-block;
		line-height: 22px;
		font-size: 10pt;
	}
	.optgroup .button {
		height: 25px;
		padding-top: 0;
		padding-bottom: 0;
	}
	.optgroup button.button {
		padding-left: 12px;
		padding-right: 12px;
	}
	.linklist {
		list-style: none;
		margin: 0.5em 0;
		padding: 0;
	}
	.linklist li {
		padding: 2px 0;
	}
	.sidebar {
		float: left;
		width: 320px;
	}
	.bar-wrapper {
		max-width: 1100px;
		margin: 0 auto;
	}
	.bar-wrapper.has-sidebar {
		max-width: 1430px;
	}
	.mainbar {
		margin: 0;
		padding-right: 1px;
	}
	.mainbar.has-sidebar {
		margin-left: 330px;
	}
	@media (min-width: 1511px) {
		.sidebar {
			width: 400px;
		}
		.bar-wrapper.has-sidebar {
			max-width: 1510px;
		}
		.mainbar.has-sidebar {
			margin-left: 410px;
		}
	}
	.section.first-section {
		margin-top: 9px;
	}
	.blocklink small {
		white-space: normal;
	}
	.button {
		vertical-align: middle;
	}
	.replay-controls {
		padding-top: 10px;
	}
	.replay-controls h1 {
		font-size: 16pt;
		font-weight: normal;
		color: #CCC;
	}
	.pagelink {
		text-align: center;
	}
	.pagelink a {
		width: 150px;
	}
	.textbox, .button {
		font-size: 11pt;
		vertical-align: middle;
	}
	@media (max-width: 450px) {
		.button {
			font-size: 9pt;
		}
	}
</style>

<div>

	<header>
		<div class="nav-wrapper"><ul class="nav">
			<li><a class="button nav-first" href="//pokemonshowdown.com/"><img src="//pokemonshowdown.com/images/pokemonshowdownbeta.png" srcset="//pokemonshowdown.com/images/pokemonshowdownbeta.png 1x, //pokemonshowdown.com/images/pokemonshowdownbeta@2x.png 2x" alt="Pok&eacute;mon Showdown" width="146" height="44" /> Home</a></li>
			<li><a class="button" href="//pokemonshowdown.com/dex/">Pok&eacute;dex</a></li>
			<li><a class="button cur" href="/">Replays</a></li>
			<li><a class="button" href="//pokemonshowdown.com/ladder/">Ladder</a></li>
			<li><a class="button nav-last" href="//pokemonshowdown.com/forums/">Forum</a></li>
			<li><a class="button greenbutton nav-first nav-last" href="//play.pokemonshowdown.com/">Play</a></li>
		</ul></div>
	</header>

	<div class="main" id="main">

		<noscript><section class="section">You need to enable JavaScript to use this page; sorry!</section></noscript>

	</div>

</div>

<script defer nomodule src="//play.pokemonshowdown.com/js/lib/ps-polyfill.js"></script>
<script defer src="//play.pokemonshowdown.com/js/lib/preact.min.js"></script>

<script defer src="//play.pokemonshowdown.com/config/config.js?2bddbc15"></script>
<script defer src="//play.pokemonshowdown.com/js/lib/jquery-1.11.0.min.js"></script>
<script defer src="//play.pokemonshowdown.com/js/lib/html-sanitizer-minified.js"></script>
<script defer src="//play.pokemonshowdown.com/js/battle-sound.js"></script>
<script defer src="//play.pokemonshowdown.com/js/battledata.js?0.7209276989879541"></script>
<script defer src="//play.pokemonshowdown.com/data/pokedex-mini.js?0.6111056340867951"></script>
<script defer src="//play.pokemonshowdown.com/data/pokedex-mini-bw.js?0.3532142036491459"></script>
<script defer src="//play.pokemonshowdown.com/data/graphics.js?0.24223875632456182"></script>
<script defer src="//play.pokemonshowdown.com/data/pokedex.js?0.38839984266356864"></script>
<script defer src="//play.pokemonshowdown.com/data/moves.js?0.21866028504024015"></script>
<script defer src="//play.pokemonshowdown.com/data/abilities.js?0.2005157953846628"></script>
<script defer src="//play.pokemonshowdown.com/data/items.js?0.9894211263848525"></script>
<script defer src="//play.pokemonshowdown.com/data/teambuilder-tables.js?0.6008791140282215"></script>
<script defer src="//play.pokemonshowdown.com/js/battle-tooltips.js?0.7580118955022959"></script>
<script defer src="//play.pokemonshowdown.com/js/battle.js?0.6057722274234274"></script>

<script defer src="js/utils.js?e31f9a17"></script>
<script defer src="js/replays-battle.js?7008c182"></script>

<!-- don't scrape this data! just add .json or .log after the URL!
Full API docs: https://github.com/smogon/pokemon-showdown-client/blob/master/WEB-API.md -->
<script type="text/plain" class="log" id="replaylog-smogtours-gen3ou-803501">
|inactive|Battle timer is ON: inactive players will automatically lose when time's up.
|t:|1730327678
|gametype|singles
|player|p1|Garpachi|maid|
|player|p2|kaesespaetzle|2|
|teamsize|p1|6
|teamsize|p2|6
|gen|3
|tier|[Gen 3] OU
|rule|Sleep Clause Mod: Limit one foe put to sleep
|rule|Switch Priority Clause Mod: Faster Pokémon switch first
|rule|Species Clause: Limit one of each Pokémon
|rule|OHKO Clause: OHKO moves are banned
|rule|Evasion Items Clause: Evasion items are banned
|rule|Evasion Moves Clause: Evasion moves are banned
|rule|Endless Battle Clause: Forcing endless battles is banned
|rule|HP Percentage Mod: HP is shown in percentages
|rule|One Boost Passer Clause: Limit one Baton Passer that has a way to boost its stats
|rule|Freeze Clause Mod: Limit one foe frozen
|
|t:|1730327678
|start
|switch|p1a: Salami|Salamence, F|100/100
|switch|p2a: Jirachi|Jirachi|100/100
|-ability|p1a: Salami|Intimidate|boost
|-unboost|p2a: Jirachi|atk|1
|turn|1
|inactive|kaesespaetzle has 270 seconds left.
|inactive|kaesespaetzle has 240 seconds left.
|
|t:|1730327739
|switch|p1a: Swampy|Swampert, F|100/100
|switch|p2a: Zapdos|Zapdos|100/100
|
|upkeep
|turn|2
|
|t:|1730327753
|switch|p2a: Vileplume|Vileplume, F|100/100
|switch|p1a: Sleepy|Snorlax, M|100/100
|
|upkeep
|turn|3
|inactive|Garpachi has 270 seconds left.
|
|t:|1730327790
|switch|p1a: Seedy|Venusaur, M|100/100
|move|p2a: Vileplume|Stun Spore|p1a: Seedy
|-status|p1a: Seedy|par
|
|upkeep
|turn|4
|inactive|Garpachi has 270 seconds left.
|
|t:|1730327813
|switch|p2a: Zapdos|Zapdos|100/100
|cant|p1a: Seedy|par
|
|upkeep
|turn|5
|inactive|Garpachi has 270 seconds left.
|
|t:|1730327833
|switch|p1a: Sleepy|Snorlax, M|100/100
|move|p2a: Zapdos|Hidden Power|p1a: Sleepy
|-damage|p1a: Sleepy|90/100
|
|-heal|p1a: Sleepy|96/100|[from] item: Leftovers
|upkeep
|turn|6
|inactive|kaesespaetzle has 270 seconds left.
|
|t:|1730327856
|switch|p2a: Jirachi|Jirachi|100/100
|move|p1a: Sleepy|Body Slam|p2a: Jirachi
|-resisted|p2a: Jirachi
|-damage|p2a: Jirachi|83/100
|
|-heal|p1a: Sleepy|100/100|[from] item: Leftovers
|upkeep
|turn|7
|inactive|kaesespaetzle has 270 seconds left.
|
|t:|1730327870
|switch|p1a: Swampy|Swampert, F|100/100
|move|p2a: Jirachi|Body Slam|p1a: Swampy
|-damage|p1a: Swampy|71/100
|
|-heal|p1a: Swampy|78/100|[from] item: Leftovers
|upkeep
|turn|8
|inactive|kaesespaetzle has 270 seconds left.
|inactive|Garpachi has 270 seconds left.
|
|t:|1730327888
|switch|p2a: Zapdos|Zapdos|100/100
|move|p1a: Swampy|Earthquake|p2a: Zapdos
|-immune|p2a: Zapdos
|
|-heal|p1a: Swampy|84/100|[from] item: Leftovers
|upkeep
|turn|9
|
|t:|1730327895
|switch|p2a: Jirachi|Jirachi|83/100
|move|p1a: Swampy|Protect||[still]
|-fail|p1a: Swampy
|
|-heal|p1a: Swampy|90/100|[from] item: Leftovers
|upkeep
|turn|10
|inactive|kaesespaetzle has 270 seconds left.
|
|t:|1730327911
|switch|p2a: Zapdos|Zapdos|100/100
|move|p1a: Swampy|Ice Beam|p2a: Zapdos
|-supereffective|p2a: Zapdos
|-damage|p2a: Zapdos|73/100
|
|-heal|p2a: Zapdos|79/100|[from] item: Leftovers
|-heal|p1a: Swampy|96/100|[from] item: Leftovers
|upkeep
|turn|11
|
|t:|1730327924
|switch|p1a: Sleepy|Snorlax, M|100/100
|move|p2a: Zapdos|Roar|p1a: Sleepy
|drag|p1a: Forre|Forretress, F|100/100
|
|-heal|p2a: Zapdos|86/100|[from] item: Leftovers
|upkeep
|turn|12
|
|t:|1730327941
|move|p2a: Zapdos|Thunderbolt|p1a: Forre
|-damage|p1a: Forre|65/100
|move|p1a: Forre|Spikes|p2a: Zapdos
|-sidestart|p2: kaesespaetzle|Spikes
|
|-heal|p2a: Zapdos|92/100|[from] item: Leftovers
|-heal|p1a: Forre|71/100|[from] item: Leftovers
|upkeep
|turn|13
|
|t:|1730327954
|switch|p2a: Armaldo|Armaldo, F|100/100
|-damage|p2a: Armaldo|88/100|[from] Spikes
|switch|p1a: Sleepy|Snorlax, M|100/100
|
|-heal|p2a: Armaldo|94/100|[from] item: Leftovers
|upkeep
|turn|14
|
|t:|1730327974
|-singleturn|p1a: Sleepy|move: Focus Punch
|move|p2a: Armaldo|Swords Dance|p2a: Armaldo
|-boost|p2a: Armaldo|atk|2
|move|p1a: Sleepy|Focus Punch|p2a: Armaldo
|-damage|p2a: Armaldo|56/100
|
|-heal|p2a: Armaldo|63/100|[from] item: Leftovers
|upkeep
|turn|15
|
|t:|1730327984
|move|p2a: Armaldo|Hidden Power|p1a: Sleepy
|-damage|p1a: Sleepy|45/100
|move|p1a: Sleepy|Counter|p2a: Armaldo
|-damage|p2a: Armaldo|0 fnt
|faint|p2a: Armaldo
|inactive|kaesespaetzle has 240 seconds left.
|
|t:|1730328015
|switch|p2a: Vileplume|Vileplume, F|100/100
|-damage|p2a: Vileplume|88/100|[from] Spikes
|
|-heal|p2a: Vileplume|94/100|[from] item: Leftovers
|-heal|p1a: Sleepy|51/100|[from] item: Leftovers
|upkeep
|turn|16
|inactive|kaesespaetzle has 210 seconds left.
|
|t:|1730328078
|switch|p1a: Seedy|Venusaur, M|100/100 par
|move|p2a: Vileplume|Sludge Bomb|p1a: Seedy
|-damage|p1a: Seedy|72/100 par
|
|-heal|p2a: Vileplume|100/100|[from] item: Leftovers
|-heal|p1a: Seedy|79/100 par|[from] item: Leftovers
|upkeep
|turn|17
|inactive|kaesespaetzle has 180 seconds left.
|
|t:|1730328117
|move|p2a: Vileplume|Sludge Bomb|p1a: Seedy
|-damage|p1a: Seedy|47/100 par
|move|p1a: Seedy|Sleep Powder|p2a: Vileplume
|-status|p2a: Vileplume|slp|[from] move: Sleep Powder
|
|-heal|p1a: Seedy|53/100 par|[from] item: Leftovers
|upkeep
|turn|18
|
|t:|1730328132
|switch|p2a: Salamence|Salamence, M|100/100
|-ability|p2a: Salamence|Intimidate|boost
|-unboost|p1a: Seedy|atk|1
|switch|p1a: Salami|Salamence, F|100/100
|-ability|p1a: Salami|Intimidate|boost
|-unboost|p2a: Salamence|atk|1
|
|upkeep
|turn|19
|inactive|kaesespaetzle has 150 seconds left.
|
|t:|1730328157
|switch|p1a: Swampy|Swampert, F|96/100
|switch|p2a: Zapdos|Zapdos|92/100
|
|-heal|p2a: Zapdos|98/100|[from] item: Leftovers
|-heal|p1a: Swampy|100/100|[from] item: Leftovers
|upkeep
|turn|20
|inactive|kaesespaetzle has 150 seconds left.
|
|t:|1730328175
|switch|p2a: Jirachi|Jirachi|83/100
|-damage|p2a: Jirachi|71/100|[from] Spikes
|switch|p1a: Seedy|Venusaur, M|53/100 par
|
|-heal|p1a: Seedy|59/100 par|[from] item: Leftovers
|upkeep
|turn|21
|inactive|kaesespaetzle has 150 seconds left.
|
|t:|1730328185
|move|p2a: Jirachi|Doom Desire|p1a: Seedy
|-start|p2a: Jirachi|Doom Desire
|move|p1a: Seedy|Leech Seed|p2a: Jirachi
|-start|p2a: Jirachi|move: Leech Seed
|
|-damage|p2a: Jirachi|59/100|[from] Leech Seed|[of] p1a: Seedy
|-heal|p1a: Seedy|74/100 par|[silent]
|-heal|p1a: Seedy|80/100 par|[from] item: Leftovers
|upkeep
|turn|22
|inactive|kaesespaetzle has 150 seconds left.
|
|t:|1730328213
|switch|p2a: Marowak|Marowak, M|100/100
|-damage|p2a: Marowak|88/100|[from] Spikes
|switch|p1a: Rocky|Tyranitar, M|100/100
|-weather|Sandstorm|[from] ability: Sand Stream|[of] p1a: Rocky
|
|-weather|Sandstorm|[upkeep]
|upkeep
|turn|23
|
|t:|1730328227
|move|p2a: Marowak|Earthquake|p1a: Rocky
|-supereffective|p1a: Rocky
|-damage|p1a: Rocky|0 fnt
|faint|p1a: Rocky
|inactive|Garpachi has 270 seconds left.
|inactive|Garpachi has 240 seconds left.
|
|t:|1730328286
|switch|p1a: Salami|Salamence, F|100/100
|-ability|p1a: Salami|Intimidate|boost
|-unboost|p2a: Marowak|atk|1
|
|-weather|Sandstorm|[upkeep]
|-damage|p1a: Salami|94/100|[from] Sandstorm
|-heal|p1a: Salami|100/100|[from] item: Leftovers
|-end|p1a: Salami|move: Doom Desire
|-damage|p1a: Salami|35/100
|upkeep
|turn|24
|
|t:|1730328314
|switch|p1a: Swampy|Swampert, F|100/100
|switch|p2a: Zapdos|Zapdos|98/100
|
|-weather|Sandstorm|[upkeep]
|-damage|p2a: Zapdos|92/100|[from] Sandstorm
|-heal|p2a: Zapdos|98/100|[from] item: Leftovers
|upkeep
|turn|25
|inactive|kaesespaetzle has 120 seconds left.
|
|t:|1730328333
|switch|p1a: Sleepy|Snorlax, M|51/100
|move|p2a: Zapdos|Roar|p1a: Sleepy
|drag|p1a: Swampy|Swampert, F|100/100
|
|-weather|Sandstorm|[upkeep]
|-damage|p2a: Zapdos|92/100|[from] Sandstorm
|-heal|p2a: Zapdos|98/100|[from] item: Leftovers
|upkeep
|turn|26
|inactive|kaesespaetzle has 120 seconds left.
|
|t:|1730328345
|move|p1a: Swampy|Ice Beam|p2a: Zapdos
|-supereffective|p2a: Zapdos
|-damage|p2a: Zapdos|72/100
|move|p2a: Zapdos|Roar|p1a: Swampy
|drag|p1a: Sleepy|Snorlax, M|51/100
|
|-weather|Sandstorm|[upkeep]
|-damage|p2a: Zapdos|66/100|[from] Sandstorm
|-damage|p1a: Sleepy|45/100|[from] Sandstorm
|-heal|p2a: Zapdos|72/100|[from] item: Leftovers
|-heal|p1a: Sleepy|51/100|[from] item: Leftovers
|upkeep
|turn|27
|inactive|kaesespaetzle has 120 seconds left.
|
|t:|1730328369
|switch|p2a: Salamence|Salamence, M|100/100
|-ability|p2a: Salamence|Intimidate|boost
|-unboost|p1a: Sleepy|atk|1
|move|p1a: Sleepy|Self-Destruct|p2a: Salamence
|-damage|p2a: Salamence|0 fnt
|faint|p1a: Sleepy
|faint|p2a: Salamence
|inactive|kaesespaetzle has 120 seconds left.
|
|t:|1730328399
|switch|p2a: Zapdos|Zapdos|72/100
|switch|p1a: Salami|Salamence, F|35/100
|-ability|p1a: Salami|Intimidate|boost
|-unboost|p2a: Zapdos|atk|1
|
|-weather|Sandstorm|[upkeep]
|-damage|p1a: Salami|29/100|[from] Sandstorm
|-damage|p2a: Zapdos|66/100|[from] Sandstorm
|-heal|p1a: Salami|35/100|[from] item: Leftovers
|-heal|p2a: Zapdos|72/100|[from] item: Leftovers
|upkeep
|turn|28
|inactive|Garpachi has 210 seconds left.
|
|t:|1730328425
|switch|p1a: Swampy|Swampert, F|100/100
|move|p2a: Zapdos|Hidden Power|p1a: Swampy
|-damage|p1a: Swampy|82/100
|
|-weather|Sandstorm|[upkeep]
|-damage|p2a: Zapdos|66/100|[from] Sandstorm
|-heal|p2a: Zapdos|72/100|[from] item: Leftovers
|-heal|p1a: Swampy|88/100|[from] item: Leftovers
|upkeep
|turn|29
|inactive|Garpachi has 210 seconds left.
|inactive|kaesespaetzle has 90 seconds left.
|
|t:|1730328464
|switch|p2a: Vileplume|Vileplume, F|100/100 slp
|-damage|p2a: Vileplume|88/100 slp|[from] Spikes
|move|p1a: Swampy|Ice Beam|p2a: Vileplume
|-supereffective|p2a: Vileplume
|-damage|p2a: Vileplume|58/100 slp
|
|-weather|Sandstorm|[upkeep]
|-damage|p2a: Vileplume|52/100 slp|[from] Sandstorm
|-heal|p1a: Swampy|94/100|[from] item: Leftovers
|-heal|p2a: Vileplume|58/100 slp|[from] item: Leftovers
|upkeep
|turn|30
|inactive|Garpachi has 210 seconds left.
|inactive|kaesespaetzle has 60 seconds left.
|
|t:|1730328518
|switch|p2a: Zapdos|Zapdos|72/100
|move|p1a: Swampy|Ice Beam|p2a: Zapdos
|-supereffective|p2a: Zapdos
|-crit|p2a: Zapdos
|-damage|p2a: Zapdos|24/100
|
|-weather|Sandstorm|[upkeep]
|-damage|p2a: Zapdos|17/100|[from] Sandstorm
|-heal|p2a: Zapdos|24/100|[from] item: Leftovers
|-heal|p1a: Swampy|100/100|[from] item: Leftovers
|upkeep
|turn|31
|inactive|kaesespaetzle has 60 seconds left.
|
|t:|1730328531
|switch|p2a: Jirachi|Jirachi|59/100
|-damage|p2a: Jirachi|47/100|[from] Spikes
|move|p1a: Swampy|Ice Beam|p2a: Jirachi
|-resisted|p2a: Jirachi
|-damage|p2a: Jirachi|39/100
|
|-weather|Sandstorm|[upkeep]
|upkeep
|turn|32
|inactive|kaesespaetzle has 60 seconds left.
|
|t:|1730328549
|move|p2a: Jirachi|Body Slam|p1a: Swampy
|-damage|p1a: Swampy|75/100
|-status|p1a: Swampy|par
|move|p1a: Swampy|Ice Beam|p2a: Jirachi
|-resisted|p2a: Jirachi
|-damage|p2a: Jirachi|32/100
|-status|p2a: Jirachi|frz
|
|-weather|Sandstorm|[upkeep]
|-heal|p1a: Swampy|81/100 par|[from] item: Leftovers
|upkeep
|turn|33
|inactive|kaesespaetzle has 60 seconds left.
|c|☆Garpachi|mb
|
|t:|1730328572
|cant|p2a: Jirachi|frz
|move|p1a: Swampy|Refresh|p1a: Swampy
|-curestatus|p1a: Swampy|par|[msg]
|
|-weather|Sandstorm|[upkeep]
|-heal|p1a: Swampy|88/100|[from] item: Leftovers
|upkeep
|turn|34
|inactive|Garpachi has 180 seconds left.
|inactive|kaesespaetzle has 30 seconds left.
|
|t:|1730328599
|-curestatus|p2a: Jirachi|frz|[msg]
|move|p2a: Jirachi|Body Slam|p1a: Swampy
|-damage|p1a: Swampy|59/100
|-status|p1a: Swampy|par
|cant|p1a: Swampy|par
|
|-weather|Sandstorm|[upkeep]
|-heal|p1a: Swampy|65/100 par|[from] item: Leftovers
|upkeep
|turn|35
|inactive|Garpachi has 180 seconds left.
|inactive|kaesespaetzle has 30 seconds left.
|inactive|kaesespaetzle has 20 seconds left.
|
|t:|1730328624
|switch|p2a: Vileplume|Vileplume, F|58/100 slp
|-damage|p2a: Vileplume|46/100 slp|[from] Spikes
|move|p1a: Swampy|Refresh|p1a: Swampy
|-curestatus|p1a: Swampy|par|[msg]
|
|-weather|Sandstorm|[upkeep]
|-damage|p2a: Vileplume|39/100 slp|[from] Sandstorm
|-heal|p1a: Swampy|71/100|[from] item: Leftovers
|-heal|p2a: Vileplume|46/100 slp|[from] item: Leftovers
|upkeep
|turn|36
|inactive|kaesespaetzle has 30 seconds left this turn.
|inactive|Garpachi has 180 seconds left.
|inactive|Garpachi has 150 seconds left.
|inactive|kaesespaetzle has 20 seconds left.
|
|t:|1730328669
|move|p1a: Swampy|Ice Beam|p2a: Vileplume
|-supereffective|p2a: Vileplume
|-crit|p2a: Vileplume
|-damage|p2a: Vileplume|0 fnt
|faint|p2a: Vileplume
|inactive|kaesespaetzle has 25 seconds left this turn.
|inactive|kaesespaetzle has 20 seconds left.
|
|t:|1730328679
|switch|p2a: Jirachi|Jirachi|32/100
|-damage|p2a: Jirachi|20/100|[from] Spikes
|
|-weather|Sandstorm|[upkeep]
|-heal|p1a: Swampy|78/100|[from] item: Leftovers
|upkeep
|turn|37
|inactive|kaesespaetzle has 30 seconds left this turn.
|
|t:|1730328684
|move|p1a: Swampy|Protect|p1a: Swampy
|-singleturn|p1a: Swampy|Protect
|move|p2a: Jirachi|Doom Desire|p1a: Swampy
|-start|p2a: Jirachi|Doom Desire
|
|-weather|Sandstorm|[upkeep]
|-heal|p1a: Swampy|84/100|[from] item: Leftovers
|upkeep
|turn|38
|
|t:|1730328693
|move|p2a: Jirachi|Doom Desire|p1a: Swampy
|move|p1a: Swampy|Ice Beam|p2a: Jirachi
|-resisted|p2a: Jirachi
|-damage|p2a: Jirachi|11/100
|
|-weather|Sandstorm|[upkeep]
|-heal|p1a: Swampy|90/100|[from] item: Leftovers
|upkeep
|turn|39
|
|t:|1730328712
|switch|p1a: Salami|Salamence, F|35/100
|-ability|p1a: Salami|Intimidate|boost
|-unboost|p2a: Jirachi|atk|1
|move|p2a: Jirachi|Doom Desire|p1a: Salami
|
|-weather|Sandstorm|[upkeep]
|-damage|p1a: Salami|29/100|[from] Sandstorm
|-heal|p1a: Salami|35/100|[from] item: Leftovers
|-end|p1a: Salami|move: Doom Desire
|-damage|p1a: Salami|0 fnt
|faint|p1a: Salami
|upkeep
|inactive|Garpachi has 150 seconds left.
|
|t:|1730328728
|switch|p1a: Swampy|Swampert, F|90/100
|turn|40
|inactive|Garpachi has 150 seconds left.
|
|t:|1730328736
|move|p2a: Jirachi|Doom Desire|p1a: Swampy
|-start|p2a: Jirachi|Doom Desire
|move|p1a: Swampy|Ice Beam|p2a: Jirachi
|-resisted|p2a: Jirachi
|-damage|p2a: Jirachi|3/100
|
|-weather|Sandstorm|[upkeep]
|-heal|p1a: Swampy|96/100|[from] item: Leftovers
|upkeep
|turn|41
|
|t:|1730328743
|switch|p1a: Forre|Forretress, F|71/100
|move|p2a: Jirachi|Doom Desire|p1a: Forre
|
|-weather|Sandstorm|[upkeep]
|-heal|p1a: Forre|77/100|[from] item: Leftovers
|upkeep
|turn|42
|
|t:|1730328758
|switch|p2a: Marowak|Marowak, M|88/100
|-damage|p2a: Marowak|76/100|[from] Spikes
|move|p1a: Forre|Earthquake|p2a: Marowak
|-damage|p2a: Marowak|56/100
|
|-weather|Sandstorm|[upkeep]
|-heal|p1a: Forre|83/100|[from] item: Leftovers
|-end|p1a: Forre|move: Doom Desire
|-damage|p1a: Forre|55/100
|upkeep
|turn|43
|
|t:|1730328768
|switch|p1a: Swampy|Swampert, F|96/100
|move|p2a: Marowak|Earthquake|p1a: Swampy
|-damage|p1a: Swampy|41/100
|
|-weather|Sandstorm|[upkeep]
|-heal|p1a: Swampy|47/100|[from] item: Leftovers
|upkeep
|turn|44
|
|t:|1730328781
|switch|p2a: Jirachi|Jirachi|3/100
|-damage|p2a: Jirachi|0 fnt|[from] Spikes
|faint|p2a: Jirachi
|
|t:|1730328782
|switch|p2a: Zapdos|Zapdos|24/100
|
|-weather|Sandstorm|[upkeep]
|-damage|p2a: Zapdos|17/100|[from] Sandstorm
|-heal|p2a: Zapdos|24/100|[from] item: Leftovers
|-heal|p1a: Swampy|53/100|[from] item: Leftovers
|upkeep
|turn|45
|
|t:|1730328791
|switch|p1a: Seedy|Venusaur, M|80/100 par
|move|p2a: Zapdos|Rest|p2a: Zapdos
|-status|p2a: Zapdos|slp|[from] move: Rest
|-heal|p2a: Zapdos|100/100 slp|[silent]
|
|-weather|Sandstorm|[upkeep]
|-damage|p2a: Zapdos|94/100 slp|[from] Sandstorm
|-damage|p1a: Seedy|74/100 par|[from] Sandstorm
|-heal|p2a: Zapdos|100/100 slp|[from] item: Leftovers
|-heal|p1a: Seedy|80/100 par|[from] item: Leftovers
|upkeep
|turn|46
|
|t:|1730328801
|cant|p2a: Zapdos|slp
|move|p1a: Seedy|Leech Seed|p2a: Zapdos
|-start|p2a: Zapdos|move: Leech Seed
|
|-weather|Sandstorm|[upkeep]
|-damage|p2a: Zapdos|94/100 slp|[from] Sandstorm
|-damage|p1a: Seedy|74/100 par|[from] Sandstorm
|-heal|p2a: Zapdos|100/100 slp|[from] item: Leftovers
|-damage|p2a: Zapdos|88/100 slp|[from] Leech Seed|[of] p1a: Seedy
|-heal|p1a: Seedy|87/100 par|[silent]
|-heal|p1a: Seedy|94/100 par|[from] item: Leftovers
|upkeep
|turn|47
|inactive|Garpachi has 180 seconds left.
|inactive|kaesespaetzle has 90 seconds left.
|
|t:|1730328815
|cant|p2a: Zapdos|slp
|move|p1a: Seedy|Leech Seed||[still]
|-fail|p1a: Seedy
|
|-weather|Sandstorm|[upkeep]
|-damage|p2a: Zapdos|82/100 slp|[from] Sandstorm
|-damage|p1a: Seedy|87/100 par|[from] Sandstorm
|-heal|p2a: Zapdos|88/100 slp|[from] item: Leftovers
|-damage|p2a: Zapdos|75/100 slp|[from] Leech Seed|[of] p1a: Seedy
|-heal|p1a: Seedy|100/100 par|[silent]
|upkeep
|turn|48
|inactive|Garpachi has 180 seconds left.
|
|t:|1730328830
|switch|p2a: Marowak|Marowak, M|56/100
|-damage|p2a: Marowak|44/100|[from] Spikes
|switch|p1a: Swampy|Swampert, F|53/100
|
|-weather|Sandstorm|[upkeep]
|-heal|p1a: Swampy|59/100|[from] item: Leftovers
|upkeep
|turn|49
|inactive|Garpachi has 180 seconds left.
|
|t:|1730328838
|switch|p2a: Zapdos|Zapdos|75/100 slp
|move|p1a: Swampy|Protect||[still]
|-fail|p1a: Swampy
|
|-weather|Sandstorm|[upkeep]
|-damage|p2a: Zapdos|69/100 slp|[from] Sandstorm
|-heal|p2a: Zapdos|75/100 slp|[from] item: Leftovers
|-heal|p1a: Swampy|66/100|[from] item: Leftovers
|upkeep
|turn|50
|
|t:|1730328854
|switch|p1a: Seedy|Venusaur, M|100/100 par
|-curestatus|p2a: Zapdos|slp|[msg]
|move|p2a: Zapdos|Hidden Power|p1a: Seedy
|-supereffective|p1a: Seedy
|-damage|p1a: Seedy|59/100 par
|
|-weather|Sandstorm|[upkeep]
|-damage|p2a: Zapdos|69/100|[from] Sandstorm
|-damage|p1a: Seedy|53/100 par|[from] Sandstorm
|-heal|p2a: Zapdos|75/100|[from] item: Leftovers
|-heal|p1a: Seedy|59/100 par|[from] item: Leftovers
|upkeep
|turn|51
|
|t:|1730328864
|move|p2a: Zapdos|Hidden Power|p1a: Seedy
|-supereffective|p1a: Seedy
|-damage|p1a: Seedy|20/100 par
|cant|p1a: Seedy|par
|
|-weather|Sandstorm|[upkeep]
|-damage|p2a: Zapdos|69/100|[from] Sandstorm
|-damage|p1a: Seedy|14/100 par|[from] Sandstorm
|-heal|p2a: Zapdos|75/100|[from] item: Leftovers
|-heal|p1a: Seedy|20/100 par|[from] item: Leftovers
|upkeep
|turn|52
|inactive|Garpachi has 180 seconds left.
|
|t:|1730328883
|move|p2a: Zapdos|Hidden Power|p1a: Seedy
|-supereffective|p1a: Seedy
|-crit|p1a: Seedy
|-damage|p1a: Seedy|0 fnt
|faint|p1a: Seedy
|
|t:|1730328887
|switch|p1a: Swampy|Swampert, F|66/100
|
|-weather|Sandstorm|[upkeep]
|-damage|p2a: Zapdos|69/100|[from] Sandstorm
|-heal|p2a: Zapdos|75/100|[from] item: Leftovers
|-heal|p1a: Swampy|72/100|[from] item: Leftovers
|upkeep
|turn|53
|
|t:|1730328907
|move|p1a: Swampy|Protect|p1a: Swampy
|-singleturn|p1a: Swampy|Protect
|move|p2a: Zapdos|Hidden Power|p1a: Swampy
|-activate|p1a: Swampy|Protect
|
|-weather|Sandstorm|[upkeep]
|-damage|p2a: Zapdos|69/100|[from] Sandstorm
|-heal|p2a: Zapdos|75/100|[from] item: Leftovers
|-heal|p1a: Swampy|78/100|[from] item: Leftovers
|upkeep
|turn|54
|
|t:|1730328919
|move|p2a: Zapdos|Hidden Power|p1a: Swampy
|-damage|p1a: Swampy|60/100
|move|p1a: Swampy|Ice Beam|p2a: Zapdos
|-supereffective|p2a: Zapdos
|-damage|p2a: Zapdos|49/100
|
|-weather|Sandstorm|[upkeep]
|-damage|p2a: Zapdos|42/100|[from] Sandstorm
|-heal|p2a: Zapdos|49/100|[from] item: Leftovers
|-heal|p1a: Swampy|66/100|[from] item: Leftovers
|upkeep
|turn|55
|inactive|kaesespaetzle has 120 seconds left.
|inactive|Garpachi has 180 seconds left.
|
|t:|1730328944
|switch|p1a: Forre|Forretress, F|55/100
|move|p2a: Zapdos|Rest|p2a: Zapdos
|-status|p2a: Zapdos|slp|[from] move: Rest
|-heal|p2a: Zapdos|100/100 slp|[silent]
|
|-weather|Sandstorm|[upkeep]
|-damage|p2a: Zapdos|94/100 slp|[from] Sandstorm
|-heal|p2a: Zapdos|100/100 slp|[from] item: Leftovers
|-heal|p1a: Forre|61/100|[from] item: Leftovers
|upkeep
|turn|56
|inactive|Garpachi has 180 seconds left.
|
|t:|1730328968
|cant|p2a: Zapdos|slp
|move|p1a: Forre|Hidden Power|p2a: Zapdos
|-resisted|p2a: Zapdos
|-damage|p2a: Zapdos|89/100 slp
|
|-weather|Sandstorm|[upkeep]
|-damage|p2a: Zapdos|83/100 slp|[from] Sandstorm
|-heal|p2a: Zapdos|89/100 slp|[from] item: Leftovers
|-heal|p1a: Forre|67/100|[from] item: Leftovers
|upkeep
|turn|57
|
|t:|1730328997
|switch|p2a: Marowak|Marowak, M|44/100
|-damage|p2a: Marowak|31/100|[from] Spikes
|move|p1a: Forre|Hidden Power|p2a: Marowak
|-damage|p2a: Marowak|10/100
|
|-weather|Sandstorm|[upkeep]
|-heal|p1a: Forre|73/100|[from] item: Leftovers
|upkeep
|turn|58
|inactive|kaesespaetzle has 90 seconds left.
|
|t:|1730329023
|move|p2a: Marowak|Rock Slide|p1a: Forre|[miss]
|-miss|p2a: Marowak|p1a: Forre
|move|p1a: Forre|Hidden Power|p2a: Marowak
|-damage|p2a: Marowak|0 fnt
|faint|p2a: Marowak
|
|t:|1730329027
|switch|p2a: Zapdos|Zapdos|89/100 slp
|
|-weather|Sandstorm|[upkeep]
|-damage|p2a: Zapdos|83/100 slp|[from] Sandstorm
|-heal|p2a: Zapdos|89/100 slp|[from] item: Leftovers
|-heal|p1a: Forre|80/100|[from] item: Leftovers
|upkeep
|turn|59
|
|t:|1730329043
|cant|p2a: Zapdos|slp
|move|p1a: Forre|Rapid Spin|p2a: Zapdos
|-damage|p2a: Zapdos|85/100 slp
|
|-weather|Sandstorm|[upkeep]
|-damage|p2a: Zapdos|79/100 slp|[from] Sandstorm
|-heal|p2a: Zapdos|85/100 slp|[from] item: Leftovers
|-heal|p1a: Forre|86/100|[from] item: Leftovers
|upkeep
|turn|60
|c|☆kaesespaetzle|oof
|c|☆Garpachi|this will take a while
|inactive|Garpachi has 150 seconds left.
|inactive|kaesespaetzle has 90 seconds left.
|
|t:|1730329078
|switch|p1a: Swampy|Swampert, F|66/100
|-curestatus|p2a: Zapdos|slp|[msg]
|move|p2a: Zapdos|Roar|p1a: Swampy
|drag|p1a: Forre|Forretress, F|86/100
|
|-weather|Sandstorm|[upkeep]
|-damage|p2a: Zapdos|79/100|[from] Sandstorm
|-heal|p2a: Zapdos|85/100|[from] item: Leftovers
|-heal|p1a: Forre|92/100|[from] item: Leftovers
|upkeep
|turn|61
|inactive|Garpachi has 150 seconds left.
|
|t:|1730329103
|move|p2a: Zapdos|Hidden Power|p1a: Forre
|-resisted|p1a: Forre
|-damage|p1a: Forre|83/100
|move|p1a: Forre|Rapid Spin|p2a: Zapdos
|-damage|p2a: Zapdos|81/100
|
|-weather|Sandstorm|[upkeep]
|-damage|p2a: Zapdos|74/100|[from] Sandstorm
|-heal|p2a: Zapdos|81/100|[from] item: Leftovers
|-heal|p1a: Forre|89/100|[from] item: Leftovers
|upkeep
|turn|62
|
|t:|1730329115
|switch|p1a: Swampy|Swampert, F|66/100
|move|p2a: Zapdos|Hidden Power|p1a: Swampy
|-crit|p1a: Swampy
|-damage|p1a: Swampy|32/100
|
|-weather|Sandstorm|[upkeep]
|-damage|p2a: Zapdos|74/100|[from] Sandstorm
|-heal|p2a: Zapdos|81/100|[from] item: Leftovers
|-heal|p1a: Swampy|38/100|[from] item: Leftovers
|upkeep
|turn|63
|inactive|kaesespaetzle has 90 seconds left.
|
|t:|1730329125
|switch|p1a: Forre|Forretress, F|89/100
|move|p2a: Zapdos|Roar|p1a: Forre
|drag|p1a: Swampy|Swampert, F|38/100
|
|-weather|Sandstorm|[upkeep]
|-damage|p2a: Zapdos|74/100|[from] Sandstorm
|-heal|p2a: Zapdos|81/100|[from] item: Leftovers
|-heal|p1a: Swampy|44/100|[from] item: Leftovers
|upkeep
|turn|64
|
|t:|1730329136
|move|p1a: Swampy|Protect|p1a: Swampy
|-singleturn|p1a: Swampy|Protect
|move|p2a: Zapdos|Thunderbolt|p1a: Swampy
|-activate|p1a: Swampy|Protect
|
|-weather|Sandstorm|[upkeep]
|-damage|p2a: Zapdos|74/100|[from] Sandstorm
|-heal|p2a: Zapdos|81/100|[from] item: Leftovers
|-heal|p1a: Swampy|50/100|[from] item: Leftovers
|upkeep
|turn|65
|
|t:|1730329145
|switch|p1a: Forre|Forretress, F|89/100
|move|p2a: Zapdos|Thunderbolt|p1a: Forre
|-damage|p1a: Forre|51/100
|
|-weather|Sandstorm|[upkeep]
|-damage|p2a: Zapdos|74/100|[from] Sandstorm
|-heal|p2a: Zapdos|81/100|[from] item: Leftovers
|-heal|p1a: Forre|57/100|[from] item: Leftovers
|upkeep
|turn|66
|
|t:|1730329161
|switch|p1a: Swampy|Swampert, F|50/100
|move|p2a: Zapdos|Hidden Power|p1a: Swampy
|-damage|p1a: Swampy|33/100
|
|-weather|Sandstorm|[upkeep]
|-damage|p2a: Zapdos|74/100|[from] Sandstorm
|-heal|p2a: Zapdos|81/100|[from] item: Leftovers
|-heal|p1a: Swampy|39/100|[from] item: Leftovers
|upkeep
|turn|67
|
|t:|1730329183
|move|p1a: Swampy|Protect|p1a: Swampy
|-singleturn|p1a: Swampy|Protect
|move|p2a: Zapdos|Roar|p1a: Swampy
|-activate|p1a: Swampy|Protect
|
|-weather|Sandstorm|[upkeep]
|-damage|p2a: Zapdos|74/100|[from] Sandstorm
|-heal|p2a: Zapdos|81/100|[from] item: Leftovers
|-heal|p1a: Swampy|45/100|[from] item: Leftovers
|upkeep
|turn|68
|
|t:|1730329198
|move|p2a: Zapdos|Hidden Power|p1a: Swampy
|-damage|p1a: Swampy|28/100
|move|p1a: Swampy|Earthquake|p2a: Zapdos
|-immune|p2a: Zapdos
|
|-weather|Sandstorm|[upkeep]
|-damage|p2a: Zapdos|74/100|[from] Sandstorm
|-heal|p2a: Zapdos|81/100|[from] item: Leftovers
|-heal|p1a: Swampy|34/100|[from] item: Leftovers
|upkeep
|turn|69
|
|t:|1730329208
|move|p1a: Swampy|Protect|p1a: Swampy
|-singleturn|p1a: Swampy|Protect
|move|p2a: Zapdos|Hidden Power|p1a: Swampy
|-activate|p1a: Swampy|Protect
|
|-weather|Sandstorm|[upkeep]
|-damage|p2a: Zapdos|74/100|[from] Sandstorm
|-heal|p2a: Zapdos|81/100|[from] item: Leftovers
|-heal|p1a: Swampy|40/100|[from] item: Leftovers
|upkeep
|turn|70
|
|t:|1730329219
|switch|p1a: Forre|Forretress, F|57/100
|move|p2a: Zapdos|Hidden Power|p1a: Forre
|-resisted|p1a: Forre
|-damage|p1a: Forre|47/100
|
|-weather|Sandstorm|[upkeep]
|-damage|p2a: Zapdos|74/100|[from] Sandstorm
|-heal|p2a: Zapdos|81/100|[from] item: Leftovers
|-heal|p1a: Forre|53/100|[from] item: Leftovers
|upkeep
|turn|71
|inactive|Garpachi has 120 seconds left.
|
|t:|1730329239
|switch|p1a: Swampy|Swampert, F|40/100
|move|p2a: Zapdos|Hidden Power|p1a: Swampy
|-damage|p1a: Swampy|24/100
|
|-weather|Sandstorm|[upkeep]
|-damage|p2a: Zapdos|74/100|[from] Sandstorm
|-heal|p2a: Zapdos|81/100|[from] item: Leftovers
|-heal|p1a: Swampy|30/100|[from] item: Leftovers
|upkeep
|turn|72
|
|t:|1730329251
|switch|p1a: Forre|Forretress, F|53/100
|move|p2a: Zapdos|Roar|p1a: Forre
|drag|p1a: Swampy|Swampert, F|30/100
|
|-weather|Sandstorm|[upkeep]
|-damage|p2a: Zapdos|74/100|[from] Sandstorm
|-heal|p2a: Zapdos|81/100|[from] item: Leftovers
|-heal|p1a: Swampy|36/100|[from] item: Leftovers
|upkeep
|turn|73
|
|t:|1730329260
|switch|p1a: Forre|Forretress, F|53/100
|move|p2a: Zapdos|Roar|p1a: Forre
|drag|p1a: Swampy|Swampert, F|36/100
|
|-weather|Sandstorm|[upkeep]
|-damage|p2a: Zapdos|74/100|[from] Sandstorm
|-heal|p2a: Zapdos|81/100|[from] item: Leftovers
|-heal|p1a: Swampy|43/100|[from] item: Leftovers
|upkeep
|turn|74
|
|t:|1730329272
|move|p2a: Zapdos|Thunderbolt|p1a: Swampy
|-immune|p1a: Swampy
|move|p1a: Swampy|Refresh||[still]
|-fail|p1a: Swampy
|
|-weather|Sandstorm|[upkeep]
|-damage|p2a: Zapdos|74/100|[from] Sandstorm
|-heal|p2a: Zapdos|81/100|[from] item: Leftovers
|-heal|p1a: Swampy|49/100|[from] item: Leftovers
|upkeep
|turn|75
|
|t:|1730329290
|move|p2a: Zapdos|Hidden Power|p1a: Swampy
|-damage|p1a: Swampy|30/100
|move|p1a: Swampy|Refresh||[still]
|-fail|p1a: Swampy
|
|-weather|Sandstorm|[upkeep]
|-damage|p2a: Zapdos|74/100|[from] Sandstorm
|-heal|p2a: Zapdos|81/100|[from] item: Leftovers
|-heal|p1a: Swampy|36/100|[from] item: Leftovers
|upkeep
|turn|76
|
|t:|1730329302
|move|p2a: Zapdos|Thunderbolt|p1a: Swampy
|-immune|p1a: Swampy
|move|p1a: Swampy|Refresh||[still]
|-fail|p1a: Swampy
|
|-weather|Sandstorm|[upkeep]
|-damage|p2a: Zapdos|74/100|[from] Sandstorm
|-heal|p2a: Zapdos|81/100|[from] item: Leftovers
|-heal|p1a: Swampy|42/100|[from] item: Leftovers
|upkeep
|turn|77
|inactive|Garpachi has 120 seconds left.
|
|t:|1730329322
|move|p2a: Zapdos|Hidden Power|p1a: Swampy
|-damage|p1a: Swampy|24/100
|move|p1a: Swampy|Refresh||[still]
|-fail|p1a: Swampy
|
|-weather|Sandstorm|[upkeep]
|-damage|p2a: Zapdos|74/100|[from] Sandstorm
|-heal|p2a: Zapdos|81/100|[from] item: Leftovers
|-heal|p1a: Swampy|30/100|[from] item: Leftovers
|upkeep
|turn|78
|
|t:|1730329330
|move|p1a: Swampy|Protect|p1a: Swampy
|-singleturn|p1a: Swampy|Protect
|move|p2a: Zapdos|Thunderbolt|p1a: Swampy
|-activate|p1a: Swampy|Protect
|
|-weather|Sandstorm|[upkeep]
|-damage|p2a: Zapdos|74/100|[from] Sandstorm
|-heal|p2a: Zapdos|81/100|[from] item: Leftovers
|-heal|p1a: Swampy|36/100|[from] item: Leftovers
|upkeep
|turn|79
|
|t:|1730329339
|switch|p1a: Forre|Forretress, F|53/100
|move|p2a: Zapdos|Hidden Power|p1a: Forre
|-resisted|p1a: Forre
|-damage|p1a: Forre|44/100
|
|-weather|Sandstorm|[upkeep]
|-damage|p2a: Zapdos|74/100|[from] Sandstorm
|-heal|p2a: Zapdos|81/100|[from] item: Leftovers
|-heal|p1a: Forre|50/100|[from] item: Leftovers
|upkeep
|turn|80
|
|t:|1730329352
|switch|p1a: Swampy|Swampert, F|36/100
|move|p2a: Zapdos|Hidden Power|p1a: Swampy
|-damage|p1a: Swampy|20/100
|
|-weather|Sandstorm|[upkeep]
|-damage|p2a: Zapdos|74/100|[from] Sandstorm
|-heal|p2a: Zapdos|81/100|[from] item: Leftovers
|-heal|p1a: Swampy|26/100|[from] item: Leftovers
|upkeep
|turn|81
|
|t:|1730329361
|switch|p1a: Forre|Forretress, F|50/100
|move|p2a: Zapdos|Thunderbolt|p1a: Forre
|-damage|p1a: Forre|13/100
|
|-weather|Sandstorm|[upkeep]
|-damage|p2a: Zapdos|74/100|[from] Sandstorm
|-heal|p2a: Zapdos|81/100|[from] item: Leftovers
|-heal|p1a: Forre|20/100|[from] item: Leftovers
|upkeep
|turn|82
|inactive|kaesespaetzle has 210 seconds left.
|
|t:|1730329382
|switch|p1a: Swampy|Swampert, F|26/100
|move|p2a: Zapdos|Thunderbolt|p1a: Swampy
|-immune|p1a: Swampy
|
|-weather|Sandstorm|[upkeep]
|-damage|p2a: Zapdos|74/100|[from] Sandstorm
|-heal|p2a: Zapdos|81/100|[from] item: Leftovers
|-heal|p1a: Swampy|33/100|[from] item: Leftovers
|upkeep
|turn|83
|
|t:|1730329395
|move|p1a: Swampy|Protect|p1a: Swampy
|-singleturn|p1a: Swampy|Protect
|move|p2a: Zapdos|Thunderbolt|p1a: Swampy
|-activate|p1a: Swampy|Protect
|
|-weather|Sandstorm|[upkeep]
|-damage|p2a: Zapdos|74/100|[from] Sandstorm
|-heal|p2a: Zapdos|81/100|[from] item: Leftovers
|-heal|p1a: Swampy|39/100|[from] item: Leftovers
|upkeep
|turn|84
|
|t:|1730329408
|move|p2a: Zapdos|Hidden Power|p1a: Swampy
|-damage|p1a: Swampy|20/100
|move|p1a: Swampy|Refresh||[still]
|-fail|p1a: Swampy
|
|-weather|Sandstorm|[upkeep]
|-damage|p2a: Zapdos|74/100|[from] Sandstorm
|-heal|p2a: Zapdos|81/100|[from] item: Leftovers
|-heal|p1a: Swampy|26/100|[from] item: Leftovers
|upkeep
|turn|85
|
|t:|1730329417
|move|p2a: Zapdos|Hidden Power|p1a: Swampy
|-damage|p1a: Swampy|8/100
|move|p1a: Swampy|Refresh||[still]
|-fail|p1a: Swampy
|
|-weather|Sandstorm|[upkeep]
|-damage|p2a: Zapdos|74/100|[from] Sandstorm
|-heal|p2a: Zapdos|81/100|[from] item: Leftovers
|-heal|p1a: Swampy|14/100|[from] item: Leftovers
|upkeep
|turn|86
|
|t:|1730329428
|move|p1a: Swampy|Protect|p1a: Swampy
|-singleturn|p1a: Swampy|Protect
|move|p2a: Zapdos|Hidden Power|p1a: Swampy
|-activate|p1a: Swampy|Protect
|
|-weather|Sandstorm|[upkeep]
|-damage|p2a: Zapdos|74/100|[from] Sandstorm
|-heal|p2a: Zapdos|81/100|[from] item: Leftovers
|-heal|p1a: Swampy|20/100|[from] item: Leftovers
|upkeep
|turn|87
|
|t:|1730329448
|move|p2a: Zapdos|Hidden Power|p1a: Swampy
|-damage|p1a: Swampy|3/100
|move|p1a: Swampy|Refresh||[still]
|-fail|p1a: Swampy
|
|-weather|Sandstorm|[upkeep]
|-damage|p2a: Zapdos|74/100|[from] Sandstorm
|-heal|p2a: Zapdos|81/100|[from] item: Leftovers
|-heal|p1a: Swampy|9/100|[from] item: Leftovers
|upkeep
|turn|88
|
|t:|1730329457
|move|p1a: Swampy|Protect|p1a: Swampy
|-singleturn|p1a: Swampy|Protect
|move|p2a: Zapdos|Hidden Power|p1a: Swampy
|-activate|p1a: Swampy|Protect
|
|-weather|Sandstorm|[upkeep]
|-damage|p2a: Zapdos|74/100|[from] Sandstorm
|-heal|p2a: Zapdos|81/100|[from] item: Leftovers
|-heal|p1a: Swampy|15/100|[from] item: Leftovers
|upkeep
|turn|89
|
|t:|1730329470
|switch|p1a: Forre|Forretress, F|20/100
|move|p2a: Zapdos|Thunderbolt|p1a: Forre
|-damage|p1a: Forre|0 fnt
|faint|p1a: Forre
|
|t:|1730329475
|switch|p1a: Swampy|Swampert, F|15/100
|
|-weather|Sandstorm|[upkeep]
|-damage|p2a: Zapdos|74/100|[from] Sandstorm
|-heal|p2a: Zapdos|81/100|[from] item: Leftovers
|-heal|p1a: Swampy|21/100|[from] item: Leftovers
|upkeep
|turn|90
|c|☆kaesespaetzle|holy
|
|t:|1730329485
|move|p1a: Swampy|Protect|p1a: Swampy
|-singleturn|p1a: Swampy|Protect
|move|p2a: Zapdos|Roar|p1a: Swampy
|-activate|p1a: Swampy|Protect
|
|-weather|Sandstorm|[upkeep]
|-damage|p2a: Zapdos|74/100|[from] Sandstorm
|-heal|p2a: Zapdos|81/100|[from] item: Leftovers
|-heal|p1a: Swampy|28/100|[from] item: Leftovers
|upkeep
|turn|91
|
|t:|1730329495
|move|p2a: Zapdos|Hidden Power|p1a: Swampy
|-damage|p1a: Swampy|12/100
|move|p1a: Swampy|Refresh||[still]
|-fail|p1a: Swampy
|
|-weather|Sandstorm|[upkeep]
|-damage|p2a: Zapdos|74/100|[from] Sandstorm
|-heal|p2a: Zapdos|81/100|[from] item: Leftovers
|-heal|p1a: Swampy|18/100|[from] item: Leftovers
|upkeep
|turn|92
|
|t:|1730329508
|move|p1a: Swampy|Refresh||[still]
|-fail|p1a: Swampy
|move|p2a: Zapdos|Roar||[still]
|-fail|p2a: Zapdos
|
|-weather|Sandstorm|[upkeep]
|-damage|p2a: Zapdos|74/100|[from] Sandstorm
|-heal|p2a: Zapdos|81/100|[from] item: Leftovers
|-heal|p1a: Swampy|24/100|[from] item: Leftovers
|upkeep
|turn|93
|c|☆kaesespaetzle|i guess thats gf
|c|☆kaesespaetzle|gg
|inactive|Garpachi has 120 seconds left.
|
|t:|1730329537
|move|p1a: Swampy|Refresh||[still]
|-fail|p1a: Swampy
|move|p2a: Zapdos|Roar||[still]
|-fail|p2a: Zapdos
|
|-weather|Sandstorm|[upkeep]
|-damage|p2a: Zapdos|74/100|[from] Sandstorm
|-heal|p2a: Zapdos|81/100|[from] item: Leftovers
|-heal|p1a: Swampy|30/100|[from] item: Leftovers
|upkeep
|turn|94
|inactive|Garpachi has 120 seconds left.
|c|☆Garpachi|i think ill win eventually but it will take like 70 turns
|
|t:|1730329566
|move|p1a: Swampy|Earthquake|p2a: Zapdos
|-immune|p2a: Zapdos
|move|p2a: Zapdos|Roar||[still]
|-fail|p2a: Zapdos
|
|-weather|Sandstorm|[upkeep]
|-damage|p2a: Zapdos|74/100|[from] Sandstorm
|-heal|p2a: Zapdos|81/100|[from] item: Leftovers
|-heal|p1a: Swampy|36/100|[from] item: Leftovers
|upkeep
|turn|95
|
|t:|1730329577
|move|p1a: Swampy|Earthquake|p2a: Zapdos
|-immune|p2a: Zapdos
|move|p2a: Zapdos|Roar||[still]
|-fail|p2a: Zapdos
|
|-weather|Sandstorm|[upkeep]
|-damage|p2a: Zapdos|74/100|[from] Sandstorm
|-heal|p2a: Zapdos|81/100|[from] item: Leftovers
|-heal|p1a: Swampy|43/100|[from] item: Leftovers
|upkeep
|turn|96
|
|t:|1730329589
|move|p2a: Zapdos|Rest|p2a: Zapdos
|-status|p2a: Zapdos|slp|[from] move: Rest
|-heal|p2a: Zapdos|100/100 slp|[silent]
|move|p1a: Swampy|Refresh||[still]
|-fail|p1a: Swampy
|
|-weather|Sandstorm|[upkeep]
|-damage|p2a: Zapdos|94/100 slp|[from] Sandstorm
|-heal|p2a: Zapdos|100/100 slp|[from] item: Leftovers
|-heal|p1a: Swampy|49/100|[from] item: Leftovers
|upkeep
|turn|97
|
|t:|1730329602
|cant|p2a: Zapdos|slp
|move|p1a: Swampy|Refresh||[still]
|-fail|p1a: Swampy
|
|-weather|Sandstorm|[upkeep]
|-damage|p2a: Zapdos|94/100 slp|[from] Sandstorm
|-heal|p2a: Zapdos|100/100 slp|[from] item: Leftovers
|-heal|p1a: Swampy|55/100|[from] item: Leftovers
|upkeep
|turn|98
|c|☆kaesespaetzle|oh true
|c|☆kaesespaetzle|you have lefties
|
|t:|1730329617
|cant|p2a: Zapdos|slp
|move|p1a: Swampy|Refresh||[still]
|-fail|p1a: Swampy
|
|-weather|Sandstorm|[upkeep]
|-damage|p2a: Zapdos|94/100 slp|[from] Sandstorm
|-heal|p2a: Zapdos|100/100 slp|[from] item: Leftovers
|-heal|p1a: Swampy|61/100|[from] item: Leftovers
|upkeep
|turn|99
|
|t:|1730329627
|move|p1a: Swampy|Refresh||[still]
|-fail|p1a: Swampy
|-curestatus|p2a: Zapdos|slp|[msg]
|move|p2a: Zapdos|Roar||[still]
|-fail|p2a: Zapdos
|
|-weather|Sandstorm|[upkeep]
|-damage|p2a: Zapdos|94/100|[from] Sandstorm
|-heal|p2a: Zapdos|100/100|[from] item: Leftovers
|-heal|p1a: Swampy|67/100|[from] item: Leftovers
|upkeep
|turn|100
|
|t:|1730329639
|move|p1a: Swampy|Earthquake|p2a: Zapdos
|-immune|p2a: Zapdos
|move|p2a: Zapdos|Roar||[still]
|-fail|p2a: Zapdos
|
|-weather|Sandstorm|[upkeep]
|-damage|p2a: Zapdos|94/100|[from] Sandstorm
|-heal|p2a: Zapdos|100/100|[from] item: Leftovers
|-heal|p1a: Swampy|74/100|[from] item: Leftovers
|upkeep
|turn|101
|
|t:|1730329661
|move|p1a: Swampy|Refresh||[still]
|-fail|p1a: Swampy
|move|p2a: Zapdos|Roar||[still]
|-fail|p2a: Zapdos
|
|-weather|Sandstorm|[upkeep]
|-damage|p2a: Zapdos|94/100|[from] Sandstorm
|-heal|p2a: Zapdos|100/100|[from] item: Leftovers
|-heal|p1a: Swampy|80/100|[from] item: Leftovers
|upkeep
|turn|102
|
|t:|1730329670
|move|p1a: Swampy|Refresh||[still]
|-fail|p1a: Swampy
|move|p2a: Zapdos|Roar||[still]
|-fail|p2a: Zapdos
|
|-weather|Sandstorm|[upkeep]
|-damage|p2a: Zapdos|94/100|[from] Sandstorm
|-heal|p2a: Zapdos|100/100|[from] item: Leftovers
|-heal|p1a: Swampy|86/100|[from] item: Leftovers
|upkeep
|turn|103
|
|t:|1730329678
|move|p1a: Swampy|Refresh||[still]
|-fail|p1a: Swampy
|move|p2a: Zapdos|Roar||[still]
|-fail|p2a: Zapdos
|
|-weather|Sandstorm|[upkeep]
|-damage|p2a: Zapdos|94/100|[from] Sandstorm
|-heal|p2a: Zapdos|100/100|[from] item: Leftovers
|-heal|p1a: Swampy|92/100|[from] item: Leftovers
|upkeep
|turn|104
|
|t:|1730329692
|move|p1a: Swampy|Earthquake|p2a: Zapdos
|-immune|p2a: Zapdos
|move|p2a: Zapdos|Roar||[still]
|-fail|p2a: Zapdos
|
|-weather|Sandstorm|[upkeep]
|-damage|p2a: Zapdos|94/100|[from] Sandstorm
|-heal|p2a: Zapdos|100/100|[from] item: Leftovers
|-heal|p1a: Swampy|99/100|[from] item: Leftovers
|upkeep
|turn|105
|
|t:|1730329700
|move|p1a: Swampy|Earthquake|p2a: Zapdos
|-immune|p2a: Zapdos
|move|p2a: Zapdos|Roar||[still]
|-fail|p2a: Zapdos
|
|-weather|Sandstorm|[upkeep]
|-damage|p2a: Zapdos|94/100|[from] Sandstorm
|-heal|p2a: Zapdos|100/100|[from] item: Leftovers
|-heal|p1a: Swampy|100/100|[from] item: Leftovers
|upkeep
|turn|106
|inactive|Garpachi has 120 seconds left.
|
|t:|1730329709
|move|p1a: Swampy|Earthquake|p2a: Zapdos
|-immune|p2a: Zapdos
|move|p2a: Zapdos|Roar||[still]
|-fail|p2a: Zapdos
|
|-weather|Sandstorm|[upkeep]
|-damage|p2a: Zapdos|94/100|[from] Sandstorm
|-heal|p2a: Zapdos|100/100|[from] item: Leftovers
|upkeep
|turn|107
|
|t:|1730329718
|move|p1a: Swampy|Refresh||[still]
|-fail|p1a: Swampy
|move|p2a: Zapdos|Roar||[still]
|-fail|p2a: Zapdos
|
|-weather|Sandstorm|[upkeep]
|-damage|p2a: Zapdos|94/100|[from] Sandstorm
|-heal|p2a: Zapdos|100/100|[from] item: Leftovers
|upkeep
|turn|108
|
|t:|1730329725
|move|p1a: Swampy|Refresh||[still]
|-fail|p1a: Swampy
|move|p2a: Zapdos|Roar||[still]
|-fail|p2a: Zapdos
|
|-weather|Sandstorm|[upkeep]
|-damage|p2a: Zapdos|94/100|[from] Sandstorm
|-heal|p2a: Zapdos|100/100|[from] item: Leftovers
|upkeep
|turn|109
|
|t:|1730329732
|move|p1a: Swampy|Refresh||[still]
|-fail|p1a: Swampy
|move|p2a: Zapdos|Roar||[still]
|-fail|p2a: Zapdos
|
|-weather|Sandstorm|[upkeep]
|-damage|p2a: Zapdos|94/100|[from] Sandstorm
|-heal|p2a: Zapdos|100/100|[from] item: Leftovers
|upkeep
|turn|110
|
|t:|1730329739
|move|p1a: Swampy|Refresh||[still]
|-fail|p1a: Swampy
|move|p2a: Zapdos|Roar||[still]
|-fail|p2a: Zapdos
|
|-weather|Sandstorm|[upkeep]
|-damage|p2a: Zapdos|94/100|[from] Sandstorm
|-heal|p2a: Zapdos|100/100|[from] item: Leftovers
|upkeep
|turn|111
|
|t:|1730329746
|move|p1a: Swampy|Refresh||[still]
|-fail|p1a: Swampy
|move|p2a: Zapdos|Roar||[still]
|-fail|p2a: Zapdos
|
|-weather|Sandstorm|[upkeep]
|-damage|p2a: Zapdos|94/100|[from] Sandstorm
|-heal|p2a: Zapdos|100/100|[from] item: Leftovers
|upkeep
|turn|112
|inactive|Garpachi has 150 seconds left.
|c|☆Garpachi|amazing end game tbh
|
|t:|1730329754
|move|p1a: Swampy|Refresh||[still]
|-fail|p1a: Swampy
|move|p2a: Zapdos|Roar||[still]
|-fail|p2a: Zapdos
|
|-weather|Sandstorm|[upkeep]
|-damage|p2a: Zapdos|94/100|[from] Sandstorm
|-heal|p2a: Zapdos|100/100|[from] item: Leftovers
|upkeep
|turn|113
|
|t:|1730329761
|move|p1a: Swampy|Refresh||[still]
|-fail|p1a: Swampy
|move|p2a: Zapdos|Roar||[still]
|-fail|p2a: Zapdos
|
|-weather|Sandstorm|[upkeep]
|-damage|p2a: Zapdos|94/100|[from] Sandstorm
|-heal|p2a: Zapdos|100/100|[from] item: Leftovers
|upkeep
|turn|114
|
|t:|1730329768
|move|p1a: Swampy|Refresh||[still]
|-fail|p1a: Swampy
|move|p2a: Zapdos|Roar||[still]
|-fail|p2a: Zapdos
|
|-weather|Sandstorm|[upkeep]
|-damage|p2a: Zapdos|94/100|[from] Sandstorm
|-heal|p2a: Zapdos|100/100|[from] item: Leftovers
|upkeep
|turn|115
|
|t:|1730329778
|move|p1a: Swampy|Refresh||[still]
|-fail|p1a: Swampy
|move|p2a: Zapdos|Roar||[still]
|-fail|p2a: Zapdos
|
|-weather|Sandstorm|[upkeep]
|-damage|p2a: Zapdos|94/100|[from] Sandstorm
|-heal|p2a: Zapdos|100/100|[from] item: Leftovers
|upkeep
|turn|116
|c|☆kaesespaetzle|this is insane.
|
|t:|1730329785
|move|p1a: Swampy|Refresh||[still]
|-fail|p1a: Swampy
|move|p2a: Zapdos|Roar||[still]
|-fail|p2a: Zapdos
|
|-weather|Sandstorm|[upkeep]
|-damage|p2a: Zapdos|94/100|[from] Sandstorm
|-heal|p2a: Zapdos|100/100|[from] item: Leftovers
|upkeep
|turn|117
|
|t:|1730329794
|move|p1a: Swampy|Refresh||[still]
|-fail|p1a: Swampy
|move|p2a: Zapdos|Roar||[still]
|-fail|p2a: Zapdos
|
|-weather|Sandstorm|[upkeep]
|-damage|p2a: Zapdos|94/100|[from] Sandstorm
|-heal|p2a: Zapdos|100/100|[from] item: Leftovers
|upkeep
|turn|118
|inactive|Garpachi has 180 seconds left.
|
|t:|1730329801
|move|p2a: Zapdos|Thunderbolt|p1a: Swampy
|-immune|p1a: Swampy
|move|p1a: Swampy|Refresh||[still]
|-fail|p1a: Swampy
|
|-weather|Sandstorm|[upkeep]
|-damage|p2a: Zapdos|94/100|[from] Sandstorm
|-heal|p2a: Zapdos|100/100|[from] item: Leftovers
|upkeep
|turn|119
|
|t:|1730329808
|move|p2a: Zapdos|Thunderbolt|p1a: Swampy
|-immune|p1a: Swampy
|move|p1a: Swampy|Refresh||[still]
|-fail|p1a: Swampy
|
|-weather|Sandstorm|[upkeep]
|-damage|p2a: Zapdos|94/100|[from] Sandstorm
|-heal|p2a: Zapdos|100/100|[from] item: Leftovers
|upkeep
|turn|120
|
|t:|1730329817
|move|p1a: Swampy|Protect|p1a: Swampy
|-singleturn|p1a: Swampy|Protect
|move|p2a: Zapdos|Thunderbolt|p1a: Swampy
|-activate|p1a: Swampy|Protect
|
|-weather|Sandstorm|[upkeep]
|-damage|p2a: Zapdos|94/100|[from] Sandstorm
|-heal|p2a: Zapdos|100/100|[from] item: Leftovers
|upkeep
|turn|121
|
|t:|1730329825
|move|p1a: Swampy|Protect|p1a: Swampy
|-singleturn|p1a: Swampy|Protect
|move|p2a: Zapdos|Thunderbolt|p1a: Swampy
|-activate|p1a: Swampy|Protect
|
|-weather|Sandstorm|[upkeep]
|-damage|p2a: Zapdos|94/100|[from] Sandstorm
|-heal|p2a: Zapdos|100/100|[from] item: Leftovers
|upkeep
|turn|122
|
|t:|1730329833
|move|p1a: Swampy|Protect||[still]
|-fail|p1a: Swampy
|move|p2a: Zapdos|Thunderbolt|p1a: Swampy
|-immune|p1a: Swampy
|
|-weather|Sandstorm|[upkeep]
|-damage|p2a: Zapdos|94/100|[from] Sandstorm
|-heal|p2a: Zapdos|100/100|[from] item: Leftovers
|upkeep
|turn|123
|
|t:|1730329840
|move|p1a: Swampy|Protect|p1a: Swampy
|-singleturn|p1a: Swampy|Protect
|move|p2a: Zapdos|Thunderbolt|p1a: Swampy
|-activate|p1a: Swampy|Protect
|
|-weather|Sandstorm|[upkeep]
|-damage|p2a: Zapdos|94/100|[from] Sandstorm
|-heal|p2a: Zapdos|100/100|[from] item: Leftovers
|upkeep
|turn|124
|inactive|Garpachi has 210 seconds left.
|
|t:|1730329848
|move|p2a: Zapdos|Thunderbolt|p1a: Swampy
|-immune|p1a: Swampy
|move|p1a: Swampy|Ice Beam|p2a: Zapdos
|-supereffective|p2a: Zapdos
|-damage|p2a: Zapdos|74/100
|
|-weather|Sandstorm|[upkeep]
|-damage|p2a: Zapdos|68/100|[from] Sandstorm
|-heal|p2a: Zapdos|74/100|[from] item: Leftovers
|upkeep
|turn|125
|
|t:|1730329860
|move|p2a: Zapdos|Rest|p2a: Zapdos
|-status|p2a: Zapdos|slp|[from] move: Rest
|-heal|p2a: Zapdos|100/100 slp|[silent]
|move|p1a: Swampy|Struggle|p2a: Zapdos
|-damage|p2a: Zapdos|87/100 slp
|-damage|p1a: Swampy|98/100|[from] Recoil|[of] p2a: Zapdos
|
|-weather|Sandstorm|[upkeep]
|-damage|p2a: Zapdos|81/100 slp|[from] Sandstorm
|-heal|p2a: Zapdos|87/100 slp|[from] item: Leftovers
|-heal|p1a: Swampy|100/100|[from] item: Leftovers
|upkeep
|turn|126
|
|t:|1730329871
|cant|p2a: Zapdos|slp
|move|p1a: Swampy|Struggle|p2a: Zapdos
|-damage|p2a: Zapdos|73/100 slp
|-damage|p1a: Swampy|97/100|[from] Recoil|[of] p2a: Zapdos
|
|-weather|Sandstorm|[upkeep]
|-damage|p2a: Zapdos|67/100 slp|[from] Sandstorm
|-heal|p2a: Zapdos|73/100 slp|[from] item: Leftovers
|-heal|p1a: Swampy|100/100|[from] item: Leftovers
|upkeep
|turn|127
|c|☆kaesespaetzle|oh well
|inactive|Garpachi has 210 seconds left.
|c|☆Garpachi|this will take what, another 60 turns?
|
|t:|1730329896
|cant|p2a: Zapdos|slp
|move|p1a: Swampy|Struggle|p2a: Zapdos
|-damage|p2a: Zapdos|61/100 slp
|-damage|p1a: Swampy|98/100|[from] Recoil|[of] p2a: Zapdos
|
|-weather|Sandstorm|[upkeep]
|-damage|p2a: Zapdos|55/100 slp|[from] Sandstorm
|-heal|p2a: Zapdos|61/100 slp|[from] item: Leftovers
|-heal|p1a: Swampy|100/100|[from] item: Leftovers
|upkeep
|turn|128
|
|t:|1730329906
|-curestatus|p2a: Zapdos|slp|[msg]
|move|p2a: Zapdos|Rest|p2a: Zapdos
|-status|p2a: Zapdos|slp|[from] move: Rest
|-heal|p2a: Zapdos|100/100 slp|[silent]
|move|p1a: Swampy|Struggle|p2a: Zapdos
|-damage|p2a: Zapdos|87/100 slp
|-damage|p1a: Swampy|97/100|[from] Recoil|[of] p2a: Zapdos
|
|-weather|Sandstorm|[upkeep]
|-damage|p2a: Zapdos|80/100 slp|[from] Sandstorm
|-heal|p2a: Zapdos|87/100 slp|[from] item: Leftovers
|-heal|p1a: Swampy|100/100|[from] item: Leftovers
|upkeep
|turn|129
|
|t:|1730329919
|cant|p2a: Zapdos|slp
|move|p1a: Swampy|Struggle|p2a: Zapdos
|-damage|p2a: Zapdos|75/100 slp
|-damage|p1a: Swampy|98/100|[from] Recoil|[of] p2a: Zapdos
|
|-weather|Sandstorm|[upkeep]
|-damage|p2a: Zapdos|69/100 slp|[from] Sandstorm
|-heal|p2a: Zapdos|75/100 slp|[from] item: Leftovers
|-heal|p1a: Swampy|100/100|[from] item: Leftovers
|upkeep
|turn|130
|c|☆kaesespaetzle|nah lets not do it
|-message|kaesespaetzle forfeited.
|
|win|Garpachi
|player|p1|
|player|p2|
|player|p1|Garpachi|maid|
|player|p1|
|player|p1|Garpachi|maid|

</script>
<script type="application/json" class="data" id="replaydata-smogtours-gen3ou-803501">
{"id":"smogtours-gen3ou-803501","format":"[Gen 3] OU","players":["Garpachi","kaesespaetzle"],"uploadtime":1730329929,"views":50,"formatid":"gen3ou","rating":null,"private":0,"password":null}
</script>

<script defer src="js/replays.js?9d40a366"></script>
