<!DOCTYPE html>
<meta charset="utf-8" />
<meta name="viewport" content="width=device-width" />

<title>[Gen 3] OU: Rambode vs. 13ased - Replays - Pok&eacute;mon Showdown!</title>

<meta name="description" content="Watch a replay of a Pok&eacute;mon battle between Rambode and 13ased! Format: [Gen 3] OU; Date: Nov 2, 2024" />
<!--

Hey, you! Looking in the source for the replay log?

You can find them in JSON format, just add `.json` at the end of a replay URL.

https://replay.pokemonshowdown.com/gen7randomdoublesbattle-865046831.json

Or, if you only need the log itself, add `.log` instead:

https://replay.pokemonshowdown.com/gen7randomdoublesbattle-865046831.log

-->

<link rel="stylesheet" href="//pokemonshowdown.com/style/global.css?0.023195364461161105" />
<link rel="stylesheet" href="//play.pokemonshowdown.com/style/font-awesome.css?0.13261647063804238" />
<link rel="stylesheet" href="//play.pokemonshowdown.com/style/battle.css?0.8753245789963631" />
<link rel="stylesheet" href="//play.pokemonshowdown.com/style/utilichart.css?0.8627959624976733" />

<!-- Global site tag (gtag.js) - Google Analytics -->
<script async src="https://www.googletagmanager.com/gtag/js?id=UA-26211653-1"></script>
<script>
  window.dataLayer = window.dataLayer || [];
  function gtag(){dataLayer.push(arguments);}
  gtag('js', new Date());

  gtag('config', 'UA-26211653-1');
</script>
<!-- End Google Analytics -->
<!-- Venatus Ad Manager - Install in <HEAD> of page -->
	<script src="https://hb.vntsm.com/v3/live/ad-manager.min.js" type="text/javascript" data-site-id="642aba63ec9a7b11c3c9c1be" data-mode="scan" async></script>
<!-- / Venatus Ad Manager -->

<style>
	@media (max-width:820px) {
		.battle {
			margin: 0 auto;
		}
		.battle-log {
			margin: 7px auto 0;
			max-width: 640px;
			height: 300px;
			position: static;
		}
	}
	.optgroup {
		display: inline-block;
		line-height: 22px;
		font-size: 10pt;
	}
	.optgroup .button {
		height: 25px;
		padding-top: 0;
		padding-bottom: 0;
	}
	.optgroup button.button {
		padding-left: 12px;
		padding-right: 12px;
	}
	.linklist {
		list-style: none;
		margin: 0.5em 0;
		padding: 0;
	}
	.linklist li {
		padding: 2px 0;
	}
	.sidebar {
		float: left;
		width: 320px;
	}
	.bar-wrapper {
		max-width: 1100px;
		margin: 0 auto;
	}
	.bar-wrapper.has-sidebar {
		max-width: 1430px;
	}
	.mainbar {
		margin: 0;
		padding-right: 1px;
	}
	.mainbar.has-sidebar {
		margin-left: 330px;
	}
	@media (min-width: 1511px) {
		.sidebar {
			width: 400px;
		}
		.bar-wrapper.has-sidebar {
			max-width: 1510px;
		}
		.mainbar.has-sidebar {
			margin-left: 410px;
		}
	}
	.section.first-section {
		margin-top: 9px;
	}
	.blocklink small {
		white-space: normal;
	}
	.button {
		vertical-align: middle;
	}
	.replay-controls {
		padding-top: 10px;
	}
	.replay-controls h1 {
		font-size: 16pt;
		font-weight: normal;
		color: #CCC;
	}
	.pagelink {
		text-align: center;
	}
	.pagelink a {
		width: 150px;
	}
	.textbox, .button {
		font-size: 11pt;
		vertical-align: middle;
	}
	@media (max-width: 450px) {
		.button {
			font-size: 9pt;
		}
	}
</style>

<div>

	<header>
		<div class="nav-wrapper"><ul class="nav">
			<li><a class="button nav-first" href="//pokemonshowdown.com/"><img src="//pokemonshowdown.com/images/pokemonshowdownbeta.png" srcset="//pokemonshowdown.com/images/pokemonshowdownbeta.png 1x, //pokemonshowdown.com/images/pokemonshowdownbeta@2x.png 2x" alt="Pok&eacute;mon Showdown" width="146" height="44" /> Home</a></li>
			<li><a class="button" href="//pokemonshowdown.com/dex/">Pok&eacute;dex</a></li>
			<li><a class="button cur" href="/">Replays</a></li>
			<li><a class="button" href="//pokemonshowdown.com/ladder/">Ladder</a></li>
			<li><a class="button nav-last" href="//pokemonshowdown.com/forums/">Forum</a></li>
			<li><a class="button greenbutton nav-first nav-last" href="//play.pokemonshowdown.com/">Play</a></li>
		</ul></div>
	</header>

	<div class="main" id="main">

		<noscript><section class="section">You need to enable JavaScript to use this page; sorry!</section></noscript>

	</div>

</div>

<script defer nomodule src="//play.pokemonshowdown.com/js/lib/ps-polyfill.js"></script>
<script defer src="//play.pokemonshowdown.com/js/lib/preact.min.js"></script>

<script defer src="//play.pokemonshowdown.com/config/config.js?2bddbc15"></script>
<script defer src="//play.pokemonshowdown.com/js/lib/jquery-1.11.0.min.js"></script>
<script defer src="//play.pokemonshowdown.com/js/lib/html-sanitizer-minified.js"></script>
<script defer src="//play.pokemonshowdown.com/js/battle-sound.js"></script>
<script defer src="//play.pokemonshowdown.com/js/battledata.js?0.7209276989879541"></script>
<script defer src="//play.pokemonshowdown.com/data/pokedex-mini.js?0.6111056340867951"></script>
<script defer src="//play.pokemonshowdown.com/data/pokedex-mini-bw.js?0.3532142036491459"></script>
<script defer src="//play.pokemonshowdown.com/data/graphics.js?0.24223875632456182"></script>
<script defer src="//play.pokemonshowdown.com/data/pokedex.js?0.38839984266356864"></script>
<script defer src="//play.pokemonshowdown.com/data/moves.js?0.21866028504024015"></script>
<script defer src="//play.pokemonshowdown.com/data/abilities.js?0.2005157953846628"></script>
<script defer src="//play.pokemonshowdown.com/data/items.js?0.9894211263848525"></script>
<script defer src="//play.pokemonshowdown.com/data/teambuilder-tables.js?0.6008791140282215"></script>
<script defer src="//play.pokemonshowdown.com/js/battle-tooltips.js?0.7580118955022959"></script>
<script defer src="//play.pokemonshowdown.com/js/battle.js?0.6057722274234274"></script>

<script defer src="js/utils.js?e31f9a17"></script>
<script defer src="js/replays-battle.js?7008c182"></script>

<!-- don't scrape this data! just add .json or .log after the URL!
Full API docs: https://github.com/smogon/pokemon-showdown-client/blob/master/WEB-API.md -->
<script type="text/plain" class="log" id="replaylog-smogtours-gen3ou-804000">
|inactive|Battle timer is ON: inactive players will automatically lose when time's up.
|t:|1730569094
|gametype|singles
|player|p1|Rambode|volkner|
|player|p2|13ased|ltsurge|
|teamsize|p1|6
|teamsize|p2|6
|gen|3
|tier|[Gen 3] OU
|rule|Sleep Clause Mod: Limit one foe put to sleep
|rule|Switch Priority Clause Mod: Faster Pokémon switch first
|rule|Species Clause: Limit one of each Pokémon
|rule|OHKO Clause: OHKO moves are banned
|rule|Evasion Items Clause: Evasion items are banned
|rule|Evasion Moves Clause: Evasion moves are banned
|rule|Endless Battle Clause: Forcing endless battles is banned
|rule|HP Percentage Mod: HP is shown in percentages
|rule|One Boost Passer Clause: Limit one Baton Passer that has a way to boost its stats
|rule|Freeze Clause Mod: Limit one foe frozen
|
|t:|1730569094
|start
|switch|p1a: Tyranitar|Tyranitar, F|100/100
|switch|p2a: Tyranitar|Tyranitar, F|100/100
|-weather|Sandstorm|[from] ability: Sand Stream|[of] p2a: Tyranitar
|turn|1
|inactive|Rambode has 270 seconds left.
|
|t:|1730569137
|switch|p2a: Skarmory|Skarmory, M|100/100
|switch|p1a: Skarmory|Skarmory, M|100/100
|
|-weather|Sandstorm|[upkeep]
|upkeep
|turn|2
|
|t:|1730569147
|move|p2a: Skarmory|Taunt|p1a: Skarmory
|-start|p1a: Skarmory|move: Taunt
|cant|p1a: Skarmory|move: Taunt|Spikes
|
|-weather|Sandstorm|[upkeep]
|upkeep
|turn|3
|
|t:|1730569164
|switch|p1a: Zapdos|Zapdos|100/100
|move|p2a: Skarmory|Spikes|p1a: Zapdos
|-sidestart|p1: Rambode|Spikes
|
|-weather|Sandstorm|[upkeep]
|-damage|p1a: Zapdos|94/100|[from] Sandstorm
|-heal|p1a: Zapdos|100/100|[from] item: Leftovers
|upkeep
|turn|4
|
|t:|1730569179
|switch|p2a: Blissey|Blissey, F|100/100
|move|p1a: Zapdos|Thunderbolt|p2a: Blissey
|-damage|p2a: Blissey|84/100
|
|-weather|Sandstorm|[upkeep]
|-damage|p1a: Zapdos|94/100|[from] Sandstorm
|-damage|p2a: Blissey|78/100|[from] Sandstorm
|-heal|p1a: Zapdos|100/100|[from] item: Leftovers
|-heal|p2a: Blissey|84/100|[from] item: Leftovers
|upkeep
|turn|5
|inactive|Rambode has 270 seconds left.
|
|t:|1730569225
|switch|p1a: Skarmory|Skarmory, M|100/100
|move|p2a: Blissey|Thunderbolt|p1a: Skarmory
|-supereffective|p1a: Skarmory
|-damage|p1a: Skarmory|55/100
|
|-weather|Sandstorm|[upkeep]
|-damage|p2a: Blissey|78/100|[from] Sandstorm
|-heal|p1a: Skarmory|61/100|[from] item: Leftovers
|-heal|p2a: Blissey|84/100|[from] item: Leftovers
|upkeep
|turn|6
|
|t:|1730569239
|move|p1a: Skarmory|Protect|p1a: Skarmory
|-singleturn|p1a: Skarmory|Protect
|move|p2a: Blissey|Thunderbolt|p1a: Skarmory
|-activate|p1a: Skarmory|Protect
|
|-weather|Sandstorm|[upkeep]
|-damage|p2a: Blissey|78/100|[from] Sandstorm
|-heal|p1a: Skarmory|67/100|[from] item: Leftovers
|-heal|p2a: Blissey|84/100|[from] item: Leftovers
|upkeep
|turn|7
|
|t:|1730569251
|switch|p1a: Blissey|Blissey, F|100/100
|-damage|p1a: Blissey|88/100|[from] Spikes
|move|p2a: Blissey|Thunderbolt|p1a: Blissey
|-damage|p1a: Blissey|78/100
|
|-weather|Sandstorm|[upkeep]
|-damage|p2a: Blissey|78/100|[from] Sandstorm
|-damage|p1a: Blissey|72/100|[from] Sandstorm
|-heal|p1a: Blissey|78/100|[from] item: Leftovers
|-heal|p2a: Blissey|84/100|[from] item: Leftovers
|upkeep
|turn|8
|
|t:|1730569267
|move|p1a: Blissey|Toxic|p2a: Blissey|[miss]
|-miss|p1a: Blissey|p2a: Blissey
|move|p2a: Blissey|Wish|p2a: Blissey
|
|-weather|Sandstorm|[upkeep]
|-damage|p1a: Blissey|72/100|[from] Sandstorm
|-damage|p2a: Blissey|78/100|[from] Sandstorm
|-heal|p1a: Blissey|78/100|[from] item: Leftovers
|-heal|p2a: Blissey|84/100|[from] item: Leftovers
|upkeep
|turn|9
|inactive|Rambode has 240 seconds left.
|inactive|Rambode has 210 seconds left.
|
|t:|1730569344
|switch|p1a: Tyranitar|Tyranitar, F|100/100
|-damage|p1a: Tyranitar|88/100|[from] Spikes
|move|p2a: Blissey|Thunderbolt|p1a: Tyranitar
|-damage|p1a: Tyranitar|68/100
|
|-heal|p2a: Blissey|100/100|[from] move: Wish|[wisher] Blissey
|-weather|Sandstorm|[upkeep]
|-damage|p2a: Blissey|94/100|[from] Sandstorm
|-heal|p1a: Tyranitar|74/100|[from] item: Leftovers
|-heal|p2a: Blissey|100/100|[from] item: Leftovers
|upkeep
|turn|10
|inactive|Rambode has 180 seconds left.
|
|t:|1730569371
|switch|p2a: Swampert|Swampert, F|100/100
|move|p1a: Tyranitar|Brick Break|p2a: Swampert
|-damage|p2a: Swampert|78/100
|
|-weather|Sandstorm|[upkeep]
|-heal|p2a: Swampert|84/100|[from] item: Leftovers
|-heal|p1a: Tyranitar|81/100|[from] item: Leftovers
|upkeep
|turn|11
|inactive|Rambode has 180 seconds left.
|inactive|Rambode has 150 seconds left.
|inactive|Rambode has 120 seconds left.
|
|t:|1730569444
|switch|p1a: Gengar|Gengar, M|100/100
|move|p2a: Swampert|Hydro Pump|p1a: Gengar
|-damage|p1a: Gengar|41/100
|
|-weather|Sandstorm|[upkeep]
|-damage|p1a: Gengar|35/100|[from] Sandstorm
|-heal|p1a: Gengar|41/100|[from] item: Leftovers
|-heal|p2a: Swampert|90/100|[from] item: Leftovers
|upkeep
|turn|12
|
|t:|1730569456
|switch|p2a: Blissey|Blissey, F|100/100
|move|p1a: Gengar|Giga Drain|p2a: Blissey
|-damage|p2a: Blissey|93/100
|-heal|p1a: Gengar|49/100|[from] drain|[of] p2a: Blissey
|
|-weather|Sandstorm|[upkeep]
|-damage|p1a: Gengar|43/100|[from] Sandstorm
|-damage|p2a: Blissey|87/100|[from] Sandstorm
|-heal|p1a: Gengar|49/100|[from] item: Leftovers
|-heal|p2a: Blissey|93/100|[from] item: Leftovers
|upkeep
|turn|13
|
|t:|1730569467
|switch|p2a: Gengar|Gengar, M|100/100
|move|p1a: Gengar|Will-O-Wisp|p2a: Gengar
|-status|p2a: Gengar|brn
|
|-weather|Sandstorm|[upkeep]
|-damage|p1a: Gengar|43/100|[from] Sandstorm
|-damage|p2a: Gengar|94/100 brn|[from] Sandstorm
|-heal|p1a: Gengar|49/100|[from] item: Leftovers
|-heal|p2a: Gengar|100/100 brn|[from] item: Leftovers
|-damage|p2a: Gengar|88/100 brn|[from] brn
|upkeep
|turn|14
|inactive|Rambode has 120 seconds left.
|
|t:|1730569500
|switch|p1a: Blissey|Blissey, F|78/100
|-damage|p1a: Blissey|66/100|[from] Spikes
|switch|p2a: Swampert|Swampert, F|90/100
|
|-weather|Sandstorm|[upkeep]
|-damage|p1a: Blissey|59/100|[from] Sandstorm
|-heal|p2a: Swampert|96/100|[from] item: Leftovers
|-heal|p1a: Blissey|66/100|[from] item: Leftovers
|upkeep
|turn|15
|
|t:|1730569515
|move|p2a: Swampert|Earthquake|p1a: Blissey
|-damage|p1a: Blissey|30/100
|move|p1a: Blissey|Soft-Boiled|p1a: Blissey
|-heal|p1a: Blissey|80/100
|
|-weather|Sandstorm|[upkeep]
|-damage|p1a: Blissey|74/100|[from] Sandstorm
|-heal|p2a: Swampert|100/100|[from] item: Leftovers
|-heal|p1a: Blissey|80/100|[from] item: Leftovers
|upkeep
|turn|16
|
|t:|1730569521
|-singleturn|p2a: Swampert|move: Focus Punch
|switch|p1a: Skarmory|Skarmory, M|67/100
|move|p2a: Swampert|Focus Punch|p1a: Skarmory
|-damage|p1a: Skarmory|39/100
|
|-weather|Sandstorm|[upkeep]
|-heal|p1a: Skarmory|45/100|[from] item: Leftovers
|upkeep
|turn|17
|inactive|Rambode has 120 seconds left.
|
|t:|1730569546
|switch|p2a: Skarmory|Skarmory, M|100/100
|move|p1a: Skarmory|Spikes|p2a: Skarmory
|-sidestart|p2: 13ased|Spikes
|
|-weather|Sandstorm|[upkeep]
|-heal|p1a: Skarmory|51/100|[from] item: Leftovers
|upkeep
|turn|18
|
|t:|1730569553
|switch|p1a: Gengar|Gengar, M|49/100
|move|p2a: Skarmory|Spikes|p1a: Gengar
|-sidestart|p1: Rambode|Spikes
|
|-weather|Sandstorm|[upkeep]
|-damage|p1a: Gengar|43/100|[from] Sandstorm
|-heal|p1a: Gengar|49/100|[from] item: Leftovers
|upkeep
|turn|19
|
|t:|1730569567
|switch|p2a: Blissey|Blissey, F|93/100
|-damage|p2a: Blissey|81/100|[from] Spikes
|move|p1a: Gengar|Will-O-Wisp|p2a: Blissey|[miss]
|-miss|p1a: Gengar|p2a: Blissey
|
|-weather|Sandstorm|[upkeep]
|-damage|p1a: Gengar|43/100|[from] Sandstorm
|-damage|p2a: Blissey|75/100|[from] Sandstorm
|-heal|p1a: Gengar|49/100|[from] item: Leftovers
|-heal|p2a: Blissey|81/100|[from] item: Leftovers
|upkeep
|turn|20
|
|t:|1730569582
|move|p1a: Gengar|Explosion|p2a: Blissey
|-damage|p2a: Blissey|1/100
|faint|p1a: Gengar
|
|t:|1730569604
|switch|p1a: Blissey|Blissey, F|80/100
|-damage|p1a: Blissey|63/100|[from] Spikes
|
|-weather|Sandstorm|[upkeep]
|-damage|p2a: Blissey|0 fnt|[from] Sandstorm
|-damage|p1a: Blissey|57/100|[from] Sandstorm
|faint|p2a: Blissey
|-heal|p1a: Blissey|63/100|[from] item: Leftovers
|upkeep
|
|t:|1730569615
|switch|p2a: Skarmory|Skarmory, M|100/100
|turn|21
|
|t:|1730569624
|move|p2a: Skarmory|Spikes|p1a: Blissey
|-sidestart|p1: Rambode|Spikes
|move|p1a: Blissey|Seismic Toss|p2a: Skarmory
|-damage|p2a: Skarmory|71/100
|
|-weather|Sandstorm|[upkeep]
|-damage|p1a: Blissey|57/100|[from] Sandstorm
|-heal|p2a: Skarmory|77/100|[from] item: Leftovers
|-heal|p1a: Blissey|63/100|[from] item: Leftovers
|upkeep
|turn|22
|
|t:|1730569635
|switch|p2a: Gengar|Gengar, M|88/100 brn
|move|p1a: Blissey|Soft-Boiled|p1a: Blissey
|-heal|p1a: Blissey|100/100
|
|-weather|Sandstorm|[upkeep]
|-damage|p2a: Gengar|82/100 brn|[from] Sandstorm
|-damage|p1a: Blissey|94/100|[from] Sandstorm
|-heal|p2a: Gengar|88/100 brn|[from] item: Leftovers
|-damage|p2a: Gengar|76/100 brn|[from] brn
|-heal|p1a: Blissey|100/100|[from] item: Leftovers
|upkeep
|turn|23
|inactive|Rambode has 120 seconds left.
|
|t:|1730569646
|move|p2a: Gengar|Will-O-Wisp|p1a: Blissey|[miss]
|-miss|p2a: Gengar|p1a: Blissey
|move|p1a: Blissey|Ice Beam|p2a: Gengar
|-damage|p2a: Gengar|47/100 brn
|
|-weather|Sandstorm|[upkeep]
|-damage|p2a: Gengar|41/100 brn|[from] Sandstorm
|-damage|p1a: Blissey|94/100|[from] Sandstorm
|-heal|p2a: Gengar|47/100 brn|[from] item: Leftovers
|-damage|p2a: Gengar|35/100 brn|[from] brn
|-heal|p1a: Blissey|100/100|[from] item: Leftovers
|upkeep
|turn|24
|
|t:|1730569654
|move|p2a: Gengar|Hypnosis|p1a: Blissey
|-status|p1a: Blissey|slp|[from] move: Hypnosis
|cant|p1a: Blissey|slp
|
|-weather|Sandstorm|[upkeep]
|-damage|p2a: Gengar|28/100 brn|[from] Sandstorm
|-damage|p1a: Blissey|94/100 slp|[from] Sandstorm
|-heal|p2a: Gengar|35/100 brn|[from] item: Leftovers
|-damage|p2a: Gengar|22/100 brn|[from] brn
|-heal|p1a: Blissey|100/100 slp|[from] item: Leftovers
|upkeep
|turn|25
|
|t:|1730569660
|switch|p2a: Swampert|Swampert, F|100/100
|-damage|p2a: Swampert|88/100|[from] Spikes
|-curestatus|p1a: Blissey|slp|[from] ability: Natural Cure
|switch|p1a: Zapdos|Zapdos|100/100
|
|-weather|Sandstorm|[upkeep]
|-damage|p1a: Zapdos|94/100|[from] Sandstorm
|-heal|p1a: Zapdos|100/100|[from] item: Leftovers
|-heal|p2a: Swampert|94/100|[from] item: Leftovers
|upkeep
|turn|26
|
|t:|1730569667
|switch|p2a: Gengar|Gengar, M|22/100 brn
|move|p1a: Zapdos|Roar|p2a: Gengar
|drag|p2a: Swampert|Swampert, F|94/100
|-damage|p2a: Swampert|82/100|[from] Spikes
|
|-weather|Sandstorm|[upkeep]
|-damage|p1a: Zapdos|94/100|[from] Sandstorm
|-heal|p1a: Zapdos|100/100|[from] item: Leftovers
|-heal|p2a: Swampert|88/100|[from] item: Leftovers
|upkeep
|turn|27
|
|t:|1730569678
|move|p2a: Swampert|Ice Beam|p1a: Zapdos
|-supereffective|p1a: Zapdos
|-damage|p1a: Zapdos|62/100
|move|p1a: Zapdos|Roar|p2a: Swampert
|drag|p2a: Gengar|Gengar, M|22/100 brn
|
|-weather|Sandstorm|[upkeep]
|-damage|p2a: Gengar|16/100 brn|[from] Sandstorm
|-damage|p1a: Zapdos|56/100|[from] Sandstorm
|-heal|p2a: Gengar|22/100 brn|[from] item: Leftovers
|-damage|p2a: Gengar|10/100 brn|[from] brn
|-heal|p1a: Zapdos|62/100|[from] item: Leftovers
|upkeep
|turn|28
|
|t:|1730569687
|move|p2a: Gengar|Hypnosis|p1a: Zapdos|[miss]
|-miss|p2a: Gengar|p1a: Zapdos
|move|p1a: Zapdos|Sleep Talk|p1a: Zapdos
|
|-weather|Sandstorm|[upkeep]
|-damage|p2a: Gengar|4/100 brn|[from] Sandstorm
|-damage|p1a: Zapdos|56/100|[from] Sandstorm
|-heal|p2a: Gengar|10/100 brn|[from] item: Leftovers
|-damage|p2a: Gengar|0 fnt|[from] brn
|faint|p2a: Gengar
|-heal|p1a: Zapdos|62/100|[from] item: Leftovers
|upkeep
|
|t:|1730569707
|switch|p2a: Aerodactyl|Aerodactyl, F|100/100
|turn|29
|inactive|Rambode has 150 seconds left.
|
|t:|1730569734
|switch|p1a: Skarmory|Skarmory, M|51/100
|move|p2a: Aerodactyl|Rock Slide|p1a: Skarmory
|-damage|p1a: Skarmory|8/100
|
|-weather|Sandstorm|[upkeep]
|-heal|p1a: Skarmory|14/100|[from] item: Leftovers
|upkeep
|turn|30
|
|t:|1730569749
|move|p1a: Skarmory|Protect|p1a: Skarmory
|-singleturn|p1a: Skarmory|Protect
|move|p2a: Aerodactyl|Rock Slide|p1a: Skarmory
|-activate|p1a: Skarmory|Protect
|
|-weather|Sandstorm|[upkeep]
|-heal|p1a: Skarmory|20/100|[from] item: Leftovers
|upkeep
|turn|31
|
|t:|1730569753
|move|p2a: Aerodactyl|Rock Slide|p1a: Skarmory
|-damage|p1a: Skarmory|0 fnt
|faint|p1a: Skarmory
|
|t:|1730569759
|switch|p1a: Flygon|Flygon, F|100/100
|
|-weather|Sandstorm|[upkeep]
|upkeep
|turn|32
|
|t:|1730569769
|switch|p2a: Skarmory|Skarmory, M|77/100
|move|p1a: Flygon|Toxic|p2a: Skarmory
|-immune|p2a: Skarmory
|
|-weather|Sandstorm|[upkeep]
|-heal|p2a: Skarmory|83/100|[from] item: Leftovers
|upkeep
|turn|33
|inactive|Rambode has 150 seconds left.
|
|t:|1730569780
|switch|p2a: Swampert|Swampert, F|88/100
|-damage|p2a: Swampert|76/100|[from] Spikes
|move|p1a: Flygon|Flamethrower|p2a: Swampert
|-resisted|p2a: Swampert
|-damage|p2a: Swampert|66/100
|
|-weather|Sandstorm|[upkeep]
|-heal|p2a: Swampert|73/100|[from] item: Leftovers
|upkeep
|turn|34
|inactive|Rambode has 150 seconds left.
|
|t:|1730569792
|switch|p1a: Blissey|Blissey, F|100/100
|-damage|p1a: Blissey|76/100|[from] Spikes
|move|p2a: Swampert|Ice Beam|p1a: Blissey
|-damage|p1a: Blissey|64/100
|
|-weather|Sandstorm|[upkeep]
|-damage|p1a: Blissey|57/100|[from] Sandstorm
|-heal|p2a: Swampert|79/100|[from] item: Leftovers
|-heal|p1a: Blissey|64/100|[from] item: Leftovers
|upkeep
|turn|35
|inactive|Rambode has 150 seconds left.
|
|t:|1730569802
|switch|p2a: Skarmory|Skarmory, M|83/100
|move|p1a: Blissey|Soft-Boiled|p1a: Blissey
|-heal|p1a: Blissey|100/100
|
|-weather|Sandstorm|[upkeep]
|-damage|p1a: Blissey|94/100|[from] Sandstorm
|-heal|p2a: Skarmory|89/100|[from] item: Leftovers
|-heal|p1a: Blissey|100/100|[from] item: Leftovers
|upkeep
|turn|36
|
|t:|1730569813
|move|p1a: Blissey|Seismic Toss|p2a: Skarmory
|-damage|p2a: Skarmory|59/100
|move|p2a: Skarmory|Roar|p1a: Blissey
|drag|p1a: Zapdos|Zapdos|62/100
|
|-weather|Sandstorm|[upkeep]
|-damage|p1a: Zapdos|56/100|[from] Sandstorm
|-heal|p1a: Zapdos|62/100|[from] item: Leftovers
|-heal|p2a: Skarmory|65/100|[from] item: Leftovers
|upkeep
|turn|37
|
|t:|1730569821
|switch|p2a: Swampert|Swampert, F|79/100
|-damage|p2a: Swampert|66/100|[from] Spikes
|move|p1a: Zapdos|Roar|p2a: Swampert
|drag|p2a: Skarmory|Skarmory, M|65/100
|
|-weather|Sandstorm|[upkeep]
|-damage|p1a: Zapdos|56/100|[from] Sandstorm
|-heal|p1a: Zapdos|62/100|[from] item: Leftovers
|-heal|p2a: Skarmory|71/100|[from] item: Leftovers
|upkeep
|turn|38
|
|t:|1730569831
|move|p1a: Zapdos|Roar|p2a: Skarmory
|drag|p2a: Tyranitar|Tyranitar, F|100/100
|-damage|p2a: Tyranitar|88/100|[from] Spikes
|
|-weather|Sandstorm|[upkeep]
|-damage|p1a: Zapdos|56/100|[from] Sandstorm
|-heal|p1a: Zapdos|62/100|[from] item: Leftovers
|upkeep
|turn|39
|
|t:|1730569846
|switch|p2a: Swampert|Swampert, F|66/100
|-damage|p2a: Swampert|54/100|[from] Spikes
|move|p1a: Zapdos|Rest|p1a: Zapdos
|-status|p1a: Zapdos|slp|[from] move: Rest
|-heal|p1a: Zapdos|100/100 slp|[silent]
|
|-weather|Sandstorm|[upkeep]
|-damage|p1a: Zapdos|94/100 slp|[from] Sandstorm
|-heal|p1a: Zapdos|100/100 slp|[from] item: Leftovers
|-heal|p2a: Swampert|60/100|[from] item: Leftovers
|upkeep
|turn|40
|
|t:|1730569851
|cant|p1a: Zapdos|slp
|move|p1a: Zapdos|Sleep Talk|p1a: Zapdos
|move|p1a: Zapdos|Thunderbolt|p2a: Swampert|[from]Sleep Talk
|-immune|p2a: Swampert
|move|p2a: Swampert|Ice Beam|p1a: Zapdos
|-supereffective|p1a: Zapdos
|-damage|p1a: Zapdos|65/100 slp
|
|-weather|Sandstorm|[upkeep]
|-damage|p1a: Zapdos|59/100 slp|[from] Sandstorm
|-heal|p1a: Zapdos|65/100 slp|[from] item: Leftovers
|-heal|p2a: Swampert|66/100|[from] item: Leftovers
|upkeep
|turn|41
|inactive|Rambode has 180 seconds left.
|c|☆Rambode|does zapdos not know swampert is immune
|
|t:|1730569877
|cant|p1a: Zapdos|slp
|move|p1a: Zapdos|Sleep Talk|p1a: Zapdos
|move|p1a: Zapdos|Rest|p1a: Zapdos|[from]Sleep Talk
|move|p2a: Swampert|Ice Beam|p1a: Zapdos
|-supereffective|p1a: Zapdos
|-damage|p1a: Zapdos|29/100 slp
|
|-weather|Sandstorm|[upkeep]
|-damage|p1a: Zapdos|23/100 slp|[from] Sandstorm
|-heal|p1a: Zapdos|29/100 slp|[from] item: Leftovers
|-heal|p2a: Swampert|73/100|[from] item: Leftovers
|upkeep
|turn|42
|
|t:|1730569884
|switch|p2a: Aerodactyl|Aerodactyl, F|100/100
|-curestatus|p1a: Zapdos|slp|[msg]
|move|p1a: Zapdos|Rest|p1a: Zapdos
|-status|p1a: Zapdos|slp|[from] move: Rest
|-heal|p1a: Zapdos|100/100 slp|[silent]
|
|-weather|Sandstorm|[upkeep]
|-damage|p1a: Zapdos|94/100 slp|[from] Sandstorm
|-heal|p1a: Zapdos|100/100 slp|[from] item: Leftovers
|upkeep
|turn|43
|inactive|Rambode has 180 seconds left.
|
|t:|1730569895
|switch|p1a: Tyranitar|Tyranitar, F|81/100
|-damage|p1a: Tyranitar|56/100|[from] Spikes
|move|p2a: Aerodactyl|Rock Slide|p1a: Tyranitar
|-damage|p1a: Tyranitar|10/100
|
|-weather|Sandstorm|[upkeep]
|-heal|p1a: Tyranitar|16/100|[from] item: Leftovers
|upkeep
|turn|44
|
|t:|1730569902
|switch|p1a: Flygon|Flygon, F|100/100
|move|p2a: Aerodactyl|Rock Slide|p1a: Flygon
|-resisted|p1a: Flygon
|-damage|p1a: Flygon|79/100
|
|-weather|Sandstorm|[upkeep]
|-heal|p1a: Flygon|85/100|[from] item: Leftovers
|upkeep
|turn|45
|
|t:|1730569909
|switch|p2a: Skarmory|Skarmory, M|71/100
|move|p1a: Flygon|Flamethrower|p2a: Skarmory
|-supereffective|p2a: Skarmory
|-damage|p2a: Skarmory|41/100
|
|-weather|Sandstorm|[upkeep]
|-heal|p1a: Flygon|91/100|[from] item: Leftovers
|-heal|p2a: Skarmory|47/100|[from] item: Leftovers
|upkeep
|turn|46
|
|t:|1730569922
|move|p1a: Flygon|Protect|p1a: Flygon
|-singleturn|p1a: Flygon|Protect
|move|p2a: Skarmory|Drill Peck|p1a: Flygon
|-activate|p1a: Flygon|Protect
|
|-weather|Sandstorm|[upkeep]
|-heal|p1a: Flygon|97/100|[from] item: Leftovers
|-heal|p2a: Skarmory|53/100|[from] item: Leftovers
|upkeep
|turn|47
|
|t:|1730569930
|move|p1a: Flygon|Flamethrower|p2a: Skarmory
|-supereffective|p2a: Skarmory
|-damage|p2a: Skarmory|22/100
|-status|p2a: Skarmory|brn
|move|p2a: Skarmory|Drill Peck|p1a: Flygon
|-damage|p1a: Flygon|87/100
|
|-weather|Sandstorm|[upkeep]
|-heal|p1a: Flygon|93/100|[from] item: Leftovers
|-heal|p2a: Skarmory|28/100 brn|[from] item: Leftovers
|-damage|p2a: Skarmory|16/100 brn|[from] brn
|upkeep
|turn|48
|
|t:|1730569937
|move|p1a: Flygon|Flamethrower|p2a: Skarmory
|-supereffective|p2a: Skarmory
|-damage|p2a: Skarmory|0 fnt
|faint|p2a: Skarmory
|
|t:|1730569950
|switch|p2a: Swampert|Swampert, F|73/100
|-damage|p2a: Swampert|60/100|[from] Spikes
|
|-weather|Sandstorm|[upkeep]
|-heal|p1a: Flygon|99/100|[from] item: Leftovers
|-heal|p2a: Swampert|66/100|[from] item: Leftovers
|upkeep
|turn|49
|inactive|Rambode has 210 seconds left.
|
|t:|1730569957
|switch|p1a: Tyranitar|Tyranitar, F|16/100
|-damage|p1a: Tyranitar|0 fnt|[from] Spikes
|faint|p1a: Tyranitar
|
|t:|1730569962
|switch|p1a: Blissey|Blissey, F|100/100
|-damage|p1a: Blissey|76/100|[from] Spikes
|
|-weather|Sandstorm|[upkeep]
|-damage|p1a: Blissey|69/100|[from] Sandstorm
|-heal|p2a: Swampert|73/100|[from] item: Leftovers
|-heal|p1a: Blissey|76/100|[from] item: Leftovers
|upkeep
|turn|50
|
|t:|1730569981
|-singleturn|p2a: Swampert|move: Focus Punch
|move|p1a: Blissey|Toxic|p2a: Swampert
|-status|p2a: Swampert|tox
|move|p2a: Swampert|Focus Punch|p1a: Blissey
|-supereffective|p1a: Blissey
|-damage|p1a: Blissey|1/100
|
|-weather|Sandstorm|[upkeep]
|-damage|p1a: Blissey|0 fnt|[from] Sandstorm
|faint|p1a: Blissey
|-heal|p2a: Swampert|79/100 tox|[from] item: Leftovers
|-damage|p2a: Swampert|73/100 tox|[from] psn
|upkeep
|inactive|Rambode has 210 seconds left.
|
|t:|1730570015
|switch|p1a: Zapdos|Zapdos|100/100 slp
|turn|51
|
|t:|1730570020
|switch|p2a: Tyranitar|Tyranitar, F|88/100
|-damage|p2a: Tyranitar|76/100|[from] Spikes
|cant|p1a: Zapdos|slp
|move|p1a: Zapdos|Sleep Talk|p1a: Zapdos
|move|p1a: Zapdos|Thunderbolt|p2a: Tyranitar|[from]Sleep Talk
|-damage|p2a: Tyranitar|34/100
|
|-weather|Sandstorm|[upkeep]
|-damage|p1a: Zapdos|94/100 slp|[from] Sandstorm
|-heal|p1a: Zapdos|100/100 slp|[from] item: Leftovers
|upkeep
|turn|52
|
|t:|1730570030
|cant|p1a: Zapdos|slp
|move|p1a: Zapdos|Sleep Talk|p1a: Zapdos
|move|p1a: Zapdos|Thunderbolt|p2a: Tyranitar|[from]Sleep Talk
|-damage|p2a: Tyranitar|0 fnt
|faint|p2a: Tyranitar
|
|t:|1730570036
|switch|p2a: Aerodactyl|Aerodactyl, F|100/100
|
|-weather|Sandstorm|[upkeep]
|-damage|p1a: Zapdos|94/100 slp|[from] Sandstorm
|-heal|p1a: Zapdos|100/100 slp|[from] item: Leftovers
|upkeep
|turn|53
|
|t:|1730570046
|move|p2a: Aerodactyl|Rock Slide|p1a: Zapdos
|-supereffective|p1a: Zapdos
|-damage|p1a: Zapdos|0 fnt
|faint|p1a: Zapdos
|
|t:|1730570049
|switch|p1a: Flygon|Flygon, F|99/100
|
|-weather|Sandstorm|[upkeep]
|-heal|p1a: Flygon|100/100|[from] item: Leftovers
|upkeep
|turn|54
|
|t:|1730570059
|move|p2a: Aerodactyl|Rock Slide|p1a: Flygon
|-resisted|p1a: Flygon
|-damage|p1a: Flygon|77/100
|cant|p1a: Flygon|flinch
|
|-weather|Sandstorm|[upkeep]
|-heal|p1a: Flygon|83/100|[from] item: Leftovers
|upkeep
|turn|55
|
|t:|1730570063
|move|p2a: Aerodactyl|Rock Slide|p1a: Flygon
|-resisted|p1a: Flygon
|-damage|p1a: Flygon|61/100
|move|p1a: Flygon|Toxic|p2a: Aerodactyl|[miss]
|-miss|p1a: Flygon|p2a: Aerodactyl
|
|-weather|Sandstorm|[upkeep]
|-heal|p1a: Flygon|68/100|[from] item: Leftovers
|upkeep
|turn|56
|
|t:|1730570067
|move|p1a: Flygon|Protect|p1a: Flygon
|-singleturn|p1a: Flygon|Protect
|move|p2a: Aerodactyl|Rock Slide|p1a: Flygon
|-activate|p1a: Flygon|Protect
|
|-weather|Sandstorm|[upkeep]
|-heal|p1a: Flygon|74/100|[from] item: Leftovers
|upkeep
|turn|57
|
|t:|1730570069
|move|p2a: Aerodactyl|Rock Slide|p1a: Flygon
|-resisted|p1a: Flygon
|-damage|p1a: Flygon|52/100
|move|p1a: Flygon|Toxic|p2a: Aerodactyl
|-status|p2a: Aerodactyl|tox
|
|-weather|Sandstorm|[upkeep]
|-damage|p2a: Aerodactyl|95/100 tox|[from] psn
|-heal|p1a: Flygon|58/100|[from] item: Leftovers
|upkeep
|turn|58
|
|t:|1730570072
|move|p1a: Flygon|Protect|p1a: Flygon
|-singleturn|p1a: Flygon|Protect
|move|p2a: Aerodactyl|Rock Slide|p1a: Flygon
|-activate|p1a: Flygon|Protect
|
|-weather|Sandstorm|[upkeep]
|-damage|p2a: Aerodactyl|83/100 tox|[from] psn
|-heal|p1a: Flygon|64/100|[from] item: Leftovers
|upkeep
|turn|59
|
|t:|1730570078
|move|p2a: Aerodactyl|Rock Slide|p1a: Flygon
|-resisted|p1a: Flygon
|-damage|p1a: Flygon|42/100
|move|p1a: Flygon|Flamethrower|p2a: Aerodactyl
|-resisted|p2a: Aerodactyl
|-crit|p2a: Aerodactyl
|-damage|p2a: Aerodactyl|59/100 tox
|
|-weather|Sandstorm|[upkeep]
|-damage|p2a: Aerodactyl|41/100 tox|[from] psn
|-heal|p1a: Flygon|48/100|[from] item: Leftovers
|upkeep
|turn|60
|
|t:|1730570080
|move|p1a: Flygon|Protect|p1a: Flygon
|-singleturn|p1a: Flygon|Protect
|move|p2a: Aerodactyl|Rock Slide|p1a: Flygon
|-activate|p1a: Flygon|Protect
|
|-weather|Sandstorm|[upkeep]
|-damage|p2a: Aerodactyl|17/100 tox|[from] psn
|-heal|p1a: Flygon|54/100|[from] item: Leftovers
|upkeep
|turn|61
|
|t:|1730570087
|move|p2a: Aerodactyl|Rock Slide|p1a: Flygon
|-resisted|p1a: Flygon
|-damage|p1a: Flygon|32/100
|cant|p1a: Flygon|flinch
|
|-weather|Sandstorm|[upkeep]
|-damage|p2a: Aerodactyl|0 fnt|[from] psn
|faint|p2a: Aerodactyl
|-heal|p1a: Flygon|38/100|[from] item: Leftovers
|upkeep
|
|t:|1730570092
|switch|p2a: Swampert|Swampert, F|73/100 tox
|-damage|p2a: Swampert|60/100 tox|[from] Spikes
|turn|62
|
|t:|1730570095
|move|p1a: Flygon|Protect|p1a: Flygon
|-singleturn|p1a: Flygon|Protect
|move|p2a: Swampert|Ice Beam|p1a: Flygon
|-activate|p1a: Flygon|Protect
|
|-weather|Sandstorm|[upkeep]
|-heal|p1a: Flygon|44/100|[from] item: Leftovers
|-heal|p2a: Swampert|66/100 tox|[from] item: Leftovers
|-damage|p2a: Swampert|60/100 tox|[from] psn
|upkeep
|turn|63
|
|t:|1730570100
|move|p1a: Flygon|Protect|p1a: Flygon
|-singleturn|p1a: Flygon|Protect
|move|p2a: Swampert|Ice Beam|p1a: Flygon
|-activate|p1a: Flygon|Protect
|
|-weather|Sandstorm|[upkeep]
|-heal|p1a: Flygon|50/100|[from] item: Leftovers
|-heal|p2a: Swampert|66/100 tox|[from] item: Leftovers
|-damage|p2a: Swampert|54/100 tox|[from] psn
|upkeep
|turn|64
|
|t:|1730570106
|move|p1a: Flygon|Protect||[still]
|-fail|p1a: Flygon
|move|p2a: Swampert|Ice Beam|p1a: Flygon
|-supereffective|p1a: Flygon
|-damage|p1a: Flygon|0 fnt
|faint|p1a: Flygon
|
|win|13ased
|c|☆Rambode|gg
|c|☆13ased|Gg
|player|p1|

</script>
<script type="application/json" class="data" id="replaydata-smogtours-gen3ou-804000">
{"id":"smogtours-gen3ou-804000","format":"[Gen 3] OU","players":["Rambode","13ased"],"uploadtime":1730570106,"views":42,"formatid":"gen3ou","rating":null,"private":0,"password":null}
</script>

<script defer src="js/replays.js?9d40a366"></script>
