<!DOCTYPE html>
<meta charset="utf-8" />
<meta name="viewport" content="width=device-width" />

<title>[Gen 3] OU: HeffTV vs. Witchgender - Replays - Pok&eacute;mon Showdown!</title>

<meta name="description" content="Watch a replay of a Pok&eacute;mon battle between HeffTV and Witchgender! Format: [Gen 3] OU; Date: Oct 14, 2024" />
<!--

Hey, you! Looking in the source for the replay log?

You can find them in JSON format, just add `.json` at the end of a replay URL.

https://replay.pokemonshowdown.com/gen7randomdoublesbattle-865046831.json

Or, if you only need the log itself, add `.log` instead:

https://replay.pokemonshowdown.com/gen7randomdoublesbattle-865046831.log

-->

<link rel="stylesheet" href="//pokemonshowdown.com/style/global.css?0.023195364461161105" />
<link rel="stylesheet" href="//play.pokemonshowdown.com/style/font-awesome.css?0.13261647063804238" />
<link rel="stylesheet" href="//play.pokemonshowdown.com/style/battle.css?0.8753245789963631" />
<link rel="stylesheet" href="//play.pokemonshowdown.com/style/utilichart.css?0.8627959624976733" />

<!-- Global site tag (gtag.js) - Google Analytics -->
<script async src="https://www.googletagmanager.com/gtag/js?id=UA-26211653-1"></script>
<script>
  window.dataLayer = window.dataLayer || [];
  function gtag(){dataLayer.push(arguments);}
  gtag('js', new Date());

  gtag('config', 'UA-26211653-1');
</script>
<!-- End Google Analytics -->
<!-- Venatus Ad Manager - Install in <HEAD> of page -->
	<script src="https://hb.vntsm.com/v3/live/ad-manager.min.js" type="text/javascript" data-site-id="642aba63ec9a7b11c3c9c1be" data-mode="scan" async></script>
<!-- / Venatus Ad Manager -->

<style>
	@media (max-width:820px) {
		.battle {
			margin: 0 auto;
		}
		.battle-log {
			margin: 7px auto 0;
			max-width: 640px;
			height: 300px;
			position: static;
		}
	}
	.optgroup {
		display: inline-block;
		line-height: 22px;
		font-size: 10pt;
	}
	.optgroup .button {
		height: 25px;
		padding-top: 0;
		padding-bottom: 0;
	}
	.optgroup button.button {
		padding-left: 12px;
		padding-right: 12px;
	}
	.linklist {
		list-style: none;
		margin: 0.5em 0;
		padding: 0;
	}
	.linklist li {
		padding: 2px 0;
	}
	.sidebar {
		float: left;
		width: 320px;
	}
	.bar-wrapper {
		max-width: 1100px;
		margin: 0 auto;
	}
	.bar-wrapper.has-sidebar {
		max-width: 1430px;
	}
	.mainbar {
		margin: 0;
		padding-right: 1px;
	}
	.mainbar.has-sidebar {
		margin-left: 330px;
	}
	@media (min-width: 1511px) {
		.sidebar {
			width: 400px;
		}
		.bar-wrapper.has-sidebar {
			max-width: 1510px;
		}
		.mainbar.has-sidebar {
			margin-left: 410px;
		}
	}
	.section.first-section {
		margin-top: 9px;
	}
	.blocklink small {
		white-space: normal;
	}
	.button {
		vertical-align: middle;
	}
	.replay-controls {
		padding-top: 10px;
	}
	.replay-controls h1 {
		font-size: 16pt;
		font-weight: normal;
		color: #CCC;
	}
	.pagelink {
		text-align: center;
	}
	.pagelink a {
		width: 150px;
	}
	.textbox, .button {
		font-size: 11pt;
		vertical-align: middle;
	}
	@media (max-width: 450px) {
		.button {
			font-size: 9pt;
		}
	}
</style>

<div>

	<header>
		<div class="nav-wrapper"><ul class="nav">
			<li><a class="button nav-first" href="//pokemonshowdown.com/"><img src="//pokemonshowdown.com/images/pokemonshowdownbeta.png" srcset="//pokemonshowdown.com/images/pokemonshowdownbeta.png 1x, //pokemonshowdown.com/images/pokemonshowdownbeta@2x.png 2x" alt="Pok&eacute;mon Showdown" width="146" height="44" /> Home</a></li>
			<li><a class="button" href="//pokemonshowdown.com/dex/">Pok&eacute;dex</a></li>
			<li><a class="button cur" href="/">Replays</a></li>
			<li><a class="button" href="//pokemonshowdown.com/ladder/">Ladder</a></li>
			<li><a class="button nav-last" href="//pokemonshowdown.com/forums/">Forum</a></li>
			<li><a class="button greenbutton nav-first nav-last" href="//play.pokemonshowdown.com/">Play</a></li>
		</ul></div>
	</header>

	<div class="main" id="main">

		<noscript><section class="section">You need to enable JavaScript to use this page; sorry!</section></noscript>

	</div>

</div>

<script defer nomodule src="//play.pokemonshowdown.com/js/lib/ps-polyfill.js"></script>
<script defer src="//play.pokemonshowdown.com/js/lib/preact.min.js"></script>

<script defer src="//play.pokemonshowdown.com/config/config.js?2bddbc15"></script>
<script defer src="//play.pokemonshowdown.com/js/lib/jquery-1.11.0.min.js"></script>
<script defer src="//play.pokemonshowdown.com/js/lib/html-sanitizer-minified.js"></script>
<script defer src="//play.pokemonshowdown.com/js/battle-sound.js"></script>
<script defer src="//play.pokemonshowdown.com/js/battledata.js?0.7209276989879541"></script>
<script defer src="//play.pokemonshowdown.com/data/pokedex-mini.js?0.6111056340867951"></script>
<script defer src="//play.pokemonshowdown.com/data/pokedex-mini-bw.js?0.3532142036491459"></script>
<script defer src="//play.pokemonshowdown.com/data/graphics.js?0.24223875632456182"></script>
<script defer src="//play.pokemonshowdown.com/data/pokedex.js?0.38839984266356864"></script>
<script defer src="//play.pokemonshowdown.com/data/moves.js?0.21866028504024015"></script>
<script defer src="//play.pokemonshowdown.com/data/abilities.js?0.2005157953846628"></script>
<script defer src="//play.pokemonshowdown.com/data/items.js?0.9894211263848525"></script>
<script defer src="//play.pokemonshowdown.com/data/teambuilder-tables.js?0.6008791140282215"></script>
<script defer src="//play.pokemonshowdown.com/js/battle-tooltips.js?0.7580118955022959"></script>
<script defer src="//play.pokemonshowdown.com/js/battle.js?0.6057722274234274"></script>

<script defer src="js/utils.js?e31f9a17"></script>
<script defer src="js/replays-battle.js?7008c182"></script>

<!-- don't scrape this data! just add .json or .log after the URL!
Full API docs: https://github.com/smogon/pokemon-showdown-client/blob/master/WEB-API.md -->
<script type="text/plain" class="log" id="replaylog-smogtours-gen3ou-798681">
|inactive|Battle timer is ON: inactive players will automatically lose when time's up.
|t:|1728927268
|gametype|singles
|player|p1|HeffTV|2|
|player|p2|Witchgender|medium|
|teamsize|p1|6
|teamsize|p2|6
|gen|3
|tier|[Gen 3] OU
|rule|Sleep Clause Mod: Limit one foe put to sleep
|rule|Switch Priority Clause Mod: Faster Pokémon switch first
|rule|Species Clause: Limit one of each Pokémon
|rule|OHKO Clause: OHKO moves are banned
|rule|Evasion Items Clause: Evasion items are banned
|rule|Evasion Moves Clause: Evasion moves are banned
|rule|Endless Battle Clause: Forcing endless battles is banned
|rule|HP Percentage Mod: HP is shown in percentages
|rule|One Boost Passer Clause: Limit one Baton Passer that has a way to boost its stats
|rule|Freeze Clause Mod: Limit one foe frozen
|
|t:|1728927268
|start
|switch|p1a: Zapdos|Zapdos|100/100
|switch|p2a: Salamence|Salamence, F|100/100
|-ability|p2a: Salamence|Intimidate|boost
|-unboost|p1a: Zapdos|atk|1
|turn|1
|
|t:|1728927281
|switch|p2a: Blissey|Blissey, F|100/100
|move|p1a: Zapdos|Thunder Wave|p2a: Blissey
|-status|p2a: Blissey|par
|
|upkeep
|turn|2
|
|t:|1728927307
|switch|p1a: Metagross|Metagross|100/100
|move|p2a: Blissey|Ice Beam|p1a: Metagross
|-resisted|p1a: Metagross
|-damage|p1a: Metagross|86/100
|
|-heal|p1a: Metagross|92/100|[from] item: Leftovers
|upkeep
|turn|3
|
|t:|1728927316
|-curestatus|p2a: Blissey|par|[from] ability: Natural Cure
|switch|p2a: Suicune|Suicune|100/100
|move|p1a: Metagross|Meteor Mash|p2a: Suicune
|-resisted|p2a: Suicune
|-damage|p2a: Suicune|83/100
|
|-heal|p2a: Suicune|89/100|[from] item: Leftovers
|-heal|p1a: Metagross|98/100|[from] item: Leftovers
|upkeep
|turn|4
|
|t:|1728927327
|switch|p1a: Zapdos|Zapdos|100/100
|move|p2a: Suicune|Surf|p1a: Zapdos
|-damage|p1a: Zapdos|65/100
|
|-heal|p1a: Zapdos|71/100|[from] item: Leftovers
|-heal|p2a: Suicune|95/100|[from] item: Leftovers
|upkeep
|turn|5
|
|t:|1728927336
|switch|p2a: Blissey|Blissey, F|100/100
|move|p1a: Zapdos|Roar|p2a: Blissey
|drag|p2a: Suicune|Suicune|95/100
|
|-heal|p1a: Zapdos|77/100|[from] item: Leftovers
|-heal|p2a: Suicune|100/100|[from] item: Leftovers
|upkeep
|turn|6
|
|t:|1728927344
|switch|p2a: Blissey|Blissey, F|100/100
|move|p1a: Zapdos|Thunderbolt|p2a: Blissey
|-damage|p2a: Blissey|81/100
|
|-heal|p1a: Zapdos|84/100|[from] item: Leftovers
|-heal|p2a: Blissey|87/100|[from] item: Leftovers
|upkeep
|turn|7
|
|t:|1728927359
|switch|p1a: Forretress|Forretress, F|100/100
|move|p2a: Blissey|Thunderbolt|p1a: Forretress
|-damage|p1a: Forretress|75/100
|
|-heal|p2a: Blissey|93/100|[from] item: Leftovers
|-heal|p1a: Forretress|81/100|[from] item: Leftovers
|upkeep
|turn|8
|
|t:|1728927369
|switch|p2a: Jirachi|Jirachi|100/100
|move|p1a: Forretress|Spikes|p2a: Jirachi
|-sidestart|p2: Witchgender|Spikes
|
|-heal|p1a: Forretress|88/100|[from] item: Leftovers
|upkeep
|turn|9
|
|t:|1728927376
|switch|p1a: Blissey|Blissey, F|100/100
|move|p2a: Jirachi|Fire Punch|p1a: Blissey
|-damage|p1a: Blissey|94/100
|
|-heal|p1a: Blissey|99/100|[from] item: Leftovers
|upkeep
|turn|10
|
|t:|1728927383
|switch|p2a: Blissey|Blissey, F|93/100
|-damage|p2a: Blissey|81/100|[from] Spikes
|move|p1a: Blissey|Thunder Wave|p2a: Blissey
|-status|p2a: Blissey|par
|
|-heal|p1a: Blissey|100/100|[from] item: Leftovers
|-heal|p2a: Blissey|87/100 par|[from] item: Leftovers
|upkeep
|turn|11
|
|t:|1728927392
|-curestatus|p2a: Blissey|par|[from] ability: Natural Cure
|switch|p2a: Claydol|Claydol|100/100
|move|p1a: Blissey|Seismic Toss|p2a: Claydol
|-damage|p2a: Claydol|67/100
|
|-heal|p2a: Claydol|73/100|[from] item: Leftovers
|upkeep
|turn|12
|
|t:|1728927407
|switch|p2a: Blissey|Blissey, F|87/100
|-damage|p2a: Blissey|74/100|[from] Spikes
|switch|p1a: Forretress|Forretress, F|88/100
|
|-heal|p2a: Blissey|80/100|[from] item: Leftovers
|-heal|p1a: Forretress|94/100|[from] item: Leftovers
|upkeep
|turn|13
|
|t:|1728927418
|switch|p2a: Claydol|Claydol|73/100
|move|p1a: Forretress|Spikes|p2a: Claydol
|-sidestart|p2: Witchgender|Spikes
|
|-heal|p2a: Claydol|79/100|[from] item: Leftovers
|-heal|p1a: Forretress|99/100|[from] item: Leftovers
|upkeep
|turn|14
|
|t:|1728927425
|switch|p1a: Suicune|Suicune|100/100
|move|p2a: Claydol|Rapid Spin|p1a: Suicune
|-crit|p1a: Suicune
|-damage|p1a: Suicune|94/100
|-sideend|p2: Witchgender|Spikes|[from] move: Rapid Spin|[of] p2a: Claydol
|
|-heal|p2a: Claydol|85/100|[from] item: Leftovers
|-heal|p1a: Suicune|99/100|[from] item: Leftovers
|upkeep
|turn|15
|
|t:|1728927435
|switch|p2a: Suicune|Suicune|100/100
|move|p1a: Suicune|Calm Mind|p1a: Suicune
|-boost|p1a: Suicune|spa|1
|-boost|p1a: Suicune|spd|1
|
|-heal|p1a: Suicune|100/100|[from] item: Leftovers
|upkeep
|turn|16
|
|t:|1728927442
|move|p2a: Suicune|Calm Mind|p2a: Suicune
|-boost|p2a: Suicune|spa|1
|-boost|p2a: Suicune|spd|1
|move|p1a: Suicune|Surf|p2a: Suicune
|-resisted|p2a: Suicune
|-damage|p2a: Suicune|88/100
|
|-heal|p2a: Suicune|95/100|[from] item: Leftovers
|upkeep
|turn|17
|
|t:|1728927453
|switch|p1a: Zapdos|Zapdos|84/100
|move|p2a: Suicune|Calm Mind|p2a: Suicune
|-boost|p2a: Suicune|spa|1
|-boost|p2a: Suicune|spd|1
|
|-heal|p1a: Zapdos|90/100|[from] item: Leftovers
|-heal|p2a: Suicune|100/100|[from] item: Leftovers
|upkeep
|turn|18
|inactive|Witchgender has 270 seconds left.
|
|t:|1728927491
|move|p2a: Suicune|Surf|p1a: Zapdos
|-damage|p1a: Zapdos|21/100
|move|p1a: Zapdos|Roar|p2a: Suicune
|drag|p2a: Hariyama|Hariyama, F|100/100
|
|-heal|p1a: Zapdos|28/100|[from] item: Leftovers
|upkeep
|turn|19
|inactive|Witchgender has 270 seconds left.
|
|t:|1728927517
|switch|p1a: Metagross|Metagross|98/100
|switch|p2a: Blissey|Blissey, F|80/100
|
|-heal|p1a: Metagross|100/100|[from] item: Leftovers
|-heal|p2a: Blissey|87/100|[from] item: Leftovers
|upkeep
|turn|20
|
|t:|1728927532
|switch|p2a: Suicune|Suicune|100/100
|move|p1a: Metagross|Meteor Mash|p2a: Suicune
|-resisted|p2a: Suicune
|-damage|p2a: Suicune|84/100
|
|-heal|p2a: Suicune|90/100|[from] item: Leftovers
|upkeep
|turn|21
|
|t:|1728927544
|switch|p1a: Zapdos|Zapdos|28/100
|move|p2a: Suicune|Surf|p1a: Zapdos
|-damage|p1a: Zapdos|0 fnt
|faint|p1a: Zapdos
|
|t:|1728927549
|switch|p1a: Jirachi|Jirachi|100/100
|
|-heal|p2a: Suicune|97/100|[from] item: Leftovers
|upkeep
|turn|22
|inactive|Witchgender has 270 seconds left.
|
|t:|1728927567
|switch|p2a: Claydol|Claydol|85/100
|move|p1a: Jirachi|Toxic|p2a: Claydol
|-status|p2a: Claydol|tox
|
|-heal|p2a: Claydol|91/100 tox|[from] item: Leftovers
|-damage|p2a: Claydol|85/100 tox|[from] psn
|upkeep
|turn|23
|
|t:|1728927575
|move|p1a: Jirachi|Wish|p1a: Jirachi
|move|p2a: Claydol|Earthquake|p1a: Jirachi
|-supereffective|p1a: Jirachi
|-damage|p1a: Jirachi|55/100
|
|-heal|p1a: Jirachi|62/100|[from] item: Leftovers
|-heal|p2a: Claydol|91/100 tox|[from] item: Leftovers
|-damage|p2a: Claydol|79/100 tox|[from] psn
|upkeep
|turn|24
|inactive|Witchgender has 270 seconds left.
|
|t:|1728927583
|switch|p2a: Blissey|Blissey, F|87/100
|move|p1a: Jirachi|Protect||[still]
|-fail|p1a: Jirachi
|
|-heal|p1a: Jirachi|100/100|[from] move: Wish|[wisher] Jirachi
|-heal|p2a: Blissey|93/100|[from] item: Leftovers
|upkeep
|turn|25
|
|t:|1728927590
|move|p1a: Jirachi|Wish|p1a: Jirachi
|move|p2a: Blissey|Aromatherapy|p2a: Blissey
|-cureteam|p2a: Blissey|[from] move: Aromatherapy
|
|-heal|p2a: Blissey|99/100|[from] item: Leftovers
|upkeep
|turn|26
|
|t:|1728927596
|switch|p1a: Forretress|Forretress, F|99/100
|switch|p2a: Jirachi|Jirachi|100/100
|
|-heal|p1a: Forretress|100/100|[from] move: Wish|[wisher] Jirachi
|upkeep
|turn|27
|
|t:|1728927605
|switch|p1a: Metagross|Metagross|100/100
|move|p2a: Jirachi|Toxic|p1a: Metagross|[miss]
|-miss|p2a: Jirachi|p1a: Metagross
|
|upkeep
|turn|28
|
|t:|1728927614
|move|p2a: Jirachi|Protect|p2a: Jirachi
|-singleturn|p2a: Jirachi|Protect
|move|p1a: Metagross|Earthquake|p2a: Jirachi
|-activate|p2a: Jirachi|Protect
|
|upkeep
|turn|29
|
|t:|1728927623
|switch|p2a: Suicune|Suicune|97/100
|move|p1a: Metagross|Earthquake|p2a: Suicune
|-damage|p2a: Suicune|73/100
|
|-heal|p2a: Suicune|79/100|[from] item: Leftovers
|upkeep
|turn|30
|
|t:|1728927640
|switch|p1a: Forretress|Forretress, F|100/100
|move|p2a: Suicune|Surf|p1a: Forretress
|-damage|p1a: Forretress|72/100
|
|-heal|p2a: Suicune|86/100|[from] item: Leftovers
|-heal|p1a: Forretress|78/100|[from] item: Leftovers
|upkeep
|turn|31
|
|t:|1728927647
|switch|p2a: Jirachi|Jirachi|100/100
|move|p1a: Forretress|Explosion|p2a: Jirachi
|-resisted|p2a: Jirachi
|-damage|p2a: Jirachi|70/100
|faint|p1a: Forretress
|
|t:|1728927654
|switch|p1a: Jirachi|Jirachi|100/100
|
|-heal|p2a: Jirachi|77/100|[from] item: Leftovers
|upkeep
|turn|32
|
|t:|1728927663
|move|p1a: Jirachi|Fire Punch|p2a: Jirachi
|-supereffective|p2a: Jirachi
|-damage|p2a: Jirachi|48/100
|move|p2a: Jirachi|Wish|p2a: Jirachi
|
|-heal|p2a: Jirachi|54/100|[from] item: Leftovers
|upkeep
|turn|33
|
|t:|1728927672
|switch|p1a: Suicune|Suicune|100/100
|move|p2a: Jirachi|Protect||[still]
|-fail|p2a: Jirachi
|
|-heal|p2a: Jirachi|100/100|[from] move: Wish|[wisher] Jirachi
|upkeep
|turn|34
|
|t:|1728927679
|move|p2a: Jirachi|Toxic|p1a: Suicune
|-status|p1a: Suicune|tox
|move|p1a: Suicune|Calm Mind|p1a: Suicune
|-boost|p1a: Suicune|spa|1
|-boost|p1a: Suicune|spd|1
|
|-damage|p1a: Suicune|94/100 tox|[from] psn
|upkeep
|turn|35
|
|t:|1728927686
|switch|p2a: Suicune|Suicune|86/100
|move|p1a: Suicune|Calm Mind|p1a: Suicune
|-boost|p1a: Suicune|spa|1
|-boost|p1a: Suicune|spd|1
|
|-heal|p2a: Suicune|92/100|[from] item: Leftovers
|-heal|p1a: Suicune|100/100 tox|[from] item: Leftovers
|-damage|p1a: Suicune|88/100 tox|[from] psn
|upkeep
|turn|36
|
|t:|1728927696
|move|p1a: Suicune|Surf|p2a: Suicune
|-resisted|p2a: Suicune
|-damage|p2a: Suicune|71/100
|move|p2a: Suicune|Roar|p1a: Suicune
|drag|p1a: Jirachi|Jirachi|100/100
|
|-heal|p2a: Suicune|77/100|[from] item: Leftovers
|upkeep
|turn|37
|inactive|Witchgender has 270 seconds left.
|
|t:|1728927732
|switch|p2a: Hariyama|Hariyama, F|100/100
|move|p1a: Jirachi|Toxic|p2a: Hariyama
|-status|p2a: Hariyama|tox
|
|-damage|p2a: Hariyama|94/100 tox|[from] psn
|upkeep
|turn|38
|inactive|Witchgender has 270 seconds left.
|
|t:|1728927742
|move|p1a: Jirachi|Wish|p1a: Jirachi
|move|p2a: Hariyama|Brick Break|p1a: Jirachi
|-damage|p1a: Jirachi|68/100
|
|-heal|p1a: Jirachi|74/100|[from] item: Leftovers
|-heal|p2a: Hariyama|100/100 tox|[from] item: Leftovers
|-damage|p2a: Hariyama|88/100 tox|[from] psn
|upkeep
|turn|39
|
|t:|1728927752
|switch|p1a: Metagross|Metagross|100/100
|move|p2a: Hariyama|Knock Off|p1a: Metagross
|-damage|p1a: Metagross|98/100
|-enditem|p1a: Metagross|Leftovers|[from] move: Knock Off|[of] p2a: Hariyama
|-hint|In Gens 3-4, Knock Off only makes the target's item unusable; it cannot obtain a new item.
|
|-heal|p1a: Metagross|100/100|[from] move: Wish|[wisher] Jirachi
|-heal|p2a: Hariyama|94/100 tox|[from] item: Leftovers
|-damage|p2a: Hariyama|76/100 tox|[from] psn
|upkeep
|turn|40
|
|t:|1728927763
|switch|p2a: Suicune|Suicune|77/100
|move|p1a: Metagross|Meteor Mash|p2a: Suicune
|-resisted|p2a: Suicune
|-damage|p2a: Suicune|59/100
|
|-heal|p2a: Suicune|65/100|[from] item: Leftovers
|upkeep
|turn|41
|
|t:|1728927771
|move|p2a: Suicune|Surf|p1a: Metagross
|-damage|p1a: Metagross|67/100
|move|p1a: Metagross|Meteor Mash|p2a: Suicune
|-resisted|p2a: Suicune
|-damage|p2a: Suicune|50/100
|
|-heal|p2a: Suicune|56/100|[from] item: Leftovers
|upkeep
|turn|42
|
|t:|1728927779
|switch|p2a: Jirachi|Jirachi|100/100
|move|p1a: Metagross|Agility|p1a: Metagross
|-boost|p1a: Metagross|spe|2
|
|upkeep
|turn|43
|
|t:|1728927788
|move|p2a: Jirachi|Protect|p2a: Jirachi
|-singleturn|p2a: Jirachi|Protect
|move|p1a: Metagross|Earthquake|p2a: Jirachi
|-activate|p2a: Jirachi|Protect
|
|upkeep
|turn|44
|inactive|Witchgender has 270 seconds left.
|
|t:|1728927829
|move|p1a: Metagross|Meteor Mash|p2a: Jirachi
|-resisted|p2a: Jirachi
|-damage|p2a: Jirachi|81/100
|move|p2a: Jirachi|Fire Punch|p1a: Metagross
|-supereffective|p1a: Metagross
|-damage|p1a: Metagross|26/100
|
|-heal|p2a: Jirachi|87/100|[from] item: Leftovers
|upkeep
|turn|45
|
|t:|1728927838
|move|p1a: Metagross|Earthquake|p2a: Jirachi
|-supereffective|p2a: Jirachi
|-damage|p2a: Jirachi|37/100
|move|p2a: Jirachi|Fire Punch|p1a: Metagross
|-supereffective|p1a: Metagross
|-crit|p1a: Metagross
|-damage|p1a: Metagross|0 fnt
|faint|p1a: Metagross
|
|t:|1728927847
|switch|p1a: Suicune|Suicune|88/100 tox
|
|-heal|p2a: Jirachi|43/100|[from] item: Leftovers
|-heal|p1a: Suicune|94/100 tox|[from] item: Leftovers
|-damage|p1a: Suicune|88/100 tox|[from] psn
|upkeep
|turn|46
|
|t:|1728927853
|move|p2a: Jirachi|Wish|p2a: Jirachi
|move|p1a: Suicune|Calm Mind|p1a: Suicune
|-boost|p1a: Suicune|spa|1
|-boost|p1a: Suicune|spd|1
|
|-heal|p2a: Jirachi|50/100|[from] item: Leftovers
|-heal|p1a: Suicune|94/100 tox|[from] item: Leftovers
|-damage|p1a: Suicune|82/100 tox|[from] psn
|upkeep
|turn|47
|
|t:|1728927863
|switch|p2a: Suicune|Suicune|56/100
|move|p1a: Suicune|Surf|p2a: Suicune
|-resisted|p2a: Suicune
|-damage|p2a: Suicune|39/100
|
|-heal|p2a: Suicune|89/100|[from] move: Wish|[wisher] Jirachi
|-heal|p2a: Suicune|95/100|[from] item: Leftovers
|-heal|p1a: Suicune|88/100 tox|[from] item: Leftovers
|-damage|p1a: Suicune|70/100 tox|[from] psn
|upkeep
|turn|48
|
|t:|1728927875
|move|p1a: Suicune|Rest|p1a: Suicune
|-status|p1a: Suicune|slp|[from] move: Rest
|-heal|p1a: Suicune|100/100 slp|[silent]
|move|p2a: Suicune|Roar|p1a: Suicune
|drag|p1a: Jirachi|Jirachi|74/100
|
|-heal|p1a: Jirachi|80/100|[from] item: Leftovers
|-heal|p2a: Suicune|100/100|[from] item: Leftovers
|upkeep
|turn|49
|
|t:|1728927901
|switch|p2a: Hariyama|Hariyama, F|76/100 tox
|move|p1a: Jirachi|Toxic|p2a: Hariyama
|-fail|p2a: Hariyama|tox
|
|-heal|p1a: Jirachi|87/100|[from] item: Leftovers
|-heal|p2a: Hariyama|82/100 tox|[from] item: Leftovers
|-damage|p2a: Hariyama|76/100 tox|[from] psn
|upkeep
|turn|50
|
|t:|1728927912
|move|p1a: Jirachi|Fire Punch|p2a: Hariyama
|-damage|p2a: Hariyama|60/100 tox
|move|p2a: Hariyama|Knock Off|p1a: Jirachi
|-damage|p1a: Jirachi|85/100
|-enditem|p1a: Jirachi|Leftovers|[from] move: Knock Off|[of] p2a: Hariyama
|
|-heal|p2a: Hariyama|66/100 tox|[from] item: Leftovers
|-damage|p2a: Hariyama|54/100 tox|[from] psn
|upkeep
|turn|51
|
|t:|1728927923
|move|p1a: Jirachi|Fire Punch|p2a: Hariyama
|-crit|p2a: Hariyama
|-damage|p2a: Hariyama|20/100 tox
|move|p2a: Hariyama|Brick Break|p1a: Jirachi
|-damage|p1a: Jirachi|49/100
|
|-heal|p2a: Hariyama|26/100 tox|[from] item: Leftovers
|-damage|p2a: Hariyama|7/100 tox|[from] psn
|upkeep
|turn|52
|
|t:|1728927933
|switch|p2a: Blissey|Blissey, F|99/100
|move|p1a: Jirachi|Wish|p1a: Jirachi
|
|-heal|p2a: Blissey|100/100|[from] item: Leftovers
|upkeep
|turn|53
|
|t:|1728927938
|move|p1a: Jirachi|Toxic|p2a: Blissey
|-status|p2a: Blissey|tox
|move|p2a: Blissey|Aromatherapy|p2a: Blissey
|-cureteam|p2a: Blissey|[from] move: Aromatherapy
|
|-heal|p1a: Jirachi|99/100|[from] move: Wish|[wisher] Jirachi
|upkeep
|turn|54
|
|t:|1728927946
|switch|p2a: Jirachi|Jirachi|50/100
|move|p1a: Jirachi|Toxic|p2a: Jirachi
|-immune|p2a: Jirachi
|
|-heal|p2a: Jirachi|56/100|[from] item: Leftovers
|upkeep
|turn|55
|
|t:|1728927953
|move|p1a: Jirachi|Fire Punch|p2a: Jirachi
|-supereffective|p2a: Jirachi
|-damage|p2a: Jirachi|29/100
|move|p2a: Jirachi|Wish|p2a: Jirachi
|
|-heal|p2a: Jirachi|35/100|[from] item: Leftovers
|upkeep
|turn|56
|
|t:|1728927958
|move|p2a: Jirachi|Protect|p2a: Jirachi
|-singleturn|p2a: Jirachi|Protect
|move|p1a: Jirachi|Fire Punch|p2a: Jirachi
|-activate|p2a: Jirachi|Protect
|
|-heal|p2a: Jirachi|85/100|[from] move: Wish|[wisher] Jirachi
|-heal|p2a: Jirachi|91/100|[from] item: Leftovers
|upkeep
|turn|57
|inactive|Witchgender has 270 seconds left.
|
|t:|1728927996
|switch|p2a: Blissey|Blissey, F|100/100
|move|p1a: Jirachi|Fire Punch|p2a: Blissey
|-damage|p2a: Blissey|94/100
|
|-heal|p2a: Blissey|99/100|[from] item: Leftovers
|upkeep
|turn|58
|
|t:|1728928006
|switch|p1a: Suicune|Suicune|100/100 slp
|move|p2a: Blissey|Thunderbolt|p1a: Suicune
|-supereffective|p1a: Suicune
|-damage|p1a: Suicune|59/100 slp
|
|-heal|p1a: Suicune|66/100 slp|[from] item: Leftovers
|-heal|p2a: Blissey|100/100|[from] item: Leftovers
|upkeep
|turn|59
|
|t:|1728928014
|cant|p1a: Suicune|slp
|move|p2a: Blissey|Thunderbolt|p1a: Suicune
|-supereffective|p1a: Suicune
|-damage|p1a: Suicune|25/100 slp
|
|-heal|p1a: Suicune|31/100 slp|[from] item: Leftovers
|upkeep
|turn|60
|
|t:|1728928020
|cant|p1a: Suicune|slp
|move|p2a: Blissey|Thunderbolt|p1a: Suicune
|-supereffective|p1a: Suicune
|-damage|p1a: Suicune|0 fnt
|faint|p1a: Suicune
|
|t:|1728928025
|switch|p1a: Jirachi|Jirachi|99/100
|
|upkeep
|turn|61
|
|t:|1728928028
|move|p1a: Jirachi|Wish|p1a: Jirachi
|move|p2a: Blissey|Thunderbolt|p1a: Jirachi
|-damage|p1a: Jirachi|78/100
|
|upkeep
|turn|62
|
|t:|1728928032
|move|p1a: Jirachi|Wish||[still]
|-fail|p1a: Jirachi
|move|p2a: Blissey|Ice Beam|p1a: Jirachi
|-resisted|p1a: Jirachi
|-damage|p1a: Jirachi|67/100
|
|-heal|p1a: Jirachi|100/100|[from] move: Wish|[wisher] Jirachi
|upkeep
|turn|63
|c|☆HeffTV|is it rude to ff
|c|☆Witchgender|no dw
|c|☆HeffTV|lets go next
|-message|HeffTV forfeited.
|
|win|Witchgender
|player|p1|

</script>
<script type="application/json" class="data" id="replaydata-smogtours-gen3ou-798681">
{"id":"smogtours-gen3ou-798681","format":"[Gen 3] OU","players":["HeffTV","Witchgender"],"uploadtime":1728928061,"views":74,"formatid":"gen3ou","rating":null,"private":0,"password":null}
</script>

<script defer src="js/replays.js?9d40a366"></script>
