<!DOCTYPE html>
<meta charset="utf-8" />
<meta name="viewport" content="width=device-width" />

<title>[Gen 3] OU: reptikrook vs. thunderousbagel - Replays - Pok&eacute;mon Showdown!</title>

<meta name="description" content="Watch a replay of a Pok&eacute;mon battle between reptikrook and thunderousbagel! Format: [Gen 3] OU; Date: Oct 31, 2024" />
<!--

Hey, you! Looking in the source for the replay log?

You can find them in JSON format, just add `.json` at the end of a replay URL.

https://replay.pokemonshowdown.com/gen7randomdoublesbattle-865046831.json

Or, if you only need the log itself, add `.log` instead:

https://replay.pokemonshowdown.com/gen7randomdoublesbattle-865046831.log

-->

<link rel="stylesheet" href="//pokemonshowdown.com/style/global.css?0.023195364461161105" />
<link rel="stylesheet" href="//play.pokemonshowdown.com/style/font-awesome.css?0.13261647063804238" />
<link rel="stylesheet" href="//play.pokemonshowdown.com/style/battle.css?0.8753245789963631" />
<link rel="stylesheet" href="//play.pokemonshowdown.com/style/utilichart.css?0.8627959624976733" />

<!-- Global site tag (gtag.js) - Google Analytics -->
<script async src="https://www.googletagmanager.com/gtag/js?id=UA-26211653-1"></script>
<script>
  window.dataLayer = window.dataLayer || [];
  function gtag(){dataLayer.push(arguments);}
  gtag('js', new Date());

  gtag('config', 'UA-26211653-1');
</script>
<!-- End Google Analytics -->
<!-- Venatus Ad Manager - Install in <HEAD> of page -->
	<script src="https://hb.vntsm.com/v3/live/ad-manager.min.js" type="text/javascript" data-site-id="642aba63ec9a7b11c3c9c1be" data-mode="scan" async></script>
<!-- / Venatus Ad Manager -->

<style>
	@media (max-width:820px) {
		.battle {
			margin: 0 auto;
		}
		.battle-log {
			margin: 7px auto 0;
			max-width: 640px;
			height: 300px;
			position: static;
		}
	}
	.optgroup {
		display: inline-block;
		line-height: 22px;
		font-size: 10pt;
	}
	.optgroup .button {
		height: 25px;
		padding-top: 0;
		padding-bottom: 0;
	}
	.optgroup button.button {
		padding-left: 12px;
		padding-right: 12px;
	}
	.linklist {
		list-style: none;
		margin: 0.5em 0;
		padding: 0;
	}
	.linklist li {
		padding: 2px 0;
	}
	.sidebar {
		float: left;
		width: 320px;
	}
	.bar-wrapper {
		max-width: 1100px;
		margin: 0 auto;
	}
	.bar-wrapper.has-sidebar {
		max-width: 1430px;
	}
	.mainbar {
		margin: 0;
		padding-right: 1px;
	}
	.mainbar.has-sidebar {
		margin-left: 330px;
	}
	@media (min-width: 1511px) {
		.sidebar {
			width: 400px;
		}
		.bar-wrapper.has-sidebar {
			max-width: 1510px;
		}
		.mainbar.has-sidebar {
			margin-left: 410px;
		}
	}
	.section.first-section {
		margin-top: 9px;
	}
	.blocklink small {
		white-space: normal;
	}
	.button {
		vertical-align: middle;
	}
	.replay-controls {
		padding-top: 10px;
	}
	.replay-controls h1 {
		font-size: 16pt;
		font-weight: normal;
		color: #CCC;
	}
	.pagelink {
		text-align: center;
	}
	.pagelink a {
		width: 150px;
	}
	.textbox, .button {
		font-size: 11pt;
		vertical-align: middle;
	}
	@media (max-width: 450px) {
		.button {
			font-size: 9pt;
		}
	}
</style>

<div>

	<header>
		<div class="nav-wrapper"><ul class="nav">
			<li><a class="button nav-first" href="//pokemonshowdown.com/"><img src="//pokemonshowdown.com/images/pokemonshowdownbeta.png" srcset="//pokemonshowdown.com/images/pokemonshowdownbeta.png 1x, //pokemonshowdown.com/images/pokemonshowdownbeta@2x.png 2x" alt="Pok&eacute;mon Showdown" width="146" height="44" /> Home</a></li>
			<li><a class="button" href="//pokemonshowdown.com/dex/">Pok&eacute;dex</a></li>
			<li><a class="button cur" href="/">Replays</a></li>
			<li><a class="button" href="//pokemonshowdown.com/ladder/">Ladder</a></li>
			<li><a class="button nav-last" href="//pokemonshowdown.com/forums/">Forum</a></li>
			<li><a class="button greenbutton nav-first nav-last" href="//play.pokemonshowdown.com/">Play</a></li>
		</ul></div>
	</header>

	<div class="main" id="main">

		<noscript><section class="section">You need to enable JavaScript to use this page; sorry!</section></noscript>

	</div>

</div>

<script defer nomodule src="//play.pokemonshowdown.com/js/lib/ps-polyfill.js"></script>
<script defer src="//play.pokemonshowdown.com/js/lib/preact.min.js"></script>

<script defer src="//play.pokemonshowdown.com/config/config.js?2bddbc15"></script>
<script defer src="//play.pokemonshowdown.com/js/lib/jquery-1.11.0.min.js"></script>
<script defer src="//play.pokemonshowdown.com/js/lib/html-sanitizer-minified.js"></script>
<script defer src="//play.pokemonshowdown.com/js/battle-sound.js"></script>
<script defer src="//play.pokemonshowdown.com/js/battledata.js?0.7209276989879541"></script>
<script defer src="//play.pokemonshowdown.com/data/pokedex-mini.js?0.6111056340867951"></script>
<script defer src="//play.pokemonshowdown.com/data/pokedex-mini-bw.js?0.3532142036491459"></script>
<script defer src="//play.pokemonshowdown.com/data/graphics.js?0.24223875632456182"></script>
<script defer src="//play.pokemonshowdown.com/data/pokedex.js?0.38839984266356864"></script>
<script defer src="//play.pokemonshowdown.com/data/moves.js?0.21866028504024015"></script>
<script defer src="//play.pokemonshowdown.com/data/abilities.js?0.2005157953846628"></script>
<script defer src="//play.pokemonshowdown.com/data/items.js?0.9894211263848525"></script>
<script defer src="//play.pokemonshowdown.com/data/teambuilder-tables.js?0.6008791140282215"></script>
<script defer src="//play.pokemonshowdown.com/js/battle-tooltips.js?0.7580118955022959"></script>
<script defer src="//play.pokemonshowdown.com/js/battle.js?0.6057722274234274"></script>

<script defer src="js/utils.js?e31f9a17"></script>
<script defer src="js/replays-battle.js?7008c182"></script>

<!-- don't scrape this data! just add .json or .log after the URL!
Full API docs: https://github.com/smogon/pokemon-showdown-client/blob/master/WEB-API.md -->
<script type="text/plain" class="log" id="replaylog-smogtours-gen3ou-803548">
|inactive|Battle timer is ON: inactive players will automatically lose when time's up.
|t:|1730341202
|gametype|singles
|player|p1|reptikrook|169|
|player|p2|thunderousbagel|cameraman|
|teamsize|p1|6
|teamsize|p2|6
|gen|3
|tier|[Gen 3] OU
|rule|Sleep Clause Mod: Limit one foe put to sleep
|rule|Switch Priority Clause Mod: Faster Pokémon switch first
|rule|Species Clause: Limit one of each Pokémon
|rule|OHKO Clause: OHKO moves are banned
|rule|Evasion Items Clause: Evasion items are banned
|rule|Evasion Moves Clause: Evasion moves are banned
|rule|Endless Battle Clause: Forcing endless battles is banned
|rule|HP Percentage Mod: HP is shown in percentages
|rule|One Boost Passer Clause: Limit one Baton Passer that has a way to boost its stats
|rule|Freeze Clause Mod: Limit one foe frozen
|
|t:|1730341202
|start
|switch|p1a: Harold|Hariyama, F|100/100
|switch|p2a: Skarmory|Skarmory, M|100/100
|turn|1
|inactive|thunderousbagel has 270 seconds left.
|
|t:|1730341247
|move|p2a: Skarmory|Spikes|p1a: Harold
|-sidestart|p1: reptikrook|Spikes
|move|p1a: Harold|Knock Off|p2a: Skarmory
|-resisted|p2a: Skarmory
|-damage|p2a: Skarmory|99/100
|-enditem|p2a: Skarmory|Leftovers|[from] move: Knock Off|[of] p1a: Harold
|-hint|In Gens 3-4, Knock Off only makes the target's item unusable; it cannot obtain a new item.
|
|upkeep
|turn|2
|
|t:|1730341256
|-singleturn|p1a: Harold|move: Focus Punch
|move|p1a: Harold|Focus Punch|p2a: Skarmory
|-damage|p2a: Skarmory|35/100
|move|p2a: Skarmory|Roar|p1a: Harold
|drag|p1a: Grin|Gengar, F|100/100
|
|upkeep
|turn|3
|
|t:|1730341268
|switch|p2a: Celebi|Celebi|100/100
|move|p1a: Grin|Will-O-Wisp|p2a: Celebi|[miss]
|-miss|p1a: Grin|p2a: Celebi
|
|upkeep
|turn|4
|
|t:|1730341277
|switch|p1a: Rubber Chicken|Moltres|100/100
|move|p2a: Celebi|Leech Seed|p1a: Rubber Chicken
|-start|p1a: Rubber Chicken|move: Leech Seed
|
|-damage|p1a: Rubber Chicken|88/100|[from] Leech Seed|[of] p2a: Celebi
|upkeep
|turn|5
|
|t:|1730341294
|switch|p1a: Walnut|Forretress, F|100/100
|-damage|p1a: Walnut|88/100|[from] Spikes
|switch|p2a: Skarmory|Skarmory, M|35/100
|
|-heal|p1a: Walnut|94/100|[from] item: Leftovers
|upkeep
|turn|6
|inactive|thunderousbagel has 270 seconds left.
|
|t:|1730341320
|switch|p2a: Gengar|Gengar, F|100/100
|move|p1a: Walnut|Rapid Spin|p2a: Gengar
|-immune|p2a: Gengar
|
|-heal|p1a: Walnut|100/100|[from] item: Leftovers
|upkeep
|turn|7
|
|t:|1730341330
|switch|p1a: Harold|Hariyama, F|100/100
|-damage|p1a: Harold|88/100|[from] Spikes
|move|p2a: Gengar|Will-O-Wisp|p1a: Harold
|-status|p1a: Harold|brn
|
|-heal|p1a: Harold|94/100 brn|[from] item: Leftovers
|-damage|p1a: Harold|82/100 brn|[from] brn
|upkeep
|turn|8
|
|t:|1730341340
|move|p2a: Gengar|Thunderbolt|p1a: Harold
|-damage|p1a: Harold|52/100 brn
|move|p1a: Harold|Rock Slide|p2a: Gengar|[miss]
|-miss|p1a: Harold|p2a: Gengar
|
|-heal|p1a: Harold|58/100 brn|[from] item: Leftovers
|-damage|p1a: Harold|46/100 brn|[from] brn
|upkeep
|turn|9
|
|t:|1730341353
|switch|p2a: Skarmory|Skarmory, M|35/100
|move|p1a: Harold|Knock Off|p2a: Skarmory
|-resisted|p2a: Skarmory
|-damage|p2a: Skarmory|34/100
|
|-heal|p1a: Harold|52/100 brn|[from] item: Leftovers
|-damage|p1a: Harold|39/100 brn|[from] brn
|upkeep
|turn|10
|
|t:|1730341362
|move|p2a: Skarmory|Protect|p2a: Skarmory
|-singleturn|p2a: Skarmory|Protect
|move|p1a: Harold|Brick Break|p2a: Skarmory
|-activate|p2a: Skarmory|Protect
|
|-heal|p1a: Harold|45/100 brn|[from] item: Leftovers
|-damage|p1a: Harold|33/100 brn|[from] brn
|upkeep
|turn|11
|
|t:|1730341373
|move|p2a: Skarmory|Spikes|p1a: Harold
|-sidestart|p1: reptikrook|Spikes
|move|p1a: Harold|Rock Slide|p2a: Skarmory
|-damage|p2a: Skarmory|1/100
|
|-heal|p1a: Harold|39/100 brn|[from] item: Leftovers
|-damage|p1a: Harold|27/100 brn|[from] brn
|upkeep
|turn|12
|
|t:|1730341383
|switch|p1a: Walnut|Forretress, F|100/100
|-damage|p1a: Walnut|84/100|[from] Spikes
|move|p2a: Skarmory|Spikes|p1a: Walnut
|-sidestart|p1: reptikrook|Spikes
|
|-heal|p1a: Walnut|90/100|[from] item: Leftovers
|upkeep
|turn|13
|
|t:|1730341389
|switch|p2a: Gengar|Gengar, F|100/100
|move|p1a: Walnut|Spikes|p2a: Gengar
|-sidestart|p2: thunderousbagel|Spikes
|
|-heal|p1a: Walnut|96/100|[from] item: Leftovers
|upkeep
|turn|14
|
|t:|1730341410
|switch|p1a: Grin|Gengar, F|100/100
|move|p2a: Gengar|Thunderbolt|p1a: Grin
|-damage|p1a: Grin|52/100
|
|-heal|p1a: Grin|58/100|[from] item: Leftovers
|upkeep
|turn|15
|inactive|thunderousbagel has 270 seconds left.
|
|t:|1730341433
|move|p1a: Grin|Will-O-Wisp|p2a: Gengar|[miss]
|-miss|p1a: Grin|p2a: Gengar
|move|p2a: Gengar|Thunderbolt|p1a: Grin
|-damage|p1a: Grin|14/100
|
|-heal|p1a: Grin|20/100|[from] item: Leftovers
|upkeep
|turn|16
|inactive|thunderousbagel has 270 seconds left.
|
|t:|1730341454
|move|p1a: Grin|Will-O-Wisp|p2a: Gengar|[miss]
|-miss|p1a: Grin|p2a: Gengar
|move|p2a: Gengar|Thunderbolt|p1a: Grin
|-damage|p1a: Grin|0 fnt
|faint|p1a: Grin
|
|t:|1730341469
|switch|p1a: Khamsin|Tyranitar, F|100/100
|-damage|p1a: Khamsin|76/100|[from] Spikes
|-weather|Sandstorm|[from] ability: Sand Stream|[of] p1a: Khamsin
|
|-weather|Sandstorm|[upkeep]
|-damage|p2a: Gengar|94/100|[from] Sandstorm
|-heal|p2a: Gengar|100/100|[from] item: Leftovers
|upkeep
|turn|17
|inactive|thunderousbagel has 270 seconds left.
|
|t:|1730341495
|move|p2a: Gengar|Taunt|p1a: Khamsin
|-start|p1a: Khamsin|move: Taunt
|cant|p1a: Khamsin|move: Taunt|Dragon Dance
|
|-weather|Sandstorm|[upkeep]
|-damage|p2a: Gengar|94/100|[from] Sandstorm
|-heal|p2a: Gengar|100/100|[from] item: Leftovers
|upkeep
|turn|18
|
|t:|1730341502
|switch|p2a: Skarmory|Skarmory, M|1/100
|move|p1a: Khamsin|Rock Slide|p2a: Skarmory
|-damage|p2a: Skarmory|0 fnt
|faint|p2a: Skarmory
|
|t:|1730341516
|switch|p2a: Dugtrio|Dugtrio, F|100/100
|-damage|p2a: Dugtrio|88/100|[from] Spikes
|
|-weather|Sandstorm|[upkeep]
|-end|p1a: Khamsin|move: Taunt|[silent]
|upkeep
|turn|19
|
|t:|1730341522
|move|p2a: Dugtrio|Earthquake|p1a: Khamsin
|-supereffective|p1a: Khamsin
|-damage|p1a: Khamsin|0 fnt
|faint|p1a: Khamsin
|
|t:|1730341526
|switch|p1a: Rubber Chicken|Moltres|88/100
|
|-weather|Sandstorm|[upkeep]
|-damage|p1a: Rubber Chicken|82/100|[from] Sandstorm
|-heal|p1a: Rubber Chicken|88/100|[from] item: Leftovers
|upkeep
|turn|20
|inactive|thunderousbagel has 270 seconds left.
|
|t:|1730341538
|switch|p2a: Gengar|Gengar, F|100/100
|move|p1a: Rubber Chicken|Flamethrower|p2a: Gengar
|-damage|p2a: Gengar|48/100
|
|-weather|Sandstorm|[upkeep]
|-damage|p2a: Gengar|42/100|[from] Sandstorm
|-damage|p1a: Rubber Chicken|82/100|[from] Sandstorm
|-heal|p2a: Gengar|48/100|[from] item: Leftovers
|-heal|p1a: Rubber Chicken|88/100|[from] item: Leftovers
|upkeep
|turn|21
|
|t:|1730341554
|move|p2a: Gengar|Thunderbolt|p1a: Rubber Chicken
|-supereffective|p1a: Rubber Chicken
|-damage|p1a: Rubber Chicken|33/100
|move|p1a: Rubber Chicken|Flamethrower|p2a: Gengar
|-damage|p2a: Gengar|0 fnt
|faint|p2a: Gengar
|
|t:|1730341562
|switch|p2a: Aerodactyl|Aerodactyl, F|100/100
|
|-weather|Sandstorm|[upkeep]
|-damage|p1a: Rubber Chicken|27/100|[from] Sandstorm
|-heal|p1a: Rubber Chicken|33/100|[from] item: Leftovers
|upkeep
|turn|22
|
|t:|1730341571
|move|p2a: Aerodactyl|Rock Slide|p1a: Rubber Chicken
|-supereffective|p1a: Rubber Chicken
|-damage|p1a: Rubber Chicken|0 fnt
|faint|p1a: Rubber Chicken
|
|t:|1730341575
|switch|p1a: Walnut|Forretress, F|96/100
|-damage|p1a: Walnut|71/100|[from] Spikes
|
|-weather|Sandstorm|[upkeep]
|-heal|p1a: Walnut|78/100|[from] item: Leftovers
|upkeep
|turn|23
|
|t:|1730341581
|move|p2a: Aerodactyl|Rock Slide|p1a: Walnut
|-damage|p1a: Walnut|42/100
|move|p1a: Walnut|Rapid Spin|p2a: Aerodactyl
|-resisted|p2a: Aerodactyl
|-damage|p2a: Aerodactyl|97/100
|-sideend|p1: reptikrook|Spikes|[from] move: Rapid Spin|[of] p1a: Walnut
|
|-weather|Sandstorm|[upkeep]
|-heal|p1a: Walnut|49/100|[from] item: Leftovers
|upkeep
|turn|24
|
|t:|1730341605
|move|p2a: Aerodactyl|Rock Slide|p1a: Walnut
|-damage|p1a: Walnut|15/100
|cant|p1a: Walnut|flinch
|
|-weather|Sandstorm|[upkeep]
|-heal|p1a: Walnut|21/100|[from] item: Leftovers
|upkeep
|turn|25
|
|t:|1730341611
|move|p2a: Aerodactyl|Rock Slide|p1a: Walnut
|-damage|p1a: Walnut|0 fnt
|faint|p1a: Walnut
|
|t:|1730341615
|switch|p1a: Harold|Hariyama, F|27/100 brn
|
|-weather|Sandstorm|[upkeep]
|-damage|p1a: Harold|21/100 brn|[from] Sandstorm
|-heal|p1a: Harold|27/100 brn|[from] item: Leftovers
|-damage|p1a: Harold|14/100 brn|[from] brn
|upkeep
|turn|26
|
|t:|1730341624
|-singleturn|p1a: Harold|move: Focus Punch
|move|p2a: Aerodactyl|Rock Slide|p1a: Harold
|-resisted|p1a: Harold
|-damage|p1a: Harold|0 fnt
|faint|p1a: Harold
|
|t:|1730341629
|switch|p1a: Yolko Oh No|Blissey, F|100/100
|
|-weather|Sandstorm|[upkeep]
|-damage|p1a: Yolko Oh No|94/100|[from] Sandstorm
|-heal|p1a: Yolko Oh No|100/100|[from] item: Leftovers
|upkeep
|turn|27
|
|t:|1730341637
|move|p2a: Aerodactyl|Rock Slide|p1a: Yolko Oh No
|-damage|p1a: Yolko Oh No|52/100
|cant|p1a: Yolko Oh No|flinch
|
|-weather|Sandstorm|[upkeep]
|-damage|p1a: Yolko Oh No|46/100|[from] Sandstorm
|-heal|p1a: Yolko Oh No|52/100|[from] item: Leftovers
|upkeep
|turn|28
|
|t:|1730341644
|move|p2a: Aerodactyl|Rock Slide|p1a: Yolko Oh No
|-damage|p1a: Yolko Oh No|3/100
|move|p1a: Yolko Oh No|Soft-Boiled|p1a: Yolko Oh No
|-heal|p1a: Yolko Oh No|53/100
|
|-weather|Sandstorm|[upkeep]
|-damage|p1a: Yolko Oh No|47/100|[from] Sandstorm
|-heal|p1a: Yolko Oh No|53/100|[from] item: Leftovers
|upkeep
|turn|29
|
|t:|1730341653
|move|p2a: Aerodactyl|Rock Slide|p1a: Yolko Oh No
|-damage|p1a: Yolko Oh No|3/100
|move|p1a: Yolko Oh No|Soft-Boiled|p1a: Yolko Oh No
|-heal|p1a: Yolko Oh No|53/100
|
|-weather|Sandstorm|[upkeep]
|-damage|p1a: Yolko Oh No|46/100|[from] Sandstorm
|-heal|p1a: Yolko Oh No|53/100|[from] item: Leftovers
|upkeep
|turn|30
|
|t:|1730341661
|move|p2a: Aerodactyl|Rock Slide|p1a: Yolko Oh No
|-damage|p1a: Yolko Oh No|3/100
|cant|p1a: Yolko Oh No|flinch
|
|-weather|Sandstorm|[upkeep]
|-damage|p1a: Yolko Oh No|0 fnt|[from] Sandstorm
|faint|p1a: Yolko Oh No
|
|win|thunderousbagel
|upkeep
|player|p1|

</script>
<script type="application/json" class="data" id="replaydata-smogtours-gen3ou-803548">
{"id":"smogtours-gen3ou-803548","format":"[Gen 3] OU","players":["reptikrook","thunderousbagel"],"uploadtime":1730341661,"views":66,"formatid":"gen3ou","rating":null,"private":0,"password":null}
</script>

<script defer src="js/replays.js?9d40a366"></script>
