<!DOCTYPE html>
<meta charset="utf-8" />
<meta name="viewport" content="width=device-width" />

<title>[Gen 3] OU: stypur vs. ojr - Replays - Pok&eacute;mon Showdown!</title>

<meta name="description" content="Watch a replay of a Pok&eacute;mon battle between stypur and ojr! Format: [Gen 3] OU; Date: Oct 8, 2024" />
<!--

Hey, you! Looking in the source for the replay log?

You can find them in JSON format, just add `.json` at the end of a replay URL.

https://replay.pokemonshowdown.com/gen7randomdoublesbattle-865046831.json

Or, if you only need the log itself, add `.log` instead:

https://replay.pokemonshowdown.com/gen7randomdoublesbattle-865046831.log

-->

<link rel="stylesheet" href="//pokemonshowdown.com/style/global.css?0.767286132409787" />
<link rel="stylesheet" href="//play.pokemonshowdown.com/style/font-awesome.css?0.9266228007934947" />
<link rel="stylesheet" href="//play.pokemonshowdown.com/style/battle.css?0.7924700842790926" />
<link rel="stylesheet" href="//play.pokemonshowdown.com/style/utilichart.css?0.8777417872839479" />

<!-- Global site tag (gtag.js) - Google Analytics -->
<script async src="https://www.googletagmanager.com/gtag/js?id=UA-26211653-1"></script>
<script>
  window.dataLayer = window.dataLayer || [];
  function gtag(){dataLayer.push(arguments);}
  gtag('js', new Date());

  gtag('config', 'UA-26211653-1');
</script>
<!-- End Google Analytics -->
<!-- Venatus Ad Manager - Install in <HEAD> of page -->
	<script src="https://hb.vntsm.com/v3/live/ad-manager.min.js" type="text/javascript" data-site-id="642aba63ec9a7b11c3c9c1be" data-mode="scan" async></script>
<!-- / Venatus Ad Manager -->

<style>
	@media (max-width:820px) {
		.battle {
			margin: 0 auto;
		}
		.battle-log {
			margin: 7px auto 0;
			max-width: 640px;
			height: 300px;
			position: static;
		}
	}
	.optgroup {
		display: inline-block;
		line-height: 22px;
		font-size: 10pt;
	}
	.optgroup .button {
		height: 25px;
		padding-top: 0;
		padding-bottom: 0;
	}
	.optgroup button.button {
		padding-left: 12px;
		padding-right: 12px;
	}
	.linklist {
		list-style: none;
		margin: 0.5em 0;
		padding: 0;
	}
	.linklist li {
		padding: 2px 0;
	}
	.sidebar {
		float: left;
		width: 320px;
	}
	.bar-wrapper {
		max-width: 1100px;
		margin: 0 auto;
	}
	.bar-wrapper.has-sidebar {
		max-width: 1430px;
	}
	.mainbar {
		margin: 0;
		padding-right: 1px;
	}
	.mainbar.has-sidebar {
		margin-left: 330px;
	}
	@media (min-width: 1511px) {
		.sidebar {
			width: 400px;
		}
		.bar-wrapper.has-sidebar {
			max-width: 1510px;
		}
		.mainbar.has-sidebar {
			margin-left: 410px;
		}
	}
	.section.first-section {
		margin-top: 9px;
	}
	.blocklink small {
		white-space: normal;
	}
	.button {
		vertical-align: middle;
	}
	.replay-controls {
		padding-top: 10px;
	}
	.replay-controls h1 {
		font-size: 16pt;
		font-weight: normal;
		color: #CCC;
	}
	.pagelink {
		text-align: center;
	}
	.pagelink a {
		width: 150px;
	}
	.textbox, .button {
		font-size: 11pt;
		vertical-align: middle;
	}
	@media (max-width: 450px) {
		.button {
			font-size: 9pt;
		}
	}
</style>

<div>

	<header>
		<div class="nav-wrapper"><ul class="nav">
			<li><a class="button nav-first" href="//pokemonshowdown.com/"><img src="//pokemonshowdown.com/images/pokemonshowdownbeta.png" srcset="//pokemonshowdown.com/images/pokemonshowdownbeta.png 1x, //pokemonshowdown.com/images/pokemonshowdownbeta@2x.png 2x" alt="Pok&eacute;mon Showdown" width="146" height="44" /> Home</a></li>
			<li><a class="button" href="//pokemonshowdown.com/dex/">Pok&eacute;dex</a></li>
			<li><a class="button cur" href="/">Replays</a></li>
			<li><a class="button" href="//pokemonshowdown.com/ladder/">Ladder</a></li>
			<li><a class="button nav-last" href="//pokemonshowdown.com/forums/">Forum</a></li>
			<li><a class="button greenbutton nav-first nav-last" href="//play.pokemonshowdown.com/">Play</a></li>
		</ul></div>
	</header>

	<div class="main" id="main">

		<noscript><section class="section">You need to enable JavaScript to use this page; sorry!</section></noscript>

	</div>

</div>

<script defer nomodule src="//play.pokemonshowdown.com/js/lib/ps-polyfill.js"></script>
<script defer src="//play.pokemonshowdown.com/js/lib/preact.min.js"></script>

<script defer src="//play.pokemonshowdown.com/config/config.js?6dec07f6"></script>
<script defer src="//play.pokemonshowdown.com/js/lib/jquery-1.11.0.min.js"></script>
<script defer src="//play.pokemonshowdown.com/js/lib/html-sanitizer-minified.js"></script>
<script defer src="//play.pokemonshowdown.com/js/battle-sound.js"></script>
<script defer src="//play.pokemonshowdown.com/js/battledata.js?0.6315294753075389"></script>
<script defer src="//play.pokemonshowdown.com/data/pokedex-mini.js?0.7603743185311358"></script>
<script defer src="//play.pokemonshowdown.com/data/pokedex-mini-bw.js?0.030888842834281283"></script>
<script defer src="//play.pokemonshowdown.com/data/graphics.js?0.05593094747507488"></script>
<script defer src="//play.pokemonshowdown.com/data/pokedex.js?0.47064822249611904"></script>
<script defer src="//play.pokemonshowdown.com/data/moves.js?0.8583693120512459"></script>
<script defer src="//play.pokemonshowdown.com/data/abilities.js?0.16017181182386842"></script>
<script defer src="//play.pokemonshowdown.com/data/items.js?0.4163379185673943"></script>
<script defer src="//play.pokemonshowdown.com/data/teambuilder-tables.js?0.31075597372830477"></script>
<script defer src="//play.pokemonshowdown.com/js/battle-tooltips.js?0.6536193500708172"></script>
<script defer src="//play.pokemonshowdown.com/js/battle.js?0.1916591943277901"></script>

<script defer src="js/utils.js?e31f9a17"></script>
<script defer src="js/replays-battle.js?7008c182"></script>

<!-- don't scrape this data! just add .json or .log after the URL!
Full API docs: https://github.com/smogon/pokemon-showdown-client/blob/master/WEB-API.md -->
<script type="text/plain" class="log" id="replaylog-smogtours-gen3ou-796474">
|inactive|Battle timer is ON: inactive players will automatically lose when time's up.
|t:|1728418151
|gametype|singles
|player|p1|stypur|swimmerf|
|player|p2|ojr|#ptplvjirachis|
|teamsize|p1|6
|teamsize|p2|6
|gen|3
|tier|[Gen 3] OU
|rule|Sleep Clause Mod: Limit one foe put to sleep
|rule|Switch Priority Clause Mod: Faster Pokémon switch first
|rule|Species Clause: Limit one of each Pokémon
|rule|OHKO Clause: OHKO moves are banned
|rule|Evasion Items Clause: Evasion items are banned
|rule|Evasion Moves Clause: Evasion moves are banned
|rule|Endless Battle Clause: Forcing endless battles is banned
|rule|HP Percentage Mod: HP is shown in percentages
|rule|One Boost Passer Clause: Limit one Baton Passer that has a way to boost its stats
|rule|Freeze Clause Mod: Limit one foe frozen
|
|t:|1728418151
|start
|switch|p1a: Regirock|Regirock|100/100
|switch|p2a: Gengar|Gengar, F|100/100
|turn|1
|c|☆ojr|hf
|c|☆stypur|hf
|inactive|ojr has 270 seconds left.
|
|t:|1728418204
|move|p2a: Gengar|Hypnosis|p1a: Regirock
|-status|p1a: Regirock|slp|[from] move: Hypnosis
|cant|p1a: Regirock|slp
|
|upkeep
|turn|2
|
|t:|1728418233
|switch|p2a: Suicune|Suicune|100/100
|-curestatus|p1a: Regirock|slp|[msg]
|move|p1a: Regirock|Thunder Wave|p2a: Suicune
|-status|p2a: Suicune|par
|
|upkeep
|turn|3
|c|☆ojr|puta 
|inactive|ojr has 270 seconds left.
|
|t:|1728418249
|switch|p1a: Snorlax|Snorlax, F|100/100
|move|p2a: Suicune|Calm Mind|p2a: Suicune
|-boost|p2a: Suicune|spa|1
|-boost|p2a: Suicune|spd|1
|
|upkeep
|turn|4
|
|t:|1728418257
|switch|p2a: Gengar|Gengar, F|100/100
|move|p1a: Snorlax|Curse|p1a: Snorlax
|-unboost|p1a: Snorlax|spe|1
|-boost|p1a: Snorlax|atk|1
|-boost|p1a: Snorlax|def|1
|
|upkeep
|turn|5
|inactive|ojr has 270 seconds left.
|inactive|ojr has 240 seconds left.
|
|t:|1728418330
|switch|p1a: Suicune|Suicune|100/100
|move|p2a: Gengar|Hypnosis|p1a: Suicune|[miss]
|-miss|p2a: Gengar|p1a: Suicune
|
|upkeep
|turn|6
|
|t:|1728418342
|switch|p1a: Snorlax|Snorlax, F|100/100
|move|p2a: Gengar|Hypnosis|p1a: Snorlax
|-status|p1a: Snorlax|slp|[from] move: Hypnosis
|
|upkeep
|turn|7
|inactive|ojr has 210 seconds left.
|
|t:|1728418363
|switch|p2a: Medicham|Medicham, F|100/100
|switch|p1a: Regirock|Regirock|100/100
|
|upkeep
|turn|8
|inactive|ojr has 210 seconds left.
|
|t:|1728418398
|switch|p2a: Zapdos|Zapdos|100/100
|switch|p1a: Salamence|Salamence, F|100/100
|-ability|p1a: Salamence|Intimidate|boost
|-unboost|p2a: Zapdos|atk|1
|
|upkeep
|turn|9
|
|t:|1728418412
|switch|p1a: Snorlax|Snorlax, F|100/100 slp
|move|p2a: Zapdos|Thunderbolt|p1a: Snorlax
|-damage|p1a: Snorlax|78/100 slp
|
|-heal|p1a: Snorlax|84/100 slp|[from] item: Leftovers
|upkeep
|turn|10
|inactive|ojr has 180 seconds left.
|
|t:|1728418441
|switch|p2a: Medicham|Medicham, F|100/100
|cant|p1a: Snorlax|slp
|
|-heal|p1a: Snorlax|90/100 slp|[from] item: Leftovers
|upkeep
|turn|11
|inactive|ojr has 180 seconds left.
|
|t:|1728418459
|switch|p2a: Zapdos|Zapdos|100/100
|switch|p1a: Salamence|Salamence, F|100/100
|-ability|p1a: Salamence|Intimidate|boost
|-unboost|p2a: Zapdos|atk|1
|
|upkeep
|turn|12
|
|t:|1728418470
|switch|p1a: Snorlax|Snorlax, F|90/100 slp
|move|p2a: Zapdos|Thunderbolt|p1a: Snorlax
|-damage|p1a: Snorlax|66/100 slp
|
|-heal|p1a: Snorlax|72/100 slp|[from] item: Leftovers
|upkeep
|turn|13
|inactive|ojr has 180 seconds left.
|inactive|ojr has 150 seconds left.
|
|t:|1728418512
|switch|p2a: Dugtrio|Dugtrio, M|100/100
|cant|p1a: Snorlax|slp
|
|-heal|p1a: Snorlax|78/100 slp|[from] item: Leftovers
|upkeep
|turn|14
|
|t:|1728418531
|move|p2a: Dugtrio|Earthquake|p1a: Snorlax
|-damage|p1a: Snorlax|30/100 slp
|cant|p1a: Snorlax|slp
|
|-heal|p1a: Snorlax|36/100 slp|[from] item: Leftovers
|upkeep
|turn|15
|
|t:|1728418536
|move|p2a: Dugtrio|Earthquake|p1a: Snorlax
|-damage|p1a: Snorlax|0 fnt
|faint|p1a: Snorlax
|
|t:|1728418539
|switch|p1a: Salamence|Salamence, F|100/100
|-ability|p1a: Salamence|Intimidate|boost
|-unboost|p2a: Dugtrio|atk|1
|
|upkeep
|turn|16
|
|t:|1728418555
|switch|p2a: Suicune|Suicune|100/100 par
|move|p1a: Salamence|Dragon Dance|p1a: Salamence
|-boost|p1a: Salamence|atk|1
|-boost|p1a: Salamence|spe|1
|
|upkeep
|turn|17
|
|t:|1728418575
|switch|p1a: Suicune|Suicune|100/100
|move|p2a: Suicune|Ice Beam|p1a: Suicune
|-resisted|p1a: Suicune
|-damage|p1a: Suicune|91/100
|
|-heal|p1a: Suicune|97/100|[from] item: Leftovers
|upkeep
|turn|18
|
|t:|1728418585
|switch|p2a: Zapdos|Zapdos|100/100
|move|p1a: Suicune|Calm Mind|p1a: Suicune
|-boost|p1a: Suicune|spa|1
|-boost|p1a: Suicune|spd|1
|
|-heal|p1a: Suicune|100/100|[from] item: Leftovers
|upkeep
|turn|19
|inactive|stypur has 270 seconds left.
|
|t:|1728418620
|move|p2a: Zapdos|Thunderbolt|p1a: Suicune
|-supereffective|p1a: Suicune
|-damage|p1a: Suicune|61/100
|move|p1a: Suicune|Calm Mind|p1a: Suicune
|-boost|p1a: Suicune|spa|1
|-boost|p1a: Suicune|spd|1
|
|-heal|p1a: Suicune|67/100|[from] item: Leftovers
|upkeep
|turn|20
|inactive|ojr has 180 seconds left.
|
|t:|1728418639
|switch|p2a: Gengar|Gengar, F|100/100
|move|p1a: Suicune|Rest|p1a: Suicune
|-status|p1a: Suicune|slp|[from] move: Rest
|-heal|p1a: Suicune|100/100 slp|[silent]
|
|upkeep
|turn|21
|inactive|ojr has 180 seconds left.
|
|t:|1728418654
|move|p2a: Gengar|Shadow Ball|p1a: Suicune
|-damage|p1a: Suicune|80/100 slp
|cant|p1a: Suicune|slp
|move|p1a: Suicune|Sleep Talk|p1a: Suicune
|move|p1a: Suicune|Surf|p2a: Gengar|[from]Sleep Talk
|-damage|p2a: Gengar|0 fnt
|faint|p2a: Gengar
|
|t:|1728418676
|switch|p2a: Medicham|Medicham, F|100/100
|
|-heal|p1a: Suicune|86/100 slp|[from] item: Leftovers
|upkeep
|turn|22
|
|t:|1728418690
|move|p2a: Medicham|Substitute|p2a: Medicham
|-start|p2a: Medicham|Substitute
|-damage|p2a: Medicham|76/100
|cant|p1a: Suicune|slp
|move|p1a: Suicune|Sleep Talk|p1a: Suicune
|move|p1a: Suicune|Calm Mind|p1a: Suicune|[from]Sleep Talk
|-boost|p1a: Suicune|spa|1
|-boost|p1a: Suicune|spd|1
|
|-heal|p1a: Suicune|93/100 slp|[from] item: Leftovers
|upkeep
|turn|23
|
|t:|1728418695
|move|p2a: Medicham|Bulk Up|p2a: Medicham
|-boost|p2a: Medicham|atk|1
|-boost|p2a: Medicham|def|1
|-curestatus|p1a: Suicune|slp|[msg]
|move|p1a: Suicune|Surf|p2a: Medicham
|-crit|p2a: Medicham
|-end|p2a: Medicham|Substitute
|
|-heal|p1a: Suicune|99/100|[from] item: Leftovers
|upkeep
|turn|24
|
|t:|1728418701
|move|p2a: Medicham|Substitute|p2a: Medicham
|-start|p2a: Medicham|Substitute
|-damage|p2a: Medicham|51/100
|move|p1a: Suicune|Surf|p2a: Medicham
|-end|p2a: Medicham|Substitute
|
|-heal|p1a: Suicune|100/100|[from] item: Leftovers
|upkeep
|turn|25
|
|t:|1728418709
|switch|p1a: Salamence|Salamence, F|100/100
|-ability|p1a: Salamence|Intimidate|boost
|-unboost|p2a: Medicham|atk|1
|move|p2a: Medicham|Substitute|p2a: Medicham
|-start|p2a: Medicham|Substitute
|-damage|p2a: Medicham|26/100
|
|upkeep
|turn|26
|inactive|ojr has 180 seconds left.
|
|t:|1728418745
|move|p1a: Salamence|Hidden Power|p2a: Medicham
|-supereffective|p2a: Medicham
|-end|p2a: Medicham|Substitute
|move|p2a: Medicham|Shadow Ball|p1a: Salamence
|-damage|p1a: Salamence|60/100
|-unboost|p1a: Salamence|spd|1
|
|-heal|p1a: Salamence|67/100|[from] item: Leftovers
|upkeep
|turn|27
|
|t:|1728418764
|switch|p2a: Zapdos|Zapdos|100/100
|move|p1a: Salamence|Hidden Power|p2a: Zapdos
|-resisted|p2a: Zapdos
|-damage|p2a: Zapdos|83/100
|
|-heal|p1a: Salamence|73/100|[from] item: Leftovers
|-heal|p2a: Zapdos|89/100|[from] item: Leftovers
|upkeep
|turn|28
|
|t:|1728418780
|switch|p1a: Magneton|Magneton|100/100
|move|p2a: Zapdos|Thunderbolt|p1a: Magneton
|-resisted|p1a: Magneton
|-damage|p1a: Magneton|63/100
|
|-heal|p2a: Zapdos|95/100|[from] item: Leftovers
|upkeep
|turn|29
|inactive|ojr has 180 seconds left.
|
|t:|1728418790
|switch|p2a: Dugtrio|Dugtrio, M|100/100
|move|p1a: Magneton|Toxic|p2a: Dugtrio
|-status|p2a: Dugtrio|tox
|
|-damage|p2a: Dugtrio|94/100 tox|[from] psn
|upkeep
|turn|30
|
|t:|1728418795
|move|p2a: Dugtrio|Earthquake|p1a: Magneton
|-supereffective|p1a: Magneton
|-damage|p1a: Magneton|0 fnt
|faint|p1a: Magneton
|
|t:|1728418798
|switch|p1a: Salamence|Salamence, F|73/100
|-ability|p1a: Salamence|Intimidate|boost
|-unboost|p2a: Dugtrio|atk|1
|
|-damage|p2a: Dugtrio|82/100 tox|[from] psn
|-heal|p1a: Salamence|79/100|[from] item: Leftovers
|upkeep
|turn|31
|
|t:|1728418806
|switch|p2a: Suicune|Suicune|100/100 par
|move|p1a: Salamence|Hidden Power|p2a: Suicune
|-damage|p2a: Suicune|71/100 par
|
|-heal|p1a: Salamence|85/100|[from] item: Leftovers
|-heal|p2a: Suicune|77/100 par|[from] item: Leftovers
|upkeep
|turn|32
|inactive|ojr has 210 seconds left.
|
|t:|1728418815
|switch|p1a: Suicune|Suicune|100/100
|switch|p2a: Zapdos|Zapdos|95/100
|
|-heal|p2a: Zapdos|100/100|[from] item: Leftovers
|upkeep
|turn|33
|
|t:|1728418827
|switch|p1a: Regirock|Regirock|100/100
|move|p2a: Zapdos|Thunderbolt|p1a: Regirock
|-damage|p1a: Regirock|62/100
|
|-heal|p1a: Regirock|68/100|[from] item: Leftovers
|upkeep
|turn|34
|
|t:|1728418842
|switch|p2a: Dugtrio|Dugtrio, M|82/100 tox
|move|p1a: Regirock|Thunder Wave|p2a: Dugtrio
|-immune|p2a: Dugtrio
|
|-damage|p2a: Dugtrio|76/100 tox|[from] psn
|-heal|p1a: Regirock|74/100|[from] item: Leftovers
|upkeep
|turn|35
|
|t:|1728418846
|move|p2a: Dugtrio|Earthquake|p1a: Regirock
|-supereffective|p1a: Regirock
|-damage|p1a: Regirock|19/100
|move|p1a: Regirock|Earthquake|p2a: Dugtrio
|-damage|p2a: Dugtrio|0 fnt
|faint|p2a: Dugtrio
|
|t:|1728418852
|switch|p2a: Zapdos|Zapdos|100/100
|
|-heal|p1a: Regirock|25/100|[from] item: Leftovers
|upkeep
|turn|36
|
|t:|1728418867
|move|p2a: Zapdos|Thunderbolt|p1a: Regirock
|-damage|p1a: Regirock|0 fnt
|faint|p1a: Regirock
|
|t:|1728418873
|switch|p1a: Metagross|Metagross|100/100
|
|upkeep
|turn|37
|inactive|ojr has 240 seconds left.
|inactive|ojr has 210 seconds left.
|c|☆ojr|holy shit my browser just froze
|c|☆ojr|scary as hell
|inactive|ojr has 180 seconds left.
|c|☆stypur|damn
|
|t:|1728418960
|move|p2a: Zapdos|Thunderbolt|p1a: Metagross
|-damage|p1a: Metagross|55/100
|move|p1a: Metagross|Rock Slide|p2a: Zapdos
|-supereffective|p2a: Zapdos
|-damage|p2a: Zapdos|44/100
|
|-heal|p2a: Zapdos|50/100|[from] item: Leftovers
|-heal|p1a: Metagross|61/100|[from] item: Leftovers
|upkeep
|turn|38
|
|t:|1728418977
|switch|p2a: Jirachi|Jirachi|100/100
|move|p1a: Metagross|Rock Slide|p2a: Jirachi
|-resisted|p2a: Jirachi
|-damage|p2a: Jirachi|90/100
|
|-heal|p2a: Jirachi|96/100|[from] item: Leftovers
|-heal|p1a: Metagross|67/100|[from] item: Leftovers
|upkeep
|turn|39
|inactive|ojr has 150 seconds left.
|
|t:|1728418999
|move|p2a: Jirachi|Fire Punch|p1a: Metagross
|-supereffective|p1a: Metagross
|-damage|p1a: Metagross|22/100
|move|p1a: Metagross|Earthquake|p2a: Jirachi
|-supereffective|p2a: Jirachi
|-damage|p2a: Jirachi|41/100
|
|-heal|p2a: Jirachi|47/100|[from] item: Leftovers
|-heal|p1a: Metagross|28/100|[from] item: Leftovers
|upkeep
|turn|40
|inactive|ojr has 150 seconds left.
|
|t:|1728419022
|switch|p1a: Suicune|Suicune|100/100
|move|p2a: Jirachi|Fire Punch|p1a: Suicune
|-resisted|p1a: Suicune
|-damage|p1a: Suicune|94/100
|
|-heal|p2a: Jirachi|53/100|[from] item: Leftovers
|-heal|p1a: Suicune|99/100|[from] item: Leftovers
|upkeep
|turn|41
|
|t:|1728419036
|move|p2a: Jirachi|Calm Mind|p2a: Jirachi
|-boost|p2a: Jirachi|spa|1
|-boost|p2a: Jirachi|spd|1
|move|p1a: Suicune|Calm Mind|p1a: Suicune
|-boost|p1a: Suicune|spa|1
|-boost|p1a: Suicune|spd|1
|
|-heal|p2a: Jirachi|59/100|[from] item: Leftovers
|-heal|p1a: Suicune|100/100|[from] item: Leftovers
|upkeep
|turn|42
|
|t:|1728419043
|move|p2a: Jirachi|Calm Mind|p2a: Jirachi
|-boost|p2a: Jirachi|spa|1
|-boost|p2a: Jirachi|spd|1
|move|p1a: Suicune|Surf|p2a: Jirachi
|-damage|p2a: Jirachi|34/100
|
|-heal|p2a: Jirachi|40/100|[from] item: Leftovers
|upkeep
|turn|43
|
|t:|1728419046
|move|p2a: Jirachi|Wish|p2a: Jirachi
|move|p1a: Suicune|Calm Mind|p1a: Suicune
|-boost|p1a: Suicune|spa|1
|-boost|p1a: Suicune|spd|1
|
|-heal|p2a: Jirachi|47/100|[from] item: Leftovers
|upkeep
|turn|44
|
|t:|1728419054
|switch|p1a: Salamence|Salamence, F|85/100
|-ability|p1a: Salamence|Intimidate|boost
|-unboost|p2a: Jirachi|atk|1
|move|p2a: Jirachi|Calm Mind|p2a: Jirachi
|-boost|p2a: Jirachi|spa|1
|-boost|p2a: Jirachi|spd|1
|
|-heal|p2a: Jirachi|97/100|[from] move: Wish|[wisher] Jirachi
|-heal|p2a: Jirachi|100/100|[from] item: Leftovers
|-heal|p1a: Salamence|91/100|[from] item: Leftovers
|upkeep
|turn|45
|
|t:|1728419060
|move|p2a: Jirachi|Psychic|p1a: Salamence
|-damage|p1a: Salamence|3/100
|-unboost|p1a: Salamence|spd|1
|move|p1a: Salamence|Earthquake|p2a: Jirachi
|-supereffective|p2a: Jirachi
|-damage|p2a: Jirachi|41/100
|
|-heal|p2a: Jirachi|47/100|[from] item: Leftovers
|-heal|p1a: Salamence|9/100|[from] item: Leftovers
|upkeep
|turn|46
|
|t:|1728419066
|move|p2a: Jirachi|Psychic|p1a: Salamence
|-crit|p1a: Salamence
|-damage|p1a: Salamence|0 fnt
|faint|p1a: Salamence
|
|t:|1728419069
|switch|p1a: Suicune|Suicune|100/100
|
|-heal|p2a: Jirachi|53/100|[from] item: Leftovers
|upkeep
|turn|47
|
|t:|1728419074
|move|p2a: Jirachi|Psychic|p1a: Suicune
|-damage|p1a: Suicune|35/100
|move|p1a: Suicune|Calm Mind|p1a: Suicune
|-boost|p1a: Suicune|spa|1
|-boost|p1a: Suicune|spd|1
|
|-heal|p2a: Jirachi|59/100|[from] item: Leftovers
|-heal|p1a: Suicune|41/100|[from] item: Leftovers
|upkeep
|turn|48
|
|t:|1728419079
|move|p2a: Jirachi|Psychic|p1a: Suicune
|-damage|p1a: Suicune|0 fnt
|faint|p1a: Suicune
|c|☆stypur|gg
|c|☆ojr|gg
|-message|stypur forfeited.
|
|win|ojr
|player|p1|
|player|p1|stypur|swimmerf|
|player|p2|
|player|p1|

</script>
<script type="application/json" class="data" id="replaydata-smogtours-gen3ou-796474">
{"id":"smogtours-gen3ou-796474","format":"[Gen 3] OU","players":["stypur","ojr"],"uploadtime":1728419088,"views":151,"formatid":"gen3ou","rating":null,"private":0,"password":null}
</script>

<script defer src="js/replays.js?9d40a366"></script>
