<!DOCTYPE html>
<meta charset="utf-8" />
<meta name="viewport" content="width=device-width" />

<title>[Gen 3] OU: jank_city.mp4 vs. Big Chungus irl - Replays - Pok&eacute;mon Showdown!</title>

<meta name="description" content="Watch a replay of a Pok&eacute;mon battle between jank_city.mp4 and Big Chungus irl! Format: [Gen 3] OU; Date: Oct 12, 2024" />
<!--

Hey, you! Looking in the source for the replay log?

You can find them in JSON format, just add `.json` at the end of a replay URL.

https://replay.pokemonshowdown.com/gen7randomdoublesbattle-865046831.json

Or, if you only need the log itself, add `.log` instead:

https://replay.pokemonshowdown.com/gen7randomdoublesbattle-865046831.log

-->

<link rel="stylesheet" href="//pokemonshowdown.com/style/global.css?0.023195364461161105" />
<link rel="stylesheet" href="//play.pokemonshowdown.com/style/font-awesome.css?0.13261647063804238" />
<link rel="stylesheet" href="//play.pokemonshowdown.com/style/battle.css?0.8753245789963631" />
<link rel="stylesheet" href="//play.pokemonshowdown.com/style/utilichart.css?0.8627959624976733" />

<!-- Global site tag (gtag.js) - Google Analytics -->
<script async src="https://www.googletagmanager.com/gtag/js?id=UA-26211653-1"></script>
<script>
  window.dataLayer = window.dataLayer || [];
  function gtag(){dataLayer.push(arguments);}
  gtag('js', new Date());

  gtag('config', 'UA-26211653-1');
</script>
<!-- End Google Analytics -->
<!-- Venatus Ad Manager - Install in <HEAD> of page -->
	<script src="https://hb.vntsm.com/v3/live/ad-manager.min.js" type="text/javascript" data-site-id="642aba63ec9a7b11c3c9c1be" data-mode="scan" async></script>
<!-- / Venatus Ad Manager -->

<style>
	@media (max-width:820px) {
		.battle {
			margin: 0 auto;
		}
		.battle-log {
			margin: 7px auto 0;
			max-width: 640px;
			height: 300px;
			position: static;
		}
	}
	.optgroup {
		display: inline-block;
		line-height: 22px;
		font-size: 10pt;
	}
	.optgroup .button {
		height: 25px;
		padding-top: 0;
		padding-bottom: 0;
	}
	.optgroup button.button {
		padding-left: 12px;
		padding-right: 12px;
	}
	.linklist {
		list-style: none;
		margin: 0.5em 0;
		padding: 0;
	}
	.linklist li {
		padding: 2px 0;
	}
	.sidebar {
		float: left;
		width: 320px;
	}
	.bar-wrapper {
		max-width: 1100px;
		margin: 0 auto;
	}
	.bar-wrapper.has-sidebar {
		max-width: 1430px;
	}
	.mainbar {
		margin: 0;
		padding-right: 1px;
	}
	.mainbar.has-sidebar {
		margin-left: 330px;
	}
	@media (min-width: 1511px) {
		.sidebar {
			width: 400px;
		}
		.bar-wrapper.has-sidebar {
			max-width: 1510px;
		}
		.mainbar.has-sidebar {
			margin-left: 410px;
		}
	}
	.section.first-section {
		margin-top: 9px;
	}
	.blocklink small {
		white-space: normal;
	}
	.button {
		vertical-align: middle;
	}
	.replay-controls {
		padding-top: 10px;
	}
	.replay-controls h1 {
		font-size: 16pt;
		font-weight: normal;
		color: #CCC;
	}
	.pagelink {
		text-align: center;
	}
	.pagelink a {
		width: 150px;
	}
	.textbox, .button {
		font-size: 11pt;
		vertical-align: middle;
	}
	@media (max-width: 450px) {
		.button {
			font-size: 9pt;
		}
	}
</style>

<div>

	<header>
		<div class="nav-wrapper"><ul class="nav">
			<li><a class="button nav-first" href="//pokemonshowdown.com/"><img src="//pokemonshowdown.com/images/pokemonshowdownbeta.png" srcset="//pokemonshowdown.com/images/pokemonshowdownbeta.png 1x, //pokemonshowdown.com/images/pokemonshowdownbeta@2x.png 2x" alt="Pok&eacute;mon Showdown" width="146" height="44" /> Home</a></li>
			<li><a class="button" href="//pokemonshowdown.com/dex/">Pok&eacute;dex</a></li>
			<li><a class="button cur" href="/">Replays</a></li>
			<li><a class="button" href="//pokemonshowdown.com/ladder/">Ladder</a></li>
			<li><a class="button nav-last" href="//pokemonshowdown.com/forums/">Forum</a></li>
			<li><a class="button greenbutton nav-first nav-last" href="//play.pokemonshowdown.com/">Play</a></li>
		</ul></div>
	</header>

	<div class="main" id="main">

		<noscript><section class="section">You need to enable JavaScript to use this page; sorry!</section></noscript>

	</div>

</div>

<script defer nomodule src="//play.pokemonshowdown.com/js/lib/ps-polyfill.js"></script>
<script defer src="//play.pokemonshowdown.com/js/lib/preact.min.js"></script>

<script defer src="//play.pokemonshowdown.com/config/config.js?2bddbc15"></script>
<script defer src="//play.pokemonshowdown.com/js/lib/jquery-1.11.0.min.js"></script>
<script defer src="//play.pokemonshowdown.com/js/lib/html-sanitizer-minified.js"></script>
<script defer src="//play.pokemonshowdown.com/js/battle-sound.js"></script>
<script defer src="//play.pokemonshowdown.com/js/battledata.js?0.7209276989879541"></script>
<script defer src="//play.pokemonshowdown.com/data/pokedex-mini.js?0.6111056340867951"></script>
<script defer src="//play.pokemonshowdown.com/data/pokedex-mini-bw.js?0.3532142036491459"></script>
<script defer src="//play.pokemonshowdown.com/data/graphics.js?0.24223875632456182"></script>
<script defer src="//play.pokemonshowdown.com/data/pokedex.js?0.38839984266356864"></script>
<script defer src="//play.pokemonshowdown.com/data/moves.js?0.21866028504024015"></script>
<script defer src="//play.pokemonshowdown.com/data/abilities.js?0.2005157953846628"></script>
<script defer src="//play.pokemonshowdown.com/data/items.js?0.9894211263848525"></script>
<script defer src="//play.pokemonshowdown.com/data/teambuilder-tables.js?0.6008791140282215"></script>
<script defer src="//play.pokemonshowdown.com/js/battle-tooltips.js?0.7580118955022959"></script>
<script defer src="//play.pokemonshowdown.com/js/battle.js?0.6057722274234274"></script>

<script defer src="js/utils.js?e31f9a17"></script>
<script defer src="js/replays-battle.js?7008c182"></script>

<!-- don't scrape this data! just add .json or .log after the URL!
Full API docs: https://github.com/smogon/pokemon-showdown-client/blob/master/WEB-API.md -->
<script type="text/plain" class="log" id="replaylog-smogtours-gen3ou-797567">
|inactive|Battle timer is ON: inactive players will automatically lose when time's up.
|t:|1728751296
|gametype|singles
|player|p1|jank_city.mp4|workerice|
|player|p2|Big Chungus irl|firebreather|
|teamsize|p1|6
|teamsize|p2|6
|gen|3
|tier|[Gen 3] OU
|rule|Sleep Clause Mod: Limit one foe put to sleep
|rule|Switch Priority Clause Mod: Faster Pokémon switch first
|rule|Species Clause: Limit one of each Pokémon
|rule|OHKO Clause: OHKO moves are banned
|rule|Evasion Items Clause: Evasion items are banned
|rule|Evasion Moves Clause: Evasion moves are banned
|rule|Endless Battle Clause: Forcing endless battles is banned
|rule|HP Percentage Mod: HP is shown in percentages
|rule|One Boost Passer Clause: Limit one Baton Passer that has a way to boost its stats
|rule|Freeze Clause Mod: Limit one foe frozen
|
|t:|1728751296
|start
|switch|p1a: Skarmory|Skarmory, F|100/100
|switch|p2a: Skarmory|Skarmory, F|100/100
|turn|1
|c|☆jank_city.mp4|glhf
|c|☆Big Chungus irl|gl and hf
|inactive|jank_city.mp4 has 270 seconds left.
|
|t:|1728751332
|switch|p2a: Magneton|Magneton, shiny|100/100
|move|p1a: Skarmory|Spikes|p2a: Magneton
|-sidestart|p2: Big Chungus irl|Spikes
|
|upkeep
|turn|2
|
|t:|1728751348
|move|p2a: Magneton|Thunderbolt|p1a: Skarmory
|-supereffective|p1a: Skarmory
|-damage|p1a: Skarmory|19/100
|move|p1a: Skarmory|Spikes|p2a: Magneton
|-sidestart|p2: Big Chungus irl|Spikes
|
|-heal|p1a: Skarmory|25/100|[from] item: Leftovers
|upkeep
|turn|3
|
|t:|1728751359
|move|p2a: Magneton|Thunderbolt|p1a: Skarmory
|-supereffective|p1a: Skarmory
|-damage|p1a: Skarmory|0 fnt
|faint|p1a: Skarmory
|inactive|jank_city.mp4 has 270 seconds left.
|inactive|jank_city.mp4 has 240 seconds left.
|
|t:|1728751415
|switch|p1a: Jolteon|Jolteon, M|100/100
|
|upkeep
|turn|4
|
|t:|1728751432
|move|p1a: Jolteon|Substitute|p1a: Jolteon
|-start|p1a: Jolteon|Substitute
|-damage|p1a: Jolteon|76/100
|move|p2a: Magneton|Hidden Power|p1a: Jolteon
|-end|p1a: Jolteon|Substitute
|
|-heal|p1a: Jolteon|82/100|[from] item: Leftovers
|upkeep
|turn|5
|inactive|jank_city.mp4 has 240 seconds left.
|inactive|Big Chungus irl has 270 seconds left.
|inactive|jank_city.mp4 has 210 seconds left.
|
|t:|1728751492
|switch|p1a: CHEESING|Gengar, F|100/100
|move|p2a: Magneton|Hidden Power|p1a: CHEESING
|-damage|p1a: CHEESING|62/100
|
|-heal|p1a: CHEESING|68/100|[from] item: Leftovers
|upkeep
|turn|6
|inactive|Big Chungus irl has 270 seconds left.
|
|t:|1728751502
|move|p1a: CHEESING|Fire Punch|p2a: Magneton
|-supereffective|p2a: Magneton
|-damage|p2a: Magneton|0 fnt
|faint|p2a: Magneton
|inactive|Big Chungus irl has 270 seconds left.
|
|t:|1728751508
|switch|p2a: Tyranitar|Tyranitar, M|100/100
|-damage|p2a: Tyranitar|84/100|[from] Spikes
|-weather|Sandstorm|[from] ability: Sand Stream|[of] p2a: Tyranitar
|
|-weather|Sandstorm|[upkeep]
|-damage|p1a: CHEESING|62/100|[from] Sandstorm
|-heal|p1a: CHEESING|68/100|[from] item: Leftovers
|-heal|p2a: Tyranitar|90/100|[from] item: Leftovers
|upkeep
|turn|7
|inactive|jank_city.mp4 has 210 seconds left.
|
|t:|1728751530
|move|p1a: CHEESING|Hidden Power|p2a: Tyranitar
|-supereffective|p2a: Tyranitar
|-damage|p2a: Tyranitar|47/100
|move|p2a: Tyranitar|Pursuit|p1a: CHEESING
|-supereffective|p1a: CHEESING
|-damage|p1a: CHEESING|18/100
|
|-weather|Sandstorm|[upkeep]
|-damage|p1a: CHEESING|12/100|[from] Sandstorm
|-heal|p1a: CHEESING|18/100|[from] item: Leftovers
|-heal|p2a: Tyranitar|53/100|[from] item: Leftovers
|upkeep
|turn|8
|
|t:|1728751549
|move|p1a: CHEESING|Hidden Power|p2a: Tyranitar
|-supereffective|p2a: Tyranitar
|-damage|p2a: Tyranitar|15/100
|move|p2a: Tyranitar|Pursuit|p1a: CHEESING
|-supereffective|p1a: CHEESING
|-damage|p1a: CHEESING|0 fnt
|faint|p1a: CHEESING
|inactive|jank_city.mp4 has 180 seconds left.
|
|t:|1728751595
|switch|p1a: Jolteon|Jolteon, M|82/100
|
|-weather|Sandstorm|[upkeep]
|-damage|p1a: Jolteon|76/100|[from] Sandstorm
|-heal|p1a: Jolteon|82/100|[from] item: Leftovers
|-heal|p2a: Tyranitar|21/100|[from] item: Leftovers
|upkeep
|turn|9
|
|t:|1728751602
|move|p1a: Jolteon|Thunderbolt|p2a: Tyranitar
|-damage|p2a: Tyranitar|0 fnt
|faint|p2a: Tyranitar
|
|t:|1728751611
|switch|p2a: Flygon|Flygon, F|100/100
|
|-weather|Sandstorm|[upkeep]
|-damage|p1a: Jolteon|76/100|[from] Sandstorm
|-heal|p1a: Jolteon|82/100|[from] item: Leftovers
|upkeep
|turn|10
|
|t:|1728751636
|switch|p2a: Jirachi|Jirachi|100/100
|-damage|p2a: Jirachi|84/100|[from] Spikes
|move|p1a: Jolteon|Baton Pass|p1a: Jolteon
|inactive|jank_city.mp4 has 150 seconds left.
|inactive|jank_city.mp4 has 120 seconds left.
|inactive|jank_city.mp4 has 90 seconds left.
|
|t:|1728751717
|switch|p1a: Meteor happen|Metagross|100/100|[from] Baton Pass
|
|-weather|Sandstorm|[upkeep]
|-heal|p2a: Jirachi|90/100|[from] item: Leftovers
|upkeep
|turn|11
|
|t:|1728751723
|move|p2a: Jirachi|Protect|p2a: Jirachi
|-singleturn|p2a: Jirachi|Protect
|move|p1a: Meteor happen|Earthquake|p2a: Jirachi
|-activate|p2a: Jirachi|Protect
|
|-weather|Sandstorm|[upkeep]
|-heal|p2a: Jirachi|96/100|[from] item: Leftovers
|upkeep
|turn|12
|inactive|jank_city.mp4 has 90 seconds left.
|
|t:|1728751732
|switch|p2a: Skarmory|Skarmory, F|100/100
|switch|p1a: Swampert|Swampert, M|100/100
|
|-weather|Sandstorm|[upkeep]
|upkeep
|turn|13
|
|t:|1728751736
|move|p2a: Skarmory|Spikes|p1a: Swampert
|-sidestart|p1: jank_city.mp4|Spikes
|move|p1a: Swampert|Hydro Pump|p2a: Skarmory|[miss]
|-miss|p1a: Swampert|p2a: Skarmory
|
|-weather|Sandstorm|[upkeep]
|upkeep
|turn|14
|
|t:|1728751744
|move|p2a: Skarmory|Spikes|p1a: Swampert
|-sidestart|p1: jank_city.mp4|Spikes
|move|p1a: Swampert|Hydro Pump|p2a: Skarmory
|-damage|p2a: Skarmory|60/100
|
|-weather|Sandstorm|[upkeep]
|-heal|p2a: Skarmory|66/100|[from] item: Leftovers
|upkeep
|turn|15
|
|t:|1728751759
|move|p2a: Skarmory|Spikes|p1a: Swampert
|-sidestart|p1: jank_city.mp4|Spikes
|move|p1a: Swampert|Hydro Pump|p2a: Skarmory
|-damage|p2a: Skarmory|25/100
|
|-weather|Sandstorm|[upkeep]
|-heal|p2a: Skarmory|31/100|[from] item: Leftovers
|upkeep
|turn|16
|
|t:|1728751766
|move|p2a: Skarmory|Protect|p2a: Skarmory
|-singleturn|p2a: Skarmory|Protect
|move|p1a: Swampert|Hydro Pump|p2a: Skarmory
|-activate|p2a: Skarmory|Protect
|
|-weather|Sandstorm|[upkeep]
|-heal|p2a: Skarmory|37/100|[from] item: Leftovers
|upkeep
|turn|17
|
|t:|1728751789
|move|p2a: Skarmory|Protect||[still]
|-fail|p2a: Skarmory
|move|p1a: Swampert|Hydro Pump|p2a: Skarmory|[miss]
|-miss|p1a: Swampert|p2a: Skarmory
|
|-weather|Sandstorm|[upkeep]
|-heal|p2a: Skarmory|43/100|[from] item: Leftovers
|upkeep
|turn|18
|
|t:|1728751796
|-singleturn|p1a: Swampert|move: Focus Punch
|move|p2a: Skarmory|Protect|p2a: Skarmory
|-singleturn|p2a: Skarmory|Protect
|move|p1a: Swampert|Focus Punch|p2a: Skarmory
|-activate|p2a: Skarmory|Protect
|
|-weather|Sandstorm|[upkeep]
|-heal|p2a: Skarmory|49/100|[from] item: Leftovers
|upkeep
|turn|19
|
|t:|1728751802
|move|p1a: Swampert|Hydro Pump|p2a: Skarmory|[miss]
|-miss|p1a: Swampert|p2a: Skarmory
|move|p2a: Skarmory|Roar|p1a: Swampert
|drag|p1a: Tyranitar|Tyranitar, F|100/100
|-damage|p1a: Tyranitar|76/100|[from] Spikes
|
|-weather|Sandstorm|[upkeep]
|-heal|p2a: Skarmory|55/100|[from] item: Leftovers
|upkeep
|turn|20
|inactive|jank_city.mp4 has 120 seconds left.
|
|t:|1728751824
|switch|p1a: Meteor happen|Metagross|100/100
|-damage|p1a: Meteor happen|76/100|[from] Spikes
|move|p2a: Skarmory|Roar|p1a: Meteor happen
|drag|p1a: Tyranitar|Tyranitar, F|76/100
|-damage|p1a: Tyranitar|51/100|[from] Spikes
|
|-weather|Sandstorm|[upkeep]
|-heal|p2a: Skarmory|61/100|[from] item: Leftovers
|upkeep
|turn|21
|inactive|jank_city.mp4 has 120 seconds left.
|
|t:|1728751833
|move|p1a: Tyranitar|Rock Slide|p2a: Skarmory
|-damage|p2a: Skarmory|32/100
|move|p2a: Skarmory|Roar|p1a: Tyranitar
|drag|p1a: Meteor happen|Metagross|76/100
|-damage|p1a: Meteor happen|51/100|[from] Spikes
|
|-weather|Sandstorm|[upkeep]
|-heal|p2a: Skarmory|38/100|[from] item: Leftovers
|upkeep
|turn|22
|
|t:|1728751840
|move|p2a: Skarmory|Protect|p2a: Skarmory
|-singleturn|p2a: Skarmory|Protect
|move|p1a: Meteor happen|Meteor Mash|p2a: Skarmory
|-activate|p2a: Skarmory|Protect
|
|-weather|Sandstorm|[upkeep]
|-heal|p2a: Skarmory|44/100|[from] item: Leftovers
|upkeep
|turn|23
|
|t:|1728751858
|switch|p2a: Jirachi|Jirachi|96/100
|-damage|p2a: Jirachi|80/100|[from] Spikes
|move|p1a: Meteor happen|Meteor Mash|p2a: Jirachi
|-resisted|p2a: Jirachi
|-damage|p2a: Jirachi|51/100
|
|-weather|Sandstorm|[upkeep]
|-heal|p2a: Jirachi|58/100|[from] item: Leftovers
|upkeep
|turn|24
|inactive|jank_city.mp4 has 120 seconds left.
|
|t:|1728751895
|switch|p1a: Swampert|Swampert, M|100/100
|-damage|p1a: Swampert|76/100|[from] Spikes
|move|p2a: Jirachi|Toxic|p1a: Swampert
|-status|p1a: Swampert|tox
|
|-weather|Sandstorm|[upkeep]
|-heal|p2a: Jirachi|64/100|[from] item: Leftovers
|-heal|p1a: Swampert|82/100 tox|[from] item: Leftovers
|-damage|p1a: Swampert|76/100 tox|[from] psn
|upkeep
|turn|25
|inactive|jank_city.mp4 has 120 seconds left.
|
|t:|1728751901
|move|p2a: Jirachi|Protect|p2a: Jirachi
|-singleturn|p2a: Jirachi|Protect
|move|p1a: Swampert|Earthquake|p2a: Jirachi
|-activate|p2a: Jirachi|Protect
|
|-weather|Sandstorm|[upkeep]
|-heal|p2a: Jirachi|70/100|[from] item: Leftovers
|-heal|p1a: Swampert|82/100 tox|[from] item: Leftovers
|-damage|p1a: Swampert|69/100 tox|[from] psn
|upkeep
|turn|26
|
|t:|1728751905
|switch|p2a: Skarmory|Skarmory, F|44/100
|move|p1a: Swampert|Hydro Pump|p2a: Skarmory
|-damage|p2a: Skarmory|5/100
|
|-weather|Sandstorm|[upkeep]
|-heal|p2a: Skarmory|11/100|[from] item: Leftovers
|-heal|p1a: Swampert|76/100 tox|[from] item: Leftovers
|-damage|p1a: Swampert|57/100 tox|[from] psn
|upkeep
|turn|27
|
|t:|1728751911
|move|p2a: Skarmory|Protect|p2a: Skarmory
|-singleturn|p2a: Skarmory|Protect
|move|p1a: Swampert|Ice Beam|p2a: Skarmory
|-activate|p2a: Skarmory|Protect
|
|-weather|Sandstorm|[upkeep]
|-heal|p2a: Skarmory|17/100|[from] item: Leftovers
|-heal|p1a: Swampert|63/100 tox|[from] item: Leftovers
|-damage|p1a: Swampert|38/100 tox|[from] psn
|upkeep
|turn|28
|
|t:|1728751915
|move|p2a: Skarmory|Protect|p2a: Skarmory
|-singleturn|p2a: Skarmory|Protect
|move|p1a: Swampert|Ice Beam|p2a: Skarmory
|-activate|p2a: Skarmory|Protect
|
|-weather|Sandstorm|[upkeep]
|-heal|p2a: Skarmory|23/100|[from] item: Leftovers
|-heal|p1a: Swampert|45/100 tox|[from] item: Leftovers
|-damage|p1a: Swampert|14/100 tox|[from] psn
|upkeep
|turn|29
|
|t:|1728751920
|move|p2a: Skarmory|Protect||[still]
|-fail|p2a: Skarmory
|move|p1a: Swampert|Ice Beam|p2a: Skarmory
|-damage|p2a: Skarmory|0 fnt
|faint|p2a: Skarmory
|
|t:|1728751929
|switch|p2a: Flygon|Flygon, F|100/100
|
|-weather|Sandstorm|[upkeep]
|-heal|p1a: Swampert|20/100 tox|[from] item: Leftovers
|-damage|p1a: Swampert|0 fnt|[from] psn
|faint|p1a: Swampert
|upkeep
|
|t:|1728751933
|switch|p1a: Jolteon|Jolteon, M|82/100
|-damage|p1a: Jolteon|57/100|[from] Spikes
|turn|30
|
|t:|1728751943
|move|p1a: Jolteon|Hidden Power|p2a: Flygon
|-crit|p2a: Flygon
|-damage|p2a: Flygon|46/100
|move|p2a: Flygon|Earthquake|p1a: Jolteon
|-supereffective|p1a: Jolteon
|-damage|p1a: Jolteon|0 fnt
|faint|p1a: Jolteon
|inactive|jank_city.mp4 has 150 seconds left.
|
|t:|1728751986
|switch|p1a: Tyranitar|Tyranitar, F|51/100
|-damage|p1a: Tyranitar|26/100|[from] Spikes
|
|-weather|Sandstorm|[upkeep]
|-heal|p2a: Flygon|52/100|[from] item: Leftovers
|upkeep
|turn|31
|
|t:|1728751991
|move|p2a: Flygon|Earthquake|p1a: Tyranitar
|-supereffective|p1a: Tyranitar
|-damage|p1a: Tyranitar|0 fnt
|faint|p1a: Tyranitar
|
|t:|1728751993
|switch|p1a: Meteor happen|Metagross|51/100
|-damage|p1a: Meteor happen|26/100|[from] Spikes
|
|-weather|Sandstorm|[upkeep]
|-heal|p2a: Flygon|58/100|[from] item: Leftovers
|upkeep
|turn|32
|
|t:|1728751997
|move|p2a: Flygon|Earthquake|p1a: Meteor happen
|-supereffective|p1a: Meteor happen
|-damage|p1a: Meteor happen|0 fnt
|faint|p1a: Meteor happen
|
|win|Big Chungus irl
|c|☆jank_city.mp4|gg
|c|☆Big Chungus irl|gg

</script>
<script type="application/json" class="data" id="replaydata-smogtours-gen3ou-797567">
{"id":"smogtours-gen3ou-797567","format":"[Gen 3] OU","players":["jank_city.mp4","Big Chungus irl"],"uploadtime":1728751997,"views":107,"formatid":"gen3ou","rating":null,"private":0,"password":null}
</script>

<script defer src="js/replays.js?9d40a366"></script>
