<!DOCTYPE html>
<meta charset="utf-8" />
<meta name="viewport" content="width=device-width" />

<title>[Gen 3] OU: denizzz vs. pokology2 - Replays - Pok&eacute;mon Showdown!</title>

<meta name="description" content="Watch a replay of a Pok&eacute;mon battle between denizzz and pokology2! Format: [Gen 3] OU; Date: Oct 22, 2024" />
<!--

Hey, you! Looking in the source for the replay log?

You can find them in JSON format, just add `.json` at the end of a replay URL.

https://replay.pokemonshowdown.com/gen7randomdoublesbattle-865046831.json

Or, if you only need the log itself, add `.log` instead:

https://replay.pokemonshowdown.com/gen7randomdoublesbattle-865046831.log

-->

<link rel="stylesheet" href="//pokemonshowdown.com/style/global.css?0.767286132409787" />
<link rel="stylesheet" href="//play.pokemonshowdown.com/style/font-awesome.css?0.9266228007934947" />
<link rel="stylesheet" href="//play.pokemonshowdown.com/style/battle.css?0.7924700842790926" />
<link rel="stylesheet" href="//play.pokemonshowdown.com/style/utilichart.css?0.8777417872839479" />

<!-- Global site tag (gtag.js) - Google Analytics -->
<script async src="https://www.googletagmanager.com/gtag/js?id=UA-26211653-1"></script>
<script>
  window.dataLayer = window.dataLayer || [];
  function gtag(){dataLayer.push(arguments);}
  gtag('js', new Date());

  gtag('config', 'UA-26211653-1');
</script>
<!-- End Google Analytics -->
<!-- Venatus Ad Manager - Install in <HEAD> of page -->
	<script src="https://hb.vntsm.com/v3/live/ad-manager.min.js" type="text/javascript" data-site-id="642aba63ec9a7b11c3c9c1be" data-mode="scan" async></script>
<!-- / Venatus Ad Manager -->

<style>
	@media (max-width:820px) {
		.battle {
			margin: 0 auto;
		}
		.battle-log {
			margin: 7px auto 0;
			max-width: 640px;
			height: 300px;
			position: static;
		}
	}
	.optgroup {
		display: inline-block;
		line-height: 22px;
		font-size: 10pt;
	}
	.optgroup .button {
		height: 25px;
		padding-top: 0;
		padding-bottom: 0;
	}
	.optgroup button.button {
		padding-left: 12px;
		padding-right: 12px;
	}
	.linklist {
		list-style: none;
		margin: 0.5em 0;
		padding: 0;
	}
	.linklist li {
		padding: 2px 0;
	}
	.sidebar {
		float: left;
		width: 320px;
	}
	.bar-wrapper {
		max-width: 1100px;
		margin: 0 auto;
	}
	.bar-wrapper.has-sidebar {
		max-width: 1430px;
	}
	.mainbar {
		margin: 0;
		padding-right: 1px;
	}
	.mainbar.has-sidebar {
		margin-left: 330px;
	}
	@media (min-width: 1511px) {
		.sidebar {
			width: 400px;
		}
		.bar-wrapper.has-sidebar {
			max-width: 1510px;
		}
		.mainbar.has-sidebar {
			margin-left: 410px;
		}
	}
	.section.first-section {
		margin-top: 9px;
	}
	.blocklink small {
		white-space: normal;
	}
	.button {
		vertical-align: middle;
	}
	.replay-controls {
		padding-top: 10px;
	}
	.replay-controls h1 {
		font-size: 16pt;
		font-weight: normal;
		color: #CCC;
	}
	.pagelink {
		text-align: center;
	}
	.pagelink a {
		width: 150px;
	}
	.textbox, .button {
		font-size: 11pt;
		vertical-align: middle;
	}
	@media (max-width: 450px) {
		.button {
			font-size: 9pt;
		}
	}
</style>

<div>

	<header>
		<div class="nav-wrapper"><ul class="nav">
			<li><a class="button nav-first" href="//pokemonshowdown.com/"><img src="//pokemonshowdown.com/images/pokemonshowdownbeta.png" srcset="//pokemonshowdown.com/images/pokemonshowdownbeta.png 1x, //pokemonshowdown.com/images/pokemonshowdownbeta@2x.png 2x" alt="Pok&eacute;mon Showdown" width="146" height="44" /> Home</a></li>
			<li><a class="button" href="//pokemonshowdown.com/dex/">Pok&eacute;dex</a></li>
			<li><a class="button cur" href="/">Replays</a></li>
			<li><a class="button" href="//pokemonshowdown.com/ladder/">Ladder</a></li>
			<li><a class="button nav-last" href="//pokemonshowdown.com/forums/">Forum</a></li>
			<li><a class="button greenbutton nav-first nav-last" href="//play.pokemonshowdown.com/">Play</a></li>
		</ul></div>
	</header>

	<div class="main" id="main">

		<noscript><section class="section">You need to enable JavaScript to use this page; sorry!</section></noscript>

	</div>

</div>

<script defer nomodule src="//play.pokemonshowdown.com/js/lib/ps-polyfill.js"></script>
<script defer src="//play.pokemonshowdown.com/js/lib/preact.min.js"></script>

<script defer src="//play.pokemonshowdown.com/config/config.js?6dec07f6"></script>
<script defer src="//play.pokemonshowdown.com/js/lib/jquery-1.11.0.min.js"></script>
<script defer src="//play.pokemonshowdown.com/js/lib/html-sanitizer-minified.js"></script>
<script defer src="//play.pokemonshowdown.com/js/battle-sound.js"></script>
<script defer src="//play.pokemonshowdown.com/js/battledata.js?0.6315294753075389"></script>
<script defer src="//play.pokemonshowdown.com/data/pokedex-mini.js?0.7603743185311358"></script>
<script defer src="//play.pokemonshowdown.com/data/pokedex-mini-bw.js?0.030888842834281283"></script>
<script defer src="//play.pokemonshowdown.com/data/graphics.js?0.05593094747507488"></script>
<script defer src="//play.pokemonshowdown.com/data/pokedex.js?0.47064822249611904"></script>
<script defer src="//play.pokemonshowdown.com/data/moves.js?0.8583693120512459"></script>
<script defer src="//play.pokemonshowdown.com/data/abilities.js?0.16017181182386842"></script>
<script defer src="//play.pokemonshowdown.com/data/items.js?0.4163379185673943"></script>
<script defer src="//play.pokemonshowdown.com/data/teambuilder-tables.js?0.31075597372830477"></script>
<script defer src="//play.pokemonshowdown.com/js/battle-tooltips.js?0.6536193500708172"></script>
<script defer src="//play.pokemonshowdown.com/js/battle.js?0.1916591943277901"></script>

<script defer src="js/utils.js?e31f9a17"></script>
<script defer src="js/replays-battle.js?7008c182"></script>

<!-- don't scrape this data! just add .json or .log after the URL!
Full API docs: https://github.com/smogon/pokemon-showdown-client/blob/master/WEB-API.md -->
<script type="text/plain" class="log" id="replaylog-smogtours-gen3ou-801190">
|inactive|Battle timer is ON: inactive players will automatically lose when time's up.
|t:|1729609606
|gametype|singles
|player|p1|denizzz|1|
|player|p2|pokology2|169|
|teamsize|p1|6
|teamsize|p2|6
|gen|3
|tier|[Gen 3] OU
|rule|Sleep Clause Mod: Limit one foe put to sleep
|rule|Switch Priority Clause Mod: Faster Pokémon switch first
|rule|Species Clause: Limit one of each Pokémon
|rule|OHKO Clause: OHKO moves are banned
|rule|Evasion Items Clause: Evasion items are banned
|rule|Evasion Moves Clause: Evasion moves are banned
|rule|Endless Battle Clause: Forcing endless battles is banned
|rule|HP Percentage Mod: HP is shown in percentages
|rule|One Boost Passer Clause: Limit one Baton Passer that has a way to boost its stats
|rule|Freeze Clause Mod: Limit one foe frozen
|
|t:|1729609606
|start
|switch|p1a: Suicune|Suicune|100/100
|switch|p2a: Poliwrath|Poliwrath, M|100/100
|turn|1
|c|☆pokology2|gl hf :)
|c|☆denizzz|u2
|c|☆denizzz|:D
|inactive|pokology2 has 270 seconds left.
|
|t:|1729609656
|switch|p1a: Celebi|Celebi|100/100
|move|p2a: Poliwrath|Substitute|p2a: Poliwrath
|-start|p2a: Poliwrath|Substitute
|-damage|p2a: Poliwrath|75/100
|
|-heal|p2a: Poliwrath|82/100|[from] item: Leftovers
|upkeep
|turn|2
|
|t:|1729609663
|move|p1a: Celebi|Psychic|p2a: Poliwrath
|-supereffective|p2a: Poliwrath
|-end|p2a: Poliwrath|Substitute
|move|p2a: Poliwrath|Hidden Power|p1a: Celebi
|-supereffective|p1a: Celebi
|-damage|p1a: Celebi|67/100
|
|-heal|p1a: Celebi|74/100|[from] item: Leftovers
|-heal|p2a: Poliwrath|88/100|[from] item: Leftovers
|upkeep
|turn|3
|
|t:|1729609670
|switch|p2a: Moltres|Moltres|100/100
|move|p1a: Celebi|Calm Mind|p1a: Celebi
|-boost|p1a: Celebi|spa|1
|-boost|p1a: Celebi|spd|1
|
|-heal|p1a: Celebi|80/100|[from] item: Leftovers
|upkeep
|turn|4
|
|t:|1729609677
|move|p1a: Celebi|Baton Pass|p1a: Celebi
|
|t:|1729609678
|switch|p1a: Zapdos|Zapdos|100/100|[from] Baton Pass
|move|p2a: Moltres|Flamethrower|p1a: Zapdos
|-damage|p1a: Zapdos|73/100
|
|-heal|p1a: Zapdos|80/100|[from] item: Leftovers
|upkeep
|turn|5
|
|t:|1729609686
|switch|p2a: Celebi|Celebi|100/100
|move|p1a: Zapdos|Thunderbolt|p2a: Celebi
|-resisted|p2a: Celebi
|-damage|p2a: Celebi|69/100
|
|-heal|p1a: Zapdos|86/100|[from] item: Leftovers
|-heal|p2a: Celebi|75/100|[from] item: Leftovers
|upkeep
|turn|6
|
|t:|1729609691
|move|p1a: Zapdos|Hidden Power|p2a: Celebi
|-supereffective|p2a: Celebi
|-damage|p2a: Celebi|9/100
|move|p2a: Celebi|Recover|p2a: Celebi
|-heal|p2a: Celebi|59/100
|
|-heal|p1a: Zapdos|92/100|[from] item: Leftovers
|-heal|p2a: Celebi|65/100|[from] item: Leftovers
|upkeep
|turn|7
|
|t:|1729609695
|switch|p2a: Snorlax|Snorlax, M|100/100
|move|p1a: Zapdos|Hidden Power|p2a: Snorlax
|-damage|p2a: Snorlax|80/100
|
|-heal|p1a: Zapdos|98/100|[from] item: Leftovers
|-heal|p2a: Snorlax|87/100|[from] item: Leftovers
|upkeep
|turn|8
|
|t:|1729609700
|move|p1a: Zapdos|Baton Pass|p1a: Zapdos
|
|t:|1729609701
|switch|p1a: Tyranitar|Tyranitar, M|100/100|[from] Baton Pass
|-weather|Sandstorm|[from] ability: Sand Stream|[of] p1a: Tyranitar
|move|p2a: Snorlax|Return|p1a: Tyranitar
|-resisted|p1a: Tyranitar
|-damage|p1a: Tyranitar|85/100
|
|-weather|Sandstorm|[upkeep]
|-damage|p2a: Snorlax|80/100|[from] Sandstorm
|-heal|p1a: Tyranitar|92/100|[from] item: Leftovers
|-heal|p2a: Snorlax|87/100|[from] item: Leftovers
|upkeep
|turn|9
|
|t:|1729609708
|switch|p2a: Claydol|Claydol|100/100
|move|p1a: Tyranitar|Rock Slide|p2a: Claydol
|-resisted|p2a: Claydol
|-damage|p2a: Claydol|85/100
|
|-weather|Sandstorm|[upkeep]
|-heal|p2a: Claydol|91/100|[from] item: Leftovers
|-heal|p1a: Tyranitar|98/100|[from] item: Leftovers
|upkeep
|turn|10
|
|t:|1729609721
|switch|p1a: Swampert|Swampert, F|100/100
|move|p2a: Claydol|Earthquake|p1a: Swampert
|-damage|p1a: Swampert|75/100
|
|-weather|Sandstorm|[upkeep]
|-heal|p1a: Swampert|81/100|[from] item: Leftovers
|-heal|p2a: Claydol|97/100|[from] item: Leftovers
|upkeep
|turn|11
|
|t:|1729609734
|switch|p2a: Celebi|Celebi|65/100
|move|p1a: Swampert|Substitute|p1a: Swampert
|-start|p1a: Swampert|Substitute
|-damage|p1a: Swampert|56/100
|
|-weather|Sandstorm|[upkeep]
|-damage|p2a: Celebi|59/100|[from] Sandstorm
|-heal|p2a: Celebi|65/100|[from] item: Leftovers
|-heal|p1a: Swampert|62/100|[from] item: Leftovers
|upkeep
|turn|12
|
|t:|1729609739
|move|p2a: Celebi|Calm Mind|p2a: Celebi
|-boost|p2a: Celebi|spa|1
|-boost|p2a: Celebi|spd|1
|move|p1a: Swampert|Ice Beam|p2a: Celebi
|-supereffective|p2a: Celebi
|-damage|p2a: Celebi|38/100
|
|-weather|Sandstorm|[upkeep]
|-damage|p2a: Celebi|32/100|[from] Sandstorm
|-heal|p2a: Celebi|38/100|[from] item: Leftovers
|-heal|p1a: Swampert|68/100|[from] item: Leftovers
|upkeep
|turn|13
|
|t:|1729609745
|switch|p1a: Suicune|Suicune|100/100
|move|p2a: Celebi|Recover|p2a: Celebi
|-heal|p2a: Celebi|88/100
|
|-weather|Sandstorm|[upkeep]
|-damage|p1a: Suicune|95/100|[from] Sandstorm
|-damage|p2a: Celebi|82/100|[from] Sandstorm
|-heal|p1a: Suicune|100/100|[from] item: Leftovers
|-heal|p2a: Celebi|88/100|[from] item: Leftovers
|upkeep
|turn|14
|
|t:|1729609750
|move|p2a: Celebi|Psychic|p1a: Suicune
|-damage|p1a: Suicune|61/100
|move|p1a: Suicune|Roar|p2a: Celebi
|drag|p2a: Claydol|Claydol|97/100
|
|-weather|Sandstorm|[upkeep]
|-damage|p1a: Suicune|55/100|[from] Sandstorm
|-heal|p1a: Suicune|61/100|[from] item: Leftovers
|-heal|p2a: Claydol|100/100|[from] item: Leftovers
|upkeep
|turn|15
|
|t:|1729609759
|switch|p2a: Poliwrath|Poliwrath, M|88/100
|move|p1a: Suicune|Surf|p2a: Poliwrath
|-heal|p2a: Poliwrath|100/100|[from] ability: Water Absorb|[of] p1a: Suicune
|
|-weather|Sandstorm|[upkeep]
|-damage|p1a: Suicune|55/100|[from] Sandstorm
|-damage|p2a: Poliwrath|94/100|[from] Sandstorm
|-heal|p1a: Suicune|61/100|[from] item: Leftovers
|-heal|p2a: Poliwrath|100/100|[from] item: Leftovers
|upkeep
|turn|16
|
|t:|1729609764
|move|p2a: Poliwrath|Hypnosis|p1a: Suicune|[miss]
|-miss|p2a: Poliwrath|p1a: Suicune
|move|p1a: Suicune|Roar|p2a: Poliwrath
|drag|p2a: Magneton|Magneton|100/100
|
|-weather|Sandstorm|[upkeep]
|-damage|p1a: Suicune|55/100|[from] Sandstorm
|-heal|p1a: Suicune|61/100|[from] item: Leftovers
|upkeep
|turn|17
|
|t:|1729609774
|switch|p1a: Celebi|Celebi|80/100
|move|p2a: Magneton|Toxic|p1a: Celebi
|-status|p1a: Celebi|tox
|
|-weather|Sandstorm|[upkeep]
|-damage|p1a: Celebi|74/100 tox|[from] Sandstorm
|-heal|p1a: Celebi|80/100 tox|[from] item: Leftovers
|-damage|p1a: Celebi|74/100 tox|[from] psn
|upkeep
|turn|18
|
|t:|1729609779
|move|p1a: Celebi|Calm Mind|p1a: Celebi
|-boost|p1a: Celebi|spa|1
|-boost|p1a: Celebi|spd|1
|move|p2a: Magneton|Hidden Power|p1a: Celebi
|-supereffective|p1a: Celebi
|-damage|p1a: Celebi|48/100 tox
|
|-weather|Sandstorm|[upkeep]
|-damage|p1a: Celebi|42/100 tox|[from] Sandstorm
|-heal|p1a: Celebi|48/100 tox|[from] item: Leftovers
|-damage|p1a: Celebi|36/100 tox|[from] psn
|upkeep
|turn|19
|
|t:|1729609793
|move|p1a: Celebi|Hidden Power|p2a: Magneton
|-supereffective|p2a: Magneton
|-damage|p2a: Magneton|16/100
|move|p2a: Magneton|Toxic|p1a: Celebi
|-fail|p1a: Celebi|tox
|
|-weather|Sandstorm|[upkeep]
|-damage|p1a: Celebi|30/100 tox|[from] Sandstorm
|-heal|p1a: Celebi|36/100 tox|[from] item: Leftovers
|-damage|p1a: Celebi|17/100 tox|[from] psn
|-enditem|p2a: Magneton|Salac Berry|[eat]
|-boost|p2a: Magneton|spe|1|[from] item: Salac Berry
|upkeep
|turn|20
|
|t:|1729609807
|-curestatus|p1a: Celebi|tox|[from] ability: Natural Cure
|switch|p1a: Swampert|Swampert, F|68/100
|move|p2a: Magneton|Hidden Power|p1a: Swampert
|-damage|p1a: Swampert|44/100
|
|-weather|Sandstorm|[upkeep]
|-heal|p1a: Swampert|50/100|[from] item: Leftovers
|upkeep
|turn|21
|
|t:|1729609816
|move|p2a: Magneton|Toxic|p1a: Swampert
|-status|p1a: Swampert|tox
|move|p1a: Swampert|Surf|p2a: Magneton
|-damage|p2a: Magneton|0 fnt
|faint|p2a: Magneton
|inactive|pokology2 has 270 seconds left.
|inactive|pokology2 has 240 seconds left.
|
|t:|1729609878
|switch|p2a: Moltres|Moltres|100/100
|
|-weather|Sandstorm|[upkeep]
|-damage|p2a: Moltres|94/100|[from] Sandstorm
|-heal|p2a: Moltres|100/100|[from] item: Leftovers
|-heal|p1a: Swampert|56/100 tox|[from] item: Leftovers
|-damage|p1a: Swampert|50/100 tox|[from] psn
|upkeep
|turn|22
|
|t:|1729609887
|switch|p1a: Zapdos|Zapdos|98/100
|move|p2a: Moltres|Sunny Day|p2a: Moltres
|-weather|SunnyDay
|
|-weather|SunnyDay|[upkeep]
|-heal|p1a: Zapdos|100/100|[from] item: Leftovers
|upkeep
|turn|23
|
|t:|1729609895
|move|p1a: Zapdos|Baton Pass|p1a: Zapdos
|
|t:|1729609901
|switch|p1a: Swampert|Swampert, F|50/100 tox|[from] Baton Pass
|move|p2a: Moltres|Flamethrower|p1a: Swampert
|-resisted|p1a: Swampert
|-damage|p1a: Swampert|19/100 tox
|
|-weather|SunnyDay|[upkeep]
|-heal|p1a: Swampert|25/100 tox|[from] item: Leftovers
|-damage|p1a: Swampert|19/100 tox|[from] psn
|upkeep
|turn|24
|
|t:|1729609907
|switch|p1a: Tyranitar|Tyranitar, M|98/100
|-weather|Sandstorm|[from] ability: Sand Stream|[of] p1a: Tyranitar
|move|p2a: Moltres|Hidden Power|p1a: Tyranitar
|-supereffective|p1a: Tyranitar
|-crit|p1a: Tyranitar
|-damage|p1a: Tyranitar|2/100
|
|-weather|Sandstorm|[upkeep]
|-damage|p2a: Moltres|94/100|[from] Sandstorm
|-heal|p2a: Moltres|100/100|[from] item: Leftovers
|-heal|p1a: Tyranitar|8/100|[from] item: Leftovers
|upkeep
|turn|25
|
|t:|1729609910
|switch|p1a: Zapdos|Zapdos|100/100
|move|p2a: Moltres|Flamethrower|p1a: Zapdos
|-damage|p1a: Zapdos|61/100
|
|-weather|Sandstorm|[upkeep]
|-damage|p1a: Zapdos|54/100|[from] Sandstorm
|-damage|p2a: Moltres|94/100|[from] Sandstorm
|-heal|p1a: Zapdos|61/100|[from] item: Leftovers
|-heal|p2a: Moltres|100/100|[from] item: Leftovers
|upkeep
|turn|26
|
|t:|1729609917
|switch|p2a: Celebi|Celebi|88/100
|move|p1a: Zapdos|Hidden Power|p2a: Celebi
|-supereffective|p2a: Celebi
|-damage|p2a: Celebi|47/100
|
|-weather|Sandstorm|[upkeep]
|-damage|p1a: Zapdos|54/100|[from] Sandstorm
|-damage|p2a: Celebi|40/100|[from] Sandstorm
|-heal|p1a: Zapdos|61/100|[from] item: Leftovers
|-heal|p2a: Celebi|47/100|[from] item: Leftovers
|upkeep
|turn|27
|
|t:|1729609922
|move|p1a: Zapdos|Toxic|p2a: Celebi
|-status|p2a: Celebi|tox
|move|p2a: Celebi|Recover|p2a: Celebi
|-heal|p2a: Celebi|97/100 tox
|
|-weather|Sandstorm|[upkeep]
|-damage|p1a: Zapdos|54/100|[from] Sandstorm
|-damage|p2a: Celebi|90/100 tox|[from] Sandstorm
|-heal|p1a: Zapdos|61/100|[from] item: Leftovers
|-heal|p2a: Celebi|97/100 tox|[from] item: Leftovers
|-damage|p2a: Celebi|90/100 tox|[from] psn
|upkeep
|turn|28
|
|t:|1729609927
|-curestatus|p2a: Celebi|tox|[from] ability: Natural Cure
|switch|p2a: Snorlax|Snorlax, M|87/100
|move|p1a: Zapdos|Baton Pass|p1a: Zapdos
|
|t:|1729609929
|switch|p1a: Tyranitar|Tyranitar, M|8/100|[from] Baton Pass
|
|-weather|Sandstorm|[upkeep]
|-damage|p2a: Snorlax|80/100|[from] Sandstorm
|-heal|p1a: Tyranitar|14/100|[from] item: Leftovers
|-heal|p2a: Snorlax|87/100|[from] item: Leftovers
|upkeep
|turn|29
|
|t:|1729609938
|switch|p2a: Claydol|Claydol|100/100
|move|p1a: Tyranitar|Rock Slide|p2a: Claydol
|-resisted|p2a: Claydol
|-damage|p2a: Claydol|83/100
|
|-weather|Sandstorm|[upkeep]
|-heal|p2a: Claydol|90/100|[from] item: Leftovers
|-heal|p1a: Tyranitar|20/100|[from] item: Leftovers
|upkeep
|turn|30
|
|t:|1729609949
|switch|p1a: Swampert|Swampert, F|19/100 tox
|move|p2a: Claydol|Ice Beam|p1a: Swampert
|-damage|p1a: Swampert|3/100 tox
|
|-weather|Sandstorm|[upkeep]
|-heal|p1a: Swampert|9/100 tox|[from] item: Leftovers
|-damage|p1a: Swampert|3/100 tox|[from] psn
|-heal|p2a: Claydol|96/100|[from] item: Leftovers
|upkeep
|turn|31
|
|t:|1729609958
|-singleturn|p1a: Swampert|move: Focus Punch
|switch|p2a: Poliwrath|Poliwrath, M|100/100
|move|p1a: Swampert|Focus Punch|p2a: Poliwrath
|-damage|p2a: Poliwrath|62/100
|
|-weather|Sandstorm|[upkeep]
|-damage|p2a: Poliwrath|55/100|[from] Sandstorm
|-heal|p2a: Poliwrath|62/100|[from] item: Leftovers
|-heal|p1a: Swampert|9/100 tox|[from] item: Leftovers
|-damage|p1a: Swampert|0 fnt|[from] psn
|faint|p1a: Swampert
|upkeep
|
|t:|1729609977
|switch|p1a: Jirachi|Jirachi|100/100
|turn|32
|
|t:|1729609990
|switch|p2a: Moltres|Moltres|100/100
|move|p1a: Jirachi|Substitute|p1a: Jirachi
|-start|p1a: Jirachi|Substitute
|-damage|p1a: Jirachi|75/100
|
|-weather|Sandstorm|[upkeep]
|-damage|p2a: Moltres|94/100|[from] Sandstorm
|-heal|p1a: Jirachi|82/100|[from] item: Leftovers
|-heal|p2a: Moltres|100/100|[from] item: Leftovers
|upkeep
|turn|33
|
|t:|1729609994
|move|p1a: Jirachi|Thunderbolt|p2a: Moltres
|-supereffective|p2a: Moltres
|-crit|p2a: Moltres
|-damage|p2a: Moltres|33/100
|move|p2a: Moltres|Sunny Day|p2a: Moltres
|-weather|SunnyDay
|
|-weather|SunnyDay|[upkeep]
|-heal|p1a: Jirachi|88/100|[from] item: Leftovers
|-heal|p2a: Moltres|39/100|[from] item: Leftovers
|upkeep
|turn|34
|
|t:|1729609997
|move|p1a: Jirachi|Thunderbolt|p2a: Moltres
|-supereffective|p2a: Moltres
|-damage|p2a: Moltres|0 fnt
|faint|p2a: Moltres
|
|t:|1729610003
|switch|p2a: Snorlax|Snorlax, M|87/100
|
|-weather|SunnyDay|[upkeep]
|-heal|p1a: Jirachi|94/100|[from] item: Leftovers
|-heal|p2a: Snorlax|93/100|[from] item: Leftovers
|upkeep
|turn|35
|
|t:|1729610007
|move|p1a: Jirachi|Thunderbolt|p2a: Snorlax
|-damage|p2a: Snorlax|80/100
|move|p2a: Snorlax|Curse|p2a: Snorlax
|-unboost|p2a: Snorlax|spe|1
|-boost|p2a: Snorlax|atk|1
|-boost|p2a: Snorlax|def|1
|
|-weather|SunnyDay|[upkeep]
|-heal|p1a: Jirachi|99/100|[from] item: Leftovers
|-heal|p2a: Snorlax|86/100|[from] item: Leftovers
|upkeep
|turn|36
|
|t:|1729610009
|move|p1a: Jirachi|Thunderbolt|p2a: Snorlax
|-damage|p2a: Snorlax|74/100
|move|p2a: Snorlax|Curse|p2a: Snorlax
|-unboost|p2a: Snorlax|spe|1
|-boost|p2a: Snorlax|atk|1
|-boost|p2a: Snorlax|def|1
|
|-weather|SunnyDay|[upkeep]
|-heal|p1a: Jirachi|100/100|[from] item: Leftovers
|-heal|p2a: Snorlax|80/100|[from] item: Leftovers
|upkeep
|turn|37
|
|t:|1729610014
|switch|p1a: Tyranitar|Tyranitar, M|20/100
|-weather|Sandstorm|[from] ability: Sand Stream|[of] p1a: Tyranitar
|move|p2a: Snorlax|Return|p1a: Tyranitar
|-resisted|p1a: Tyranitar
|-damage|p1a: Tyranitar|0 fnt
|faint|p1a: Tyranitar
|
|t:|1729610019
|switch|p1a: Suicune|Suicune|61/100
|
|-weather|Sandstorm|[upkeep]
|-damage|p1a: Suicune|55/100|[from] Sandstorm
|-damage|p2a: Snorlax|74/100|[from] Sandstorm
|-heal|p1a: Suicune|61/100|[from] item: Leftovers
|-heal|p2a: Snorlax|80/100|[from] item: Leftovers
|upkeep
|turn|38
|
|t:|1729610021
|move|p2a: Snorlax|Return|p1a: Suicune
|-damage|p1a: Suicune|0 fnt
|faint|p1a: Suicune
|
|t:|1729610026
|switch|p1a: Zapdos|Zapdos|61/100
|
|-weather|Sandstorm|[upkeep]
|-damage|p1a: Zapdos|54/100|[from] Sandstorm
|-damage|p2a: Snorlax|74/100|[from] Sandstorm
|-heal|p1a: Zapdos|61/100|[from] item: Leftovers
|-heal|p2a: Snorlax|80/100|[from] item: Leftovers
|upkeep
|turn|39
|
|t:|1729610029
|move|p1a: Zapdos|Thunderbolt|p2a: Snorlax
|-damage|p2a: Snorlax|52/100
|move|p2a: Snorlax|Return|p1a: Zapdos
|-damage|p1a: Zapdos|0 fnt
|faint|p1a: Zapdos
|
|t:|1729610031
|switch|p1a: Jirachi|Jirachi|100/100
|
|-weather|Sandstorm|[upkeep]
|-damage|p2a: Snorlax|45/100|[from] Sandstorm
|-heal|p2a: Snorlax|52/100|[from] item: Leftovers
|upkeep
|turn|40
|
|t:|1729610034
|move|p1a: Jirachi|Calm Mind|p1a: Jirachi
|-boost|p1a: Jirachi|spa|1
|-boost|p1a: Jirachi|spd|1
|move|p2a: Snorlax|Return|p1a: Jirachi
|-resisted|p1a: Jirachi
|-damage|p1a: Jirachi|67/100
|
|-weather|Sandstorm|[upkeep]
|-damage|p2a: Snorlax|45/100|[from] Sandstorm
|-heal|p1a: Jirachi|74/100|[from] item: Leftovers
|-heal|p2a: Snorlax|52/100|[from] item: Leftovers
|upkeep
|turn|41
|
|t:|1729610037
|move|p1a: Jirachi|Substitute|p1a: Jirachi
|-start|p1a: Jirachi|Substitute
|-damage|p1a: Jirachi|49/100
|move|p2a: Snorlax|Return|p1a: Jirachi
|-resisted|p1a: Jirachi
|-end|p1a: Jirachi|Substitute
|
|-weather|Sandstorm|[upkeep]
|-damage|p2a: Snorlax|45/100|[from] Sandstorm
|-heal|p1a: Jirachi|55/100|[from] item: Leftovers
|-heal|p2a: Snorlax|52/100|[from] item: Leftovers
|upkeep
|turn|42
|
|t:|1729610039
|move|p1a: Jirachi|Thunderbolt|p2a: Snorlax
|-damage|p2a: Snorlax|33/100
|-status|p2a: Snorlax|par
|cant|p2a: Snorlax|par
|
|-weather|Sandstorm|[upkeep]
|-damage|p2a: Snorlax|27/100 par|[from] Sandstorm
|-heal|p1a: Jirachi|61/100|[from] item: Leftovers
|-heal|p2a: Snorlax|33/100 par|[from] item: Leftovers
|upkeep
|turn|43
|
|t:|1729610049
|move|p1a: Jirachi|Calm Mind|p1a: Jirachi
|-boost|p1a: Jirachi|spa|1
|-boost|p1a: Jirachi|spd|1
|cant|p2a: Snorlax|par
|
|-weather|Sandstorm|[upkeep]
|-damage|p2a: Snorlax|27/100 par|[from] Sandstorm
|-heal|p1a: Jirachi|67/100|[from] item: Leftovers
|-heal|p2a: Snorlax|33/100 par|[from] item: Leftovers
|upkeep
|turn|44
|
|t:|1729610052
|move|p1a: Jirachi|Calm Mind|p1a: Jirachi
|-boost|p1a: Jirachi|spa|1
|-boost|p1a: Jirachi|spd|1
|cant|p2a: Snorlax|par
|
|-weather|Sandstorm|[upkeep]
|-damage|p2a: Snorlax|27/100 par|[from] Sandstorm
|-heal|p1a: Jirachi|73/100|[from] item: Leftovers
|-heal|p2a: Snorlax|33/100 par|[from] item: Leftovers
|upkeep
|turn|45
|
|t:|1729610056
|move|p1a: Jirachi|Calm Mind|p1a: Jirachi
|-boost|p1a: Jirachi|spa|1
|-boost|p1a: Jirachi|spd|1
|move|p2a: Snorlax|Shadow Ball|p1a: Jirachi
|-damage|p1a: Jirachi|41/100
|
|-weather|Sandstorm|[upkeep]
|-damage|p2a: Snorlax|27/100 par|[from] Sandstorm
|-heal|p1a: Jirachi|47/100|[from] item: Leftovers
|-heal|p2a: Snorlax|33/100 par|[from] item: Leftovers
|upkeep
|turn|46
|inactive|denizzz has 270 seconds left.
|
|t:|1729610098
|move|p1a: Jirachi|Substitute|p1a: Jirachi
|-start|p1a: Jirachi|Substitute
|-damage|p1a: Jirachi|22/100
|move|p2a: Snorlax|Shadow Ball|p1a: Jirachi
|-end|p1a: Jirachi|Substitute
|
|-weather|Sandstorm|[upkeep]
|-damage|p2a: Snorlax|27/100 par|[from] Sandstorm
|-heal|p1a: Jirachi|28/100|[from] item: Leftovers
|-heal|p2a: Snorlax|33/100 par|[from] item: Leftovers
|upkeep
|turn|47
|
|t:|1729610103
|move|p1a: Jirachi|Thunderbolt|p2a: Snorlax
|-damage|p2a: Snorlax|0 fnt
|faint|p2a: Snorlax
|
|t:|1729610107
|switch|p2a: Claydol|Claydol|96/100
|
|-weather|Sandstorm|[upkeep]
|-heal|p1a: Jirachi|34/100|[from] item: Leftovers
|-heal|p2a: Claydol|100/100|[from] item: Leftovers
|upkeep
|turn|48
|
|t:|1729610113
|move|p1a: Jirachi|Hidden Power|p2a: Claydol
|-supereffective|p2a: Claydol
|-damage|p2a: Claydol|9/100
|move|p2a: Claydol|Earthquake|p1a: Jirachi
|-supereffective|p1a: Jirachi
|-damage|p1a: Jirachi|0 fnt
|faint|p1a: Jirachi
|
|t:|1729610115
|switch|p1a: Celebi|Celebi|17/100
|
|-weather|Sandstorm|[upkeep]
|-damage|p1a: Celebi|11/100|[from] Sandstorm
|-heal|p1a: Celebi|17/100|[from] item: Leftovers
|-heal|p2a: Claydol|15/100|[from] item: Leftovers
|upkeep
|turn|49
|
|t:|1729610128
|move|p1a: Celebi|Psychic|p2a: Claydol
|-resisted|p2a: Claydol
|-damage|p2a: Claydol|2/100
|move|p2a: Claydol|Ice Beam|p1a: Celebi
|-supereffective|p1a: Celebi
|-damage|p1a: Celebi|0 fnt
|faint|p1a: Celebi
|
|win|pokology2
|c|☆denizzz|gg
|c|☆pokology2|gg

</script>
<script type="application/json" class="data" id="replaydata-smogtours-gen3ou-801190">
{"id":"smogtours-gen3ou-801190","format":"[Gen 3] OU","players":["denizzz","pokology2"],"uploadtime":1729610128,"views":119,"formatid":"gen3ou","rating":null,"private":0,"password":null}
</script>

<script defer src="js/replays.js?9d40a366"></script>
