<!DOCTYPE html>
<meta charset="utf-8" />
<meta name="viewport" content="width=device-width" />

<title>[Gen 3] OU: Girls See Ghosts vs. Scurrying Snail - Replays - Pok&eacute;mon Showdown!</title>

<meta name="description" content="Watch a replay of a Pok&eacute;mon battle between Girls See Ghosts and Scurrying Snail! Format: [Gen 3] OU; Date: Oct 5, 2024" />
<!--

Hey, you! Looking in the source for the replay log?

You can find them in JSON format, just add `.json` at the end of a replay URL.

https://replay.pokemonshowdown.com/gen7randomdoublesbattle-865046831.json

Or, if you only need the log itself, add `.log` instead:

https://replay.pokemonshowdown.com/gen7randomdoublesbattle-865046831.log

-->

<link rel="stylesheet" href="//pokemonshowdown.com/style/global.css?0.767286132409787" />
<link rel="stylesheet" href="//play.pokemonshowdown.com/style/font-awesome.css?0.9266228007934947" />
<link rel="stylesheet" href="//play.pokemonshowdown.com/style/battle.css?0.7924700842790926" />
<link rel="stylesheet" href="//play.pokemonshowdown.com/style/utilichart.css?0.8777417872839479" />

<!-- Global site tag (gtag.js) - Google Analytics -->
<script async src="https://www.googletagmanager.com/gtag/js?id=UA-26211653-1"></script>
<script>
  window.dataLayer = window.dataLayer || [];
  function gtag(){dataLayer.push(arguments);}
  gtag('js', new Date());

  gtag('config', 'UA-26211653-1');
</script>
<!-- End Google Analytics -->
<!-- Venatus Ad Manager - Install in <HEAD> of page -->
	<script src="https://hb.vntsm.com/v3/live/ad-manager.min.js" type="text/javascript" data-site-id="642aba63ec9a7b11c3c9c1be" data-mode="scan" async></script>
<!-- / Venatus Ad Manager -->

<style>
	@media (max-width:820px) {
		.battle {
			margin: 0 auto;
		}
		.battle-log {
			margin: 7px auto 0;
			max-width: 640px;
			height: 300px;
			position: static;
		}
	}
	.optgroup {
		display: inline-block;
		line-height: 22px;
		font-size: 10pt;
	}
	.optgroup .button {
		height: 25px;
		padding-top: 0;
		padding-bottom: 0;
	}
	.optgroup button.button {
		padding-left: 12px;
		padding-right: 12px;
	}
	.linklist {
		list-style: none;
		margin: 0.5em 0;
		padding: 0;
	}
	.linklist li {
		padding: 2px 0;
	}
	.sidebar {
		float: left;
		width: 320px;
	}
	.bar-wrapper {
		max-width: 1100px;
		margin: 0 auto;
	}
	.bar-wrapper.has-sidebar {
		max-width: 1430px;
	}
	.mainbar {
		margin: 0;
		padding-right: 1px;
	}
	.mainbar.has-sidebar {
		margin-left: 330px;
	}
	@media (min-width: 1511px) {
		.sidebar {
			width: 400px;
		}
		.bar-wrapper.has-sidebar {
			max-width: 1510px;
		}
		.mainbar.has-sidebar {
			margin-left: 410px;
		}
	}
	.section.first-section {
		margin-top: 9px;
	}
	.blocklink small {
		white-space: normal;
	}
	.button {
		vertical-align: middle;
	}
	.replay-controls {
		padding-top: 10px;
	}
	.replay-controls h1 {
		font-size: 16pt;
		font-weight: normal;
		color: #CCC;
	}
	.pagelink {
		text-align: center;
	}
	.pagelink a {
		width: 150px;
	}
	.textbox, .button {
		font-size: 11pt;
		vertical-align: middle;
	}
	@media (max-width: 450px) {
		.button {
			font-size: 9pt;
		}
	}
</style>

<div>

	<header>
		<div class="nav-wrapper"><ul class="nav">
			<li><a class="button nav-first" href="//pokemonshowdown.com/"><img src="//pokemonshowdown.com/images/pokemonshowdownbeta.png" srcset="//pokemonshowdown.com/images/pokemonshowdownbeta.png 1x, //pokemonshowdown.com/images/pokemonshowdownbeta@2x.png 2x" alt="Pok&eacute;mon Showdown" width="146" height="44" /> Home</a></li>
			<li><a class="button" href="//pokemonshowdown.com/dex/">Pok&eacute;dex</a></li>
			<li><a class="button cur" href="/">Replays</a></li>
			<li><a class="button" href="//pokemonshowdown.com/ladder/">Ladder</a></li>
			<li><a class="button nav-last" href="//pokemonshowdown.com/forums/">Forum</a></li>
			<li><a class="button greenbutton nav-first nav-last" href="//play.pokemonshowdown.com/">Play</a></li>
		</ul></div>
	</header>

	<div class="main" id="main">

		<noscript><section class="section">You need to enable JavaScript to use this page; sorry!</section></noscript>

	</div>

</div>

<script defer nomodule src="//play.pokemonshowdown.com/js/lib/ps-polyfill.js"></script>
<script defer src="//play.pokemonshowdown.com/js/lib/preact.min.js"></script>

<script defer src="//play.pokemonshowdown.com/config/config.js?6dec07f6"></script>
<script defer src="//play.pokemonshowdown.com/js/lib/jquery-1.11.0.min.js"></script>
<script defer src="//play.pokemonshowdown.com/js/lib/html-sanitizer-minified.js"></script>
<script defer src="//play.pokemonshowdown.com/js/battle-sound.js"></script>
<script defer src="//play.pokemonshowdown.com/js/battledata.js?0.6315294753075389"></script>
<script defer src="//play.pokemonshowdown.com/data/pokedex-mini.js?0.7603743185311358"></script>
<script defer src="//play.pokemonshowdown.com/data/pokedex-mini-bw.js?0.030888842834281283"></script>
<script defer src="//play.pokemonshowdown.com/data/graphics.js?0.05593094747507488"></script>
<script defer src="//play.pokemonshowdown.com/data/pokedex.js?0.47064822249611904"></script>
<script defer src="//play.pokemonshowdown.com/data/moves.js?0.8583693120512459"></script>
<script defer src="//play.pokemonshowdown.com/data/abilities.js?0.16017181182386842"></script>
<script defer src="//play.pokemonshowdown.com/data/items.js?0.4163379185673943"></script>
<script defer src="//play.pokemonshowdown.com/data/teambuilder-tables.js?0.31075597372830477"></script>
<script defer src="//play.pokemonshowdown.com/js/battle-tooltips.js?0.6536193500708172"></script>
<script defer src="//play.pokemonshowdown.com/js/battle.js?0.1916591943277901"></script>

<script defer src="js/utils.js?e31f9a17"></script>
<script defer src="js/replays-battle.js?7008c182"></script>

<!-- don't scrape this data! just add .json or .log after the URL!
Full API docs: https://github.com/smogon/pokemon-showdown-client/blob/master/WEB-API.md -->
<script type="text/plain" class="log" id="replaylog-smogtours-gen3ou-795206">
|inactive|Battle timer is ON: inactive players will automatically lose when time's up.
|t:|1728162530
|gametype|singles
|player|p1|Girls See Ghosts|phoebe-gen6|
|player|p2|Scurrying Snail|101|
|teamsize|p1|6
|teamsize|p2|6
|gen|3
|tier|[Gen 3] OU
|rule|Sleep Clause Mod: Limit one foe put to sleep
|rule|Switch Priority Clause Mod: Faster Pokémon switch first
|rule|Species Clause: Limit one of each Pokémon
|rule|OHKO Clause: OHKO moves are banned
|rule|Evasion Items Clause: Evasion items are banned
|rule|Evasion Moves Clause: Evasion moves are banned
|rule|Endless Battle Clause: Forcing endless battles is banned
|rule|HP Percentage Mod: HP is shown in percentages
|rule|One Boost Passer Clause: Limit one Baton Passer that has a way to boost its stats
|rule|Freeze Clause Mod: Limit one foe frozen
|
|t:|1728162530
|start
|switch|p1a: Skarmory|Skarmory, F|100/100
|switch|p2a: FBI|Zapdos|100/100
|turn|1
|
|t:|1728162550
|switch|p1a: Blissey|Blissey, F, shiny|100/100
|move|p2a: FBI|Substitute|p2a: FBI
|-start|p2a: FBI|Substitute
|-damage|p2a: FBI|76/100
|
|-heal|p2a: FBI|82/100|[from] item: Leftovers
|upkeep
|turn|2
|
|t:|1728162555
|move|p2a: FBI|Baton Pass|p2a: FBI
|
|t:|1728162556
|switch|p2a: Muscle World|Hariyama, F|100/100|[from] Baton Pass
|move|p1a: Blissey|Ice Beam|p2a: Muscle World
|-end|p2a: Muscle World|Substitute
|
|upkeep
|turn|3
|
|t:|1728162586
|-singleturn|p2a: Muscle World|move: Focus Punch
|switch|p1a: Skarmory|Skarmory, F|100/100
|move|p2a: Muscle World|Focus Punch|p1a: Skarmory
|-damage|p1a: Skarmory|45/100
|
|-heal|p1a: Skarmory|51/100|[from] item: Leftovers
|upkeep
|turn|4
|
|t:|1728162600
|switch|p2a: FBI|Zapdos|82/100
|move|p1a: Skarmory|Spikes|p2a: FBI
|-sidestart|p2: Scurrying Snail|Spikes
|
|-heal|p2a: FBI|88/100|[from] item: Leftovers
|-heal|p1a: Skarmory|57/100|[from] item: Leftovers
|upkeep
|turn|5
|
|t:|1728162610
|switch|p1a: Blissey|Blissey, F, shiny|100/100
|move|p2a: FBI|Thunderbolt|p1a: Blissey
|-damage|p1a: Blissey|80/100
|
|-heal|p2a: FBI|94/100|[from] item: Leftovers
|-heal|p1a: Blissey|86/100|[from] item: Leftovers
|upkeep
|turn|6
|
|t:|1728162616
|move|p2a: FBI|Baton Pass|p2a: FBI
|
|t:|1728162618
|switch|p2a: Muscle World|Hariyama, F|100/100|[from] Baton Pass
|-damage|p2a: Muscle World|88/100|[from] Spikes
|move|p1a: Blissey|Toxic|p2a: Muscle World
|-status|p2a: Muscle World|tox
|
|-heal|p2a: Muscle World|94/100 tox|[from] item: Leftovers
|-damage|p2a: Muscle World|88/100 tox|[from] psn
|-heal|p1a: Blissey|92/100|[from] item: Leftovers
|upkeep
|turn|7
|
|t:|1728162625
|switch|p1a: Gengar|Gengar, F|100/100
|move|p2a: Muscle World|Brick Break|p1a: Gengar
|-immune|p1a: Gengar
|
|-heal|p2a: Muscle World|94/100 tox|[from] item: Leftovers
|-damage|p2a: Muscle World|82/100 tox|[from] psn
|upkeep
|turn|8
|
|t:|1728162636
|switch|p1a: Skarmory|Skarmory, F|57/100
|move|p2a: Muscle World|Rock Slide|p1a: Skarmory
|-damage|p1a: Skarmory|29/100
|
|-heal|p1a: Skarmory|35/100|[from] item: Leftovers
|-heal|p2a: Muscle World|88/100 tox|[from] item: Leftovers
|-damage|p2a: Muscle World|70/100 tox|[from] psn
|upkeep
|turn|9
|
|t:|1728162646
|switch|p2a: Bad Habit|Starmie|100/100
|-damage|p2a: Bad Habit|88/100|[from] Spikes
|move|p1a: Skarmory|Protect||[still]
|-fail|p1a: Skarmory
|
|-heal|p2a: Bad Habit|94/100|[from] item: Leftovers
|-heal|p1a: Skarmory|41/100|[from] item: Leftovers
|upkeep
|turn|10
|
|t:|1728162657
|switch|p1a: Blissey|Blissey, F, shiny|92/100
|move|p2a: Bad Habit|Thunder Wave|p1a: Blissey
|-status|p1a: Blissey|par
|
|-heal|p2a: Bad Habit|100/100|[from] item: Leftovers
|-heal|p1a: Blissey|98/100 par|[from] item: Leftovers
|upkeep
|turn|11
|
|t:|1728162662
|move|p2a: Bad Habit|Rapid Spin|p1a: Blissey
|-damage|p1a: Blissey|95/100 par
|-sideend|p2: Scurrying Snail|Spikes|[from] move: Rapid Spin|[of] p2a: Bad Habit
|move|p1a: Blissey|Toxic|p2a: Bad Habit
|-status|p2a: Bad Habit|tox
|
|-damage|p2a: Bad Habit|94/100 tox|[from] psn
|-heal|p1a: Blissey|100/100 par|[from] item: Leftovers
|upkeep
|turn|12
|
|t:|1728162667
|-curestatus|p2a: Bad Habit|tox|[from] ability: Natural Cure
|switch|p2a: Muscle World|Hariyama, F|70/100 tox
|move|p1a: Blissey|Ice Beam|p2a: Muscle World
|-damage|p2a: Muscle World|46/100 tox
|
|-heal|p2a: Muscle World|52/100 tox|[from] item: Leftovers
|-damage|p2a: Muscle World|46/100 tox|[from] psn
|upkeep
|turn|13
|
|t:|1728162680
|-curestatus|p1a: Blissey|par|[from] ability: Natural Cure
|switch|p1a: Gengar|Gengar, F|100/100
|move|p2a: Muscle World|Brick Break|p1a: Gengar
|-immune|p1a: Gengar
|
|-heal|p2a: Muscle World|52/100 tox|[from] item: Leftovers
|-damage|p2a: Muscle World|40/100 tox|[from] psn
|upkeep
|turn|14
|
|t:|1728162710
|switch|p1a: Swampert|Swampert, F|100/100
|switch|p2a: Bad Egg|Blissey, F|100/100
|
|upkeep
|turn|15
|
|t:|1728162720
|switch|p1a: Blissey|Blissey, F, shiny|100/100
|move|p2a: Bad Egg|Wish|p2a: Bad Egg
|
|upkeep
|turn|16
|
|t:|1728162726
|switch|p1a: Tyranitar|Tyranitar, F|100/100
|-weather|Sandstorm|[from] ability: Sand Stream|[of] p1a: Tyranitar
|switch|p2a: Muscle World|Hariyama, F|40/100 tox
|
|-heal|p2a: Muscle World|90/100 tox|[from] move: Wish|[wisher] Bad Egg
|-weather|Sandstorm|[upkeep]
|-damage|p2a: Muscle World|84/100 tox|[from] Sandstorm
|-heal|p2a: Muscle World|90/100 tox|[from] item: Leftovers
|-damage|p2a: Muscle World|84/100 tox|[from] psn
|upkeep
|turn|17
|
|t:|1728162743
|switch|p1a: Skarmory|Skarmory, F|41/100
|move|p2a: Muscle World|Brick Break|p1a: Skarmory
|-damage|p1a: Skarmory|0 fnt
|faint|p1a: Skarmory
|
|t:|1728162757
|switch|p1a: Swampert|Swampert, F|100/100
|
|-weather|Sandstorm|[upkeep]
|-damage|p2a: Muscle World|78/100 tox|[from] Sandstorm
|-heal|p2a: Muscle World|84/100 tox|[from] item: Leftovers
|-damage|p2a: Muscle World|72/100 tox|[from] psn
|upkeep
|turn|18
|
|t:|1728162770
|move|p1a: Swampert|Earthquake|p2a: Muscle World
|-damage|p2a: Muscle World|35/100 tox
|move|p2a: Muscle World|Brick Break|p1a: Swampert
|-damage|p1a: Swampert|55/100
|
|-weather|Sandstorm|[upkeep]
|-damage|p2a: Muscle World|29/100 tox|[from] Sandstorm
|-heal|p1a: Swampert|61/100|[from] item: Leftovers
|-heal|p2a: Muscle World|35/100 tox|[from] item: Leftovers
|-damage|p2a: Muscle World|17/100 tox|[from] psn
|upkeep
|turn|19
|
|t:|1728162777
|move|p2a: Muscle World|Brick Break|p1a: Swampert
|-damage|p1a: Swampert|19/100
|move|p1a: Swampert|Ice Beam|p2a: Muscle World
|-damage|p2a: Muscle World|0 fnt
|faint|p2a: Muscle World
|
|t:|1728162791
|switch|p2a: FBI|Zapdos|94/100
|
|-weather|Sandstorm|[upkeep]
|-damage|p2a: FBI|88/100|[from] Sandstorm
|-heal|p2a: FBI|94/100|[from] item: Leftovers
|-heal|p1a: Swampert|25/100|[from] item: Leftovers
|upkeep
|turn|20
|
|t:|1728162800
|move|p1a: Swampert|Protect|p1a: Swampert
|-singleturn|p1a: Swampert|Protect
|move|p2a: FBI|Substitute|p2a: FBI
|-start|p2a: FBI|Substitute
|-damage|p2a: FBI|69/100
|
|-weather|Sandstorm|[upkeep]
|-damage|p2a: FBI|63/100|[from] Sandstorm
|-heal|p2a: FBI|69/100|[from] item: Leftovers
|-heal|p1a: Swampert|31/100|[from] item: Leftovers
|upkeep
|turn|21
|
|t:|1728162808
|switch|p1a: Blissey|Blissey, F, shiny|100/100
|move|p2a: FBI|Hidden Power|p1a: Blissey
|-damage|p1a: Blissey|91/100
|
|-weather|Sandstorm|[upkeep]
|-damage|p2a: FBI|63/100|[from] Sandstorm
|-damage|p1a: Blissey|85/100|[from] Sandstorm
|-heal|p2a: FBI|69/100|[from] item: Leftovers
|-heal|p1a: Blissey|91/100|[from] item: Leftovers
|upkeep
|turn|22
|
|t:|1728162813
|move|p2a: FBI|Baton Pass|p2a: FBI
|
|t:|1728162814
|switch|p2a: 40k|Metagross|100/100|[from] Baton Pass
|move|p1a: Blissey|Ice Beam|p2a: 40k
|-resisted|p2a: 40k
|-activate|p2a: 40k|Substitute|[damage]
|
|-weather|Sandstorm|[upkeep]
|-damage|p1a: Blissey|85/100|[from] Sandstorm
|-heal|p1a: Blissey|91/100|[from] item: Leftovers
|upkeep
|turn|23
|
|t:|1728162824
|switch|p1a: Zapdos|Zapdos|100/100
|move|p2a: 40k|Meteor Mash|p1a: Zapdos
|-resisted|p1a: Zapdos
|-damage|p1a: Zapdos|74/100
|
|-weather|Sandstorm|[upkeep]
|-damage|p1a: Zapdos|68/100|[from] Sandstorm
|-heal|p1a: Zapdos|74/100|[from] item: Leftovers
|upkeep
|turn|24
|
|t:|1728162831
|move|p2a: 40k|Protect|p2a: 40k
|-singleturn|p2a: 40k|Protect
|move|p1a: Zapdos|Thunderbolt|p2a: 40k
|-activate|p2a: 40k|Protect
|
|-weather|Sandstorm|[upkeep]
|-damage|p1a: Zapdos|68/100|[from] Sandstorm
|-heal|p1a: Zapdos|74/100|[from] item: Leftovers
|upkeep
|turn|25
|
|t:|1728162836
|move|p1a: Zapdos|Thunderbolt|p2a: 40k
|-end|p2a: 40k|Substitute
|move|p2a: 40k|Meteor Mash|p1a: Zapdos
|-resisted|p1a: Zapdos
|-damage|p1a: Zapdos|46/100
|
|-weather|Sandstorm|[upkeep]
|-damage|p1a: Zapdos|40/100|[from] Sandstorm
|-heal|p1a: Zapdos|46/100|[from] item: Leftovers
|upkeep
|turn|26
|
|t:|1728162849
|switch|p1a: Gengar|Gengar, F|100/100
|move|p2a: 40k|Protect||[still]
|-fail|p2a: 40k
|
|-weather|Sandstorm|[upkeep]
|-damage|p1a: Gengar|95/100|[from] Sandstorm
|-heal|p1a: Gengar|100/100|[from] item: Leftovers
|upkeep
|turn|27
|
|t:|1728162854
|move|p1a: Gengar|Will-O-Wisp|p2a: 40k
|-status|p2a: 40k|brn
|move|p2a: 40k|Meteor Mash|p1a: Gengar
|-damage|p1a: Gengar|65/100
|
|-weather|Sandstorm|[upkeep]
|-damage|p1a: Gengar|59/100|[from] Sandstorm
|-heal|p1a: Gengar|65/100|[from] item: Leftovers
|-damage|p2a: 40k|88/100 brn|[from] brn
|upkeep
|turn|28
|
|t:|1728162869
|switch|p1a: Swampert|Swampert, F|31/100
|move|p2a: 40k|Meteor Mash|p1a: Swampert
|-resisted|p1a: Swampert
|-damage|p1a: Swampert|23/100
|-boost|p2a: 40k|atk|1
|
|-weather|Sandstorm|[upkeep]
|-heal|p2a: 40k|94/100 brn|[from] item: Leftovers
|-damage|p2a: 40k|82/100 brn|[from] brn
|-heal|p1a: Swampert|29/100|[from] item: Leftovers
|upkeep
|turn|29
|
|t:|1728162880
|move|p1a: Swampert|Protect|p1a: Swampert
|-singleturn|p1a: Swampert|Protect
|move|p2a: 40k|Earthquake|p1a: Swampert
|-activate|p1a: Swampert|Protect
|
|-weather|Sandstorm|[upkeep]
|-heal|p2a: 40k|88/100 brn|[from] item: Leftovers
|-damage|p2a: 40k|75/100 brn|[from] brn
|-heal|p1a: Swampert|35/100|[from] item: Leftovers
|upkeep
|turn|30
|
|t:|1728162889
|switch|p1a: Gengar|Gengar, F|65/100
|move|p2a: 40k|Explosion|p1a: Gengar
|-immune|p1a: Gengar
|faint|p2a: 40k
|c|☆Scurrying Snail|got me lol
|
|t:|1728162902
|switch|p2a: FBI|Zapdos|69/100
|
|-weather|Sandstorm|[upkeep]
|-damage|p1a: Gengar|59/100|[from] Sandstorm
|-damage|p2a: FBI|63/100|[from] Sandstorm
|-heal|p1a: Gengar|65/100|[from] item: Leftovers
|-heal|p2a: FBI|69/100|[from] item: Leftovers
|upkeep
|turn|31
|
|t:|1728162911
|move|p1a: Gengar|Ice Punch|p2a: FBI
|-supereffective|p2a: FBI
|-damage|p2a: FBI|16/100
|move|p2a: FBI|Thunderbolt|p1a: Gengar
|-damage|p1a: Gengar|5/100
|
|-weather|Sandstorm|[upkeep]
|-damage|p1a: Gengar|0 fnt|[from] Sandstorm
|-damage|p2a: FBI|10/100|[from] Sandstorm
|faint|p1a: Gengar
|-heal|p2a: FBI|16/100|[from] item: Leftovers
|upkeep
|
|t:|1728162930
|switch|p1a: Blissey|Blissey, F, shiny|91/100
|turn|32
|
|t:|1728162935
|switch|p2a: Bad Egg|Blissey, F|100/100
|move|p1a: Blissey|Ice Beam|p2a: Bad Egg
|-damage|p2a: Bad Egg|90/100
|
|-weather|Sandstorm|[upkeep]
|-damage|p1a: Blissey|85/100|[from] Sandstorm
|-damage|p2a: Bad Egg|84/100|[from] Sandstorm
|-heal|p1a: Blissey|91/100|[from] item: Leftovers
|-heal|p2a: Bad Egg|90/100|[from] item: Leftovers
|upkeep
|turn|33
|
|t:|1728162944
|move|p1a: Blissey|Toxic|p2a: Bad Egg
|-status|p2a: Bad Egg|tox
|move|p2a: Bad Egg|Wish|p2a: Bad Egg
|
|-weather|Sandstorm|[upkeep]
|-damage|p1a: Blissey|85/100|[from] Sandstorm
|-damage|p2a: Bad Egg|84/100 tox|[from] Sandstorm
|-heal|p1a: Blissey|91/100|[from] item: Leftovers
|-heal|p2a: Bad Egg|90/100 tox|[from] item: Leftovers
|-damage|p2a: Bad Egg|84/100 tox|[from] psn
|upkeep
|turn|34
|
|t:|1728162949
|-curestatus|p2a: Bad Egg|tox|[from] ability: Natural Cure
|switch|p2a: Rock Phone|Tyranitar, M|100/100
|move|p1a: Blissey|Ice Beam|p2a: Rock Phone
|-damage|p2a: Rock Phone|75/100
|
|-heal|p2a: Rock Phone|100/100|[from] move: Wish|[wisher] Bad Egg
|-weather|Sandstorm|[upkeep]
|-damage|p1a: Blissey|85/100|[from] Sandstorm
|-heal|p1a: Blissey|91/100|[from] item: Leftovers
|upkeep
|turn|35
|
|t:|1728162954
|-singleturn|p2a: Rock Phone|move: Focus Punch
|move|p1a: Blissey|Toxic|p2a: Rock Phone
|-status|p2a: Rock Phone|tox
|move|p2a: Rock Phone|Focus Punch|p1a: Blissey
|-supereffective|p1a: Blissey
|-crit|p1a: Blissey
|-damage|p1a: Blissey|0 fnt
|faint|p1a: Blissey
|
|t:|1728162964
|switch|p1a: Swampert|Swampert, F|35/100
|
|-weather|Sandstorm|[upkeep]
|-damage|p2a: Rock Phone|94/100 tox|[from] psn
|-heal|p1a: Swampert|42/100|[from] item: Leftovers
|upkeep
|turn|36
|
|t:|1728162969
|move|p2a: Rock Phone|Hidden Power|p1a: Swampert
|-supereffective|p1a: Swampert
|-damage|p1a: Swampert|0 fnt
|faint|p1a: Swampert
|
|t:|1728162973
|switch|p1a: Tyranitar|Tyranitar, F|100/100
|
|-weather|Sandstorm|[upkeep]
|-heal|p2a: Rock Phone|100/100 tox|[from] item: Leftovers
|-damage|p2a: Rock Phone|88/100 tox|[from] psn
|upkeep
|turn|37
|
|t:|1728162998
|move|p2a: Rock Phone|Hidden Power|p1a: Tyranitar
|-supereffective|p1a: Tyranitar
|-damage|p1a: Tyranitar|66/100
|move|p1a: Tyranitar|Earthquake|p2a: Rock Phone
|-supereffective|p2a: Rock Phone
|-damage|p2a: Rock Phone|15/100 tox
|
|-weather|Sandstorm|[upkeep]
|-heal|p2a: Rock Phone|21/100 tox|[from] item: Leftovers
|-damage|p2a: Rock Phone|2/100 tox|[from] psn
|-heal|p1a: Tyranitar|72/100|[from] item: Leftovers
|upkeep
|turn|38
|
|t:|1728163007
|switch|p1a: Zapdos|Zapdos|46/100
|move|p2a: Rock Phone|Rock Slide|p1a: Zapdos
|-supereffective|p1a: Zapdos
|-damage|p1a: Zapdos|0 fnt
|faint|p1a: Zapdos
|
|t:|1728163012
|switch|p1a: Tyranitar|Tyranitar, F|72/100
|
|-weather|Sandstorm|[upkeep]
|-heal|p2a: Rock Phone|8/100 tox|[from] item: Leftovers
|-damage|p2a: Rock Phone|0 fnt|[from] psn
|faint|p2a: Rock Phone
|-heal|p1a: Tyranitar|78/100|[from] item: Leftovers
|upkeep
|
|t:|1728163017
|switch|p2a: Bad Habit|Starmie|94/100
|turn|39
|
|t:|1728163029
|move|p2a: Bad Habit|Thunder Wave|p1a: Tyranitar
|-status|p1a: Tyranitar|par
|move|p1a: Tyranitar|Hidden Power|p2a: Bad Habit
|-supereffective|p2a: Bad Habit
|-damage|p2a: Bad Habit|34/100
|
|-weather|Sandstorm|[upkeep]
|-damage|p2a: Bad Habit|28/100|[from] Sandstorm
|-heal|p2a: Bad Habit|34/100|[from] item: Leftovers
|-heal|p1a: Tyranitar|84/100 par|[from] item: Leftovers
|upkeep
|turn|40
|
|t:|1728163032
|move|p2a: Bad Habit|Surf|p1a: Tyranitar
|-supereffective|p1a: Tyranitar
|-damage|p1a: Tyranitar|33/100 par
|move|p1a: Tyranitar|Hidden Power|p2a: Bad Habit
|-supereffective|p2a: Bad Habit
|-damage|p2a: Bad Habit|0 fnt
|faint|p2a: Bad Habit
|
|t:|1728163036
|switch|p2a: FBI|Zapdos|16/100
|
|-weather|Sandstorm|[upkeep]
|-damage|p2a: FBI|10/100|[from] Sandstorm
|-heal|p2a: FBI|16/100|[from] item: Leftovers
|-heal|p1a: Tyranitar|39/100 par|[from] item: Leftovers
|upkeep
|turn|41
|
|t:|1728163041
|move|p2a: FBI|Thunderbolt|p1a: Tyranitar
|-damage|p1a: Tyranitar|1/100 par
|cant|p1a: Tyranitar|par
|
|-weather|Sandstorm|[upkeep]
|-damage|p2a: FBI|10/100|[from] Sandstorm
|-heal|p2a: FBI|16/100|[from] item: Leftovers
|-heal|p1a: Tyranitar|7/100 par|[from] item: Leftovers
|upkeep
|turn|42
|
|t:|1728163045
|move|p2a: FBI|Thunderbolt|p1a: Tyranitar
|-damage|p1a: Tyranitar|0 fnt
|faint|p1a: Tyranitar
|
|win|Scurrying Snail
|c|☆Girls See Ghosts|gg
|c|☆Scurrying Snail|gg

</script>
<script type="application/json" class="data" id="replaydata-smogtours-gen3ou-795206">
{"id":"smogtours-gen3ou-795206","format":"[Gen 3] OU","players":["Girls See Ghosts","Scurrying Snail"],"uploadtime":1728163045,"views":138,"formatid":"gen3ou","rating":null,"private":0,"password":null}
</script>

<script defer src="js/replays.js?9d40a366"></script>
