<!DOCTYPE html>
<meta charset="utf-8" />
<meta name="viewport" content="width=device-width" />

<title>[Gen 3] OU: jpmockman vs. ShotoNC - Replays - Pok&eacute;mon Showdown!</title>

<meta name="description" content="Watch a replay of a Pok&eacute;mon battle between jpmockman and ShotoNC! Format: [Gen 3] OU; Date: Oct 4, 2024" />
<!--

Hey, you! Looking in the source for the replay log?

You can find them in JSON format, just add `.json` at the end of a replay URL.

https://replay.pokemonshowdown.com/gen7randomdoublesbattle-865046831.json

Or, if you only need the log itself, add `.log` instead:

https://replay.pokemonshowdown.com/gen7randomdoublesbattle-865046831.log

-->

<link rel="stylesheet" href="//pokemonshowdown.com/style/global.css?0.023195364461161105" />
<link rel="stylesheet" href="//play.pokemonshowdown.com/style/font-awesome.css?0.13261647063804238" />
<link rel="stylesheet" href="//play.pokemonshowdown.com/style/battle.css?0.8753245789963631" />
<link rel="stylesheet" href="//play.pokemonshowdown.com/style/utilichart.css?0.8627959624976733" />

<!-- Global site tag (gtag.js) - Google Analytics -->
<script async src="https://www.googletagmanager.com/gtag/js?id=UA-26211653-1"></script>
<script>
  window.dataLayer = window.dataLayer || [];
  function gtag(){dataLayer.push(arguments);}
  gtag('js', new Date());

  gtag('config', 'UA-26211653-1');
</script>
<!-- End Google Analytics -->
<!-- Venatus Ad Manager - Install in <HEAD> of page -->
	<script src="https://hb.vntsm.com/v3/live/ad-manager.min.js" type="text/javascript" data-site-id="642aba63ec9a7b11c3c9c1be" data-mode="scan" async></script>
<!-- / Venatus Ad Manager -->

<style>
	@media (max-width:820px) {
		.battle {
			margin: 0 auto;
		}
		.battle-log {
			margin: 7px auto 0;
			max-width: 640px;
			height: 300px;
			position: static;
		}
	}
	.optgroup {
		display: inline-block;
		line-height: 22px;
		font-size: 10pt;
	}
	.optgroup .button {
		height: 25px;
		padding-top: 0;
		padding-bottom: 0;
	}
	.optgroup button.button {
		padding-left: 12px;
		padding-right: 12px;
	}
	.linklist {
		list-style: none;
		margin: 0.5em 0;
		padding: 0;
	}
	.linklist li {
		padding: 2px 0;
	}
	.sidebar {
		float: left;
		width: 320px;
	}
	.bar-wrapper {
		max-width: 1100px;
		margin: 0 auto;
	}
	.bar-wrapper.has-sidebar {
		max-width: 1430px;
	}
	.mainbar {
		margin: 0;
		padding-right: 1px;
	}
	.mainbar.has-sidebar {
		margin-left: 330px;
	}
	@media (min-width: 1511px) {
		.sidebar {
			width: 400px;
		}
		.bar-wrapper.has-sidebar {
			max-width: 1510px;
		}
		.mainbar.has-sidebar {
			margin-left: 410px;
		}
	}
	.section.first-section {
		margin-top: 9px;
	}
	.blocklink small {
		white-space: normal;
	}
	.button {
		vertical-align: middle;
	}
	.replay-controls {
		padding-top: 10px;
	}
	.replay-controls h1 {
		font-size: 16pt;
		font-weight: normal;
		color: #CCC;
	}
	.pagelink {
		text-align: center;
	}
	.pagelink a {
		width: 150px;
	}
	.textbox, .button {
		font-size: 11pt;
		vertical-align: middle;
	}
	@media (max-width: 450px) {
		.button {
			font-size: 9pt;
		}
	}
</style>

<div>

	<header>
		<div class="nav-wrapper"><ul class="nav">
			<li><a class="button nav-first" href="//pokemonshowdown.com/"><img src="//pokemonshowdown.com/images/pokemonshowdownbeta.png" srcset="//pokemonshowdown.com/images/pokemonshowdownbeta.png 1x, //pokemonshowdown.com/images/pokemonshowdownbeta@2x.png 2x" alt="Pok&eacute;mon Showdown" width="146" height="44" /> Home</a></li>
			<li><a class="button" href="//pokemonshowdown.com/dex/">Pok&eacute;dex</a></li>
			<li><a class="button cur" href="/">Replays</a></li>
			<li><a class="button" href="//pokemonshowdown.com/ladder/">Ladder</a></li>
			<li><a class="button nav-last" href="//pokemonshowdown.com/forums/">Forum</a></li>
			<li><a class="button greenbutton nav-first nav-last" href="//play.pokemonshowdown.com/">Play</a></li>
		</ul></div>
	</header>

	<div class="main" id="main">

		<noscript><section class="section">You need to enable JavaScript to use this page; sorry!</section></noscript>

	</div>

</div>

<script defer nomodule src="//play.pokemonshowdown.com/js/lib/ps-polyfill.js"></script>
<script defer src="//play.pokemonshowdown.com/js/lib/preact.min.js"></script>

<script defer src="//play.pokemonshowdown.com/config/config.js?2bddbc15"></script>
<script defer src="//play.pokemonshowdown.com/js/lib/jquery-1.11.0.min.js"></script>
<script defer src="//play.pokemonshowdown.com/js/lib/html-sanitizer-minified.js"></script>
<script defer src="//play.pokemonshowdown.com/js/battle-sound.js"></script>
<script defer src="//play.pokemonshowdown.com/js/battledata.js?0.7209276989879541"></script>
<script defer src="//play.pokemonshowdown.com/data/pokedex-mini.js?0.6111056340867951"></script>
<script defer src="//play.pokemonshowdown.com/data/pokedex-mini-bw.js?0.3532142036491459"></script>
<script defer src="//play.pokemonshowdown.com/data/graphics.js?0.24223875632456182"></script>
<script defer src="//play.pokemonshowdown.com/data/pokedex.js?0.38839984266356864"></script>
<script defer src="//play.pokemonshowdown.com/data/moves.js?0.21866028504024015"></script>
<script defer src="//play.pokemonshowdown.com/data/abilities.js?0.2005157953846628"></script>
<script defer src="//play.pokemonshowdown.com/data/items.js?0.9894211263848525"></script>
<script defer src="//play.pokemonshowdown.com/data/teambuilder-tables.js?0.6008791140282215"></script>
<script defer src="//play.pokemonshowdown.com/js/battle-tooltips.js?0.7580118955022959"></script>
<script defer src="//play.pokemonshowdown.com/js/battle.js?0.6057722274234274"></script>

<script defer src="js/utils.js?e31f9a17"></script>
<script defer src="js/replays-battle.js?7008c182"></script>

<!-- don't scrape this data! just add .json or .log after the URL!
Full API docs: https://github.com/smogon/pokemon-showdown-client/blob/master/WEB-API.md -->
<script type="text/plain" class="log" id="replaylog-smogtours-gen3ou-794773">
|inactive|Battle timer is ON: inactive players will automatically lose when time's up.
|t:|1728083139
|gametype|singles
|player|p1|jpmockman|emmet|
|player|p2|ShotoNC|benga|
|teamsize|p1|6
|teamsize|p2|6
|gen|3
|tier|[Gen 3] OU
|rule|Sleep Clause Mod: Limit one foe put to sleep
|rule|Switch Priority Clause Mod: Faster Pokémon switch first
|rule|Species Clause: Limit one of each Pokémon
|rule|OHKO Clause: OHKO moves are banned
|rule|Evasion Items Clause: Evasion items are banned
|rule|Evasion Moves Clause: Evasion moves are banned
|rule|Endless Battle Clause: Forcing endless battles is banned
|rule|HP Percentage Mod: HP is shown in percentages
|rule|One Boost Passer Clause: Limit one Baton Passer that has a way to boost its stats
|rule|Freeze Clause Mod: Limit one foe frozen
|
|t:|1728083139
|start
|switch|p1a: Zapdos|Zapdos|100/100
|switch|p2a: CB HP Fighting|Zapdos|100/100
|turn|1
|c|☆jpmockman|GLHF
|
|t:|1728083169
|move|p1a: Zapdos|Thunder Wave|p2a: CB HP Fighting
|-status|p2a: CB HP Fighting|par
|move|p2a: CB HP Fighting|Thunderbolt|p1a: Zapdos
|-damage|p1a: Zapdos|58/100
|
|-heal|p1a: Zapdos|64/100|[from] item: Leftovers
|upkeep
|turn|2
|
|t:|1728083199
|move|p1a: Zapdos|Thunderbolt|p2a: CB HP Fighting
|-damage|p2a: CB HP Fighting|67/100 par
|move|p2a: CB HP Fighting|Toxic|p1a: Zapdos
|-status|p1a: Zapdos|tox
|
|-heal|p1a: Zapdos|71/100 tox|[from] item: Leftovers
|-damage|p1a: Zapdos|64/100 tox|[from] psn
|-heal|p2a: CB HP Fighting|73/100 par|[from] item: Leftovers
|upkeep
|turn|3
|inactive|ShotoNC has 270 seconds left.
|
|t:|1728083225
|move|p1a: Zapdos|Thunderbolt|p2a: CB HP Fighting
|-damage|p2a: CB HP Fighting|39/100 par
|move|p2a: CB HP Fighting|Thunderbolt|p1a: Zapdos
|-damage|p1a: Zapdos|24/100 tox
|
|-heal|p1a: Zapdos|30/100 tox|[from] item: Leftovers
|-damage|p1a: Zapdos|18/100 tox|[from] psn
|-heal|p2a: CB HP Fighting|45/100 par|[from] item: Leftovers
|upkeep
|turn|4
|
|t:|1728083240
|switch|p1a: Snorlax|Snorlax, F|100/100
|move|p2a: CB HP Fighting|Rest|p2a: CB HP Fighting
|-status|p2a: CB HP Fighting|slp|[from] move: Rest
|-heal|p2a: CB HP Fighting|100/100 slp|[silent]
|
|upkeep
|turn|5
|
|t:|1728083253
|switch|p2a: CB HP Grass|Gengar, M|100/100
|move|p1a: Snorlax|Body Slam|p2a: CB HP Grass
|-immune|p2a: CB HP Grass
|
|upkeep
|turn|6
|c|☆ShotoNC|o glhf
|inactive|ShotoNC has 270 seconds left.
|
|t:|1728083277
|move|p2a: CB HP Grass|Will-O-Wisp|p1a: Snorlax|[miss]
|-miss|p2a: CB HP Grass|p1a: Snorlax
|move|p1a: Snorlax|Body Slam|p2a: CB HP Grass
|-immune|p2a: CB HP Grass
|
|upkeep
|turn|7
|inactive|jpmockman has 270 seconds left.
|
|t:|1728083299
|switch|p1a: Gengar|Gengar, M|100/100
|move|p2a: CB HP Grass|Will-O-Wisp|p1a: Gengar|[miss]
|-miss|p2a: CB HP Grass|p1a: Gengar
|
|upkeep
|turn|8
|
|t:|1728083311
|move|p1a: Gengar|Thunderbolt|p2a: CB HP Grass
|-damage|p2a: CB HP Grass|58/100
|move|p2a: CB HP Grass|Taunt|p1a: Gengar
|-start|p1a: Gengar|move: Taunt
|
|-heal|p2a: CB HP Grass|64/100|[from] item: Leftovers
|upkeep
|turn|9
|
|t:|1728083324
|switch|p2a: CB HP Water|Jirachi, shiny|100/100
|move|p1a: Gengar|Thunderbolt|p2a: CB HP Water
|-damage|p2a: CB HP Water|75/100
|-status|p2a: CB HP Water|par
|
|-end|p1a: Gengar|move: Taunt|[silent]
|-heal|p2a: CB HP Water|81/100 par|[from] item: Leftovers
|upkeep
|turn|10
|
|t:|1728083344
|switch|p1a: Snorlax|Snorlax, F|100/100
|move|p2a: CB HP Water|Wish|p2a: CB HP Water
|
|-heal|p2a: CB HP Water|87/100 par|[from] item: Leftovers
|upkeep
|turn|11
|
|t:|1728083354
|switch|p2a: CB HP Grass|Gengar, M|64/100
|move|p1a: Snorlax|Earthquake|p2a: CB HP Grass
|-immune|p2a: CB HP Grass
|
|-heal|p2a: CB HP Grass|100/100|[from] move: Wish|[wisher] CB HP Water
|upkeep
|turn|12
|
|t:|1728083361
|switch|p1a: Gengar|Gengar, M|100/100
|move|p2a: CB HP Grass|Will-O-Wisp|p1a: Gengar
|-status|p1a: Gengar|brn
|-enditem|p1a: Gengar|Lum Berry|[eat]
|-curestatus|p1a: Gengar|brn|[msg]
|
|upkeep
|turn|13
|
|t:|1728083368
|move|p2a: CB HP Grass|Will-O-Wisp|p1a: Gengar
|-status|p1a: Gengar|brn
|move|p1a: Gengar|Thunderbolt|p2a: CB HP Grass
|-damage|p2a: CB HP Grass|55/100
|
|-heal|p2a: CB HP Grass|61/100|[from] item: Leftovers
|-damage|p1a: Gengar|88/100 brn|[from] brn
|upkeep
|turn|14
|inactive|ShotoNC has 270 seconds left.
|
|t:|1728083377
|switch|p2a: CB HP Water|Jirachi, shiny|87/100 par
|move|p1a: Gengar|Thunderbolt|p2a: CB HP Water
|-damage|p2a: CB HP Water|60/100 par
|
|-damage|p1a: Gengar|76/100 brn|[from] brn
|-heal|p2a: CB HP Water|66/100 par|[from] item: Leftovers
|upkeep
|turn|15
|
|t:|1728083385
|switch|p1a: Snorlax|Snorlax, F|100/100
|move|p2a: CB HP Water|Wish|p2a: CB HP Water
|
|-heal|p2a: CB HP Water|72/100 par|[from] item: Leftovers
|upkeep
|turn|16
|inactive|jpmockman has 270 seconds left.
|
|t:|1728083418
|switch|p1a: Swampert|Swampert, M|100/100
|switch|p2a: CB HP Grass|Gengar, M|61/100
|
|-heal|p2a: CB HP Grass|100/100|[from] move: Wish|[wisher] CB HP Water
|upkeep
|turn|17
|inactive|ShotoNC has 270 seconds left.
|
|t:|1728083451
|move|p2a: CB HP Grass|Explosion|p1a: Swampert
|-damage|p1a: Swampert|52/100
|faint|p2a: CB HP Grass
|
|t:|1728083454
|switch|p2a: CB HP Bug|Dugtrio, F|100/100
|
|-heal|p1a: Swampert|58/100|[from] item: Leftovers
|upkeep
|turn|18
|
|t:|1728083467
|move|p2a: CB HP Bug|Earthquake|p1a: Swampert
|-crit|p1a: Swampert
|-damage|p1a: Swampert|0 fnt
|faint|p1a: Swampert
|
|t:|1728083480
|switch|p1a: Gengar|Gengar, M|76/100 brn
|
|-damage|p1a: Gengar|64/100 brn|[from] brn
|upkeep
|turn|19
|
|t:|1728083488
|switch|p2a: CB HP Water|Jirachi, shiny|72/100 par
|move|p1a: Gengar|Ice Punch|p2a: CB HP Water
|-resisted|p2a: CB HP Water
|-damage|p2a: CB HP Water|62/100 par
|
|-damage|p1a: Gengar|51/100 brn|[from] brn
|-heal|p2a: CB HP Water|68/100 par|[from] item: Leftovers
|upkeep
|turn|20
|
|t:|1728083496
|switch|p1a: Snorlax|Snorlax, F|100/100
|move|p2a: CB HP Water|Calm Mind|p2a: CB HP Water
|-boost|p2a: CB HP Water|spa|1
|-boost|p2a: CB HP Water|spd|1
|
|-heal|p2a: CB HP Water|74/100 par|[from] item: Leftovers
|upkeep
|turn|21
|
|t:|1728083507
|move|p1a: Snorlax|Earthquake|p2a: CB HP Water
|-supereffective|p2a: CB HP Water
|-damage|p2a: CB HP Water|29/100 par
|move|p2a: CB HP Water|Wish|p2a: CB HP Water
|
|-heal|p2a: CB HP Water|35/100 par|[from] item: Leftovers
|upkeep
|turn|22
|inactive|ShotoNC has 270 seconds left.
|
|t:|1728083540
|switch|p2a: CB HP Fighting|Zapdos|100/100 slp
|move|p1a: Snorlax|Earthquake|p2a: CB HP Fighting
|-immune|p2a: CB HP Fighting
|
|upkeep
|turn|23
|
|t:|1728083548
|switch|p1a: Beebo|Tyranitar, F|100/100
|-weather|Sandstorm|[from] ability: Sand Stream|[of] p1a: Beebo
|cant|p2a: CB HP Fighting|slp
|
|-weather|Sandstorm|[upkeep]
|-damage|p2a: CB HP Fighting|94/100 slp|[from] Sandstorm
|-heal|p2a: CB HP Fighting|100/100 slp|[from] item: Leftovers
|upkeep
|turn|24
|
|t:|1728083561
|switch|p2a: CB HP Bug|Dugtrio, F|100/100
|move|p1a: Beebo|Substitute|p1a: Beebo
|-start|p1a: Beebo|Substitute
|-damage|p1a: Beebo|75/100
|
|-weather|Sandstorm|[upkeep]
|-heal|p1a: Beebo|82/100|[from] item: Leftovers
|upkeep
|turn|25
|
|t:|1728083575
|-singleturn|p1a: Beebo|move: Focus Punch
|move|p2a: CB HP Bug|Earthquake|p1a: Beebo
|-supereffective|p1a: Beebo
|-end|p1a: Beebo|Substitute
|move|p1a: Beebo|Focus Punch|p2a: CB HP Bug
|-crit|p2a: CB HP Bug
|-damage|p2a: CB HP Bug|0 fnt
|faint|p2a: CB HP Bug
|inactive|ShotoNC has 270 seconds left.
|
|t:|1728083594
|switch|p2a: Not CB :)|Starmie, shiny|100/100
|
|-weather|Sandstorm|[upkeep]
|-damage|p2a: Not CB :)|94/100|[from] Sandstorm
|-heal|p2a: Not CB :)|100/100|[from] item: Leftovers
|-heal|p1a: Beebo|88/100|[from] item: Leftovers
|upkeep
|turn|26
|inactive|ShotoNC has 270 seconds left.
|
|t:|1728083607
|switch|p1a: Snorlax|Snorlax, F|100/100
|move|p2a: Not CB :)|Surf|p1a: Snorlax
|-damage|p1a: Snorlax|80/100
|
|-weather|Sandstorm|[upkeep]
|-damage|p2a: Not CB :)|94/100|[from] Sandstorm
|-damage|p1a: Snorlax|74/100|[from] Sandstorm
|-heal|p2a: Not CB :)|100/100|[from] item: Leftovers
|-heal|p1a: Snorlax|80/100|[from] item: Leftovers
|upkeep
|turn|27
|inactive|ShotoNC has 270 seconds left.
|
|t:|1728083634
|switch|p2a: CB HP Fighting|Zapdos|100/100 slp
|move|p1a: Snorlax|Body Slam|p2a: CB HP Fighting
|-damage|p2a: CB HP Fighting|64/100 slp
|
|-weather|Sandstorm|[upkeep]
|-damage|p2a: CB HP Fighting|57/100 slp|[from] Sandstorm
|-damage|p1a: Snorlax|74/100|[from] Sandstorm
|-heal|p2a: CB HP Fighting|64/100 slp|[from] item: Leftovers
|-heal|p1a: Snorlax|80/100|[from] item: Leftovers
|upkeep
|turn|28
|
|t:|1728083657
|switch|p1a: Beebo|Tyranitar, F|88/100
|cant|p2a: CB HP Fighting|slp
|
|-weather|Sandstorm|[upkeep]
|-damage|p2a: CB HP Fighting|57/100 slp|[from] Sandstorm
|-heal|p2a: CB HP Fighting|64/100 slp|[from] item: Leftovers
|-heal|p1a: Beebo|94/100|[from] item: Leftovers
|upkeep
|turn|29
|
|t:|1728083674
|-curestatus|p2a: CB HP Fighting|slp|[msg]
|move|p2a: CB HP Fighting|Hidden Power|p1a: Beebo
|-supereffective|p1a: Beebo
|-damage|p1a: Beebo|58/100
|move|p1a: Beebo|Rock Slide|p2a: CB HP Fighting
|-supereffective|p2a: CB HP Fighting
|-damage|p2a: CB HP Fighting|0 fnt
|faint|p2a: CB HP Fighting
|
|t:|1728083687
|switch|p2a: Not CB :)|Starmie, shiny|100/100
|
|-weather|Sandstorm|[upkeep]
|-damage|p2a: Not CB :)|94/100|[from] Sandstorm
|-heal|p2a: Not CB :)|100/100|[from] item: Leftovers
|-heal|p1a: Beebo|64/100|[from] item: Leftovers
|upkeep
|turn|30
|
|t:|1728083694
|switch|p1a: Snorlax|Snorlax, F|80/100
|move|p2a: Not CB :)|Surf|p1a: Snorlax
|-damage|p1a: Snorlax|59/100
|
|-weather|Sandstorm|[upkeep]
|-damage|p2a: Not CB :)|94/100|[from] Sandstorm
|-damage|p1a: Snorlax|53/100|[from] Sandstorm
|-heal|p2a: Not CB :)|100/100|[from] item: Leftovers
|-heal|p1a: Snorlax|59/100|[from] item: Leftovers
|upkeep
|turn|31
|
|t:|1728083705
|switch|p2a: CB HP Water|Jirachi, shiny|35/100 par
|move|p1a: Snorlax|Body Slam|p2a: CB HP Water
|-resisted|p2a: CB HP Water
|-damage|p2a: CB HP Water|20/100 par
|
|-weather|Sandstorm|[upkeep]
|-damage|p1a: Snorlax|53/100|[from] Sandstorm
|-heal|p1a: Snorlax|59/100|[from] item: Leftovers
|-heal|p2a: CB HP Water|26/100 par|[from] item: Leftovers
|upkeep
|turn|32
|inactive|ShotoNC has 240 seconds left.
|
|t:|1728083732
|move|p1a: Snorlax|Earthquake|p2a: CB HP Water
|-supereffective|p2a: CB HP Water
|-damage|p2a: CB HP Water|0 fnt
|faint|p2a: CB HP Water
|
|t:|1728083757
|switch|p2a: CB HP Ice|Metagross, shiny|100/100
|
|-weather|Sandstorm|[upkeep]
|-damage|p1a: Snorlax|53/100|[from] Sandstorm
|-heal|p1a: Snorlax|59/100|[from] item: Leftovers
|upkeep
|turn|33
|inactive|ShotoNC has 210 seconds left.
|
|t:|1728083793
|switch|p1a: Zapdos|Zapdos|18/100 tox
|move|p2a: CB HP Ice|Agility|p2a: CB HP Ice
|-boost|p2a: CB HP Ice|spe|2
|
|-weather|Sandstorm|[upkeep]
|-damage|p1a: Zapdos|12/100 tox|[from] Sandstorm
|-heal|p1a: Zapdos|18/100 tox|[from] item: Leftovers
|-damage|p1a: Zapdos|12/100 tox|[from] psn
|upkeep
|turn|34
|
|t:|1728083804
|move|p2a: CB HP Ice|Rock Slide|p1a: Zapdos
|-supereffective|p1a: Zapdos
|-damage|p1a: Zapdos|0 fnt
|faint|p1a: Zapdos
|
|t:|1728083807
|switch|p1a: Metagross|Metagross|100/100
|
|-weather|Sandstorm|[upkeep]
|upkeep
|turn|35
|
|t:|1728083813
|move|p2a: CB HP Ice|Earthquake|p1a: Metagross
|-supereffective|p1a: Metagross
|-damage|p1a: Metagross|41/100
|move|p1a: Metagross|Earthquake|p2a: CB HP Ice
|-supereffective|p2a: CB HP Ice
|-damage|p2a: CB HP Ice|10/100
|
|-weather|Sandstorm|[upkeep]
|upkeep
|turn|36
|
|t:|1728083825
|move|p2a: CB HP Ice|Earthquake|p1a: Metagross
|-supereffective|p1a: Metagross
|-damage|p1a: Metagross|0 fnt
|faint|p1a: Metagross
|inactive|jpmockman has 270 seconds left.
|
|t:|1728083875
|switch|p1a: Beebo|Tyranitar, F|64/100
|
|-weather|Sandstorm|[upkeep]
|-heal|p1a: Beebo|70/100|[from] item: Leftovers
|upkeep
|turn|37
|inactive|ShotoNC has 210 seconds left.
|
|t:|1728083896
|move|p2a: CB HP Ice|Earthquake|p1a: Beebo
|-supereffective|p1a: Beebo
|-damage|p1a: Beebo|6/100
|move|p1a: Beebo|Fire Blast|p2a: CB HP Ice|[miss]
|-miss|p1a: Beebo|p2a: CB HP Ice
|
|-weather|Sandstorm|[upkeep]
|-heal|p1a: Beebo|12/100|[from] item: Leftovers
|upkeep
|turn|38
|
|t:|1728083919
|move|p2a: CB HP Ice|Earthquake|p1a: Beebo
|-supereffective|p1a: Beebo
|-damage|p1a: Beebo|0 fnt
|faint|p1a: Beebo
|
|t:|1728083922
|switch|p1a: Snorlax|Snorlax, F|59/100
|
|-weather|Sandstorm|[upkeep]
|-damage|p1a: Snorlax|53/100|[from] Sandstorm
|-heal|p1a: Snorlax|59/100|[from] item: Leftovers
|upkeep
|turn|39
|inactive|ShotoNC has 180 seconds left.
|inactive|ShotoNC has 150 seconds left.
|inactive|ShotoNC has 120 seconds left.
|
|t:|1728084005
|move|p2a: CB HP Ice|Earthquake|p1a: Snorlax
|-damage|p1a: Snorlax|29/100
|move|p1a: Snorlax|Earthquake|p2a: CB HP Ice
|-supereffective|p2a: CB HP Ice
|-damage|p2a: CB HP Ice|0 fnt
|faint|p2a: CB HP Ice
|inactive|ShotoNC has 120 seconds left.
|
|t:|1728084012
|switch|p2a: Not CB :)|Starmie, shiny|100/100
|
|-weather|Sandstorm|[upkeep]
|-damage|p2a: Not CB :)|94/100|[from] Sandstorm
|-damage|p1a: Snorlax|23/100|[from] Sandstorm
|-heal|p2a: Not CB :)|100/100|[from] item: Leftovers
|-heal|p1a: Snorlax|29/100|[from] item: Leftovers
|upkeep
|turn|40
|inactive|ShotoNC has 120 seconds left.
|
|t:|1728084028
|move|p2a: Not CB :)|Surf|p1a: Snorlax
|-damage|p1a: Snorlax|9/100
|move|p1a: Snorlax|Self-Destruct|p2a: Not CB :)
|-damage|p2a: Not CB :)|0 fnt
|faint|p1a: Snorlax
|faint|p2a: Not CB :)
|
|win|jpmockman
|player|p2|
|c|☆jpmockman|GGs!
|player|p1|
|player|p2|ShotoNC|benga|
|player|p2|
|player|p1|jpmockman|emmet|
|player|p1|

</script>
<script type="application/json" class="data" id="replaydata-smogtours-gen3ou-794773">
{"id":"smogtours-gen3ou-794773","format":"[Gen 3] OU","players":["jpmockman","ShotoNC"],"uploadtime":1728084028,"views":134,"formatid":"gen3ou","rating":null,"private":0,"password":null}
</script>

<script defer src="js/replays.js?9d40a366"></script>
