<!DOCTYPE html>
<meta charset="utf-8" />
<meta name="viewport" content="width=device-width" />

<title>[Gen 3] OU: GarhamSandich vs. WraxiusGaming - Replays - Pok&eacute;mon Showdown!</title>

<meta name="description" content="Watch a replay of a Pok&eacute;mon battle between GarhamSandich and WraxiusGaming! Format: [Gen 3] OU; Date: Oct 31, 2024" />
<!--

Hey, you! Looking in the source for the replay log?

You can find them in JSON format, just add `.json` at the end of a replay URL.

https://replay.pokemonshowdown.com/gen7randomdoublesbattle-865046831.json

Or, if you only need the log itself, add `.log` instead:

https://replay.pokemonshowdown.com/gen7randomdoublesbattle-865046831.log

-->

<link rel="stylesheet" href="//pokemonshowdown.com/style/global.css?0.023195364461161105" />
<link rel="stylesheet" href="//play.pokemonshowdown.com/style/font-awesome.css?0.13261647063804238" />
<link rel="stylesheet" href="//play.pokemonshowdown.com/style/battle.css?0.8753245789963631" />
<link rel="stylesheet" href="//play.pokemonshowdown.com/style/utilichart.css?0.8627959624976733" />

<!-- Global site tag (gtag.js) - Google Analytics -->
<script async src="https://www.googletagmanager.com/gtag/js?id=UA-26211653-1"></script>
<script>
  window.dataLayer = window.dataLayer || [];
  function gtag(){dataLayer.push(arguments);}
  gtag('js', new Date());

  gtag('config', 'UA-26211653-1');
</script>
<!-- End Google Analytics -->
<!-- Venatus Ad Manager - Install in <HEAD> of page -->
	<script src="https://hb.vntsm.com/v3/live/ad-manager.min.js" type="text/javascript" data-site-id="642aba63ec9a7b11c3c9c1be" data-mode="scan" async></script>
<!-- / Venatus Ad Manager -->

<style>
	@media (max-width:820px) {
		.battle {
			margin: 0 auto;
		}
		.battle-log {
			margin: 7px auto 0;
			max-width: 640px;
			height: 300px;
			position: static;
		}
	}
	.optgroup {
		display: inline-block;
		line-height: 22px;
		font-size: 10pt;
	}
	.optgroup .button {
		height: 25px;
		padding-top: 0;
		padding-bottom: 0;
	}
	.optgroup button.button {
		padding-left: 12px;
		padding-right: 12px;
	}
	.linklist {
		list-style: none;
		margin: 0.5em 0;
		padding: 0;
	}
	.linklist li {
		padding: 2px 0;
	}
	.sidebar {
		float: left;
		width: 320px;
	}
	.bar-wrapper {
		max-width: 1100px;
		margin: 0 auto;
	}
	.bar-wrapper.has-sidebar {
		max-width: 1430px;
	}
	.mainbar {
		margin: 0;
		padding-right: 1px;
	}
	.mainbar.has-sidebar {
		margin-left: 330px;
	}
	@media (min-width: 1511px) {
		.sidebar {
			width: 400px;
		}
		.bar-wrapper.has-sidebar {
			max-width: 1510px;
		}
		.mainbar.has-sidebar {
			margin-left: 410px;
		}
	}
	.section.first-section {
		margin-top: 9px;
	}
	.blocklink small {
		white-space: normal;
	}
	.button {
		vertical-align: middle;
	}
	.replay-controls {
		padding-top: 10px;
	}
	.replay-controls h1 {
		font-size: 16pt;
		font-weight: normal;
		color: #CCC;
	}
	.pagelink {
		text-align: center;
	}
	.pagelink a {
		width: 150px;
	}
	.textbox, .button {
		font-size: 11pt;
		vertical-align: middle;
	}
	@media (max-width: 450px) {
		.button {
			font-size: 9pt;
		}
	}
</style>

<div>

	<header>
		<div class="nav-wrapper"><ul class="nav">
			<li><a class="button nav-first" href="//pokemonshowdown.com/"><img src="//pokemonshowdown.com/images/pokemonshowdownbeta.png" srcset="//pokemonshowdown.com/images/pokemonshowdownbeta.png 1x, //pokemonshowdown.com/images/pokemonshowdownbeta@2x.png 2x" alt="Pok&eacute;mon Showdown" width="146" height="44" /> Home</a></li>
			<li><a class="button" href="//pokemonshowdown.com/dex/">Pok&eacute;dex</a></li>
			<li><a class="button cur" href="/">Replays</a></li>
			<li><a class="button" href="//pokemonshowdown.com/ladder/">Ladder</a></li>
			<li><a class="button nav-last" href="//pokemonshowdown.com/forums/">Forum</a></li>
			<li><a class="button greenbutton nav-first nav-last" href="//play.pokemonshowdown.com/">Play</a></li>
		</ul></div>
	</header>

	<div class="main" id="main">

		<noscript><section class="section">You need to enable JavaScript to use this page; sorry!</section></noscript>

	</div>

</div>

<script defer nomodule src="//play.pokemonshowdown.com/js/lib/ps-polyfill.js"></script>
<script defer src="//play.pokemonshowdown.com/js/lib/preact.min.js"></script>

<script defer src="//play.pokemonshowdown.com/config/config.js?2bddbc15"></script>
<script defer src="//play.pokemonshowdown.com/js/lib/jquery-1.11.0.min.js"></script>
<script defer src="//play.pokemonshowdown.com/js/lib/html-sanitizer-minified.js"></script>
<script defer src="//play.pokemonshowdown.com/js/battle-sound.js"></script>
<script defer src="//play.pokemonshowdown.com/js/battledata.js?0.7209276989879541"></script>
<script defer src="//play.pokemonshowdown.com/data/pokedex-mini.js?0.6111056340867951"></script>
<script defer src="//play.pokemonshowdown.com/data/pokedex-mini-bw.js?0.3532142036491459"></script>
<script defer src="//play.pokemonshowdown.com/data/graphics.js?0.24223875632456182"></script>
<script defer src="//play.pokemonshowdown.com/data/pokedex.js?0.38839984266356864"></script>
<script defer src="//play.pokemonshowdown.com/data/moves.js?0.21866028504024015"></script>
<script defer src="//play.pokemonshowdown.com/data/abilities.js?0.2005157953846628"></script>
<script defer src="//play.pokemonshowdown.com/data/items.js?0.9894211263848525"></script>
<script defer src="//play.pokemonshowdown.com/data/teambuilder-tables.js?0.6008791140282215"></script>
<script defer src="//play.pokemonshowdown.com/js/battle-tooltips.js?0.7580118955022959"></script>
<script defer src="//play.pokemonshowdown.com/js/battle.js?0.6057722274234274"></script>

<script defer src="js/utils.js?e31f9a17"></script>
<script defer src="js/replays-battle.js?7008c182"></script>

<!-- don't scrape this data! just add .json or .log after the URL!
Full API docs: https://github.com/smogon/pokemon-showdown-client/blob/master/WEB-API.md -->
<script type="text/plain" class="log" id="replaylog-smogtours-gen3ou-803601">
|inactive|Battle timer is ON: inactive players will automatically lose when time's up.
|t:|1730398241
|gametype|singles
|player|p1|GarhamSandich|265|
|player|p2|WraxiusGaming|marley|
|teamsize|p1|6
|teamsize|p2|6
|gen|3
|tier|[Gen 3] OU
|rule|Sleep Clause Mod: Limit one foe put to sleep
|rule|Switch Priority Clause Mod: Faster Pokémon switch first
|rule|Species Clause: Limit one of each Pokémon
|rule|OHKO Clause: OHKO moves are banned
|rule|Evasion Items Clause: Evasion items are banned
|rule|Evasion Moves Clause: Evasion moves are banned
|rule|Endless Battle Clause: Forcing endless battles is banned
|rule|HP Percentage Mod: HP is shown in percentages
|rule|One Boost Passer Clause: Limit one Baton Passer that has a way to boost its stats
|rule|Freeze Clause Mod: Limit one foe frozen
|
|t:|1730398241
|start
|switch|p1a: Tyranitar|Tyranitar, F|100/100
|switch|p2a: Metagross|Metagross|100/100
|-weather|Sandstorm|[from] ability: Sand Stream|[of] p1a: Tyranitar
|turn|1
|
|t:|1730398253
|switch|p1a: Skarmory|Skarmory, M|100/100
|move|p2a: Metagross|Meteor Mash|p1a: Skarmory
|-resisted|p1a: Skarmory
|-damage|p1a: Skarmory|68/100
|-boost|p2a: Metagross|atk|1
|
|-weather|Sandstorm|[upkeep]
|-heal|p1a: Skarmory|74/100|[from] item: Leftovers
|upkeep
|turn|2
|
|t:|1730398258
|move|p1a: Skarmory|Protect|p1a: Skarmory
|-singleturn|p1a: Skarmory|Protect
|move|p2a: Metagross|Meteor Mash|p1a: Skarmory
|-activate|p1a: Skarmory|Protect
|
|-weather|Sandstorm|[upkeep]
|-heal|p1a: Skarmory|80/100|[from] item: Leftovers
|upkeep
|turn|3
|
|t:|1730398265
|move|p2a: Metagross|Meteor Mash|p1a: Skarmory
|-resisted|p1a: Skarmory
|-damage|p1a: Skarmory|34/100
|-boost|p2a: Metagross|atk|1
|move|p1a: Skarmory|Roar|p2a: Metagross
|drag|p2a: Salamence|Salamence, F|100/100
|-ability|p2a: Salamence|Intimidate|boost
|-unboost|p1a: Skarmory|atk|1
|
|-weather|Sandstorm|[upkeep]
|-damage|p2a: Salamence|94/100|[from] Sandstorm
|-heal|p2a: Salamence|100/100|[from] item: Leftovers
|-heal|p1a: Skarmory|40/100|[from] item: Leftovers
|upkeep
|turn|4
|
|t:|1730398273
|switch|p1a: Blissey|Blissey, F|100/100
|move|p2a: Salamence|Dragon Claw|p1a: Blissey
|-damage|p1a: Blissey|85/100
|
|-weather|Sandstorm|[upkeep]
|-damage|p2a: Salamence|94/100|[from] Sandstorm
|-damage|p1a: Blissey|79/100|[from] Sandstorm
|-heal|p2a: Salamence|100/100|[from] item: Leftovers
|-heal|p1a: Blissey|85/100|[from] item: Leftovers
|upkeep
|turn|5
|
|t:|1730398278
|switch|p2a: Snorlax|Snorlax, F|100/100
|switch|p1a: Moltres|Moltres|100/100
|
|-weather|Sandstorm|[upkeep]
|-damage|p1a: Moltres|94/100|[from] Sandstorm
|-damage|p2a: Snorlax|94/100|[from] Sandstorm
|-heal|p1a: Moltres|100/100|[from] item: Leftovers
|-heal|p2a: Snorlax|100/100|[from] item: Leftovers
|upkeep
|turn|6
|
|t:|1730398289
|switch|p2a: Suicune|Suicune|100/100
|move|p1a: Moltres|Will-O-Wisp|p2a: Suicune|[miss]
|-miss|p1a: Moltres|p2a: Suicune
|
|-weather|Sandstorm|[upkeep]
|-damage|p1a: Moltres|94/100|[from] Sandstorm
|-damage|p2a: Suicune|94/100|[from] Sandstorm
|-heal|p1a: Moltres|100/100|[from] item: Leftovers
|-heal|p2a: Suicune|100/100|[from] item: Leftovers
|upkeep
|turn|7
|
|t:|1730398295
|switch|p1a: Blissey|Blissey, F|85/100
|move|p2a: Suicune|Calm Mind|p2a: Suicune
|-boost|p2a: Suicune|spa|1
|-boost|p2a: Suicune|spd|1
|
|-weather|Sandstorm|[upkeep]
|-damage|p2a: Suicune|94/100|[from] Sandstorm
|-damage|p1a: Blissey|79/100|[from] Sandstorm
|-heal|p2a: Suicune|100/100|[from] item: Leftovers
|-heal|p1a: Blissey|85/100|[from] item: Leftovers
|upkeep
|turn|8
|
|t:|1730398299
|switch|p1a: Zapdos|Zapdos|100/100
|move|p2a: Suicune|Calm Mind|p2a: Suicune
|-boost|p2a: Suicune|spa|1
|-boost|p2a: Suicune|spd|1
|
|-weather|Sandstorm|[upkeep]
|-damage|p1a: Zapdos|94/100|[from] Sandstorm
|-damage|p2a: Suicune|94/100|[from] Sandstorm
|-heal|p1a: Zapdos|100/100|[from] item: Leftovers
|-heal|p2a: Suicune|100/100|[from] item: Leftovers
|upkeep
|turn|9
|
|t:|1730398302
|move|p2a: Suicune|Surf|p1a: Zapdos
|-damage|p1a: Zapdos|39/100
|move|p1a: Zapdos|Roar|p2a: Suicune
|drag|p2a: Metagross|Metagross|100/100
|
|-weather|Sandstorm|[upkeep]
|-damage|p1a: Zapdos|33/100|[from] Sandstorm
|-heal|p1a: Zapdos|39/100|[from] item: Leftovers
|upkeep
|turn|10
|
|t:|1730398308
|switch|p1a: Moltres|Moltres|100/100
|move|p2a: Metagross|Meteor Mash|p1a: Moltres
|-resisted|p1a: Moltres
|-damage|p1a: Moltres|52/100
|
|-weather|Sandstorm|[upkeep]
|-damage|p1a: Moltres|45/100|[from] Sandstorm
|-heal|p1a: Moltres|52/100|[from] item: Leftovers
|upkeep
|turn|11
|
|t:|1730398313
|switch|p2a: Suicune|Suicune|100/100
|move|p1a: Moltres|Will-O-Wisp|p2a: Suicune|[miss]
|-miss|p1a: Moltres|p2a: Suicune
|
|-weather|Sandstorm|[upkeep]
|-damage|p1a: Moltres|45/100|[from] Sandstorm
|-damage|p2a: Suicune|94/100|[from] Sandstorm
|-heal|p1a: Moltres|52/100|[from] item: Leftovers
|-heal|p2a: Suicune|100/100|[from] item: Leftovers
|upkeep
|turn|12
|
|t:|1730398321
|switch|p1a: Blissey|Blissey, F|85/100
|move|p2a: Suicune|Calm Mind|p2a: Suicune
|-boost|p2a: Suicune|spa|1
|-boost|p2a: Suicune|spd|1
|
|-weather|Sandstorm|[upkeep]
|-damage|p2a: Suicune|94/100|[from] Sandstorm
|-damage|p1a: Blissey|79/100|[from] Sandstorm
|-heal|p2a: Suicune|100/100|[from] item: Leftovers
|-heal|p1a: Blissey|85/100|[from] item: Leftovers
|upkeep
|turn|13
|
|t:|1730398323
|move|p2a: Suicune|Calm Mind|p2a: Suicune
|-boost|p2a: Suicune|spa|1
|-boost|p2a: Suicune|spd|1
|move|p1a: Blissey|Seismic Toss|p2a: Suicune
|-damage|p2a: Suicune|76/100
|
|-weather|Sandstorm|[upkeep]
|-damage|p2a: Suicune|69/100|[from] Sandstorm
|-damage|p1a: Blissey|79/100|[from] Sandstorm
|-heal|p2a: Suicune|76/100|[from] item: Leftovers
|-heal|p1a: Blissey|85/100|[from] item: Leftovers
|upkeep
|turn|14
|
|t:|1730398327
|move|p2a: Suicune|Calm Mind|p2a: Suicune
|-boost|p2a: Suicune|spa|1
|-boost|p2a: Suicune|spd|1
|move|p1a: Blissey|Seismic Toss|p2a: Suicune
|-damage|p2a: Suicune|51/100
|
|-weather|Sandstorm|[upkeep]
|-damage|p2a: Suicune|44/100|[from] Sandstorm
|-damage|p1a: Blissey|79/100|[from] Sandstorm
|-heal|p2a: Suicune|51/100|[from] item: Leftovers
|-heal|p1a: Blissey|85/100|[from] item: Leftovers
|upkeep
|turn|15
|
|t:|1730398329
|move|p2a: Suicune|Calm Mind|p2a: Suicune
|-boost|p2a: Suicune|spa|1
|-boost|p2a: Suicune|spd|1
|move|p1a: Blissey|Seismic Toss|p2a: Suicune
|-damage|p2a: Suicune|26/100
|
|-weather|Sandstorm|[upkeep]
|-damage|p2a: Suicune|19/100|[from] Sandstorm
|-damage|p1a: Blissey|79/100|[from] Sandstorm
|-heal|p2a: Suicune|26/100|[from] item: Leftovers
|-heal|p1a: Blissey|85/100|[from] item: Leftovers
|upkeep
|turn|16
|
|t:|1730398334
|switch|p1a: Skarmory|Skarmory, M|40/100
|move|p2a: Suicune|Rest|p2a: Suicune
|-status|p2a: Suicune|slp|[from] move: Rest
|-heal|p2a: Suicune|100/100 slp|[silent]
|
|-weather|Sandstorm|[upkeep]
|-damage|p2a: Suicune|94/100 slp|[from] Sandstorm
|-heal|p2a: Suicune|100/100 slp|[from] item: Leftovers
|-heal|p1a: Skarmory|46/100|[from] item: Leftovers
|upkeep
|turn|17
|
|t:|1730398339
|cant|p2a: Suicune|slp
|move|p2a: Suicune|Sleep Talk|p2a: Suicune
|move|p2a: Suicune|Calm Mind|p2a: Suicune|[from]Sleep Talk
|-boost|p2a: Suicune|spa|1
|-boost|p2a: Suicune|spd|1
|move|p1a: Skarmory|Roar|p2a: Suicune
|drag|p2a: Snorlax|Snorlax, F|100/100
|
|-weather|Sandstorm|[upkeep]
|-damage|p2a: Snorlax|94/100|[from] Sandstorm
|-heal|p1a: Skarmory|52/100|[from] item: Leftovers
|-heal|p2a: Snorlax|100/100|[from] item: Leftovers
|upkeep
|turn|18
|
|t:|1730398344
|move|p1a: Skarmory|Spikes|p2a: Snorlax
|-sidestart|p2: WraxiusGaming|Spikes
|move|p2a: Snorlax|Curse|p2a: Snorlax
|-unboost|p2a: Snorlax|spe|1
|-boost|p2a: Snorlax|atk|1
|-boost|p2a: Snorlax|def|1
|
|-weather|Sandstorm|[upkeep]
|-damage|p2a: Snorlax|94/100|[from] Sandstorm
|-heal|p1a: Skarmory|58/100|[from] item: Leftovers
|-heal|p2a: Snorlax|100/100|[from] item: Leftovers
|upkeep
|turn|19
|
|t:|1730398350
|move|p1a: Skarmory|Protect|p1a: Skarmory
|-singleturn|p1a: Skarmory|Protect
|move|p2a: Snorlax|Double-Edge|p1a: Skarmory
|-activate|p1a: Skarmory|Protect
|
|-weather|Sandstorm|[upkeep]
|-damage|p2a: Snorlax|94/100|[from] Sandstorm
|-heal|p1a: Skarmory|64/100|[from] item: Leftovers
|-heal|p2a: Snorlax|100/100|[from] item: Leftovers
|upkeep
|turn|20
|
|t:|1730398356
|move|p2a: Snorlax|Double-Edge|p1a: Skarmory
|-resisted|p1a: Skarmory
|-damage|p1a: Skarmory|31/100
|-damage|p2a: Snorlax|93/100|[from] Recoil|[of] p1a: Skarmory
|move|p1a: Skarmory|Roar|p2a: Snorlax
|drag|p2a: Suicune|Suicune|100/100 slp
|-damage|p2a: Suicune|88/100 slp|[from] Spikes
|
|-weather|Sandstorm|[upkeep]
|-damage|p2a: Suicune|82/100 slp|[from] Sandstorm
|-heal|p2a: Suicune|88/100 slp|[from] item: Leftovers
|-heal|p1a: Skarmory|37/100|[from] item: Leftovers
|upkeep
|turn|21
|
|t:|1730398360
|switch|p1a: Zapdos|Zapdos|39/100
|cant|p2a: Suicune|slp
|
|-weather|Sandstorm|[upkeep]
|-damage|p1a: Zapdos|33/100|[from] Sandstorm
|-damage|p2a: Suicune|82/100 slp|[from] Sandstorm
|-heal|p1a: Zapdos|39/100|[from] item: Leftovers
|-heal|p2a: Suicune|88/100 slp|[from] item: Leftovers
|upkeep
|turn|22
|
|t:|1730398367
|switch|p2a: Claydol|Claydol|100/100
|move|p1a: Zapdos|Roar|p2a: Claydol
|drag|p2a: Metagross|Metagross|100/100
|-damage|p2a: Metagross|88/100|[from] Spikes
|
|-weather|Sandstorm|[upkeep]
|-damage|p1a: Zapdos|33/100|[from] Sandstorm
|-heal|p1a: Zapdos|39/100|[from] item: Leftovers
|upkeep
|turn|23
|
|t:|1730398383
|switch|p1a: Flygon|Flygon, F|100/100
|move|p2a: Metagross|Meteor Mash|p1a: Flygon
|-damage|p1a: Flygon|36/100
|
|-weather|Sandstorm|[upkeep]
|-heal|p1a: Flygon|42/100|[from] item: Leftovers
|upkeep
|turn|24
|
|t:|1730398392
|switch|p2a: Salamence|Salamence, F|100/100
|-ability|p2a: Salamence|Intimidate|boost
|-unboost|p1a: Flygon|atk|1
|move|p1a: Flygon|Earthquake|p2a: Salamence
|-immune|p2a: Salamence
|
|-weather|Sandstorm|[upkeep]
|-damage|p2a: Salamence|94/100|[from] Sandstorm
|-heal|p2a: Salamence|100/100|[from] item: Leftovers
|-heal|p1a: Flygon|48/100|[from] item: Leftovers
|upkeep
|turn|25
|
|t:|1730398398
|move|p1a: Flygon|Protect|p1a: Flygon
|-singleturn|p1a: Flygon|Protect
|move|p2a: Salamence|Brick Break|p1a: Flygon
|-activate|p1a: Flygon|Protect
|
|-weather|Sandstorm|[upkeep]
|-damage|p2a: Salamence|94/100|[from] Sandstorm
|-heal|p2a: Salamence|100/100|[from] item: Leftovers
|-heal|p1a: Flygon|54/100|[from] item: Leftovers
|upkeep
|turn|26
|
|t:|1730398401
|switch|p1a: Blissey|Blissey, F|85/100
|move|p2a: Salamence|Dragon Claw|p1a: Blissey
|-damage|p1a: Blissey|71/100
|
|-weather|Sandstorm|[upkeep]
|-damage|p2a: Salamence|94/100|[from] Sandstorm
|-damage|p1a: Blissey|64/100|[from] Sandstorm
|-heal|p2a: Salamence|100/100|[from] item: Leftovers
|-heal|p1a: Blissey|71/100|[from] item: Leftovers
|upkeep
|turn|27
|
|t:|1730398407
|switch|p2a: Snorlax|Snorlax, F|93/100
|-damage|p2a: Snorlax|80/100|[from] Spikes
|move|p1a: Blissey|Soft-Boiled|p1a: Blissey
|-heal|p1a: Blissey|100/100
|
|-weather|Sandstorm|[upkeep]
|-damage|p1a: Blissey|94/100|[from] Sandstorm
|-damage|p2a: Snorlax|74/100|[from] Sandstorm
|-heal|p1a: Blissey|100/100|[from] item: Leftovers
|-heal|p2a: Snorlax|80/100|[from] item: Leftovers
|upkeep
|turn|28
|
|t:|1730398414
|switch|p1a: Tyranitar|Tyranitar, F|100/100
|move|p2a: Snorlax|Curse|p2a: Snorlax
|-unboost|p2a: Snorlax|spe|1
|-boost|p2a: Snorlax|atk|1
|-boost|p2a: Snorlax|def|1
|
|-weather|Sandstorm|[upkeep]
|-damage|p2a: Snorlax|74/100|[from] Sandstorm
|-heal|p2a: Snorlax|80/100|[from] item: Leftovers
|upkeep
|turn|29
|
|t:|1730398417
|move|p1a: Tyranitar|Rock Slide|p2a: Snorlax
|-damage|p2a: Snorlax|58/100
|move|p2a: Snorlax|Earthquake|p1a: Tyranitar
|-supereffective|p1a: Tyranitar
|-damage|p1a: Tyranitar|19/100
|
|-weather|Sandstorm|[upkeep]
|-damage|p2a: Snorlax|52/100|[from] Sandstorm
|-heal|p1a: Tyranitar|26/100|[from] item: Leftovers
|-heal|p2a: Snorlax|58/100|[from] item: Leftovers
|upkeep
|turn|30
|
|t:|1730398426
|move|p1a: Tyranitar|Rock Slide|p2a: Snorlax
|-damage|p2a: Snorlax|33/100
|cant|p2a: Snorlax|flinch
|
|-weather|Sandstorm|[upkeep]
|-damage|p2a: Snorlax|27/100|[from] Sandstorm
|-heal|p1a: Tyranitar|32/100|[from] item: Leftovers
|-heal|p2a: Snorlax|33/100|[from] item: Leftovers
|upkeep
|turn|31
|
|t:|1730398434
|switch|p1a: Skarmory|Skarmory, M|37/100
|move|p2a: Snorlax|Double-Edge|p1a: Skarmory
|-resisted|p1a: Skarmory
|-crit|p1a: Skarmory
|-damage|p1a: Skarmory|0 fnt
|-damage|p2a: Snorlax|24/100|[from] Recoil|[of] p1a: Skarmory
|faint|p1a: Skarmory
|
|t:|1730398439
|switch|p1a: Moltres|Moltres|52/100
|
|-weather|Sandstorm|[upkeep]
|-damage|p1a: Moltres|45/100|[from] Sandstorm
|-damage|p2a: Snorlax|18/100|[from] Sandstorm
|-heal|p1a: Moltres|52/100|[from] item: Leftovers
|-heal|p2a: Snorlax|24/100|[from] item: Leftovers
|upkeep
|turn|32
|
|t:|1730398441
|move|p1a: Moltres|Flamethrower|p2a: Snorlax
|-damage|p2a: Snorlax|0 fnt
|faint|p2a: Snorlax
|
|t:|1730398457
|switch|p2a: Salamence|Salamence, F|100/100
|-ability|p2a: Salamence|Intimidate|boost
|-unboost|p1a: Moltres|atk|1
|
|-weather|Sandstorm|[upkeep]
|-damage|p2a: Salamence|94/100|[from] Sandstorm
|-damage|p1a: Moltres|45/100|[from] Sandstorm
|-heal|p2a: Salamence|100/100|[from] item: Leftovers
|-heal|p1a: Moltres|52/100|[from] item: Leftovers
|upkeep
|turn|33
|
|t:|1730398463
|switch|p1a: Blissey|Blissey, F|100/100
|move|p2a: Salamence|Dragon Claw|p1a: Blissey
|-damage|p1a: Blissey|85/100
|
|-weather|Sandstorm|[upkeep]
|-damage|p2a: Salamence|94/100|[from] Sandstorm
|-damage|p1a: Blissey|79/100|[from] Sandstorm
|-heal|p2a: Salamence|100/100|[from] item: Leftovers
|-heal|p1a: Blissey|85/100|[from] item: Leftovers
|upkeep
|turn|34
|
|t:|1730398467
|switch|p2a: Metagross|Metagross|88/100
|-damage|p2a: Metagross|76/100|[from] Spikes
|switch|p1a: Moltres|Moltres|52/100
|
|-weather|Sandstorm|[upkeep]
|-damage|p1a: Moltres|45/100|[from] Sandstorm
|-heal|p1a: Moltres|52/100|[from] item: Leftovers
|upkeep
|turn|35
|
|t:|1730398473
|switch|p2a: Suicune|Suicune|88/100 slp
|-damage|p2a: Suicune|76/100 slp|[from] Spikes
|move|p1a: Moltres|Flamethrower|p2a: Suicune
|-resisted|p2a: Suicune
|-damage|p2a: Suicune|56/100 slp
|
|-weather|Sandstorm|[upkeep]
|-damage|p1a: Moltres|45/100|[from] Sandstorm
|-damage|p2a: Suicune|50/100 slp|[from] Sandstorm
|-heal|p1a: Moltres|52/100|[from] item: Leftovers
|-heal|p2a: Suicune|56/100 slp|[from] item: Leftovers
|upkeep
|turn|36
|
|t:|1730398478
|move|p1a: Moltres|Hidden Power|p2a: Suicune
|-supereffective|p2a: Suicune
|-damage|p2a: Suicune|16/100 slp
|cant|p2a: Suicune|slp
|
|-weather|Sandstorm|[upkeep]
|-damage|p1a: Moltres|45/100|[from] Sandstorm
|-damage|p2a: Suicune|10/100 slp|[from] Sandstorm
|-heal|p1a: Moltres|52/100|[from] item: Leftovers
|-heal|p2a: Suicune|16/100 slp|[from] item: Leftovers
|upkeep
|turn|37
|
|t:|1730398485
|switch|p2a: Celebi|Celebi|100/100
|-damage|p2a: Celebi|88/100|[from] Spikes
|move|p1a: Moltres|Flamethrower|p2a: Celebi
|-supereffective|p2a: Celebi
|-damage|p2a: Celebi|0 fnt
|faint|p2a: Celebi
|
|t:|1730398488
|switch|p2a: Claydol|Claydol|100/100
|
|-weather|Sandstorm|[upkeep]
|-damage|p1a: Moltres|45/100|[from] Sandstorm
|-heal|p1a: Moltres|52/100|[from] item: Leftovers
|upkeep
|turn|38
|
|t:|1730398492
|move|p2a: Claydol|Rapid Spin|p1a: Moltres
|-damage|p1a: Moltres|46/100
|-sideend|p2: WraxiusGaming|Spikes|[from] move: Rapid Spin|[of] p2a: Claydol
|move|p1a: Moltres|Will-O-Wisp|p2a: Claydol
|-status|p2a: Claydol|brn
|
|-weather|Sandstorm|[upkeep]
|-damage|p1a: Moltres|40/100|[from] Sandstorm
|-heal|p1a: Moltres|46/100|[from] item: Leftovers
|-damage|p2a: Claydol|88/100 brn|[from] brn
|upkeep
|turn|39
|
|t:|1730398496
|switch|p1a: Tyranitar|Tyranitar, F|32/100
|move|p2a: Claydol|Explosion|p1a: Tyranitar
|-resisted|p1a: Tyranitar
|-damage|p1a: Tyranitar|11/100
|faint|p2a: Claydol
|
|t:|1730398498
|switch|p2a: Suicune|Suicune|16/100 slp
|
|-weather|Sandstorm|[upkeep]
|-damage|p2a: Suicune|10/100 slp|[from] Sandstorm
|-heal|p2a: Suicune|16/100 slp|[from] item: Leftovers
|-heal|p1a: Tyranitar|17/100|[from] item: Leftovers
|upkeep
|turn|40
|
|t:|1730398502
|-curestatus|p2a: Suicune|slp|[msg]
|move|p2a: Suicune|Rest|p2a: Suicune
|-status|p2a: Suicune|slp|[from] move: Rest
|-heal|p2a: Suicune|100/100 slp|[silent]
|move|p1a: Tyranitar|Rock Slide|p2a: Suicune
|-crit|p2a: Suicune
|-damage|p2a: Suicune|32/100 slp
|
|-weather|Sandstorm|[upkeep]
|-damage|p2a: Suicune|25/100 slp|[from] Sandstorm
|-heal|p2a: Suicune|32/100 slp|[from] item: Leftovers
|-heal|p1a: Tyranitar|24/100|[from] item: Leftovers
|upkeep
|turn|41
|
|t:|1730398506
|cant|p2a: Suicune|slp
|move|p2a: Suicune|Sleep Talk|p2a: Suicune
|move|p2a: Suicune|Rest|p2a: Suicune|[from]Sleep Talk
|move|p1a: Tyranitar|Rock Slide|p2a: Suicune
|-damage|p2a: Suicune|0 fnt
|faint|p2a: Suicune
|
|t:|1730398525
|switch|p2a: Salamence|Salamence, F|100/100
|-ability|p2a: Salamence|Intimidate|boost
|-unboost|p1a: Tyranitar|atk|1
|
|-weather|Sandstorm|[upkeep]
|-damage|p2a: Salamence|94/100|[from] Sandstorm
|-heal|p2a: Salamence|100/100|[from] item: Leftovers
|-heal|p1a: Tyranitar|30/100|[from] item: Leftovers
|upkeep
|turn|42
|
|t:|1730398531
|move|p2a: Salamence|Brick Break|p1a: Tyranitar
|-supereffective|p1a: Tyranitar
|-damage|p1a: Tyranitar|0 fnt
|faint|p1a: Tyranitar
|
|t:|1730398533
|switch|p1a: Blissey|Blissey, F|85/100
|
|-weather|Sandstorm|[upkeep]
|-damage|p2a: Salamence|94/100|[from] Sandstorm
|-damage|p1a: Blissey|79/100|[from] Sandstorm
|-heal|p2a: Salamence|100/100|[from] item: Leftovers
|-heal|p1a: Blissey|85/100|[from] item: Leftovers
|upkeep
|turn|43
|
|t:|1730398535
|switch|p2a: Metagross|Metagross|76/100
|switch|p1a: Moltres|Moltres|46/100
|
|-weather|Sandstorm|[upkeep]
|-damage|p1a: Moltres|40/100|[from] Sandstorm
|-heal|p1a: Moltres|46/100|[from] item: Leftovers
|upkeep
|turn|44
|
|t:|1730398557
|switch|p2a: Salamence|Salamence, F|100/100
|-ability|p2a: Salamence|Intimidate|boost
|-unboost|p1a: Moltres|atk|1
|move|p1a: Moltres|Will-O-Wisp|p2a: Salamence
|-status|p2a: Salamence|brn
|
|-weather|Sandstorm|[upkeep]
|-damage|p2a: Salamence|94/100 brn|[from] Sandstorm
|-damage|p1a: Moltres|40/100|[from] Sandstorm
|-heal|p2a: Salamence|100/100 brn|[from] item: Leftovers
|-damage|p2a: Salamence|88/100 brn|[from] brn
|-heal|p1a: Moltres|46/100|[from] item: Leftovers
|upkeep
|turn|45
|
|t:|1730398562
|switch|p2a: Metagross|Metagross|76/100
|switch|p1a: Blissey|Blissey, F|85/100
|
|-weather|Sandstorm|[upkeep]
|-damage|p1a: Blissey|79/100|[from] Sandstorm
|-heal|p1a: Blissey|85/100|[from] item: Leftovers
|upkeep
|turn|46
|
|t:|1730398568
|switch|p1a: Zapdos|Zapdos|39/100
|move|p2a: Metagross|Meteor Mash|p1a: Zapdos
|-resisted|p1a: Zapdos
|-damage|p1a: Zapdos|0 fnt
|faint|p1a: Zapdos
|
|t:|1730398569
|switch|p1a: Moltres|Moltres|46/100
|
|-weather|Sandstorm|[upkeep]
|-damage|p1a: Moltres|40/100|[from] Sandstorm
|-heal|p1a: Moltres|46/100|[from] item: Leftovers
|upkeep
|turn|47
|
|t:|1730398602
|switch|p2a: Salamence|Salamence, F|88/100 brn
|-ability|p2a: Salamence|Intimidate|boost
|-unboost|p1a: Moltres|atk|1
|move|p1a: Moltres|Flamethrower|p2a: Salamence
|-resisted|p2a: Salamence
|-damage|p2a: Salamence|53/100 brn
|
|-weather|Sandstorm|[upkeep]
|-damage|p2a: Salamence|47/100 brn|[from] Sandstorm
|-damage|p1a: Moltres|40/100|[from] Sandstorm
|-heal|p2a: Salamence|53/100 brn|[from] item: Leftovers
|-damage|p2a: Salamence|41/100 brn|[from] brn
|-heal|p1a: Moltres|46/100|[from] item: Leftovers
|upkeep
|turn|48
|inactive|WraxiusGaming has 270 seconds left.
|
|t:|1730398623
|switch|p2a: Metagross|Metagross|76/100
|switch|p1a: Blissey|Blissey, F|85/100
|
|-weather|Sandstorm|[upkeep]
|-damage|p1a: Blissey|79/100|[from] Sandstorm
|-heal|p1a: Blissey|85/100|[from] item: Leftovers
|upkeep
|turn|49
|
|t:|1730398627
|move|p2a: Metagross|Meteor Mash|p1a: Blissey
|-crit|p1a: Blissey
|-damage|p1a: Blissey|0 fnt
|faint|p1a: Blissey
|
|t:|1730398629
|switch|p1a: Moltres|Moltres|46/100
|
|-weather|Sandstorm|[upkeep]
|-damage|p1a: Moltres|40/100|[from] Sandstorm
|-heal|p1a: Moltres|46/100|[from] item: Leftovers
|upkeep
|turn|50
|
|t:|1730398630
|move|p1a: Moltres|Flamethrower|p2a: Metagross
|-supereffective|p2a: Metagross
|-damage|p2a: Metagross|0 fnt
|faint|p2a: Metagross
|
|t:|1730398632
|switch|p2a: Salamence|Salamence, F|41/100 brn
|-ability|p2a: Salamence|Intimidate|boost
|-unboost|p1a: Moltres|atk|1
|
|-weather|Sandstorm|[upkeep]
|-damage|p2a: Salamence|35/100 brn|[from] Sandstorm
|-damage|p1a: Moltres|40/100|[from] Sandstorm
|-heal|p2a: Salamence|41/100 brn|[from] item: Leftovers
|-damage|p2a: Salamence|29/100 brn|[from] brn
|-heal|p1a: Moltres|46/100|[from] item: Leftovers
|upkeep
|turn|51
|
|t:|1730398634
|move|p2a: Salamence|Dragon Claw|p1a: Moltres
|-damage|p1a: Moltres|0 fnt
|faint|p1a: Moltres
|
|t:|1730398636
|switch|p1a: Flygon|Flygon, F|54/100
|
|-weather|Sandstorm|[upkeep]
|-damage|p2a: Salamence|23/100 brn|[from] Sandstorm
|-heal|p2a: Salamence|29/100 brn|[from] item: Leftovers
|-damage|p2a: Salamence|16/100 brn|[from] brn
|-heal|p1a: Flygon|60/100|[from] item: Leftovers
|upkeep
|turn|52
|
|t:|1730398638
|move|p1a: Flygon|Protect|p1a: Flygon
|-singleturn|p1a: Flygon|Protect
|move|p2a: Salamence|Dragon Claw|p1a: Flygon
|-activate|p1a: Flygon|Protect
|
|-weather|Sandstorm|[upkeep]
|-damage|p2a: Salamence|10/100 brn|[from] Sandstorm
|-heal|p2a: Salamence|16/100 brn|[from] item: Leftovers
|-damage|p2a: Salamence|4/100 brn|[from] brn
|-heal|p1a: Flygon|66/100|[from] item: Leftovers
|upkeep
|turn|53
|
|t:|1730398643
|move|p1a: Flygon|Protect||[still]
|-fail|p1a: Flygon
|move|p2a: Salamence|Dragon Claw|p1a: Flygon
|-supereffective|p1a: Flygon
|-crit|p1a: Flygon
|-damage|p1a: Flygon|0 fnt
|faint|p1a: Flygon
|
|win|WraxiusGaming
|c|☆GarhamSandich|gg
|player|p1|
|player|p1|GarhamSandich|265|

</script>
<script type="application/json" class="data" id="replaydata-smogtours-gen3ou-803601">
{"id":"smogtours-gen3ou-803601","format":"[Gen 3] OU","players":["GarhamSandich","WraxiusGaming"],"uploadtime":1730398643,"views":67,"formatid":"gen3ou","rating":null,"private":0,"password":null}
</script>

<script defer src="js/replays.js?9d40a366"></script>
