<!DOCTYPE html>
<meta charset="utf-8" />
<meta name="viewport" content="width=device-width" />

<title>[Gen 3] OU: Segale vs. xXEricXx - Replays - Pok&eacute;mon Showdown!</title>

<meta name="description" content="Watch a replay of a Pok&eacute;mon battle between Segale and xXEricXx! Format: [Gen 3] OU; Date: Nov 7, 2024" />
<!--

Hey, you! Looking in the source for the replay log?

You can find them in JSON format, just add `.json` at the end of a replay URL.

https://replay.pokemonshowdown.com/gen7randomdoublesbattle-865046831.json

Or, if you only need the log itself, add `.log` instead:

https://replay.pokemonshowdown.com/gen7randomdoublesbattle-865046831.log

-->

<link rel="stylesheet" href="//pokemonshowdown.com/style/global.css?0.023195364461161105" />
<link rel="stylesheet" href="//play.pokemonshowdown.com/style/font-awesome.css?0.13261647063804238" />
<link rel="stylesheet" href="//play.pokemonshowdown.com/style/battle.css?0.8753245789963631" />
<link rel="stylesheet" href="//play.pokemonshowdown.com/style/utilichart.css?0.8627959624976733" />

<!-- Global site tag (gtag.js) - Google Analytics -->
<script async src="https://www.googletagmanager.com/gtag/js?id=UA-26211653-1"></script>
<script>
  window.dataLayer = window.dataLayer || [];
  function gtag(){dataLayer.push(arguments);}
  gtag('js', new Date());

  gtag('config', 'UA-26211653-1');
</script>
<!-- End Google Analytics -->
<!-- Venatus Ad Manager - Install in <HEAD> of page -->
	<script src="https://hb.vntsm.com/v3/live/ad-manager.min.js" type="text/javascript" data-site-id="642aba63ec9a7b11c3c9c1be" data-mode="scan" async></script>
<!-- / Venatus Ad Manager -->

<style>
	@media (max-width:820px) {
		.battle {
			margin: 0 auto;
		}
		.battle-log {
			margin: 7px auto 0;
			max-width: 640px;
			height: 300px;
			position: static;
		}
	}
	.optgroup {
		display: inline-block;
		line-height: 22px;
		font-size: 10pt;
	}
	.optgroup .button {
		height: 25px;
		padding-top: 0;
		padding-bottom: 0;
	}
	.optgroup button.button {
		padding-left: 12px;
		padding-right: 12px;
	}
	.linklist {
		list-style: none;
		margin: 0.5em 0;
		padding: 0;
	}
	.linklist li {
		padding: 2px 0;
	}
	.sidebar {
		float: left;
		width: 320px;
	}
	.bar-wrapper {
		max-width: 1100px;
		margin: 0 auto;
	}
	.bar-wrapper.has-sidebar {
		max-width: 1430px;
	}
	.mainbar {
		margin: 0;
		padding-right: 1px;
	}
	.mainbar.has-sidebar {
		margin-left: 330px;
	}
	@media (min-width: 1511px) {
		.sidebar {
			width: 400px;
		}
		.bar-wrapper.has-sidebar {
			max-width: 1510px;
		}
		.mainbar.has-sidebar {
			margin-left: 410px;
		}
	}
	.section.first-section {
		margin-top: 9px;
	}
	.blocklink small {
		white-space: normal;
	}
	.button {
		vertical-align: middle;
	}
	.replay-controls {
		padding-top: 10px;
	}
	.replay-controls h1 {
		font-size: 16pt;
		font-weight: normal;
		color: #CCC;
	}
	.pagelink {
		text-align: center;
	}
	.pagelink a {
		width: 150px;
	}
	.textbox, .button {
		font-size: 11pt;
		vertical-align: middle;
	}
	@media (max-width: 450px) {
		.button {
			font-size: 9pt;
		}
	}
</style>

<div>

	<header>
		<div class="nav-wrapper"><ul class="nav">
			<li><a class="button nav-first" href="//pokemonshowdown.com/"><img src="//pokemonshowdown.com/images/pokemonshowdownbeta.png" srcset="//pokemonshowdown.com/images/pokemonshowdownbeta.png 1x, //pokemonshowdown.com/images/pokemonshowdownbeta@2x.png 2x" alt="Pok&eacute;mon Showdown" width="146" height="44" /> Home</a></li>
			<li><a class="button" href="//pokemonshowdown.com/dex/">Pok&eacute;dex</a></li>
			<li><a class="button cur" href="/">Replays</a></li>
			<li><a class="button" href="//pokemonshowdown.com/ladder/">Ladder</a></li>
			<li><a class="button nav-last" href="//pokemonshowdown.com/forums/">Forum</a></li>
			<li><a class="button greenbutton nav-first nav-last" href="//play.pokemonshowdown.com/">Play</a></li>
		</ul></div>
	</header>

	<div class="main" id="main">

		<noscript><section class="section">You need to enable JavaScript to use this page; sorry!</section></noscript>

	</div>

</div>

<script defer nomodule src="//play.pokemonshowdown.com/js/lib/ps-polyfill.js"></script>
<script defer src="//play.pokemonshowdown.com/js/lib/preact.min.js"></script>

<script defer src="//play.pokemonshowdown.com/config/config.js?2bddbc15"></script>
<script defer src="//play.pokemonshowdown.com/js/lib/jquery-1.11.0.min.js"></script>
<script defer src="//play.pokemonshowdown.com/js/lib/html-sanitizer-minified.js"></script>
<script defer src="//play.pokemonshowdown.com/js/battle-sound.js"></script>
<script defer src="//play.pokemonshowdown.com/js/battledata.js?0.7209276989879541"></script>
<script defer src="//play.pokemonshowdown.com/data/pokedex-mini.js?0.6111056340867951"></script>
<script defer src="//play.pokemonshowdown.com/data/pokedex-mini-bw.js?0.3532142036491459"></script>
<script defer src="//play.pokemonshowdown.com/data/graphics.js?0.24223875632456182"></script>
<script defer src="//play.pokemonshowdown.com/data/pokedex.js?0.38839984266356864"></script>
<script defer src="//play.pokemonshowdown.com/data/moves.js?0.21866028504024015"></script>
<script defer src="//play.pokemonshowdown.com/data/abilities.js?0.2005157953846628"></script>
<script defer src="//play.pokemonshowdown.com/data/items.js?0.9894211263848525"></script>
<script defer src="//play.pokemonshowdown.com/data/teambuilder-tables.js?0.6008791140282215"></script>
<script defer src="//play.pokemonshowdown.com/js/battle-tooltips.js?0.7580118955022959"></script>
<script defer src="//play.pokemonshowdown.com/js/battle.js?0.6057722274234274"></script>

<script defer src="js/utils.js?e31f9a17"></script>
<script defer src="js/replays-battle.js?7008c182"></script>

<!-- don't scrape this data! just add .json or .log after the URL!
Full API docs: https://github.com/smogon/pokemon-showdown-client/blob/master/WEB-API.md -->
<script type="text/plain" class="log" id="replaylog-smogtours-gen3ou-805136">
|inactive|Battle timer is ON: inactive players will automatically lose when time's up.
|t:|1731011766
|gametype|singles
|player|p1|Segale|blue|
|player|p2|xXEricXx|red|
|teamsize|p1|6
|teamsize|p2|6
|gen|3
|tier|[Gen 3] OU
|rule|Sleep Clause Mod: Limit one foe put to sleep
|rule|Switch Priority Clause Mod: Faster Pokémon switch first
|rule|Species Clause: Limit one of each Pokémon
|rule|OHKO Clause: OHKO moves are banned
|rule|Evasion Items Clause: Evasion items are banned
|rule|Evasion Moves Clause: Evasion moves are banned
|rule|Endless Battle Clause: Forcing endless battles is banned
|rule|HP Percentage Mod: HP is shown in percentages
|rule|One Boost Passer Clause: Limit one Baton Passer that has a way to boost its stats
|rule|Freeze Clause Mod: Limit one foe frozen
|
|t:|1731011766
|start
|switch|p1a: Heracross|Heracross, M|100/100
|switch|p2a: Tyranitar|Tyranitar, M|100/100
|-weather|Sandstorm|[from] ability: Sand Stream|[of] p2a: Tyranitar
|turn|1
|c|☆xXEricXx|hf
|inactive|xXEricXx has 270 seconds left.
|
|t:|1731011817
|-singleturn|p1a: Heracross|move: Focus Punch
|switch|p2a: Skarmory|Skarmory, F|100/100
|move|p1a: Heracross|Focus Punch|p2a: Skarmory
|-damage|p2a: Skarmory|39/100
|
|-weather|Sandstorm|[upkeep]
|-damage|p1a: Heracross|94/100|[from] Sandstorm
|-heal|p1a: Heracross|100/100|[from] item: Leftovers
|-heal|p2a: Skarmory|45/100|[from] item: Leftovers
|upkeep
|turn|2
|inactive|xXEricXx has 270 seconds left.
|
|t:|1731011854
|switch|p1a: Starmie|Starmie|100/100
|move|p2a: Skarmory|Drill Peck|p1a: Starmie
|-damage|p1a: Starmie|79/100
|
|-weather|Sandstorm|[upkeep]
|-damage|p1a: Starmie|73/100|[from] Sandstorm
|-heal|p1a: Starmie|79/100|[from] item: Leftovers
|-heal|p2a: Skarmory|51/100|[from] item: Leftovers
|upkeep
|turn|3
|inactive|xXEricXx has 270 seconds left.
|
|t:|1731011860
|move|p2a: Skarmory|Protect|p2a: Skarmory
|-singleturn|p2a: Skarmory|Protect
|move|p1a: Starmie|Surf|p2a: Skarmory
|-activate|p2a: Skarmory|Protect
|
|-weather|Sandstorm|[upkeep]
|-damage|p1a: Starmie|73/100|[from] Sandstorm
|-heal|p1a: Starmie|79/100|[from] item: Leftovers
|-heal|p2a: Skarmory|57/100|[from] item: Leftovers
|upkeep
|turn|4
|
|t:|1731011863
|switch|p1a: Heracross|Heracross, M|100/100
|switch|p2a: Celebi|Celebi|100/100
|
|-weather|Sandstorm|[upkeep]
|-damage|p1a: Heracross|94/100|[from] Sandstorm
|-damage|p2a: Celebi|94/100|[from] Sandstorm
|-heal|p1a: Heracross|100/100|[from] item: Leftovers
|-heal|p2a: Celebi|100/100|[from] item: Leftovers
|upkeep
|turn|5
|
|t:|1731011877
|switch|p2a: Skarmory|Skarmory, F|57/100
|move|p1a: Heracross|Substitute|p1a: Heracross
|-start|p1a: Heracross|Substitute
|-damage|p1a: Heracross|76/100
|
|-weather|Sandstorm|[upkeep]
|-damage|p1a: Heracross|70/100|[from] Sandstorm
|-heal|p1a: Heracross|76/100|[from] item: Leftovers
|-heal|p2a: Skarmory|63/100|[from] item: Leftovers
|upkeep
|turn|6
|
|t:|1731011882
|-singleturn|p1a: Heracross|move: Focus Punch
|move|p2a: Skarmory|Protect|p2a: Skarmory
|-singleturn|p2a: Skarmory|Protect
|move|p1a: Heracross|Focus Punch|p2a: Skarmory
|-activate|p2a: Skarmory|Protect
|
|-weather|Sandstorm|[upkeep]
|-damage|p1a: Heracross|70/100|[from] Sandstorm
|-heal|p1a: Heracross|76/100|[from] item: Leftovers
|-heal|p2a: Skarmory|69/100|[from] item: Leftovers
|upkeep
|turn|7
|
|t:|1731011886
|-singleturn|p1a: Heracross|move: Focus Punch
|move|p1a: Heracross|Focus Punch|p2a: Skarmory
|-damage|p2a: Skarmory|13/100
|move|p2a: Skarmory|Roar|p1a: Heracross
|drag|p1a: Starmie|Starmie|79/100
|
|-weather|Sandstorm|[upkeep]
|-damage|p1a: Starmie|73/100|[from] Sandstorm
|-heal|p1a: Starmie|79/100|[from] item: Leftovers
|-heal|p2a: Skarmory|19/100|[from] item: Leftovers
|upkeep
|turn|8
|
|t:|1731011901
|switch|p2a: Celebi|Celebi|100/100
|move|p1a: Starmie|Surf|p2a: Celebi
|-resisted|p2a: Celebi
|-damage|p2a: Celebi|88/100
|
|-weather|Sandstorm|[upkeep]
|-damage|p1a: Starmie|73/100|[from] Sandstorm
|-damage|p2a: Celebi|81/100|[from] Sandstorm
|-heal|p1a: Starmie|79/100|[from] item: Leftovers
|-heal|p2a: Celebi|88/100|[from] item: Leftovers
|upkeep
|turn|9
|
|t:|1731011905
|switch|p1a: Regice|Regice, shiny|100/100
|move|p2a: Celebi|Psychic|p1a: Regice
|-damage|p1a: Regice|83/100
|
|-weather|Sandstorm|[upkeep]
|-damage|p2a: Celebi|81/100|[from] Sandstorm
|-damage|p1a: Regice|77/100|[from] Sandstorm
|-heal|p2a: Celebi|88/100|[from] item: Leftovers
|-heal|p1a: Regice|83/100|[from] item: Leftovers
|upkeep
|turn|10
|
|t:|1731011923
|switch|p2a: Starmie|Starmie, shiny|100/100
|move|p1a: Regice|Thunder Wave|p2a: Starmie
|-status|p2a: Starmie|par
|
|-weather|Sandstorm|[upkeep]
|-damage|p1a: Regice|77/100|[from] Sandstorm
|-damage|p2a: Starmie|94/100 par|[from] Sandstorm
|-heal|p1a: Regice|83/100|[from] item: Leftovers
|-heal|p2a: Starmie|100/100 par|[from] item: Leftovers
|upkeep
|turn|11
|
|t:|1731011948
|-curestatus|p2a: Starmie|par|[from] ability: Natural Cure
|switch|p2a: Tyranitar|Tyranitar, M|100/100
|move|p1a: Regice|Thunderbolt|p2a: Tyranitar
|-damage|p2a: Tyranitar|78/100
|
|-weather|Sandstorm|[upkeep]
|-damage|p1a: Regice|77/100|[from] Sandstorm
|-heal|p2a: Tyranitar|85/100|[from] item: Leftovers
|-heal|p1a: Regice|83/100|[from] item: Leftovers
|upkeep
|turn|12
|
|t:|1731011956
|switch|p1a: Metagross|Metagross|100/100
|move|p2a: Tyranitar|Rock Slide|p1a: Metagross
|-resisted|p1a: Metagross
|-damage|p1a: Metagross|87/100
|
|-weather|Sandstorm|[upkeep]
|-heal|p2a: Tyranitar|91/100|[from] item: Leftovers
|-heal|p1a: Metagross|93/100|[from] item: Leftovers
|upkeep
|turn|13
|
|t:|1731011967
|switch|p2a: Starmie|Starmie, shiny|100/100
|move|p1a: Metagross|Meteor Mash|p2a: Starmie
|-resisted|p2a: Starmie
|-damage|p2a: Starmie|71/100
|-boost|p1a: Metagross|atk|1
|
|-weather|Sandstorm|[upkeep]
|-damage|p2a: Starmie|65/100|[from] Sandstorm
|-heal|p2a: Starmie|71/100|[from] item: Leftovers
|-heal|p1a: Metagross|99/100|[from] item: Leftovers
|upkeep
|turn|14
|
|t:|1731011972
|move|p2a: Starmie|Thunder Wave|p1a: Metagross
|-status|p1a: Metagross|par
|cant|p1a: Metagross|par
|
|-weather|Sandstorm|[upkeep]
|-damage|p2a: Starmie|65/100|[from] Sandstorm
|-heal|p2a: Starmie|71/100|[from] item: Leftovers
|-heal|p1a: Metagross|100/100 par|[from] item: Leftovers
|upkeep
|turn|15
|
|t:|1731011985
|switch|p2a: Skarmory|Skarmory, F|19/100
|move|p1a: Metagross|Earthquake|p2a: Skarmory
|-immune|p2a: Skarmory
|
|-weather|Sandstorm|[upkeep]
|-heal|p2a: Skarmory|25/100|[from] item: Leftovers
|upkeep
|turn|16
|
|t:|1731011990
|move|p2a: Skarmory|Protect|p2a: Skarmory
|-singleturn|p2a: Skarmory|Protect
|move|p1a: Metagross|Meteor Mash|p2a: Skarmory
|-activate|p2a: Skarmory|Protect
|
|-weather|Sandstorm|[upkeep]
|-heal|p2a: Skarmory|31/100|[from] item: Leftovers
|upkeep
|turn|17
|
|t:|1731011996
|switch|p2a: Swampert|Swampert, F, shiny|100/100
|move|p1a: Metagross|Meteor Mash|p2a: Swampert
|-resisted|p2a: Swampert
|-damage|p2a: Swampert|70/100
|
|-weather|Sandstorm|[upkeep]
|-heal|p2a: Swampert|76/100|[from] item: Leftovers
|upkeep
|turn|18
|
|t:|1731012011
|switch|p1a: Starmie|Starmie|79/100
|move|p2a: Swampert|Earthquake|p1a: Starmie
|-crit|p1a: Starmie
|-damage|p1a: Starmie|11/100
|
|-weather|Sandstorm|[upkeep]
|-damage|p1a: Starmie|5/100|[from] Sandstorm
|-heal|p1a: Starmie|11/100|[from] item: Leftovers
|-heal|p2a: Swampert|82/100|[from] item: Leftovers
|upkeep
|turn|19
|c|☆Segale|kek
|
|t:|1731012030
|switch|p2a: Celebi|Celebi|88/100
|move|p1a: Starmie|Recover|p1a: Starmie
|-heal|p1a: Starmie|61/100
|
|-weather|Sandstorm|[upkeep]
|-damage|p1a: Starmie|55/100|[from] Sandstorm
|-damage|p2a: Celebi|81/100|[from] Sandstorm
|-heal|p1a: Starmie|61/100|[from] item: Leftovers
|-heal|p2a: Celebi|88/100|[from] item: Leftovers
|upkeep
|turn|20
|
|t:|1731012034
|move|p1a: Starmie|Recover|p1a: Starmie
|-heal|p1a: Starmie|100/100
|move|p2a: Celebi|Leech Seed|p1a: Starmie
|-start|p1a: Starmie|move: Leech Seed
|
|-weather|Sandstorm|[upkeep]
|-damage|p1a: Starmie|94/100|[from] Sandstorm
|-damage|p2a: Celebi|81/100|[from] Sandstorm
|-heal|p1a: Starmie|100/100|[from] item: Leftovers
|-damage|p1a: Starmie|88/100|[from] Leech Seed|[of] p2a: Celebi
|-heal|p2a: Celebi|91/100|[silent]
|-heal|p2a: Celebi|98/100|[from] item: Leftovers
|upkeep
|turn|21
|
|t:|1731012040
|switch|p1a: Metagross|Metagross|100/100 par
|move|p2a: Celebi|Leech Seed|p1a: Metagross
|-start|p1a: Metagross|move: Leech Seed
|
|-weather|Sandstorm|[upkeep]
|-damage|p2a: Celebi|91/100|[from] Sandstorm
|-heal|p2a: Celebi|98/100|[from] item: Leftovers
|-damage|p1a: Metagross|88/100 par|[from] Leech Seed|[of] p2a: Celebi
|-heal|p2a: Celebi|100/100|[silent]
|upkeep
|turn|22
|
|t:|1731012047
|switch|p2a: Skarmory|Skarmory, F|31/100
|switch|p1a: Heracross|Heracross, M|76/100
|
|-weather|Sandstorm|[upkeep]
|-damage|p1a: Heracross|70/100|[from] Sandstorm
|-heal|p1a: Heracross|76/100|[from] item: Leftovers
|-heal|p2a: Skarmory|37/100|[from] item: Leftovers
|upkeep
|turn|23
|
|t:|1731012054
|switch|p1a: Starmie|Starmie|88/100
|move|p2a: Skarmory|Drill Peck|p1a: Starmie
|-damage|p1a: Starmie|65/100
|
|-weather|Sandstorm|[upkeep]
|-damage|p1a: Starmie|59/100|[from] Sandstorm
|-heal|p1a: Starmie|65/100|[from] item: Leftovers
|-heal|p2a: Skarmory|43/100|[from] item: Leftovers
|upkeep
|turn|24
|
|t:|1731012061
|switch|p2a: Celebi|Celebi|100/100
|move|p1a: Starmie|Recover|p1a: Starmie
|-heal|p1a: Starmie|100/100
|
|-weather|Sandstorm|[upkeep]
|-damage|p1a: Starmie|94/100|[from] Sandstorm
|-damage|p2a: Celebi|94/100|[from] Sandstorm
|-heal|p1a: Starmie|100/100|[from] item: Leftovers
|-heal|p2a: Celebi|100/100|[from] item: Leftovers
|upkeep
|turn|25
|
|t:|1731012070
|switch|p1a: Regice|Regice, shiny|83/100
|move|p2a: Celebi|Hidden Power|p1a: Regice
|-damage|p1a: Regice|70/100
|
|-weather|Sandstorm|[upkeep]
|-damage|p2a: Celebi|94/100|[from] Sandstorm
|-damage|p1a: Regice|64/100|[from] Sandstorm
|-heal|p2a: Celebi|100/100|[from] item: Leftovers
|-heal|p1a: Regice|70/100|[from] item: Leftovers
|upkeep
|turn|26
|
|t:|1731012095
|switch|p1a: Heracross|Heracross, M|76/100
|move|p2a: Celebi|Leech Seed|p1a: Heracross
|-start|p1a: Heracross|move: Leech Seed
|
|-weather|Sandstorm|[upkeep]
|-damage|p1a: Heracross|70/100|[from] Sandstorm
|-damage|p2a: Celebi|94/100|[from] Sandstorm
|-heal|p1a: Heracross|76/100|[from] item: Leftovers
|-damage|p1a: Heracross|63/100|[from] Leech Seed|[of] p2a: Celebi
|-heal|p2a: Celebi|100/100|[silent]
|upkeep
|turn|27
|
|t:|1731012105
|-singleturn|p1a: Heracross|move: Focus Punch
|switch|p2a: Swampert|Swampert, F, shiny|82/100
|move|p1a: Heracross|Focus Punch|p2a: Swampert
|-damage|p2a: Swampert|28/100
|
|-weather|Sandstorm|[upkeep]
|-damage|p1a: Heracross|57/100|[from] Sandstorm
|-heal|p1a: Heracross|63/100|[from] item: Leftovers
|-damage|p1a: Heracross|51/100|[from] Leech Seed|[of] p2a: Swampert
|-heal|p2a: Swampert|38/100|[silent]
|-heal|p2a: Swampert|44/100|[from] item: Leftovers
|upkeep
|turn|28
|inactive|xXEricXx has 270 seconds left.
|
|t:|1731012128
|switch|p1a: Starmie|Starmie|100/100
|move|p2a: Swampert|Earthquake|p1a: Starmie
|-damage|p1a: Starmie|67/100
|
|-weather|Sandstorm|[upkeep]
|-damage|p1a: Starmie|61/100|[from] Sandstorm
|-heal|p1a: Starmie|67/100|[from] item: Leftovers
|-heal|p2a: Swampert|51/100|[from] item: Leftovers
|upkeep
|turn|29
|
|t:|1731012137
|move|p1a: Starmie|Surf|p2a: Swampert
|-damage|p2a: Swampert|23/100
|move|p2a: Swampert|Roar|p1a: Starmie
|drag|p1a: Metagross|Metagross|88/100 par
|
|-weather|Sandstorm|[upkeep]
|-heal|p2a: Swampert|29/100|[from] item: Leftovers
|-heal|p1a: Metagross|94/100 par|[from] item: Leftovers
|upkeep
|turn|30
|
|t:|1731012150
|switch|p1a: Starmie|Starmie|67/100
|move|p2a: Swampert|Earthquake|p1a: Starmie
|-damage|p1a: Starmie|31/100
|
|-weather|Sandstorm|[upkeep]
|-damage|p1a: Starmie|25/100|[from] Sandstorm
|-heal|p1a: Starmie|31/100|[from] item: Leftovers
|-heal|p2a: Swampert|35/100|[from] item: Leftovers
|upkeep
|turn|31
|
|t:|1731012163
|switch|p2a: Celebi|Celebi|100/100
|move|p1a: Starmie|Recover|p1a: Starmie
|-heal|p1a: Starmie|81/100
|
|-weather|Sandstorm|[upkeep]
|-damage|p1a: Starmie|75/100|[from] Sandstorm
|-damage|p2a: Celebi|94/100|[from] Sandstorm
|-heal|p1a: Starmie|81/100|[from] item: Leftovers
|-heal|p2a: Celebi|100/100|[from] item: Leftovers
|upkeep
|turn|32
|
|t:|1731012172
|switch|p1a: Regice|Regice, shiny|70/100
|move|p2a: Celebi|Psychic|p1a: Regice
|-damage|p1a: Regice|56/100
|
|-weather|Sandstorm|[upkeep]
|-damage|p2a: Celebi|94/100|[from] Sandstorm
|-damage|p1a: Regice|50/100|[from] Sandstorm
|-heal|p2a: Celebi|100/100|[from] item: Leftovers
|-heal|p1a: Regice|56/100|[from] item: Leftovers
|upkeep
|turn|33
|inactive|xXEricXx has 270 seconds left.
|
|t:|1731012207
|move|p2a: Celebi|Leech Seed|p1a: Regice
|-start|p1a: Regice|move: Leech Seed
|move|p1a: Regice|Ice Beam|p2a: Celebi
|-supereffective|p2a: Celebi
|-damage|p2a: Celebi|34/100
|
|-weather|Sandstorm|[upkeep]
|-damage|p2a: Celebi|27/100|[from] Sandstorm
|-damage|p1a: Regice|50/100|[from] Sandstorm
|-heal|p2a: Celebi|34/100|[from] item: Leftovers
|-heal|p1a: Regice|56/100|[from] item: Leftovers
|-damage|p1a: Regice|43/100|[from] Leech Seed|[of] p2a: Celebi
|-heal|p2a: Celebi|45/100|[silent]
|upkeep
|turn|34
|inactive|xXEricXx has 270 seconds left.
|
|t:|1731012214
|move|p2a: Celebi|Recover|p2a: Celebi
|-heal|p2a: Celebi|95/100
|move|p1a: Regice|Ice Beam|p2a: Celebi
|-supereffective|p2a: Celebi
|-damage|p2a: Celebi|38/100
|
|-weather|Sandstorm|[upkeep]
|-damage|p2a: Celebi|32/100|[from] Sandstorm
|-damage|p1a: Regice|37/100|[from] Sandstorm
|-heal|p2a: Celebi|38/100|[from] item: Leftovers
|-heal|p1a: Regice|43/100|[from] item: Leftovers
|-damage|p1a: Regice|31/100|[from] Leech Seed|[of] p2a: Celebi
|-heal|p2a: Celebi|49/100|[silent]
|upkeep
|turn|35
|inactive|xXEricXx has 270 seconds left.
|
|t:|1731012237
|move|p2a: Celebi|Recover|p2a: Celebi
|-heal|p2a: Celebi|99/100
|move|p1a: Regice|Explosion|p2a: Celebi
|-damage|p2a: Celebi|39/100
|faint|p1a: Regice
|
|t:|1731012239
|switch|p1a: Dugtrio|Dugtrio, M|100/100
|
|-weather|Sandstorm|[upkeep]
|-damage|p2a: Celebi|33/100|[from] Sandstorm
|-heal|p2a: Celebi|39/100|[from] item: Leftovers
|upkeep
|turn|36
|
|t:|1731012244
|move|p1a: Dugtrio|Hidden Power|p2a: Celebi
|-supereffective|p2a: Celebi
|-crit|p2a: Celebi
|-damage|p2a: Celebi|0 fnt
|faint|p2a: Celebi
|inactive|xXEricXx has 270 seconds left.
|inactive|xXEricXx has 240 seconds left.
|
|t:|1731012299
|switch|p2a: Tyranitar|Tyranitar, M|91/100
|
|-weather|Sandstorm|[upkeep]
|-heal|p2a: Tyranitar|97/100|[from] item: Leftovers
|upkeep
|turn|37
|
|t:|1731012309
|switch|p1a: Metagross|Metagross|94/100 par
|move|p2a: Tyranitar|Dragon Dance|p2a: Tyranitar
|-boost|p2a: Tyranitar|atk|1
|-boost|p2a: Tyranitar|spe|1
|
|-weather|Sandstorm|[upkeep]
|-heal|p2a: Tyranitar|100/100|[from] item: Leftovers
|-heal|p1a: Metagross|99/100 par|[from] item: Leftovers
|upkeep
|turn|38
|inactive|xXEricXx has 240 seconds left.
|
|t:|1731012327
|move|p2a: Tyranitar|Dragon Dance|p2a: Tyranitar
|-boost|p2a: Tyranitar|atk|1
|-boost|p2a: Tyranitar|spe|1
|move|p1a: Metagross|Meteor Mash|p2a: Tyranitar
|-supereffective|p2a: Tyranitar
|-damage|p2a: Tyranitar|7/100
|
|-weather|Sandstorm|[upkeep]
|-heal|p2a: Tyranitar|13/100|[from] item: Leftovers
|-heal|p1a: Metagross|100/100 par|[from] item: Leftovers
|upkeep
|turn|39
|inactive|xXEricXx has 240 seconds left.
|
|t:|1731012333
|move|p2a: Tyranitar|Earthquake|p1a: Metagross
|-supereffective|p1a: Metagross
|-damage|p1a: Metagross|3/100 par
|move|p1a: Metagross|Earthquake|p2a: Tyranitar
|-supereffective|p2a: Tyranitar
|-damage|p2a: Tyranitar|0 fnt
|faint|p2a: Tyranitar
|inactive|xXEricXx has 240 seconds left.
|
|t:|1731012356
|switch|p2a: Aerodactyl|Aerodactyl, M|100/100
|
|-weather|Sandstorm|[upkeep]
|-heal|p1a: Metagross|9/100 par|[from] item: Leftovers
|upkeep
|turn|40
|
|t:|1731012376
|move|p1a: Metagross|Protect|p1a: Metagross
|-singleturn|p1a: Metagross|Protect
|move|p2a: Aerodactyl|Double-Edge|p1a: Metagross
|-activate|p1a: Metagross|Protect
|
|-weather|Sandstorm|[upkeep]
|-heal|p1a: Metagross|15/100 par|[from] item: Leftovers
|upkeep
|turn|41
|inactive|xXEricXx has 210 seconds left.
|
|t:|1731012398
|move|p1a: Metagross|Protect||[still]
|-fail|p1a: Metagross
|move|p2a: Aerodactyl|Double-Edge|p1a: Metagross
|-resisted|p1a: Metagross
|-damage|p1a: Metagross|0 fnt
|faint|p1a: Metagross
|
|t:|1731012405
|switch|p1a: Salamence|Salamence, M|100/100
|-ability|p1a: Salamence|Intimidate|boost
|-unboost|p2a: Aerodactyl|atk|1
|
|-weather|Sandstorm|[upkeep]
|-damage|p1a: Salamence|94/100|[from] Sandstorm
|-heal|p1a: Salamence|100/100|[from] item: Leftovers
|upkeep
|turn|42
|
|t:|1731012413
|switch|p2a: Starmie|Starmie, shiny|71/100
|move|p1a: Salamence|Dragon Dance|p1a: Salamence
|-boost|p1a: Salamence|atk|1
|-boost|p1a: Salamence|spe|1
|
|-weather|Sandstorm|[upkeep]
|-damage|p1a: Salamence|94/100|[from] Sandstorm
|-damage|p2a: Starmie|65/100|[from] Sandstorm
|-heal|p1a: Salamence|100/100|[from] item: Leftovers
|-heal|p2a: Starmie|71/100|[from] item: Leftovers
|upkeep
|turn|43
|inactive|Segale has 270 seconds left.
|
|t:|1731012459
|move|p1a: Salamence|Rock Slide|p2a: Starmie
|-damage|p2a: Starmie|25/100
|move|p2a: Starmie|Thunder Wave|p1a: Salamence
|-status|p1a: Salamence|par
|
|-weather|Sandstorm|[upkeep]
|-damage|p2a: Starmie|19/100|[from] Sandstorm
|-damage|p1a: Salamence|94/100 par|[from] Sandstorm
|-heal|p2a: Starmie|25/100|[from] item: Leftovers
|-heal|p1a: Salamence|100/100 par|[from] item: Leftovers
|upkeep
|turn|44
|
|t:|1731012473
|switch|p2a: Swampert|Swampert, F, shiny|35/100
|move|p1a: Salamence|Hidden Power|p2a: Swampert
|-damage|p2a: Swampert|0 fnt
|faint|p2a: Swampert
|
|t:|1731012486
|switch|p2a: Skarmory|Skarmory, F|43/100
|
|-weather|Sandstorm|[upkeep]
|-damage|p1a: Salamence|94/100 par|[from] Sandstorm
|-heal|p2a: Skarmory|49/100|[from] item: Leftovers
|-heal|p1a: Salamence|100/100 par|[from] item: Leftovers
|upkeep
|turn|45
|
|t:|1731012489
|move|p2a: Skarmory|Spikes|p1a: Salamence
|-sidestart|p1: Segale|Spikes
|move|p1a: Salamence|Rock Slide|p2a: Skarmory
|-damage|p2a: Skarmory|19/100
|
|-weather|Sandstorm|[upkeep]
|-damage|p1a: Salamence|94/100 par|[from] Sandstorm
|-heal|p2a: Skarmory|25/100|[from] item: Leftovers
|-heal|p1a: Salamence|100/100 par|[from] item: Leftovers
|upkeep
|turn|46
|inactive|xXEricXx has 240 seconds left.
|inactive|xXEricXx has 210 seconds left.
|inactive|xXEricXx has 180 seconds left.
|inactive|xXEricXx has 150 seconds left.
|inactive|xXEricXx has 120 seconds left.
|
|t:|1731012617
|move|p2a: Skarmory|Spikes|p1a: Salamence
|-sidestart|p1: Segale|Spikes
|move|p1a: Salamence|Rock Slide|p2a: Skarmory
|-crit|p2a: Skarmory
|-damage|p2a: Skarmory|0 fnt
|faint|p2a: Skarmory
|
|t:|1731012621
|switch|p2a: Aerodactyl|Aerodactyl, M|100/100
|
|-weather|Sandstorm|[upkeep]
|-damage|p1a: Salamence|94/100 par|[from] Sandstorm
|-heal|p1a: Salamence|100/100 par|[from] item: Leftovers
|upkeep
|turn|47
|
|t:|1731012625
|switch|p1a: Heracross|Heracross, M|51/100
|-damage|p1a: Heracross|35/100|[from] Spikes
|move|p2a: Aerodactyl|Rock Slide|p1a: Heracross
|-damage|p1a: Heracross|0 fnt
|faint|p1a: Heracross
|
|t:|1731012627
|switch|p1a: Salamence|Salamence, M|100/100 par
|-ability|p1a: Salamence|Intimidate|boost
|-unboost|p2a: Aerodactyl|atk|1
|
|-weather|Sandstorm|[upkeep]
|-damage|p1a: Salamence|94/100 par|[from] Sandstorm
|-heal|p1a: Salamence|100/100 par|[from] item: Leftovers
|upkeep
|turn|48
|inactive|xXEricXx has 120 seconds left.
|
|t:|1731012659
|move|p2a: Aerodactyl|Rock Slide|p1a: Salamence
|-supereffective|p1a: Salamence
|-crit|p1a: Salamence
|-damage|p1a: Salamence|0 fnt
|faint|p1a: Salamence
|
|t:|1731012668
|switch|p1a: Starmie|Starmie|81/100
|-damage|p1a: Starmie|65/100|[from] Spikes
|
|-weather|Sandstorm|[upkeep]
|-damage|p1a: Starmie|59/100|[from] Sandstorm
|-heal|p1a: Starmie|65/100|[from] item: Leftovers
|upkeep
|turn|49
|inactive|xXEricXx has 120 seconds left.
|inactive|xXEricXx has 90 seconds left.
|inactive|xXEricXx has 60 seconds left.
|
|t:|1731012756
|move|p2a: Aerodactyl|Rock Slide|p1a: Starmie
|-damage|p1a: Starmie|35/100
|cant|p1a: Starmie|flinch
|
|-weather|Sandstorm|[upkeep]
|-damage|p1a: Starmie|29/100|[from] Sandstorm
|-heal|p1a: Starmie|35/100|[from] item: Leftovers
|upkeep
|turn|50
|c|☆Segale|lmfao
|inactive|xXEricXx has 30 seconds left.
|
|t:|1731012787
|move|p2a: Aerodactyl|Rock Slide|p1a: Starmie
|-damage|p1a: Starmie|7/100
|cant|p1a: Starmie|flinch
|
|-weather|Sandstorm|[upkeep]
|-damage|p1a: Starmie|1/100|[from] Sandstorm
|-heal|p1a: Starmie|7/100|[from] item: Leftovers
|upkeep
|turn|51
|c|☆Segale|ur a fucking joke
|c|☆Segale|choking the game on dicks
|c|☆Segale|and getting saved by hax
|-message|Segale forfeited.
|
|win|xXEricXx
|player|p1|
|c|☆xXEricXx|gg

</script>
<script type="application/json" class="data" id="replaydata-smogtours-gen3ou-805136">
{"id":"smogtours-gen3ou-805136","format":"[Gen 3] OU","players":["Segale","xXEricXx"],"uploadtime":1731012806,"views":34,"formatid":"gen3ou","rating":null,"private":0,"password":null}
</script>

<script defer src="js/replays.js?9d40a366"></script>
