<!DOCTYPE html>
<meta charset="utf-8" />
<meta name="viewport" content="width=device-width" />

<title>[Gen 3] OU: resen65 vs. TyCarter - Replays - Pok&eacute;mon Showdown!</title>

<meta name="description" content="Watch a replay of a Pok&eacute;mon battle between resen65 and TyCarter! Format: [Gen 3] OU; Date: Oct 14, 2024" />
<!--

Hey, you! Looking in the source for the replay log?

You can find them in JSON format, just add `.json` at the end of a replay URL.

https://replay.pokemonshowdown.com/gen7randomdoublesbattle-865046831.json

Or, if you only need the log itself, add `.log` instead:

https://replay.pokemonshowdown.com/gen7randomdoublesbattle-865046831.log

-->

<link rel="stylesheet" href="//pokemonshowdown.com/style/global.css?0.023195364461161105" />
<link rel="stylesheet" href="//play.pokemonshowdown.com/style/font-awesome.css?0.13261647063804238" />
<link rel="stylesheet" href="//play.pokemonshowdown.com/style/battle.css?0.8753245789963631" />
<link rel="stylesheet" href="//play.pokemonshowdown.com/style/utilichart.css?0.8627959624976733" />

<!-- Global site tag (gtag.js) - Google Analytics -->
<script async src="https://www.googletagmanager.com/gtag/js?id=UA-26211653-1"></script>
<script>
  window.dataLayer = window.dataLayer || [];
  function gtag(){dataLayer.push(arguments);}
  gtag('js', new Date());

  gtag('config', 'UA-26211653-1');
</script>
<!-- End Google Analytics -->
<!-- Venatus Ad Manager - Install in <HEAD> of page -->
	<script src="https://hb.vntsm.com/v3/live/ad-manager.min.js" type="text/javascript" data-site-id="642aba63ec9a7b11c3c9c1be" data-mode="scan" async></script>
<!-- / Venatus Ad Manager -->

<style>
	@media (max-width:820px) {
		.battle {
			margin: 0 auto;
		}
		.battle-log {
			margin: 7px auto 0;
			max-width: 640px;
			height: 300px;
			position: static;
		}
	}
	.optgroup {
		display: inline-block;
		line-height: 22px;
		font-size: 10pt;
	}
	.optgroup .button {
		height: 25px;
		padding-top: 0;
		padding-bottom: 0;
	}
	.optgroup button.button {
		padding-left: 12px;
		padding-right: 12px;
	}
	.linklist {
		list-style: none;
		margin: 0.5em 0;
		padding: 0;
	}
	.linklist li {
		padding: 2px 0;
	}
	.sidebar {
		float: left;
		width: 320px;
	}
	.bar-wrapper {
		max-width: 1100px;
		margin: 0 auto;
	}
	.bar-wrapper.has-sidebar {
		max-width: 1430px;
	}
	.mainbar {
		margin: 0;
		padding-right: 1px;
	}
	.mainbar.has-sidebar {
		margin-left: 330px;
	}
	@media (min-width: 1511px) {
		.sidebar {
			width: 400px;
		}
		.bar-wrapper.has-sidebar {
			max-width: 1510px;
		}
		.mainbar.has-sidebar {
			margin-left: 410px;
		}
	}
	.section.first-section {
		margin-top: 9px;
	}
	.blocklink small {
		white-space: normal;
	}
	.button {
		vertical-align: middle;
	}
	.replay-controls {
		padding-top: 10px;
	}
	.replay-controls h1 {
		font-size: 16pt;
		font-weight: normal;
		color: #CCC;
	}
	.pagelink {
		text-align: center;
	}
	.pagelink a {
		width: 150px;
	}
	.textbox, .button {
		font-size: 11pt;
		vertical-align: middle;
	}
	@media (max-width: 450px) {
		.button {
			font-size: 9pt;
		}
	}
</style>

<div>

	<header>
		<div class="nav-wrapper"><ul class="nav">
			<li><a class="button nav-first" href="//pokemonshowdown.com/"><img src="//pokemonshowdown.com/images/pokemonshowdownbeta.png" srcset="//pokemonshowdown.com/images/pokemonshowdownbeta.png 1x, //pokemonshowdown.com/images/pokemonshowdownbeta@2x.png 2x" alt="Pok&eacute;mon Showdown" width="146" height="44" /> Home</a></li>
			<li><a class="button" href="//pokemonshowdown.com/dex/">Pok&eacute;dex</a></li>
			<li><a class="button cur" href="/">Replays</a></li>
			<li><a class="button" href="//pokemonshowdown.com/ladder/">Ladder</a></li>
			<li><a class="button nav-last" href="//pokemonshowdown.com/forums/">Forum</a></li>
			<li><a class="button greenbutton nav-first nav-last" href="//play.pokemonshowdown.com/">Play</a></li>
		</ul></div>
	</header>

	<div class="main" id="main">

		<noscript><section class="section">You need to enable JavaScript to use this page; sorry!</section></noscript>

	</div>

</div>

<script defer nomodule src="//play.pokemonshowdown.com/js/lib/ps-polyfill.js"></script>
<script defer src="//play.pokemonshowdown.com/js/lib/preact.min.js"></script>

<script defer src="//play.pokemonshowdown.com/config/config.js?2bddbc15"></script>
<script defer src="//play.pokemonshowdown.com/js/lib/jquery-1.11.0.min.js"></script>
<script defer src="//play.pokemonshowdown.com/js/lib/html-sanitizer-minified.js"></script>
<script defer src="//play.pokemonshowdown.com/js/battle-sound.js"></script>
<script defer src="//play.pokemonshowdown.com/js/battledata.js?0.7209276989879541"></script>
<script defer src="//play.pokemonshowdown.com/data/pokedex-mini.js?0.6111056340867951"></script>
<script defer src="//play.pokemonshowdown.com/data/pokedex-mini-bw.js?0.3532142036491459"></script>
<script defer src="//play.pokemonshowdown.com/data/graphics.js?0.24223875632456182"></script>
<script defer src="//play.pokemonshowdown.com/data/pokedex.js?0.38839984266356864"></script>
<script defer src="//play.pokemonshowdown.com/data/moves.js?0.21866028504024015"></script>
<script defer src="//play.pokemonshowdown.com/data/abilities.js?0.2005157953846628"></script>
<script defer src="//play.pokemonshowdown.com/data/items.js?0.9894211263848525"></script>
<script defer src="//play.pokemonshowdown.com/data/teambuilder-tables.js?0.6008791140282215"></script>
<script defer src="//play.pokemonshowdown.com/js/battle-tooltips.js?0.7580118955022959"></script>
<script defer src="//play.pokemonshowdown.com/js/battle.js?0.6057722274234274"></script>

<script defer src="js/utils.js?e31f9a17"></script>
<script defer src="js/replays-battle.js?7008c182"></script>

<!-- don't scrape this data! just add .json or .log after the URL!
Full API docs: https://github.com/smogon/pokemon-showdown-client/blob/master/WEB-API.md -->
<script type="text/plain" class="log" id="replaylog-smogtours-gen3ou-798598">
|inactive|Battle timer is ON: inactive players will automatically lose when time's up.
|t:|1728875830
|gametype|singles
|player|p1|resen65|101|
|player|p2|TyCarter|#ptplvjirachis|
|teamsize|p1|6
|teamsize|p2|6
|gen|3
|tier|[Gen 3] OU
|rule|Sleep Clause Mod: Limit one foe put to sleep
|rule|Switch Priority Clause Mod: Faster Pokémon switch first
|rule|Species Clause: Limit one of each Pokémon
|rule|OHKO Clause: OHKO moves are banned
|rule|Evasion Items Clause: Evasion items are banned
|rule|Evasion Moves Clause: Evasion moves are banned
|rule|Endless Battle Clause: Forcing endless battles is banned
|rule|HP Percentage Mod: HP is shown in percentages
|rule|One Boost Passer Clause: Limit one Baton Passer that has a way to boost its stats
|rule|Freeze Clause Mod: Limit one foe frozen
|
|t:|1728875830
|start
|switch|p1a: Swampert|Swampert, M|100/100
|switch|p2a: Tyranitar|Tyranitar, M|100/100
|-weather|Sandstorm|[from] ability: Sand Stream|[of] p2a: Tyranitar
|turn|1
|c|☆TyCarter|hf
|c|☆resen65|glhf!
|inactive|resen65 has 270 seconds left.
|inactive|TyCarter has 270 seconds left.
|
|t:|1728875886
|switch|p2a: Suicune|Suicune|100/100
|move|p1a: Swampert|Earthquake|p2a: Suicune
|-damage|p2a: Suicune|81/100
|
|-weather|Sandstorm|[upkeep]
|-damage|p2a: Suicune|75/100|[from] Sandstorm
|-heal|p2a: Suicune|81/100|[from] item: Leftovers
|upkeep
|turn|2
|
|t:|1728875914
|switch|p1a: Snorlax|Snorlax, F|100/100
|move|p2a: Suicune|Roar|p1a: Snorlax
|drag|p1a: Tyranitar|Tyranitar, M|100/100
|
|-weather|Sandstorm|[upkeep]
|-damage|p2a: Suicune|75/100|[from] Sandstorm
|-heal|p2a: Suicune|81/100|[from] item: Leftovers
|upkeep
|turn|3
|inactive|resen65 has 270 seconds left.
|
|t:|1728875935
|switch|p1a: Snorlax|Snorlax, F|100/100
|move|p2a: Suicune|Surf|p1a: Snorlax
|-damage|p1a: Snorlax|83/100
|
|-weather|Sandstorm|[upkeep]
|-damage|p2a: Suicune|75/100|[from] Sandstorm
|-damage|p1a: Snorlax|76/100|[from] Sandstorm
|-heal|p2a: Suicune|81/100|[from] item: Leftovers
|-heal|p1a: Snorlax|83/100|[from] item: Leftovers
|upkeep
|turn|4
|inactive|resen65 has 270 seconds left.
|
|t:|1728875943
|switch|p2a: Skarmory|Skarmory, M|100/100
|move|p1a: Snorlax|Yawn|p2a: Skarmory
|-start|p2a: Skarmory|move: Yawn|[of] p1a: Snorlax
|
|-weather|Sandstorm|[upkeep]
|-damage|p1a: Snorlax|76/100|[from] Sandstorm
|-heal|p1a: Snorlax|83/100|[from] item: Leftovers
|upkeep
|turn|5
|
|t:|1728875955
|-singleturn|p1a: Snorlax|move: Focus Punch
|switch|p2a: Gengar|Gengar, M|100/100
|move|p1a: Snorlax|Focus Punch|p2a: Gengar
|-immune|p2a: Gengar
|
|-weather|Sandstorm|[upkeep]
|-damage|p2a: Gengar|94/100|[from] Sandstorm
|-damage|p1a: Snorlax|76/100|[from] Sandstorm
|-heal|p2a: Gengar|100/100|[from] item: Leftovers
|-heal|p1a: Snorlax|83/100|[from] item: Leftovers
|upkeep
|turn|6
|inactive|resen65 has 270 seconds left.
|
|t:|1728875977
|switch|p1a: Tyranitar|Tyranitar, M|100/100
|move|p2a: Gengar|Will-O-Wisp|p1a: Tyranitar
|-status|p1a: Tyranitar|brn
|
|-weather|Sandstorm|[upkeep]
|-damage|p2a: Gengar|94/100|[from] Sandstorm
|-heal|p2a: Gengar|100/100|[from] item: Leftovers
|-damage|p1a: Tyranitar|88/100 brn|[from] brn
|upkeep
|turn|7
|inactive|resen65 has 270 seconds left.
|
|t:|1728875985
|-activate|p2a: Gengar|move: Pursuit
|move|p1a: Tyranitar|Pursuit|p2a: Gengar|[from]Pursuit
|-supereffective|p2a: Gengar
|-damage|p2a: Gengar|8/100
|switch|p2a: Skarmory|Skarmory, M|100/100
|
|-weather|Sandstorm|[upkeep]
|-heal|p1a: Tyranitar|94/100 brn|[from] item: Leftovers
|-damage|p1a: Tyranitar|82/100 brn|[from] brn
|upkeep
|turn|8
|
|t:|1728875992
|move|p2a: Skarmory|Spikes|p1a: Tyranitar
|-sidestart|p1: resen65|Spikes
|move|p1a: Tyranitar|Fire Blast|p2a: Skarmory
|-supereffective|p2a: Skarmory
|-damage|p2a: Skarmory|30/100
|
|-weather|Sandstorm|[upkeep]
|-heal|p2a: Skarmory|36/100|[from] item: Leftovers
|-heal|p1a: Tyranitar|88/100 brn|[from] item: Leftovers
|-damage|p1a: Tyranitar|76/100 brn|[from] brn
|upkeep
|turn|9
|
|t:|1728876005
|switch|p1a: Forretress|Forretress, F|100/100
|-damage|p1a: Forretress|88/100|[from] Spikes
|move|p2a: Skarmory|Protect||[still]
|-fail|p2a: Skarmory
|
|-weather|Sandstorm|[upkeep]
|-heal|p2a: Skarmory|42/100|[from] item: Leftovers
|-heal|p1a: Forretress|94/100|[from] item: Leftovers
|upkeep
|turn|10
|
|t:|1728876016
|move|p1a: Forretress|Spikes|p2a: Skarmory
|-sidestart|p2: TyCarter|Spikes
|move|p2a: Skarmory|Roar|p1a: Forretress
|drag|p1a: Tyranitar|Tyranitar, M|76/100 brn
|-damage|p1a: Tyranitar|63/100 brn|[from] Spikes
|
|-weather|Sandstorm|[upkeep]
|-heal|p2a: Skarmory|48/100|[from] item: Leftovers
|-heal|p1a: Tyranitar|70/100 brn|[from] item: Leftovers
|-damage|p1a: Tyranitar|57/100 brn|[from] brn
|upkeep
|turn|11
|inactive|resen65 has 270 seconds left.
|inactive|TyCarter has 270 seconds left.
|
|t:|1728876074
|switch|p2a: Tyranitar|Tyranitar, M|100/100
|-damage|p2a: Tyranitar|88/100|[from] Spikes
|move|p1a: Tyranitar|Fire Blast|p2a: Tyranitar|[miss]
|-miss|p1a: Tyranitar|p2a: Tyranitar
|
|-weather|Sandstorm|[upkeep]
|-heal|p2a: Tyranitar|94/100|[from] item: Leftovers
|-heal|p1a: Tyranitar|63/100 brn|[from] item: Leftovers
|-damage|p1a: Tyranitar|51/100 brn|[from] brn
|upkeep
|turn|12
|
|t:|1728876099
|move|p2a: Tyranitar|Earthquake|p1a: Tyranitar
|-supereffective|p1a: Tyranitar
|-damage|p1a: Tyranitar|0 fnt
|faint|p1a: Tyranitar
|inactive|resen65 has 240 seconds left.
|
|t:|1728876125
|switch|p1a: Swampert|Swampert, M|100/100
|-damage|p1a: Swampert|88/100|[from] Spikes
|
|-weather|Sandstorm|[upkeep]
|-heal|p2a: Tyranitar|100/100|[from] item: Leftovers
|-heal|p1a: Swampert|94/100|[from] item: Leftovers
|upkeep
|turn|13
|inactive|TyCarter has 270 seconds left.
|
|t:|1728876138
|switch|p2a: Suicune|Suicune|81/100
|-damage|p2a: Suicune|69/100|[from] Spikes
|switch|p1a: Jirachi|Jirachi|100/100
|-damage|p1a: Jirachi|88/100|[from] Spikes
|
|-weather|Sandstorm|[upkeep]
|-damage|p2a: Suicune|62/100|[from] Sandstorm
|-heal|p1a: Jirachi|94/100|[from] item: Leftovers
|-heal|p2a: Suicune|69/100|[from] item: Leftovers
|upkeep
|turn|14
|inactive|TyCarter has 270 seconds left.
|
|t:|1728876147
|switch|p2a: Claydol|Claydol|100/100
|move|p1a: Jirachi|Thunder|p2a: Claydol
|-immune|p2a: Claydol
|
|-weather|Sandstorm|[upkeep]
|-heal|p1a: Jirachi|100/100|[from] item: Leftovers
|upkeep
|turn|15
|
|t:|1728876162
|switch|p1a: Forretress|Forretress, F|94/100
|-damage|p1a: Forretress|82/100|[from] Spikes
|move|p2a: Claydol|Rapid Spin|p1a: Forretress
|-resisted|p1a: Forretress
|-damage|p1a: Forretress|80/100
|-sideend|p2: TyCarter|Spikes|[from] move: Rapid Spin|[of] p2a: Claydol
|
|-weather|Sandstorm|[upkeep]
|-heal|p1a: Forretress|86/100|[from] item: Leftovers
|upkeep
|turn|16
|
|t:|1728876172
|switch|p2a: Gengar|Gengar, M|8/100
|move|p1a: Forretress|Zap Cannon|p2a: Gengar
|-damage|p2a: Gengar|0 fnt
|faint|p2a: Gengar
|inactive|TyCarter has 270 seconds left.
|
|t:|1728876199
|switch|p2a: Tyranitar|Tyranitar, M|100/100
|
|-weather|Sandstorm|[upkeep]
|-heal|p1a: Forretress|93/100|[from] item: Leftovers
|upkeep
|turn|17
|inactive|resen65 has 240 seconds left.
|inactive|TyCarter has 270 seconds left.
|
|t:|1728876220
|move|p2a: Tyranitar|Rock Slide|p1a: Forretress
|-damage|p1a: Forretress|64/100
|move|p1a: Forretress|Rapid Spin|p2a: Tyranitar
|-resisted|p2a: Tyranitar
|-damage|p2a: Tyranitar|99/100
|-sideend|p1: resen65|Spikes|[from] move: Rapid Spin|[of] p1a: Forretress
|
|-weather|Sandstorm|[upkeep]
|-heal|p2a: Tyranitar|100/100|[from] item: Leftovers
|-heal|p1a: Forretress|71/100|[from] item: Leftovers
|upkeep
|turn|18
|
|t:|1728876227
|switch|p1a: Swampert|Swampert, M|94/100
|move|p2a: Tyranitar|Dragon Dance|p2a: Tyranitar
|-boost|p2a: Tyranitar|atk|1
|-boost|p2a: Tyranitar|spe|1
|
|-weather|Sandstorm|[upkeep]
|-heal|p1a: Swampert|100/100|[from] item: Leftovers
|upkeep
|turn|19
|inactive|TyCarter has 270 seconds left.
|inactive|TyCarter has 240 seconds left.
|
|t:|1728876264
|switch|p2a: Suicune|Suicune|69/100
|move|p1a: Swampert|Hydro Pump|p2a: Suicune
|-resisted|p2a: Suicune
|-damage|p2a: Suicune|55/100
|
|-weather|Sandstorm|[upkeep]
|-damage|p2a: Suicune|49/100|[from] Sandstorm
|-heal|p2a: Suicune|55/100|[from] item: Leftovers
|upkeep
|turn|20
|inactive|resen65 has 240 seconds left.
|
|t:|1728876291
|switch|p1a: Snorlax|Snorlax, F|83/100
|move|p2a: Suicune|Rest|p2a: Suicune
|-status|p2a: Suicune|slp|[from] move: Rest
|-heal|p2a: Suicune|100/100 slp|[silent]
|
|-weather|Sandstorm|[upkeep]
|-damage|p2a: Suicune|94/100 slp|[from] Sandstorm
|-damage|p1a: Snorlax|76/100|[from] Sandstorm
|-heal|p2a: Suicune|100/100 slp|[from] item: Leftovers
|-heal|p1a: Snorlax|83/100|[from] item: Leftovers
|upkeep
|turn|21
|inactive|TyCarter has 240 seconds left.
|inactive|resen65 has 210 seconds left.
|
|t:|1728876322
|cant|p2a: Suicune|slp
|move|p1a: Snorlax|Return|p2a: Suicune
|-damage|p2a: Suicune|72/100 slp
|
|-weather|Sandstorm|[upkeep]
|-damage|p2a: Suicune|65/100 slp|[from] Sandstorm
|-damage|p1a: Snorlax|76/100|[from] Sandstorm
|-heal|p2a: Suicune|72/100 slp|[from] item: Leftovers
|-heal|p1a: Snorlax|83/100|[from] item: Leftovers
|upkeep
|turn|22
|
|t:|1728876329
|-singleturn|p1a: Snorlax|move: Focus Punch
|switch|p2a: Skarmory|Skarmory, M|48/100
|move|p1a: Snorlax|Focus Punch|p2a: Skarmory
|-damage|p2a: Skarmory|13/100
|
|-weather|Sandstorm|[upkeep]
|-damage|p1a: Snorlax|76/100|[from] Sandstorm
|-heal|p2a: Skarmory|19/100|[from] item: Leftovers
|-heal|p1a: Snorlax|83/100|[from] item: Leftovers
|upkeep
|turn|23
|
|t:|1728876341
|-singleturn|p1a: Snorlax|move: Focus Punch
|move|p2a: Skarmory|Protect|p2a: Skarmory
|-singleturn|p2a: Skarmory|Protect
|move|p1a: Snorlax|Focus Punch|p2a: Skarmory
|-activate|p2a: Skarmory|Protect
|
|-weather|Sandstorm|[upkeep]
|-damage|p1a: Snorlax|76/100|[from] Sandstorm
|-heal|p2a: Skarmory|25/100|[from] item: Leftovers
|-heal|p1a: Snorlax|83/100|[from] item: Leftovers
|upkeep
|turn|24
|
|t:|1728876344
|-singleturn|p1a: Snorlax|move: Focus Punch
|switch|p2a: Claydol|Claydol|100/100
|move|p1a: Snorlax|Focus Punch|p2a: Claydol
|-resisted|p2a: Claydol
|-damage|p2a: Claydol|76/100
|
|-weather|Sandstorm|[upkeep]
|-damage|p1a: Snorlax|76/100|[from] Sandstorm
|-heal|p2a: Claydol|82/100|[from] item: Leftovers
|-heal|p1a: Snorlax|83/100|[from] item: Leftovers
|upkeep
|turn|25
|
|t:|1728876359
|switch|p1a: Forretress|Forretress, F|71/100
|move|p2a: Claydol|Earthquake|p1a: Forretress
|-damage|p1a: Forretress|44/100
|
|-weather|Sandstorm|[upkeep]
|-heal|p2a: Claydol|88/100|[from] item: Leftovers
|-heal|p1a: Forretress|50/100|[from] item: Leftovers
|upkeep
|turn|26
|inactive|resen65 has 210 seconds left.
|
|t:|1728876390
|switch|p1a: Swampert|Swampert, M|100/100
|move|p2a: Claydol|Earthquake|p1a: Swampert
|-damage|p1a: Swampert|75/100
|
|-weather|Sandstorm|[upkeep]
|-heal|p2a: Claydol|94/100|[from] item: Leftovers
|-heal|p1a: Swampert|81/100|[from] item: Leftovers
|upkeep
|turn|27
|
|t:|1728876416
|switch|p2a: Suicune|Suicune|72/100 slp
|move|p1a: Swampert|Ice Beam|p2a: Suicune
|-resisted|p2a: Suicune
|-crit|p2a: Suicune
|-damage|p2a: Suicune|58/100 slp
|
|-weather|Sandstorm|[upkeep]
|-damage|p2a: Suicune|52/100 slp|[from] Sandstorm
|-heal|p2a: Suicune|58/100 slp|[from] item: Leftovers
|-heal|p1a: Swampert|87/100|[from] item: Leftovers
|upkeep
|turn|28
|
|t:|1728876428
|switch|p1a: Jirachi|Jirachi|100/100
|cant|p2a: Suicune|slp
|
|-weather|Sandstorm|[upkeep]
|-damage|p2a: Suicune|52/100 slp|[from] Sandstorm
|-heal|p2a: Suicune|58/100 slp|[from] item: Leftovers
|upkeep
|turn|29
|
|t:|1728876433
|switch|p2a: Blissey|Blissey, F|100/100
|move|p1a: Jirachi|Wish|p1a: Jirachi
|
|-weather|Sandstorm|[upkeep]
|-damage|p2a: Blissey|94/100|[from] Sandstorm
|-heal|p2a: Blissey|100/100|[from] item: Leftovers
|upkeep
|turn|30
|
|t:|1728876451
|move|p1a: Jirachi|Doom Desire|p2a: Blissey
|-start|p1a: Jirachi|Doom Desire
|move|p2a: Blissey|Ice Beam|p1a: Jirachi
|-resisted|p1a: Jirachi
|-damage|p1a: Jirachi|92/100
|-status|p1a: Jirachi|frz
|
|-heal|p1a: Jirachi|100/100 frz|[from] move: Wish|[wisher] Jirachi
|-weather|Sandstorm|[upkeep]
|-damage|p2a: Blissey|94/100|[from] Sandstorm
|-heal|p2a: Blissey|100/100|[from] item: Leftovers
|upkeep
|turn|31
|
|t:|1728876457
|switch|p1a: Snorlax|Snorlax, F|83/100
|switch|p2a: Skarmory|Skarmory, M|25/100
|
|-weather|Sandstorm|[upkeep]
|-damage|p1a: Snorlax|76/100|[from] Sandstorm
|-heal|p2a: Skarmory|31/100|[from] item: Leftovers
|-heal|p1a: Snorlax|83/100|[from] item: Leftovers
|upkeep
|turn|32
|
|t:|1728876465
|move|p2a: Skarmory|Protect|p2a: Skarmory
|-singleturn|p2a: Skarmory|Protect
|move|p1a: Snorlax|Return|p2a: Skarmory
|-activate|p2a: Skarmory|Protect
|
|-weather|Sandstorm|[upkeep]
|-damage|p1a: Snorlax|76/100|[from] Sandstorm
|-heal|p2a: Skarmory|37/100|[from] item: Leftovers
|-heal|p1a: Snorlax|83/100|[from] item: Leftovers
|-end|p2a: Skarmory|move: Doom Desire
|-damage|p2a: Skarmory|0 fnt
|faint|p2a: Skarmory
|upkeep
|
|t:|1728876479
|switch|p2a: Claydol|Claydol|94/100
|turn|33
|
|t:|1728876498
|move|p2a: Claydol|Earthquake|p1a: Snorlax
|-damage|p1a: Snorlax|49/100
|move|p1a: Snorlax|Return|p2a: Claydol
|-damage|p2a: Claydol|42/100
|
|-weather|Sandstorm|[upkeep]
|-damage|p1a: Snorlax|43/100|[from] Sandstorm
|-heal|p2a: Claydol|48/100|[from] item: Leftovers
|-heal|p1a: Snorlax|49/100|[from] item: Leftovers
|upkeep
|turn|34
|
|t:|1728876521
|switch|p1a: Forretress|Forretress, F|50/100
|move|p2a: Claydol|Earthquake|p1a: Forretress
|-damage|p1a: Forretress|22/100
|
|-weather|Sandstorm|[upkeep]
|-heal|p2a: Claydol|54/100|[from] item: Leftovers
|-heal|p1a: Forretress|28/100|[from] item: Leftovers
|upkeep
|turn|35
|
|t:|1728876526
|move|p2a: Claydol|Earthquake|p1a: Forretress
|-damage|p1a: Forretress|3/100
|move|p1a: Forretress|Spikes|p2a: Claydol
|-sidestart|p2: TyCarter|Spikes
|
|-weather|Sandstorm|[upkeep]
|-heal|p2a: Claydol|60/100|[from] item: Leftovers
|-heal|p1a: Forretress|10/100|[from] item: Leftovers
|upkeep
|turn|36
|
|t:|1728876533
|switch|p1a: Aerodactyl|Aerodactyl, F|100/100
|move|p2a: Claydol|Earthquake|p1a: Aerodactyl
|-immune|p1a: Aerodactyl
|
|-weather|Sandstorm|[upkeep]
|-heal|p2a: Claydol|66/100|[from] item: Leftovers
|upkeep
|turn|37
|inactive|resen65 has 180 seconds left.
|
|t:|1728876575
|switch|p1a: Swampert|Swampert, M|87/100
|move|p2a: Claydol|Rapid Spin|p1a: Swampert
|-damage|p1a: Swampert|84/100
|-sideend|p2: TyCarter|Spikes|[from] move: Rapid Spin|[of] p2a: Claydol
|
|-weather|Sandstorm|[upkeep]
|-heal|p2a: Claydol|72/100|[from] item: Leftovers
|-heal|p1a: Swampert|90/100|[from] item: Leftovers
|upkeep
|turn|38
|
|t:|1728876591
|switch|p2a: Suicune|Suicune|58/100 slp
|move|p1a: Swampert|Earthquake|p2a: Suicune
|-damage|p2a: Suicune|35/100 slp
|
|-weather|Sandstorm|[upkeep]
|-damage|p2a: Suicune|29/100 slp|[from] Sandstorm
|-heal|p2a: Suicune|35/100 slp|[from] item: Leftovers
|-heal|p1a: Swampert|96/100|[from] item: Leftovers
|upkeep
|turn|39
|
|t:|1728876598
|-curestatus|p2a: Suicune|slp|[msg]
|move|p2a: Suicune|Calm Mind|p2a: Suicune
|-boost|p2a: Suicune|spa|1
|-boost|p2a: Suicune|spd|1
|move|p1a: Swampert|Earthquake|p2a: Suicune
|-damage|p2a: Suicune|15/100
|
|-weather|Sandstorm|[upkeep]
|-damage|p2a: Suicune|9/100|[from] Sandstorm
|-heal|p2a: Suicune|15/100|[from] item: Leftovers
|-heal|p1a: Swampert|100/100|[from] item: Leftovers
|upkeep
|turn|40
|inactive|resen65 has 150 seconds left.
|
|t:|1728876631
|switch|p1a: Forretress|Forretress, F|10/100
|move|p2a: Suicune|Rest|p2a: Suicune
|-status|p2a: Suicune|slp|[from] move: Rest
|-heal|p2a: Suicune|100/100 slp|[silent]
|
|-weather|Sandstorm|[upkeep]
|-damage|p2a: Suicune|94/100 slp|[from] Sandstorm
|-heal|p2a: Suicune|100/100 slp|[from] item: Leftovers
|-heal|p1a: Forretress|16/100|[from] item: Leftovers
|upkeep
|turn|41
|inactive|resen65 has 150 seconds left.
|
|t:|1728876644
|switch|p1a: Snorlax|Snorlax, F|49/100
|cant|p2a: Suicune|slp
|
|-weather|Sandstorm|[upkeep]
|-damage|p2a: Suicune|94/100 slp|[from] Sandstorm
|-damage|p1a: Snorlax|43/100|[from] Sandstorm
|-heal|p2a: Suicune|100/100 slp|[from] item: Leftovers
|-heal|p1a: Snorlax|49/100|[from] item: Leftovers
|upkeep
|turn|42
|inactive|resen65 has 150 seconds left.
|
|t:|1728876652
|cant|p2a: Suicune|slp
|move|p1a: Snorlax|Self-Destruct|p2a: Suicune
|-damage|p2a: Suicune|0 fnt
|faint|p1a: Snorlax
|faint|p2a: Suicune
|inactive|resen65 has 150 seconds left.
|
|t:|1728876679
|switch|p2a: Blissey|Blissey, F|100/100
|switch|p1a: Forretress|Forretress, F|16/100
|
|-weather|Sandstorm|[upkeep]
|-damage|p2a: Blissey|94/100|[from] Sandstorm
|-heal|p2a: Blissey|100/100|[from] item: Leftovers
|-heal|p1a: Forretress|22/100|[from] item: Leftovers
|upkeep
|turn|43
|
|t:|1728876687
|switch|p1a: Jirachi|Jirachi|100/100 frz
|move|p2a: Blissey|Thunderbolt|p1a: Jirachi
|-damage|p1a: Jirachi|83/100 frz
|
|-weather|Sandstorm|[upkeep]
|-damage|p2a: Blissey|94/100|[from] Sandstorm
|-heal|p1a: Jirachi|89/100 frz|[from] item: Leftovers
|-heal|p2a: Blissey|100/100|[from] item: Leftovers
|upkeep
|turn|44
|
|t:|1728876689
|cant|p1a: Jirachi|frz
|move|p2a: Blissey|Calm Mind|p2a: Blissey
|-boost|p2a: Blissey|spa|1
|-boost|p2a: Blissey|spd|1
|
|-weather|Sandstorm|[upkeep]
|-damage|p2a: Blissey|94/100|[from] Sandstorm
|-heal|p1a: Jirachi|95/100 frz|[from] item: Leftovers
|-heal|p2a: Blissey|100/100|[from] item: Leftovers
|upkeep
|turn|45
|inactive|resen65 has 150 seconds left.
|
|t:|1728876713
|switch|p1a: Swampert|Swampert, M|100/100
|move|p2a: Blissey|Calm Mind|p2a: Blissey
|-boost|p2a: Blissey|spa|1
|-boost|p2a: Blissey|spd|1
|
|-weather|Sandstorm|[upkeep]
|-damage|p2a: Blissey|94/100|[from] Sandstorm
|-heal|p2a: Blissey|100/100|[from] item: Leftovers
|upkeep
|turn|46
|
|t:|1728876715
|move|p2a: Blissey|Ice Beam|p1a: Swampert
|-damage|p1a: Swampert|53/100
|move|p1a: Swampert|Earthquake|p2a: Blissey
|-crit|p2a: Blissey
|-damage|p2a: Blissey|19/100
|
|-weather|Sandstorm|[upkeep]
|-damage|p2a: Blissey|13/100|[from] Sandstorm
|-heal|p2a: Blissey|19/100|[from] item: Leftovers
|-heal|p1a: Swampert|59/100|[from] item: Leftovers
|upkeep
|turn|47
|
|t:|1728876727
|move|p2a: Blissey|Ice Beam|p1a: Swampert
|-damage|p1a: Swampert|14/100
|-message|Freeze Clause activated.
|move|p1a: Swampert|Earthquake|p2a: Blissey
|-damage|p2a: Blissey|0 fnt
|faint|p2a: Blissey
|
|t:|1728876732
|switch|p2a: Tyranitar|Tyranitar, M|100/100
|
|-weather|Sandstorm|[upkeep]
|-heal|p1a: Swampert|20/100|[from] item: Leftovers
|upkeep
|turn|48
|
|t:|1728876746
|move|p1a: Swampert|Protect|p1a: Swampert
|-singleturn|p1a: Swampert|Protect
|move|p2a: Tyranitar|Earthquake|p1a: Swampert
|-activate|p1a: Swampert|Protect
|
|-weather|Sandstorm|[upkeep]
|-heal|p1a: Swampert|26/100|[from] item: Leftovers
|upkeep
|turn|49
|
|t:|1728876772
|move|p2a: Tyranitar|Earthquake|p1a: Swampert
|-damage|p1a: Swampert|5/100
|move|p1a: Swampert|Hydro Pump|p2a: Tyranitar
|-supereffective|p2a: Tyranitar
|-damage|p2a: Tyranitar|10/100
|
|-weather|Sandstorm|[upkeep]
|-heal|p2a: Tyranitar|16/100|[from] item: Leftovers
|-heal|p1a: Swampert|11/100|[from] item: Leftovers
|upkeep
|turn|50
|
|t:|1728876788
|move|p1a: Swampert|Protect|p1a: Swampert
|-singleturn|p1a: Swampert|Protect
|move|p2a: Tyranitar|Rock Slide|p1a: Swampert
|-activate|p1a: Swampert|Protect
|
|-weather|Sandstorm|[upkeep]
|-heal|p2a: Tyranitar|22/100|[from] item: Leftovers
|-heal|p1a: Swampert|17/100|[from] item: Leftovers
|upkeep
|turn|51
|
|t:|1728876793
|switch|p1a: Forretress|Forretress, F|22/100
|move|p2a: Tyranitar|Earthquake|p1a: Forretress
|-damage|p1a: Forretress|0 fnt
|faint|p1a: Forretress
|
|t:|1728876796
|switch|p1a: Aerodactyl|Aerodactyl, F|100/100
|
|-weather|Sandstorm|[upkeep]
|-heal|p2a: Tyranitar|29/100|[from] item: Leftovers
|upkeep
|turn|52
|
|t:|1728876801
|switch|p2a: Claydol|Claydol|72/100
|move|p1a: Aerodactyl|Hidden Power|p2a: Claydol
|-supereffective|p2a: Claydol
|-damage|p2a: Claydol|14/100
|
|-weather|Sandstorm|[upkeep]
|-heal|p2a: Claydol|20/100|[from] item: Leftovers
|upkeep
|turn|53
|c|☆TyCarter|gg
|-message|TyCarter forfeited.
|
|win|resen65
|c|☆resen65|gg
|c|☆TyCarter|/log TyCarter made the replay of this battle unlisted.

</script>
<script type="application/json" class="data" id="replaydata-smogtours-gen3ou-798598">
{"id":"smogtours-gen3ou-798598","format":"[Gen 3] OU","players":["resen65","TyCarter"],"uploadtime":1728876808,"views":94,"formatid":"gen3ou","rating":null,"private":1,"password":null}
</script>

<script defer src="js/replays.js?9d40a366"></script>
