<!DOCTYPE html>
<meta charset="utf-8" />
<meta name="viewport" content="width=device-width" />

<title>[Gen 3] OU: dajib vs. Count Sliggoo II - Replays - Pok&eacute;mon Showdown!</title>

<meta name="description" content="Watch a replay of a Pok&eacute;mon battle between dajib and Count Sliggoo II! Format: [Gen 3] OU; Date: Oct 17, 2024" />
<!--

Hey, you! Looking in the source for the replay log?

You can find them in JSON format, just add `.json` at the end of a replay URL.

https://replay.pokemonshowdown.com/gen7randomdoublesbattle-865046831.json

Or, if you only need the log itself, add `.log` instead:

https://replay.pokemonshowdown.com/gen7randomdoublesbattle-865046831.log

-->

<link rel="stylesheet" href="//pokemonshowdown.com/style/global.css?0.023195364461161105" />
<link rel="stylesheet" href="//play.pokemonshowdown.com/style/font-awesome.css?0.13261647063804238" />
<link rel="stylesheet" href="//play.pokemonshowdown.com/style/battle.css?0.8753245789963631" />
<link rel="stylesheet" href="//play.pokemonshowdown.com/style/utilichart.css?0.8627959624976733" />

<!-- Global site tag (gtag.js) - Google Analytics -->
<script async src="https://www.googletagmanager.com/gtag/js?id=UA-26211653-1"></script>
<script>
  window.dataLayer = window.dataLayer || [];
  function gtag(){dataLayer.push(arguments);}
  gtag('js', new Date());

  gtag('config', 'UA-26211653-1');
</script>
<!-- End Google Analytics -->
<!-- Venatus Ad Manager - Install in <HEAD> of page -->
	<script src="https://hb.vntsm.com/v3/live/ad-manager.min.js" type="text/javascript" data-site-id="642aba63ec9a7b11c3c9c1be" data-mode="scan" async></script>
<!-- / Venatus Ad Manager -->

<style>
	@media (max-width:820px) {
		.battle {
			margin: 0 auto;
		}
		.battle-log {
			margin: 7px auto 0;
			max-width: 640px;
			height: 300px;
			position: static;
		}
	}
	.optgroup {
		display: inline-block;
		line-height: 22px;
		font-size: 10pt;
	}
	.optgroup .button {
		height: 25px;
		padding-top: 0;
		padding-bottom: 0;
	}
	.optgroup button.button {
		padding-left: 12px;
		padding-right: 12px;
	}
	.linklist {
		list-style: none;
		margin: 0.5em 0;
		padding: 0;
	}
	.linklist li {
		padding: 2px 0;
	}
	.sidebar {
		float: left;
		width: 320px;
	}
	.bar-wrapper {
		max-width: 1100px;
		margin: 0 auto;
	}
	.bar-wrapper.has-sidebar {
		max-width: 1430px;
	}
	.mainbar {
		margin: 0;
		padding-right: 1px;
	}
	.mainbar.has-sidebar {
		margin-left: 330px;
	}
	@media (min-width: 1511px) {
		.sidebar {
			width: 400px;
		}
		.bar-wrapper.has-sidebar {
			max-width: 1510px;
		}
		.mainbar.has-sidebar {
			margin-left: 410px;
		}
	}
	.section.first-section {
		margin-top: 9px;
	}
	.blocklink small {
		white-space: normal;
	}
	.button {
		vertical-align: middle;
	}
	.replay-controls {
		padding-top: 10px;
	}
	.replay-controls h1 {
		font-size: 16pt;
		font-weight: normal;
		color: #CCC;
	}
	.pagelink {
		text-align: center;
	}
	.pagelink a {
		width: 150px;
	}
	.textbox, .button {
		font-size: 11pt;
		vertical-align: middle;
	}
	@media (max-width: 450px) {
		.button {
			font-size: 9pt;
		}
	}
</style>

<div>

	<header>
		<div class="nav-wrapper"><ul class="nav">
			<li><a class="button nav-first" href="//pokemonshowdown.com/"><img src="//pokemonshowdown.com/images/pokemonshowdownbeta.png" srcset="//pokemonshowdown.com/images/pokemonshowdownbeta.png 1x, //pokemonshowdown.com/images/pokemonshowdownbeta@2x.png 2x" alt="Pok&eacute;mon Showdown" width="146" height="44" /> Home</a></li>
			<li><a class="button" href="//pokemonshowdown.com/dex/">Pok&eacute;dex</a></li>
			<li><a class="button cur" href="/">Replays</a></li>
			<li><a class="button" href="//pokemonshowdown.com/ladder/">Ladder</a></li>
			<li><a class="button nav-last" href="//pokemonshowdown.com/forums/">Forum</a></li>
			<li><a class="button greenbutton nav-first nav-last" href="//play.pokemonshowdown.com/">Play</a></li>
		</ul></div>
	</header>

	<div class="main" id="main">

		<noscript><section class="section">You need to enable JavaScript to use this page; sorry!</section></noscript>

	</div>

</div>

<script defer nomodule src="//play.pokemonshowdown.com/js/lib/ps-polyfill.js"></script>
<script defer src="//play.pokemonshowdown.com/js/lib/preact.min.js"></script>

<script defer src="//play.pokemonshowdown.com/config/config.js?2bddbc15"></script>
<script defer src="//play.pokemonshowdown.com/js/lib/jquery-1.11.0.min.js"></script>
<script defer src="//play.pokemonshowdown.com/js/lib/html-sanitizer-minified.js"></script>
<script defer src="//play.pokemonshowdown.com/js/battle-sound.js"></script>
<script defer src="//play.pokemonshowdown.com/js/battledata.js?0.7209276989879541"></script>
<script defer src="//play.pokemonshowdown.com/data/pokedex-mini.js?0.6111056340867951"></script>
<script defer src="//play.pokemonshowdown.com/data/pokedex-mini-bw.js?0.3532142036491459"></script>
<script defer src="//play.pokemonshowdown.com/data/graphics.js?0.24223875632456182"></script>
<script defer src="//play.pokemonshowdown.com/data/pokedex.js?0.38839984266356864"></script>
<script defer src="//play.pokemonshowdown.com/data/moves.js?0.21866028504024015"></script>
<script defer src="//play.pokemonshowdown.com/data/abilities.js?0.2005157953846628"></script>
<script defer src="//play.pokemonshowdown.com/data/items.js?0.9894211263848525"></script>
<script defer src="//play.pokemonshowdown.com/data/teambuilder-tables.js?0.6008791140282215"></script>
<script defer src="//play.pokemonshowdown.com/js/battle-tooltips.js?0.7580118955022959"></script>
<script defer src="//play.pokemonshowdown.com/js/battle.js?0.6057722274234274"></script>

<script defer src="js/utils.js?e31f9a17"></script>
<script defer src="js/replays-battle.js?7008c182"></script>

<!-- don't scrape this data! just add .json or .log after the URL!
Full API docs: https://github.com/smogon/pokemon-showdown-client/blob/master/WEB-API.md -->
<script type="text/plain" class="log" id="replaylog-smogtours-gen3ou-799424">
|inactive|Battle timer is ON: inactive players will automatically lose when time's up.
|t:|1729208643
|gametype|singles
|player|p1|dajib|170|
|player|p2|Count Sliggoo II|ruinmaniac-gen3rs|
|teamsize|p1|6
|teamsize|p2|6
|gen|3
|tier|[Gen 3] OU
|rule|Sleep Clause Mod: Limit one foe put to sleep
|rule|Switch Priority Clause Mod: Faster Pokémon switch first
|rule|Species Clause: Limit one of each Pokémon
|rule|OHKO Clause: OHKO moves are banned
|rule|Evasion Items Clause: Evasion items are banned
|rule|Evasion Moves Clause: Evasion moves are banned
|rule|Endless Battle Clause: Forcing endless battles is banned
|rule|HP Percentage Mod: HP is shown in percentages
|rule|One Boost Passer Clause: Limit one Baton Passer that has a way to boost its stats
|rule|Freeze Clause Mod: Limit one foe frozen
|
|t:|1729208643
|start
|switch|p1a: better blaziken|Typhlosion, M|100/100
|switch|p2a: Despot|Tyranitar, M, shiny|100/100
|-weather|Sandstorm|[from] ability: Sand Stream|[of] p2a: Despot
|turn|1
|inactive|Count Sliggoo II has 270 seconds left.
|
|t:|1729208677
|switch|p2a: Aurora|Suicune|100/100
|move|p1a: better blaziken|Dynamic Punch|p2a: Aurora
|-damage|p2a: Aurora|87/100
|-start|p2a: Aurora|confusion
|
|-weather|Sandstorm|[upkeep]
|-damage|p1a: better blaziken|94/100|[from] Sandstorm
|-damage|p2a: Aurora|81/100|[from] Sandstorm
|-heal|p2a: Aurora|87/100|[from] item: Leftovers
|upkeep
|turn|2
|
|t:|1729208682
|switch|p1a: Cloyster|Cloyster, M|100/100
|switch|p2a: Razor|Skarmory, F|100/100
|
|-weather|Sandstorm|[upkeep]
|-damage|p1a: Cloyster|94/100|[from] Sandstorm
|-heal|p1a: Cloyster|100/100|[from] item: Leftovers
|upkeep
|turn|3
|
|t:|1729208688
|switch|p2a: Deadbolt|Magneton|100/100
|move|p1a: Cloyster|Spikes|p2a: Deadbolt
|-sidestart|p2: Count Sliggoo II|Spikes
|
|-weather|Sandstorm|[upkeep]
|-damage|p1a: Cloyster|94/100|[from] Sandstorm
|-heal|p1a: Cloyster|100/100|[from] item: Leftovers
|upkeep
|turn|4
|
|t:|1729208691
|switch|p1a: Blissey|Blissey, F|100/100
|move|p2a: Deadbolt|Thunderbolt|p1a: Blissey
|-damage|p1a: Blissey|80/100
|
|-weather|Sandstorm|[upkeep]
|-damage|p1a: Blissey|74/100|[from] Sandstorm
|-heal|p1a: Blissey|80/100|[from] item: Leftovers
|upkeep
|turn|5
|
|t:|1729208702
|move|p2a: Deadbolt|Toxic|p1a: Blissey
|-status|p1a: Blissey|tox
|move|p1a: Blissey|Sing|p2a: Deadbolt|[miss]
|-miss|p1a: Blissey|p2a: Deadbolt
|
|-weather|Sandstorm|[upkeep]
|-damage|p1a: Blissey|74/100 tox|[from] Sandstorm
|-heal|p1a: Blissey|80/100 tox|[from] item: Leftovers
|-damage|p1a: Blissey|74/100 tox|[from] psn
|upkeep
|turn|6
|
|t:|1729208706
|move|p2a: Deadbolt|Protect|p2a: Deadbolt
|-singleturn|p2a: Deadbolt|Protect
|move|p1a: Blissey|Soft-Boiled|p1a: Blissey
|-heal|p1a: Blissey|100/100 tox
|
|-weather|Sandstorm|[upkeep]
|-damage|p1a: Blissey|94/100 tox|[from] Sandstorm
|-heal|p1a: Blissey|100/100 tox|[from] item: Leftovers
|-damage|p1a: Blissey|88/100 tox|[from] psn
|upkeep
|turn|7
|
|t:|1729208713
|switch|p2a: Despot|Tyranitar, M, shiny|100/100
|-damage|p2a: Despot|88/100|[from] Spikes
|move|p1a: Blissey|Sing|p2a: Despot
|-status|p2a: Despot|slp|[from] move: Sing
|
|-weather|Sandstorm|[upkeep]
|-damage|p1a: Blissey|82/100 tox|[from] Sandstorm
|-heal|p1a: Blissey|88/100 tox|[from] item: Leftovers
|-damage|p1a: Blissey|70/100 tox|[from] psn
|-heal|p2a: Despot|94/100 slp|[from] item: Leftovers
|upkeep
|turn|8
|
|t:|1729208717
|-curestatus|p1a: Blissey|tox|[from] ability: Natural Cure
|switch|p1a: Machamp|Machamp, M|100/100
|switch|p2a: Razor|Skarmory, F|100/100
|
|-weather|Sandstorm|[upkeep]
|-damage|p1a: Machamp|94/100|[from] Sandstorm
|-heal|p1a: Machamp|100/100|[from] item: Leftovers
|upkeep
|turn|9
|
|t:|1729208721
|move|p2a: Razor|Spikes|p1a: Machamp
|-sidestart|p1: dajib|Spikes
|move|p1a: Machamp|Bulk Up|p1a: Machamp
|-boost|p1a: Machamp|atk|1
|-boost|p1a: Machamp|def|1
|
|-weather|Sandstorm|[upkeep]
|-damage|p1a: Machamp|94/100|[from] Sandstorm
|-heal|p1a: Machamp|100/100|[from] item: Leftovers
|upkeep
|turn|10
|
|t:|1729208724
|move|p1a: Machamp|Cross Chop|p2a: Razor
|-damage|p2a: Razor|34/100
|move|p2a: Razor|Roar|p1a: Machamp
|drag|p1a: Jirachi|Jirachi|100/100
|-damage|p1a: Jirachi|88/100|[from] Spikes
|
|-weather|Sandstorm|[upkeep]
|-heal|p1a: Jirachi|94/100|[from] item: Leftovers
|-heal|p2a: Razor|40/100|[from] item: Leftovers
|upkeep
|turn|11
|
|t:|1729208746
|move|p1a: Jirachi|Calm Mind|p1a: Jirachi
|-boost|p1a: Jirachi|spa|1
|-boost|p1a: Jirachi|spd|1
|move|p2a: Razor|Roar|p1a: Jirachi
|drag|p1a: better blaziken|Typhlosion, M|94/100
|-damage|p1a: better blaziken|82/100|[from] Spikes
|
|-weather|Sandstorm|[upkeep]
|-damage|p1a: better blaziken|76/100|[from] Sandstorm
|-heal|p2a: Razor|46/100|[from] item: Leftovers
|upkeep
|turn|12
|
|t:|1729208754
|move|p2a: Razor|Protect|p2a: Razor
|-singleturn|p2a: Razor|Protect
|move|p1a: better blaziken|Thunder Punch|p2a: Razor
|-activate|p2a: Razor|Protect
|
|-weather|Sandstorm|[upkeep]
|-damage|p1a: better blaziken|70/100|[from] Sandstorm
|-heal|p2a: Razor|52/100|[from] item: Leftovers
|upkeep
|turn|13
|
|t:|1729208770
|move|p1a: better blaziken|Fire Blast|p2a: Razor
|-supereffective|p2a: Razor
|-damage|p2a: Razor|0 fnt
|faint|p2a: Razor
|
|t:|1729208781
|switch|p2a: Rocks Fall|Aerodactyl, F|100/100
|
|-weather|Sandstorm|[upkeep]
|-damage|p1a: better blaziken|64/100|[from] Sandstorm
|upkeep
|turn|14
|
|t:|1729208796
|switch|p1a: Salamence|Salamence, M|100/100
|-ability|p1a: Salamence|Intimidate|boost
|-unboost|p2a: Rocks Fall|atk|1
|move|p2a: Rocks Fall|Substitute|p2a: Rocks Fall
|-start|p2a: Rocks Fall|Substitute
|-damage|p2a: Rocks Fall|75/100
|
|-weather|Sandstorm|[upkeep]
|-damage|p1a: Salamence|94/100|[from] Sandstorm
|-heal|p1a: Salamence|100/100|[from] item: Leftovers
|upkeep
|turn|15
|
|t:|1729208797
|move|p2a: Rocks Fall|Rock Slide|p1a: Salamence
|-supereffective|p1a: Salamence
|-damage|p1a: Salamence|46/100
|move|p1a: Salamence|Dragon Claw|p2a: Rocks Fall
|-end|p2a: Rocks Fall|Substitute
|
|-weather|Sandstorm|[upkeep]
|-damage|p1a: Salamence|39/100|[from] Sandstorm
|-heal|p1a: Salamence|46/100|[from] item: Leftovers
|upkeep
|turn|16
|
|t:|1729208802
|move|p2a: Rocks Fall|Rock Slide|p1a: Salamence
|-supereffective|p1a: Salamence
|-damage|p1a: Salamence|0 fnt
|faint|p1a: Salamence
|
|t:|1729208813
|switch|p1a: Blissey|Blissey, F|70/100
|-damage|p1a: Blissey|57/100|[from] Spikes
|
|-weather|Sandstorm|[upkeep]
|-damage|p1a: Blissey|51/100|[from] Sandstorm
|-heal|p1a: Blissey|57/100|[from] item: Leftovers
|upkeep
|turn|17
|
|t:|1729208828
|switch|p2a: Wyrm|Steelix, M|100/100
|-damage|p2a: Wyrm|88/100|[from] Spikes
|move|p1a: Blissey|Soft-Boiled|p1a: Blissey
|-heal|p1a: Blissey|100/100
|
|-weather|Sandstorm|[upkeep]
|-damage|p1a: Blissey|94/100|[from] Sandstorm
|-heal|p1a: Blissey|100/100|[from] item: Leftovers
|-heal|p2a: Wyrm|94/100|[from] item: Leftovers
|upkeep
|turn|18
|
|t:|1729208832
|switch|p1a: Cloyster|Cloyster, M|100/100
|-damage|p1a: Cloyster|88/100|[from] Spikes
|move|p2a: Wyrm|Earthquake|p1a: Cloyster
|-damage|p1a: Cloyster|62/100
|
|-weather|Sandstorm|[upkeep]
|-damage|p1a: Cloyster|56/100|[from] Sandstorm
|-heal|p1a: Cloyster|62/100|[from] item: Leftovers
|-heal|p2a: Wyrm|100/100|[from] item: Leftovers
|upkeep
|turn|19
|
|t:|1729208855
|move|p1a: Cloyster|Surf|p2a: Wyrm
|-supereffective|p2a: Wyrm
|-damage|p2a: Wyrm|41/100
|move|p2a: Wyrm|Explosion|p1a: Cloyster
|-damage|p1a: Cloyster|0 fnt
|faint|p2a: Wyrm
|faint|p1a: Cloyster
|
|t:|1729208866
|switch|p1a: Machamp|Machamp, M|100/100
|switch|p2a: Rocks Fall|Aerodactyl, F|75/100
|-damage|p1a: Machamp|88/100|[from] Spikes
|
|-weather|Sandstorm|[upkeep]
|-damage|p1a: Machamp|82/100|[from] Sandstorm
|-heal|p1a: Machamp|88/100|[from] item: Leftovers
|upkeep
|turn|20
|
|t:|1729208879
|move|p2a: Rocks Fall|Hidden Power|p1a: Machamp
|-supereffective|p1a: Machamp
|-damage|p1a: Machamp|22/100
|move|p1a: Machamp|Rock Slide|p2a: Rocks Fall
|-supereffective|p2a: Rocks Fall
|-damage|p2a: Rocks Fall|0 fnt
|faint|p2a: Rocks Fall
|
|t:|1729208887
|switch|p2a: Aurora|Suicune|87/100
|-damage|p2a: Aurora|74/100|[from] Spikes
|
|-weather|Sandstorm|[upkeep]
|-damage|p2a: Aurora|68/100|[from] Sandstorm
|-damage|p1a: Machamp|16/100|[from] Sandstorm
|-heal|p2a: Aurora|74/100|[from] item: Leftovers
|-heal|p1a: Machamp|22/100|[from] item: Leftovers
|upkeep
|turn|21
|
|t:|1729208890
|move|p2a: Aurora|Surf|p1a: Machamp
|-damage|p1a: Machamp|0 fnt
|faint|p1a: Machamp
|
|t:|1729208892
|switch|p1a: Jirachi|Jirachi|94/100
|-damage|p1a: Jirachi|82/100|[from] Spikes
|
|-weather|Sandstorm|[upkeep]
|-damage|p2a: Aurora|68/100|[from] Sandstorm
|-heal|p1a: Jirachi|88/100|[from] item: Leftovers
|-heal|p2a: Aurora|74/100|[from] item: Leftovers
|upkeep
|turn|22
|
|t:|1729208897
|switch|p2a: Deadbolt|Magneton|100/100
|-damage|p2a: Deadbolt|88/100|[from] Spikes
|move|p1a: Jirachi|Calm Mind|p1a: Jirachi
|-boost|p1a: Jirachi|spa|1
|-boost|p1a: Jirachi|spd|1
|
|-weather|Sandstorm|[upkeep]
|-heal|p1a: Jirachi|94/100|[from] item: Leftovers
|upkeep
|turn|23
|
|t:|1729208899
|move|p1a: Jirachi|Fire Punch|p2a: Deadbolt
|-supereffective|p2a: Deadbolt
|-crit|p2a: Deadbolt
|-damage|p2a: Deadbolt|0 fnt
|faint|p2a: Deadbolt
|
|t:|1729208904
|switch|p2a: Aurora|Suicune|74/100
|-damage|p2a: Aurora|62/100|[from] Spikes
|
|-weather|Sandstorm|[upkeep]
|-damage|p2a: Aurora|56/100|[from] Sandstorm
|-heal|p1a: Jirachi|100/100|[from] item: Leftovers
|-heal|p2a: Aurora|62/100|[from] item: Leftovers
|upkeep
|turn|24
|
|t:|1729208907
|move|p1a: Jirachi|Psychic|p2a: Aurora
|-damage|p2a: Aurora|20/100
|move|p2a: Aurora|Calm Mind|p2a: Aurora
|-boost|p2a: Aurora|spa|1
|-boost|p2a: Aurora|spd|1
|
|-weather|Sandstorm|[upkeep]
|-damage|p2a: Aurora|13/100|[from] Sandstorm
|-heal|p2a: Aurora|20/100|[from] item: Leftovers
|upkeep
|turn|25
|
|t:|1729208909
|move|p1a: Jirachi|Psychic|p2a: Aurora
|-damage|p2a: Aurora|0 fnt
|faint|p2a: Aurora
|
|t:|1729208911
|switch|p2a: Despot|Tyranitar, M, shiny|94/100 slp
|-damage|p2a: Despot|82/100 slp|[from] Spikes
|
|-weather|Sandstorm|[upkeep]
|-heal|p2a: Despot|88/100 slp|[from] item: Leftovers
|upkeep
|turn|26
|
|t:|1729208914
|move|p1a: Jirachi|Hidden Power|p2a: Despot
|-supereffective|p2a: Despot
|-damage|p2a: Despot|35/100 slp
|cant|p2a: Despot|slp
|
|-weather|Sandstorm|[upkeep]
|-heal|p2a: Despot|41/100 slp|[from] item: Leftovers
|upkeep
|turn|27
|
|t:|1729208916
|move|p1a: Jirachi|Hidden Power|p2a: Despot
|-supereffective|p2a: Despot
|-damage|p2a: Despot|0 fnt
|faint|p2a: Despot
|
|win|dajib
|c|☆Count Sliggoo II|Gg.
|c|☆dajib|gg

</script>
<script type="application/json" class="data" id="replaydata-smogtours-gen3ou-799424">
{"id":"smogtours-gen3ou-799424","format":"[Gen 3] OU","players":["dajib","Count Sliggoo II"],"uploadtime":1729208916,"views":72,"formatid":"gen3ou","rating":null,"private":0,"password":null}
</script>

<script defer src="js/replays.js?9d40a366"></script>
