<!DOCTYPE html>
<meta charset="utf-8" />
<meta name="viewport" content="width=device-width" />

<title>[Gen 3] OU: Gonzasaurio 50 vs. Redrame - Replays - Pok&eacute;mon Showdown!</title>

<meta name="description" content="Watch a replay of a Pok&eacute;mon battle between Gonzasaurio 50 and Redrame! Format: [Gen 3] OU; Date: Oct 3, 2024" />
<!--

Hey, you! Looking in the source for the replay log?

You can find them in JSON format, just add `.json` at the end of a replay URL.

https://replay.pokemonshowdown.com/gen7randomdoublesbattle-865046831.json

Or, if you only need the log itself, add `.log` instead:

https://replay.pokemonshowdown.com/gen7randomdoublesbattle-865046831.log

-->

<link rel="stylesheet" href="//pokemonshowdown.com/style/global.css?0.023195364461161105" />
<link rel="stylesheet" href="//play.pokemonshowdown.com/style/font-awesome.css?0.13261647063804238" />
<link rel="stylesheet" href="//play.pokemonshowdown.com/style/battle.css?0.8753245789963631" />
<link rel="stylesheet" href="//play.pokemonshowdown.com/style/utilichart.css?0.8627959624976733" />

<!-- Global site tag (gtag.js) - Google Analytics -->
<script async src="https://www.googletagmanager.com/gtag/js?id=UA-26211653-1"></script>
<script>
  window.dataLayer = window.dataLayer || [];
  function gtag(){dataLayer.push(arguments);}
  gtag('js', new Date());

  gtag('config', 'UA-26211653-1');
</script>
<!-- End Google Analytics -->
<!-- Venatus Ad Manager - Install in <HEAD> of page -->
	<script src="https://hb.vntsm.com/v3/live/ad-manager.min.js" type="text/javascript" data-site-id="642aba63ec9a7b11c3c9c1be" data-mode="scan" async></script>
<!-- / Venatus Ad Manager -->

<style>
	@media (max-width:820px) {
		.battle {
			margin: 0 auto;
		}
		.battle-log {
			margin: 7px auto 0;
			max-width: 640px;
			height: 300px;
			position: static;
		}
	}
	.optgroup {
		display: inline-block;
		line-height: 22px;
		font-size: 10pt;
	}
	.optgroup .button {
		height: 25px;
		padding-top: 0;
		padding-bottom: 0;
	}
	.optgroup button.button {
		padding-left: 12px;
		padding-right: 12px;
	}
	.linklist {
		list-style: none;
		margin: 0.5em 0;
		padding: 0;
	}
	.linklist li {
		padding: 2px 0;
	}
	.sidebar {
		float: left;
		width: 320px;
	}
	.bar-wrapper {
		max-width: 1100px;
		margin: 0 auto;
	}
	.bar-wrapper.has-sidebar {
		max-width: 1430px;
	}
	.mainbar {
		margin: 0;
		padding-right: 1px;
	}
	.mainbar.has-sidebar {
		margin-left: 330px;
	}
	@media (min-width: 1511px) {
		.sidebar {
			width: 400px;
		}
		.bar-wrapper.has-sidebar {
			max-width: 1510px;
		}
		.mainbar.has-sidebar {
			margin-left: 410px;
		}
	}
	.section.first-section {
		margin-top: 9px;
	}
	.blocklink small {
		white-space: normal;
	}
	.button {
		vertical-align: middle;
	}
	.replay-controls {
		padding-top: 10px;
	}
	.replay-controls h1 {
		font-size: 16pt;
		font-weight: normal;
		color: #CCC;
	}
	.pagelink {
		text-align: center;
	}
	.pagelink a {
		width: 150px;
	}
	.textbox, .button {
		font-size: 11pt;
		vertical-align: middle;
	}
	@media (max-width: 450px) {
		.button {
			font-size: 9pt;
		}
	}
</style>

<div>

	<header>
		<div class="nav-wrapper"><ul class="nav">
			<li><a class="button nav-first" href="//pokemonshowdown.com/"><img src="//pokemonshowdown.com/images/pokemonshowdownbeta.png" srcset="//pokemonshowdown.com/images/pokemonshowdownbeta.png 1x, //pokemonshowdown.com/images/pokemonshowdownbeta@2x.png 2x" alt="Pok&eacute;mon Showdown" width="146" height="44" /> Home</a></li>
			<li><a class="button" href="//pokemonshowdown.com/dex/">Pok&eacute;dex</a></li>
			<li><a class="button cur" href="/">Replays</a></li>
			<li><a class="button" href="//pokemonshowdown.com/ladder/">Ladder</a></li>
			<li><a class="button nav-last" href="//pokemonshowdown.com/forums/">Forum</a></li>
			<li><a class="button greenbutton nav-first nav-last" href="//play.pokemonshowdown.com/">Play</a></li>
		</ul></div>
	</header>

	<div class="main" id="main">

		<noscript><section class="section">You need to enable JavaScript to use this page; sorry!</section></noscript>

	</div>

</div>

<script defer nomodule src="//play.pokemonshowdown.com/js/lib/ps-polyfill.js"></script>
<script defer src="//play.pokemonshowdown.com/js/lib/preact.min.js"></script>

<script defer src="//play.pokemonshowdown.com/config/config.js?2bddbc15"></script>
<script defer src="//play.pokemonshowdown.com/js/lib/jquery-1.11.0.min.js"></script>
<script defer src="//play.pokemonshowdown.com/js/lib/html-sanitizer-minified.js"></script>
<script defer src="//play.pokemonshowdown.com/js/battle-sound.js"></script>
<script defer src="//play.pokemonshowdown.com/js/battledata.js?0.7209276989879541"></script>
<script defer src="//play.pokemonshowdown.com/data/pokedex-mini.js?0.6111056340867951"></script>
<script defer src="//play.pokemonshowdown.com/data/pokedex-mini-bw.js?0.3532142036491459"></script>
<script defer src="//play.pokemonshowdown.com/data/graphics.js?0.24223875632456182"></script>
<script defer src="//play.pokemonshowdown.com/data/pokedex.js?0.38839984266356864"></script>
<script defer src="//play.pokemonshowdown.com/data/moves.js?0.21866028504024015"></script>
<script defer src="//play.pokemonshowdown.com/data/abilities.js?0.2005157953846628"></script>
<script defer src="//play.pokemonshowdown.com/data/items.js?0.9894211263848525"></script>
<script defer src="//play.pokemonshowdown.com/data/teambuilder-tables.js?0.6008791140282215"></script>
<script defer src="//play.pokemonshowdown.com/js/battle-tooltips.js?0.7580118955022959"></script>
<script defer src="//play.pokemonshowdown.com/js/battle.js?0.6057722274234274"></script>

<script defer src="js/utils.js?e31f9a17"></script>
<script defer src="js/replays-battle.js?7008c182"></script>

<!-- don't scrape this data! just add .json or .log after the URL!
Full API docs: https://github.com/smogon/pokemon-showdown-client/blob/master/WEB-API.md -->
<script type="text/plain" class="log" id="replaylog-smogtours-gen3ou-794248">
|inactive|Battle timer is ON: inactive players will automatically lose when time's up.
|t:|1727974798
|gametype|singles
|player|p1|Gonzasaurio 50|102|
|player|p2|Redrame|265|
|teamsize|p1|6
|teamsize|p2|6
|gen|3
|tier|[Gen 3] OU
|rule|Sleep Clause Mod: Limit one foe put to sleep
|rule|Switch Priority Clause Mod: Faster Pokémon switch first
|rule|Species Clause: Limit one of each Pokémon
|rule|OHKO Clause: OHKO moves are banned
|rule|Evasion Items Clause: Evasion items are banned
|rule|Evasion Moves Clause: Evasion moves are banned
|rule|Endless Battle Clause: Forcing endless battles is banned
|rule|HP Percentage Mod: HP is shown in percentages
|rule|One Boost Passer Clause: Limit one Baton Passer that has a way to boost its stats
|rule|Freeze Clause Mod: Limit one foe frozen
|
|t:|1727974798
|start
|switch|p1a: Tyranitar|Tyranitar, M|100/100
|switch|p2a: Slaking|Slaking, F|100/100
|-weather|Sandstorm|[from] ability: Sand Stream|[of] p1a: Tyranitar
|turn|1
|
|t:|1727974817
|-singleturn|p2a: Slaking|move: Focus Punch
|switch|p1a: Salamence|Salamence, F|100/100
|-ability|p1a: Salamence|Intimidate|boost
|-unboost|p2a: Slaking|atk|1
|move|p2a: Slaking|Focus Punch|p1a: Salamence
|-resisted|p1a: Salamence
|-damage|p1a: Salamence|62/100
|
|-weather|Sandstorm|[upkeep]
|-damage|p2a: Slaking|94/100|[from] Sandstorm
|-damage|p1a: Salamence|56/100|[from] Sandstorm
|-heal|p1a: Salamence|62/100|[from] item: Leftovers
|upkeep
|turn|2
|
|t:|1727974830
|switch|p2a: Swampert|Swampert, F|100/100
|move|p1a: Salamence|Dragon Claw|p2a: Swampert
|-damage|p2a: Swampert|63/100
|
|-weather|Sandstorm|[upkeep]
|-damage|p1a: Salamence|56/100|[from] Sandstorm
|-heal|p1a: Salamence|62/100|[from] item: Leftovers
|-heal|p2a: Swampert|69/100|[from] item: Leftovers
|upkeep
|turn|3
|
|t:|1727974849
|switch|p1a: Celebi|Celebi|100/100
|move|p2a: Swampert|Protect||[still]
|-fail|p2a: Swampert
|
|-weather|Sandstorm|[upkeep]
|-damage|p1a: Celebi|94/100|[from] Sandstorm
|-heal|p1a: Celebi|100/100|[from] item: Leftovers
|-heal|p2a: Swampert|75/100|[from] item: Leftovers
|upkeep
|turn|4
|
|t:|1727974860
|switch|p2a: Celebi|Celebi|100/100
|move|p1a: Celebi|Leech Seed|p2a: Celebi
|-immune|p2a: Celebi
|
|-weather|Sandstorm|[upkeep]
|-damage|p1a: Celebi|94/100|[from] Sandstorm
|-damage|p2a: Celebi|94/100|[from] Sandstorm
|-heal|p1a: Celebi|100/100|[from] item: Leftovers
|-heal|p2a: Celebi|100/100|[from] item: Leftovers
|upkeep
|turn|5
|
|t:|1727974869
|move|p1a: Celebi|Hidden Power|p2a: Celebi
|-supereffective|p2a: Celebi
|-damage|p2a: Celebi|70/100
|move|p2a: Celebi|Baton Pass|p2a: Celebi
|
|t:|1727974877
|switch|p2a: Slaking|Slaking, F|94/100|[from] Baton Pass
|
|-weather|Sandstorm|[upkeep]
|-damage|p2a: Slaking|88/100|[from] Sandstorm
|-damage|p1a: Celebi|94/100|[from] Sandstorm
|-heal|p1a: Celebi|100/100|[from] item: Leftovers
|upkeep
|turn|6
|
|t:|1727974891
|switch|p1a: Skarmory|Skarmory, F|100/100
|move|p2a: Slaking|Double-Edge|p1a: Skarmory
|-resisted|p1a: Skarmory
|-damage|p1a: Skarmory|57/100
|-damage|p2a: Slaking|77/100|[from] Recoil|[of] p1a: Skarmory
|
|-weather|Sandstorm|[upkeep]
|-damage|p2a: Slaking|71/100|[from] Sandstorm
|-heal|p1a: Skarmory|63/100|[from] item: Leftovers
|upkeep
|turn|7
|
|t:|1727974901
|switch|p2a: Magneton|Magneton|100/100
|move|p1a: Skarmory|Spikes|p2a: Magneton
|-sidestart|p2: Redrame|Spikes
|
|-weather|Sandstorm|[upkeep]
|-heal|p1a: Skarmory|69/100|[from] item: Leftovers
|upkeep
|turn|8
|
|t:|1727974907
|move|p2a: Magneton|Thunderbolt|p1a: Skarmory
|-supereffective|p1a: Skarmory
|-damage|p1a: Skarmory|0 fnt
|faint|p1a: Skarmory
|
|t:|1727974912
|switch|p1a: Salamence|Salamence, F|62/100
|-ability|p1a: Salamence|Intimidate|boost
|-unboost|p2a: Magneton|atk|1
|
|-weather|Sandstorm|[upkeep]
|-damage|p1a: Salamence|56/100|[from] Sandstorm
|-heal|p1a: Salamence|62/100|[from] item: Leftovers
|upkeep
|turn|9
|
|t:|1727974923
|move|p1a: Salamence|Fire Blast|p2a: Magneton
|-supereffective|p2a: Magneton
|-crit|p2a: Magneton
|-damage|p2a: Magneton|0 fnt
|faint|p2a: Magneton
|
|t:|1727974945
|switch|p2a: Slaking|Slaking, F|71/100
|-damage|p2a: Slaking|59/100|[from] Spikes
|
|-weather|Sandstorm|[upkeep]
|-damage|p2a: Slaking|53/100|[from] Sandstorm
|-damage|p1a: Salamence|56/100|[from] Sandstorm
|-heal|p1a: Salamence|62/100|[from] item: Leftovers
|upkeep
|turn|10
|
|t:|1727974960
|switch|p1a: Metagross|Metagross|100/100
|move|p2a: Slaking|Double-Edge|p1a: Metagross
|-resisted|p1a: Metagross
|-damage|p1a: Metagross|59/100
|-damage|p2a: Slaking|42/100|[from] Recoil|[of] p1a: Metagross
|
|-weather|Sandstorm|[upkeep]
|-damage|p2a: Slaking|36/100|[from] Sandstorm
|-heal|p1a: Metagross|65/100|[from] item: Leftovers
|upkeep
|turn|11
|inactive|Redrame has 270 seconds left.
|
|t:|1727974981
|switch|p2a: Swampert|Swampert, F|75/100
|-damage|p2a: Swampert|63/100|[from] Spikes
|move|p1a: Metagross|Meteor Mash|p2a: Swampert
|-resisted|p2a: Swampert
|-damage|p2a: Swampert|46/100
|
|-weather|Sandstorm|[upkeep]
|-heal|p1a: Metagross|71/100|[from] item: Leftovers
|-heal|p2a: Swampert|52/100|[from] item: Leftovers
|upkeep
|turn|12
|inactive|Redrame has 270 seconds left.
|
|t:|1727974997
|move|p1a: Metagross|Meteor Mash|p2a: Swampert
|-resisted|p2a: Swampert
|-damage|p2a: Swampert|33/100
|move|p2a: Swampert|Ice Beam|p1a: Metagross
|-resisted|p1a: Metagross
|-damage|p1a: Metagross|61/100
|
|-weather|Sandstorm|[upkeep]
|-heal|p1a: Metagross|67/100|[from] item: Leftovers
|-heal|p2a: Swampert|39/100|[from] item: Leftovers
|upkeep
|turn|13
|inactive|Redrame has 270 seconds left.
|
|t:|1727975007
|switch|p1a: Starmie|Starmie|100/100
|move|p2a: Swampert|Earthquake|p1a: Starmie
|-crit|p1a: Starmie
|-damage|p1a: Starmie|0 fnt
|faint|p1a: Starmie
|
|t:|1727975015
|switch|p1a: Celebi|Celebi|100/100
|
|-weather|Sandstorm|[upkeep]
|-damage|p1a: Celebi|94/100|[from] Sandstorm
|-heal|p1a: Celebi|100/100|[from] item: Leftovers
|-heal|p2a: Swampert|46/100|[from] item: Leftovers
|upkeep
|turn|14
|
|t:|1727975026
|move|p2a: Swampert|Protect|p2a: Swampert
|-singleturn|p2a: Swampert|Protect
|move|p1a: Celebi|Giga Drain|p2a: Swampert
|-activate|p2a: Swampert|Protect
|
|-weather|Sandstorm|[upkeep]
|-damage|p1a: Celebi|94/100|[from] Sandstorm
|-heal|p1a: Celebi|100/100|[from] item: Leftovers
|-heal|p2a: Swampert|52/100|[from] item: Leftovers
|upkeep
|turn|15
|inactive|Redrame has 270 seconds left.
|
|t:|1727975049
|switch|p2a: Salamence|Salamence, M|100/100
|-ability|p2a: Salamence|Intimidate|boost
|-unboost|p1a: Celebi|atk|1
|move|p1a: Celebi|Psychic|p2a: Salamence
|-damage|p2a: Salamence|51/100
|
|-weather|Sandstorm|[upkeep]
|-damage|p2a: Salamence|45/100|[from] Sandstorm
|-damage|p1a: Celebi|94/100|[from] Sandstorm
|-heal|p2a: Salamence|51/100|[from] item: Leftovers
|-heal|p1a: Celebi|100/100|[from] item: Leftovers
|upkeep
|turn|16
|inactive|Redrame has 270 seconds left.
|
|t:|1727975072
|move|p2a: Salamence|Hidden Power|p1a: Celebi
|-supereffective|p1a: Celebi
|-damage|p1a: Celebi|31/100
|move|p1a: Celebi|Psychic|p2a: Salamence
|-damage|p2a: Salamence|0 fnt
|faint|p2a: Salamence
|
|t:|1727975084
|switch|p2a: Slaking|Slaking, F|36/100
|-damage|p2a: Slaking|23/100|[from] Spikes
|
|-weather|Sandstorm|[upkeep]
|-damage|p2a: Slaking|17/100|[from] Sandstorm
|-damage|p1a: Celebi|25/100|[from] Sandstorm
|-heal|p1a: Celebi|31/100|[from] item: Leftovers
|upkeep
|turn|17
|
|t:|1727975091
|move|p2a: Slaking|Double-Edge|p1a: Celebi
|-damage|p1a: Celebi|0 fnt
|-damage|p2a: Slaking|8/100|[from] Recoil|[of] p1a: Celebi
|faint|p1a: Celebi
|
|t:|1727975094
|switch|p1a: Tyranitar|Tyranitar, M|100/100
|
|-weather|Sandstorm|[upkeep]
|-damage|p2a: Slaking|2/100|[from] Sandstorm
|upkeep
|turn|18
|inactive|Redrame has 270 seconds left.
|
|t:|1727975102
|switch|p2a: Metagross|Metagross|100/100
|-damage|p2a: Metagross|88/100|[from] Spikes
|move|p1a: Tyranitar|Dragon Dance|p1a: Tyranitar
|-boost|p1a: Tyranitar|atk|1
|-boost|p1a: Tyranitar|spe|1
|
|-weather|Sandstorm|[upkeep]
|-heal|p2a: Metagross|94/100|[from] item: Leftovers
|upkeep
|turn|19
|
|t:|1727975114
|switch|p1a: Metagross|Metagross|67/100
|move|p2a: Metagross|Meteor Mash|p1a: Metagross
|-resisted|p1a: Metagross
|-damage|p1a: Metagross|42/100
|
|-weather|Sandstorm|[upkeep]
|-heal|p1a: Metagross|49/100|[from] item: Leftovers
|-heal|p2a: Metagross|99/100|[from] item: Leftovers
|upkeep
|turn|20
|
|t:|1727975126
|move|p1a: Metagross|Earthquake|p2a: Metagross
|-supereffective|p2a: Metagross
|-damage|p2a: Metagross|45/100
|move|p2a: Metagross|Earthquake|p1a: Metagross
|-supereffective|p1a: Metagross
|-damage|p1a: Metagross|0 fnt
|faint|p1a: Metagross
|
|t:|1727975129
|switch|p1a: Salamence|Salamence, F|62/100
|-ability|p1a: Salamence|Intimidate|boost
|-fail|p2a: Metagross|unboost|[from] ability: Clear Body|[of] p2a: Metagross
|
|-weather|Sandstorm|[upkeep]
|-damage|p1a: Salamence|56/100|[from] Sandstorm
|-heal|p1a: Salamence|62/100|[from] item: Leftovers
|-heal|p2a: Metagross|51/100|[from] item: Leftovers
|upkeep
|turn|21
|
|t:|1727975140
|switch|p2a: Slaking|Slaking, F|2/100
|-damage|p2a: Slaking|0 fnt|[from] Spikes
|faint|p2a: Slaking
|
|t:|1727975145
|switch|p2a: Swampert|Swampert, F|52/100
|-damage|p2a: Swampert|39/100|[from] Spikes
|
|-weather|Sandstorm|[upkeep]
|-damage|p1a: Salamence|56/100|[from] Sandstorm
|-heal|p1a: Salamence|62/100|[from] item: Leftovers
|-heal|p2a: Swampert|46/100|[from] item: Leftovers
|upkeep
|turn|22
|
|t:|1727975155
|switch|p1a: Tyranitar|Tyranitar, M|100/100
|move|p2a: Swampert|Ice Beam|p1a: Tyranitar
|-damage|p1a: Tyranitar|82/100
|
|-weather|Sandstorm|[upkeep]
|-heal|p2a: Swampert|52/100|[from] item: Leftovers
|upkeep
|turn|23
|
|t:|1727975169
|move|p1a: Tyranitar|Earthquake|p2a: Swampert
|-damage|p2a: Swampert|25/100
|move|p2a: Swampert|Earthquake|p1a: Tyranitar
|-supereffective|p1a: Tyranitar
|-damage|p1a: Tyranitar|17/100
|
|-weather|Sandstorm|[upkeep]
|-heal|p2a: Swampert|31/100|[from] item: Leftovers
|upkeep
|turn|24
|
|t:|1727975190
|move|p1a: Tyranitar|Earthquake|p2a: Swampert
|-damage|p2a: Swampert|6/100
|move|p2a: Swampert|Earthquake|p1a: Tyranitar
|-supereffective|p1a: Tyranitar
|-crit|p1a: Tyranitar
|-damage|p1a: Tyranitar|0 fnt
|faint|p1a: Tyranitar
|
|t:|1727975192
|switch|p1a: Salamence|Salamence, F|62/100
|-ability|p1a: Salamence|Intimidate|boost
|-unboost|p2a: Swampert|atk|1
|
|-weather|Sandstorm|[upkeep]
|-damage|p1a: Salamence|56/100|[from] Sandstorm
|-heal|p1a: Salamence|62/100|[from] item: Leftovers
|-heal|p2a: Swampert|12/100|[from] item: Leftovers
|upkeep
|turn|25
|
|t:|1727975207
|move|p1a: Salamence|Dragon Claw|p2a: Swampert
|-crit|p2a: Swampert
|-damage|p2a: Swampert|0 fnt
|faint|p2a: Swampert
|
|t:|1727975217
|switch|p2a: Celebi|Celebi|70/100
|-damage|p2a: Celebi|58/100|[from] Spikes
|
|-weather|Sandstorm|[upkeep]
|-damage|p1a: Salamence|56/100|[from] Sandstorm
|-damage|p2a: Celebi|51/100|[from] Sandstorm
|-heal|p1a: Salamence|62/100|[from] item: Leftovers
|-heal|p2a: Celebi|58/100|[from] item: Leftovers
|upkeep
|turn|26
|
|t:|1727975226
|move|p1a: Salamence|Fire Blast|p2a: Celebi
|-supereffective|p2a: Celebi
|-damage|p2a: Celebi|2/100
|move|p2a: Celebi|Recover|p2a: Celebi
|-heal|p2a: Celebi|52/100
|
|-weather|Sandstorm|[upkeep]
|-damage|p1a: Salamence|56/100|[from] Sandstorm
|-damage|p2a: Celebi|46/100|[from] Sandstorm
|-heal|p1a: Salamence|62/100|[from] item: Leftovers
|-heal|p2a: Celebi|52/100|[from] item: Leftovers
|upkeep
|turn|27
|
|t:|1727975236
|move|p1a: Salamence|Fire Blast|p2a: Celebi
|-supereffective|p2a: Celebi
|-damage|p2a: Celebi|0 fnt
|faint|p2a: Celebi
|
|t:|1727975241
|switch|p2a: Metagross|Metagross|51/100
|-damage|p2a: Metagross|39/100|[from] Spikes
|
|-weather|Sandstorm|[upkeep]
|-damage|p1a: Salamence|56/100|[from] Sandstorm
|-heal|p1a: Salamence|62/100|[from] item: Leftovers
|-heal|p2a: Metagross|45/100|[from] item: Leftovers
|upkeep
|turn|28
|
|t:|1727975248
|move|p1a: Salamence|Fire Blast|p2a: Metagross
|-supereffective|p2a: Metagross
|-damage|p2a: Metagross|0 fnt
|faint|p2a: Metagross
|
|win|Gonzasaurio 50
|player|p1|
|player|p2|
|player|p1|Gonzasaurio 50|102|

</script>
<script type="application/json" class="data" id="replaydata-smogtours-gen3ou-794248">
{"id":"smogtours-gen3ou-794248","format":"[Gen 3] OU","players":["Gonzasaurio 50","Redrame"],"uploadtime":1727975248,"views":96,"formatid":"gen3ou","rating":null,"private":0,"password":null}
</script>

<script defer src="js/replays.js?9d40a366"></script>
