<!DOCTYPE html>
<meta charset="utf-8" />
<meta name="viewport" content="width=device-width" />

<title>[Gen 3] OU: Genoz vs. LoopingPyre - Replays - Pok&eacute;mon Showdown!</title>

<meta name="description" content="Watch a replay of a Pok&eacute;mon battle between Genoz and LoopingPyre! Format: [Gen 3] OU; Date: Oct 8, 2024" />
<!--

Hey, you! Looking in the source for the replay log?

You can find them in JSON format, just add `.json` at the end of a replay URL.

https://replay.pokemonshowdown.com/gen7randomdoublesbattle-865046831.json

Or, if you only need the log itself, add `.log` instead:

https://replay.pokemonshowdown.com/gen7randomdoublesbattle-865046831.log

-->

<link rel="stylesheet" href="//pokemonshowdown.com/style/global.css?0.023195364461161105" />
<link rel="stylesheet" href="//play.pokemonshowdown.com/style/font-awesome.css?0.13261647063804238" />
<link rel="stylesheet" href="//play.pokemonshowdown.com/style/battle.css?0.8753245789963631" />
<link rel="stylesheet" href="//play.pokemonshowdown.com/style/utilichart.css?0.8627959624976733" />

<!-- Global site tag (gtag.js) - Google Analytics -->
<script async src="https://www.googletagmanager.com/gtag/js?id=UA-26211653-1"></script>
<script>
  window.dataLayer = window.dataLayer || [];
  function gtag(){dataLayer.push(arguments);}
  gtag('js', new Date());

  gtag('config', 'UA-26211653-1');
</script>
<!-- End Google Analytics -->
<!-- Venatus Ad Manager - Install in <HEAD> of page -->
	<script src="https://hb.vntsm.com/v3/live/ad-manager.min.js" type="text/javascript" data-site-id="642aba63ec9a7b11c3c9c1be" data-mode="scan" async></script>
<!-- / Venatus Ad Manager -->

<style>
	@media (max-width:820px) {
		.battle {
			margin: 0 auto;
		}
		.battle-log {
			margin: 7px auto 0;
			max-width: 640px;
			height: 300px;
			position: static;
		}
	}
	.optgroup {
		display: inline-block;
		line-height: 22px;
		font-size: 10pt;
	}
	.optgroup .button {
		height: 25px;
		padding-top: 0;
		padding-bottom: 0;
	}
	.optgroup button.button {
		padding-left: 12px;
		padding-right: 12px;
	}
	.linklist {
		list-style: none;
		margin: 0.5em 0;
		padding: 0;
	}
	.linklist li {
		padding: 2px 0;
	}
	.sidebar {
		float: left;
		width: 320px;
	}
	.bar-wrapper {
		max-width: 1100px;
		margin: 0 auto;
	}
	.bar-wrapper.has-sidebar {
		max-width: 1430px;
	}
	.mainbar {
		margin: 0;
		padding-right: 1px;
	}
	.mainbar.has-sidebar {
		margin-left: 330px;
	}
	@media (min-width: 1511px) {
		.sidebar {
			width: 400px;
		}
		.bar-wrapper.has-sidebar {
			max-width: 1510px;
		}
		.mainbar.has-sidebar {
			margin-left: 410px;
		}
	}
	.section.first-section {
		margin-top: 9px;
	}
	.blocklink small {
		white-space: normal;
	}
	.button {
		vertical-align: middle;
	}
	.replay-controls {
		padding-top: 10px;
	}
	.replay-controls h1 {
		font-size: 16pt;
		font-weight: normal;
		color: #CCC;
	}
	.pagelink {
		text-align: center;
	}
	.pagelink a {
		width: 150px;
	}
	.textbox, .button {
		font-size: 11pt;
		vertical-align: middle;
	}
	@media (max-width: 450px) {
		.button {
			font-size: 9pt;
		}
	}
</style>

<div>

	<header>
		<div class="nav-wrapper"><ul class="nav">
			<li><a class="button nav-first" href="//pokemonshowdown.com/"><img src="//pokemonshowdown.com/images/pokemonshowdownbeta.png" srcset="//pokemonshowdown.com/images/pokemonshowdownbeta.png 1x, //pokemonshowdown.com/images/pokemonshowdownbeta@2x.png 2x" alt="Pok&eacute;mon Showdown" width="146" height="44" /> Home</a></li>
			<li><a class="button" href="//pokemonshowdown.com/dex/">Pok&eacute;dex</a></li>
			<li><a class="button cur" href="/">Replays</a></li>
			<li><a class="button" href="//pokemonshowdown.com/ladder/">Ladder</a></li>
			<li><a class="button nav-last" href="//pokemonshowdown.com/forums/">Forum</a></li>
			<li><a class="button greenbutton nav-first nav-last" href="//play.pokemonshowdown.com/">Play</a></li>
		</ul></div>
	</header>

	<div class="main" id="main">

		<noscript><section class="section">You need to enable JavaScript to use this page; sorry!</section></noscript>

	</div>

</div>

<script defer nomodule src="//play.pokemonshowdown.com/js/lib/ps-polyfill.js"></script>
<script defer src="//play.pokemonshowdown.com/js/lib/preact.min.js"></script>

<script defer src="//play.pokemonshowdown.com/config/config.js?2bddbc15"></script>
<script defer src="//play.pokemonshowdown.com/js/lib/jquery-1.11.0.min.js"></script>
<script defer src="//play.pokemonshowdown.com/js/lib/html-sanitizer-minified.js"></script>
<script defer src="//play.pokemonshowdown.com/js/battle-sound.js"></script>
<script defer src="//play.pokemonshowdown.com/js/battledata.js?0.7209276989879541"></script>
<script defer src="//play.pokemonshowdown.com/data/pokedex-mini.js?0.6111056340867951"></script>
<script defer src="//play.pokemonshowdown.com/data/pokedex-mini-bw.js?0.3532142036491459"></script>
<script defer src="//play.pokemonshowdown.com/data/graphics.js?0.24223875632456182"></script>
<script defer src="//play.pokemonshowdown.com/data/pokedex.js?0.38839984266356864"></script>
<script defer src="//play.pokemonshowdown.com/data/moves.js?0.21866028504024015"></script>
<script defer src="//play.pokemonshowdown.com/data/abilities.js?0.2005157953846628"></script>
<script defer src="//play.pokemonshowdown.com/data/items.js?0.9894211263848525"></script>
<script defer src="//play.pokemonshowdown.com/data/teambuilder-tables.js?0.6008791140282215"></script>
<script defer src="//play.pokemonshowdown.com/js/battle-tooltips.js?0.7580118955022959"></script>
<script defer src="//play.pokemonshowdown.com/js/battle.js?0.6057722274234274"></script>

<script defer src="js/utils.js?e31f9a17"></script>
<script defer src="js/replays-battle.js?7008c182"></script>

<!-- don't scrape this data! just add .json or .log after the URL!
Full API docs: https://github.com/smogon/pokemon-showdown-client/blob/master/WEB-API.md -->
<script type="text/plain" class="log" id="replaylog-smogtours-gen3ou-796347">
|inactive|Battle timer is ON: inactive players will automatically lose when time's up.
|t:|1728393414
|gametype|singles
|player|p1|Genoz|jogger|
|player|p2|LoopingPyre|cheryl|
|teamsize|p1|6
|teamsize|p2|6
|gen|3
|tier|[Gen 3] OU
|rule|Sleep Clause Mod: Limit one foe put to sleep
|rule|Switch Priority Clause Mod: Faster Pokémon switch first
|rule|Species Clause: Limit one of each Pokémon
|rule|OHKO Clause: OHKO moves are banned
|rule|Evasion Items Clause: Evasion items are banned
|rule|Evasion Moves Clause: Evasion moves are banned
|rule|Endless Battle Clause: Forcing endless battles is banned
|rule|HP Percentage Mod: HP is shown in percentages
|rule|One Boost Passer Clause: Limit one Baton Passer that has a way to boost its stats
|rule|Freeze Clause Mod: Limit one foe frozen
|
|t:|1728393414
|start
|switch|p1a: Tyranitar|Tyranitar, F|100/100
|switch|p2a: Dusclops|Dusclops, M|100/100
|-weather|Sandstorm|[from] ability: Sand Stream|[of] p1a: Tyranitar
|turn|1
|
|t:|1728393443
|switch|p1a: Gengar|Gengar, F|100/100
|move|p2a: Dusclops|Will-O-Wisp|p1a: Gengar
|-status|p1a: Gengar|brn
|
|-weather|Sandstorm|[upkeep]
|-damage|p1a: Gengar|94/100 brn|[from] Sandstorm
|-damage|p2a: Dusclops|95/100|[from] Sandstorm
|-heal|p1a: Gengar|100/100 brn|[from] item: Leftovers
|-damage|p1a: Gengar|88/100 brn|[from] brn
|-heal|p2a: Dusclops|100/100|[from] item: Leftovers
|upkeep
|turn|2
|
|t:|1728393462
|switch|p2a: Swampert|Swampert, M|100/100
|move|p1a: Gengar|Will-O-Wisp|p2a: Swampert|[miss]
|-miss|p1a: Gengar|p2a: Swampert
|
|-weather|Sandstorm|[upkeep]
|-damage|p1a: Gengar|82/100 brn|[from] Sandstorm
|-heal|p1a: Gengar|88/100 brn|[from] item: Leftovers
|-damage|p1a: Gengar|76/100 brn|[from] brn
|upkeep
|turn|3
|
|t:|1728393474
|switch|p1a: Skarmory|Skarmory, M|100/100
|move|p2a: Swampert|Ice Beam|p1a: Skarmory
|-damage|p1a: Skarmory|84/100
|
|-weather|Sandstorm|[upkeep]
|-heal|p1a: Skarmory|90/100|[from] item: Leftovers
|upkeep
|turn|4
|
|t:|1728393486
|switch|p2a: Zapdos|Zapdos|100/100
|move|p1a: Skarmory|Spikes|p2a: Zapdos
|-sidestart|p2: LoopingPyre|Spikes
|
|-weather|Sandstorm|[upkeep]
|-damage|p2a: Zapdos|94/100|[from] Sandstorm
|-heal|p2a: Zapdos|100/100|[from] item: Leftovers
|-heal|p1a: Skarmory|96/100|[from] item: Leftovers
|upkeep
|turn|5
|
|t:|1728393496
|switch|p1a: Claydol|Claydol|100/100
|move|p2a: Zapdos|Thunder Wave|p1a: Claydol
|-immune|p1a: Claydol
|
|-weather|Sandstorm|[upkeep]
|-damage|p2a: Zapdos|94/100|[from] Sandstorm
|-heal|p2a: Zapdos|100/100|[from] item: Leftovers
|upkeep
|turn|6
|
|t:|1728393514
|switch|p2a: Skarmory|Skarmory, F|100/100
|move|p1a: Claydol|Psychic|p2a: Skarmory
|-resisted|p2a: Skarmory
|-damage|p2a: Skarmory|88/100
|
|-weather|Sandstorm|[upkeep]
|-heal|p2a: Skarmory|94/100|[from] item: Leftovers
|upkeep
|turn|7
|
|t:|1728393530
|switch|p1a: Skarmory|Skarmory, M|96/100
|move|p2a: Skarmory|Toxic|p1a: Skarmory
|-immune|p1a: Skarmory
|
|-weather|Sandstorm|[upkeep]
|-heal|p2a: Skarmory|99/100|[from] item: Leftovers
|-heal|p1a: Skarmory|100/100|[from] item: Leftovers
|upkeep
|turn|8
|
|t:|1728393541
|move|p1a: Skarmory|Spikes|p2a: Skarmory
|-sidestart|p2: LoopingPyre|Spikes
|move|p2a: Skarmory|Spikes|p1a: Skarmory
|-sidestart|p1: Genoz|Spikes
|
|-weather|Sandstorm|[upkeep]
|-heal|p2a: Skarmory|100/100|[from] item: Leftovers
|upkeep
|turn|9
|
|t:|1728393552
|move|p2a: Skarmory|Spikes|p1a: Skarmory
|-sidestart|p1: Genoz|Spikes
|move|p1a: Skarmory|Spikes|p2a: Skarmory
|-sidestart|p2: LoopingPyre|Spikes
|
|-weather|Sandstorm|[upkeep]
|upkeep
|turn|10
|
|t:|1728393558
|move|p2a: Skarmory|Spikes|p1a: Skarmory
|-sidestart|p1: Genoz|Spikes
|move|p1a: Skarmory|Roar|p2a: Skarmory
|drag|p2a: Salamence|Salamence, F|100/100
|-ability|p2a: Salamence|Intimidate|boost
|-unboost|p1a: Skarmory|atk|1
|
|-weather|Sandstorm|[upkeep]
|-damage|p2a: Salamence|94/100|[from] Sandstorm
|-heal|p2a: Salamence|100/100|[from] item: Leftovers
|upkeep
|turn|11
|
|t:|1728393575
|move|p2a: Salamence|Rock Slide|p1a: Skarmory
|-damage|p1a: Skarmory|77/100
|move|p1a: Skarmory|Drill Peck|p2a: Salamence
|-damage|p2a: Salamence|80/100
|
|-weather|Sandstorm|[upkeep]
|-damage|p2a: Salamence|74/100|[from] Sandstorm
|-heal|p2a: Salamence|80/100|[from] item: Leftovers
|-heal|p1a: Skarmory|83/100|[from] item: Leftovers
|upkeep
|turn|12
|inactive|Genoz has 270 seconds left.
|
|t:|1728393611
|move|p2a: Salamence|Dragon Dance|p2a: Salamence
|-boost|p2a: Salamence|atk|1
|-boost|p2a: Salamence|spe|1
|move|p1a: Skarmory|Roar|p2a: Salamence
|drag|p2a: Gardevoir|Gardevoir, F|100/100
|-damage|p2a: Gardevoir|76/100|[from] Spikes
|-ability|p2a: Gardevoir|Keen Eye|[from] ability: Trace|[of] p1a: Skarmory
|
|-weather|Sandstorm|[upkeep]
|-damage|p2a: Gardevoir|70/100|[from] Sandstorm
|-heal|p2a: Gardevoir|76/100|[from] item: Leftovers
|-heal|p1a: Skarmory|89/100|[from] item: Leftovers
|upkeep
|turn|13
|inactive|Genoz has 240 seconds left.
|
|t:|1728393656
|switch|p1a: Claydol|Claydol|100/100
|move|p2a: Gardevoir|Fire Punch|p1a: Claydol
|-damage|p1a: Claydol|75/100
|
|-weather|Sandstorm|[upkeep]
|-damage|p2a: Gardevoir|70/100|[from] Sandstorm
|-heal|p2a: Gardevoir|76/100|[from] item: Leftovers
|-heal|p1a: Claydol|81/100|[from] item: Leftovers
|upkeep
|turn|14
|
|t:|1728393668
|switch|p2a: Dusclops|Dusclops, M|100/100
|-damage|p2a: Dusclops|75/100|[from] Spikes
|move|p1a: Claydol|Earthquake|p2a: Dusclops
|-damage|p2a: Dusclops|47/100
|
|-weather|Sandstorm|[upkeep]
|-damage|p2a: Dusclops|41/100|[from] Sandstorm
|-heal|p1a: Claydol|88/100|[from] item: Leftovers
|-heal|p2a: Dusclops|47/100|[from] item: Leftovers
|upkeep
|turn|15
|inactive|Genoz has 210 seconds left.
|
|t:|1728393709
|switch|p1a: Gengar|Gengar, F|76/100 brn
|move|p2a: Dusclops|Will-O-Wisp|p1a: Gengar|[miss]
|-miss|p2a: Dusclops|p1a: Gengar
|
|-weather|Sandstorm|[upkeep]
|-damage|p1a: Gengar|70/100 brn|[from] Sandstorm
|-damage|p2a: Dusclops|41/100|[from] Sandstorm
|-heal|p1a: Gengar|76/100 brn|[from] item: Leftovers
|-damage|p1a: Gengar|63/100 brn|[from] brn
|-heal|p2a: Dusclops|47/100|[from] item: Leftovers
|upkeep
|turn|16
|
|t:|1728393723
|move|p1a: Gengar|Will-O-Wisp|p2a: Dusclops
|-status|p2a: Dusclops|brn
|move|p2a: Dusclops|Pain Split|p1a: Gengar
|-sethp|p1a: Gengar|52/100 brn|[from] move: Pain Split|[silent]
|-sethp|p2a: Dusclops|59/100 brn|[from] move: Pain Split
|
|-weather|Sandstorm|[upkeep]
|-damage|p1a: Gengar|46/100 brn|[from] Sandstorm
|-damage|p2a: Dusclops|53/100 brn|[from] Sandstorm
|-heal|p1a: Gengar|52/100 brn|[from] item: Leftovers
|-damage|p1a: Gengar|40/100 brn|[from] brn
|-heal|p2a: Dusclops|59/100 brn|[from] item: Leftovers
|-damage|p2a: Dusclops|47/100 brn|[from] brn
|upkeep
|turn|17
|inactive|Genoz has 180 seconds left.
|inactive|LoopingPyre has 270 seconds left.
|
|t:|1728393759
|switch|p2a: Salamence|Salamence, F|80/100
|-ability|p2a: Salamence|Intimidate|boost
|-unboost|p1a: Gengar|atk|1
|move|p1a: Gengar|Ice Punch|p2a: Salamence
|-supereffective|p2a: Salamence
|-damage|p2a: Salamence|0 fnt
|faint|p2a: Salamence
|
|t:|1728393772
|switch|p2a: Skarmory|Skarmory, F|100/100
|
|-weather|Sandstorm|[upkeep]
|-damage|p1a: Gengar|34/100 brn|[from] Sandstorm
|-heal|p1a: Gengar|40/100 brn|[from] item: Leftovers
|-damage|p1a: Gengar|27/100 brn|[from] brn
|upkeep
|turn|18
|inactive|Genoz has 180 seconds left.
|
|t:|1728393797
|move|p1a: Gengar|Will-O-Wisp|p2a: Skarmory|[miss]
|-miss|p1a: Gengar|p2a: Skarmory
|move|p2a: Skarmory|Roar|p1a: Gengar
|drag|p1a: Skarmory|Skarmory, M|89/100
|
|-weather|Sandstorm|[upkeep]
|-heal|p1a: Skarmory|95/100|[from] item: Leftovers
|upkeep
|turn|19
|inactive|Genoz has 180 seconds left.
|inactive|LoopingPyre has 270 seconds left.
|
|t:|1728393807
|move|p2a: Skarmory|Roar|p1a: Skarmory
|drag|p1a: Claydol|Claydol|88/100
|
|-weather|Sandstorm|[upkeep]
|-heal|p1a: Claydol|94/100|[from] item: Leftovers
|upkeep
|turn|20
|inactive|LoopingPyre has 270 seconds left.
|inactive|Genoz has 180 seconds left.
|
|t:|1728393828
|switch|p2a: Dusclops|Dusclops, M|47/100 brn
|-damage|p2a: Dusclops|22/100 brn|[from] Spikes
|move|p1a: Claydol|Earthquake|p2a: Dusclops
|-damage|p2a: Dusclops|0 fnt
|faint|p2a: Dusclops
|inactive|LoopingPyre has 270 seconds left.
|
|t:|1728393840
|switch|p2a: Swampert|Swampert, M|100/100
|-damage|p2a: Swampert|75/100|[from] Spikes
|
|-weather|Sandstorm|[upkeep]
|-heal|p1a: Claydol|99/100|[from] item: Leftovers
|-heal|p2a: Swampert|82/100|[from] item: Leftovers
|upkeep
|turn|21
|inactive|LoopingPyre has 270 seconds left.
|
|t:|1728393848
|move|p1a: Claydol|Rapid Spin|p2a: Swampert
|-damage|p2a: Swampert|78/100
|-sideend|p1: Genoz|Spikes|[from] move: Rapid Spin|[of] p1a: Claydol
|move|p2a: Swampert|Curse|p2a: Swampert
|-unboost|p2a: Swampert|spe|1
|-boost|p2a: Swampert|atk|1
|-boost|p2a: Swampert|def|1
|
|-weather|Sandstorm|[upkeep]
|-heal|p1a: Claydol|100/100|[from] item: Leftovers
|-heal|p2a: Swampert|85/100|[from] item: Leftovers
|upkeep
|turn|22
|inactive|LoopingPyre has 270 seconds left.
|
|t:|1728393863
|switch|p1a: Skarmory|Skarmory, M|95/100
|move|p2a: Swampert|Curse|p2a: Swampert
|-unboost|p2a: Swampert|spe|1
|-boost|p2a: Swampert|atk|1
|-boost|p2a: Swampert|def|1
|
|-weather|Sandstorm|[upkeep]
|-heal|p1a: Skarmory|100/100|[from] item: Leftovers
|-heal|p2a: Swampert|91/100|[from] item: Leftovers
|upkeep
|turn|23
|inactive|LoopingPyre has 270 seconds left.
|
|t:|1728393874
|move|p2a: Swampert|Ice Beam|p1a: Skarmory
|-damage|p1a: Skarmory|83/100
|move|p1a: Skarmory|Roar|p2a: Swampert
|drag|p2a: Skarmory|Skarmory, F|100/100
|
|-weather|Sandstorm|[upkeep]
|-heal|p1a: Skarmory|89/100|[from] item: Leftovers
|upkeep
|turn|24
|inactive|LoopingPyre has 270 seconds left.
|
|t:|1728393890
|move|p1a: Skarmory|Roar|p2a: Skarmory
|drag|p2a: Swampert|Swampert, M|91/100
|-damage|p2a: Swampert|66/100|[from] Spikes
|
|-weather|Sandstorm|[upkeep]
|-heal|p1a: Skarmory|95/100|[from] item: Leftovers
|-heal|p2a: Swampert|72/100|[from] item: Leftovers
|upkeep
|turn|25
|
|t:|1728393899
|move|p1a: Skarmory|Drill Peck|p2a: Swampert
|-damage|p2a: Swampert|57/100
|move|p2a: Swampert|Ice Beam|p1a: Skarmory
|-damage|p1a: Skarmory|76/100
|
|-weather|Sandstorm|[upkeep]
|-heal|p1a: Skarmory|82/100|[from] item: Leftovers
|-heal|p2a: Swampert|63/100|[from] item: Leftovers
|upkeep
|turn|26
|
|t:|1728393909
|move|p2a: Swampert|Ice Beam|p1a: Skarmory
|-damage|p1a: Skarmory|65/100
|move|p1a: Skarmory|Roar|p2a: Swampert
|drag|p2a: Gardevoir|Gardevoir, F|76/100
|-damage|p2a: Gardevoir|51/100|[from] Spikes
|-ability|p2a: Gardevoir|Keen Eye|[from] ability: Trace|[of] p1a: Skarmory
|
|-weather|Sandstorm|[upkeep]
|-damage|p2a: Gardevoir|45/100|[from] Sandstorm
|-heal|p2a: Gardevoir|51/100|[from] item: Leftovers
|-heal|p1a: Skarmory|71/100|[from] item: Leftovers
|upkeep
|turn|27
|inactive|Genoz has 210 seconds left.
|
|t:|1728393924
|switch|p1a: Claydol|Claydol|100/100
|move|p2a: Gardevoir|Fire Punch|p1a: Claydol
|-damage|p1a: Claydol|75/100
|
|-weather|Sandstorm|[upkeep]
|-damage|p2a: Gardevoir|45/100|[from] Sandstorm
|-heal|p2a: Gardevoir|51/100|[from] item: Leftovers
|-heal|p1a: Claydol|82/100|[from] item: Leftovers
|upkeep
|turn|28
|inactive|Genoz has 210 seconds left.
|
|t:|1728393947
|switch|p1a: Gengar|Gengar, F|27/100 brn
|move|p2a: Gardevoir|Fire Punch|p1a: Gengar
|-damage|p1a: Gengar|0 fnt
|faint|p1a: Gengar
|-message|LoopingPyre forfeited.
|
|win|Genoz
|c|☆LoopingPyre|gg
|c|☆Genoz|gg man
|c|☆Genoz|nice spice

</script>
<script type="application/json" class="data" id="replaydata-smogtours-gen3ou-796347">
{"id":"smogtours-gen3ou-796347","format":"[Gen 3] OU","players":["Genoz","LoopingPyre"],"uploadtime":1728393949,"views":81,"formatid":"gen3ou","rating":null,"private":0,"password":null}
</script>

<script defer src="js/replays.js?9d40a366"></script>
