<!DOCTYPE html>
<meta charset="utf-8" />
<meta name="viewport" content="width=device-width" />

<title>[Gen 3] OU: yuramas vs. Skarph☾eRiM - Replays - Pok&eacute;mon Showdown!</title>

<meta name="description" content="Watch a replay of a Pok&eacute;mon battle between yuramas and Skarph☾eRiM! Format: [Gen 3] OU; Date: Oct 21, 2024" />
<!--

Hey, you! Looking in the source for the replay log?

You can find them in JSON format, just add `.json` at the end of a replay URL.

https://replay.pokemonshowdown.com/gen7randomdoublesbattle-865046831.json

Or, if you only need the log itself, add `.log` instead:

https://replay.pokemonshowdown.com/gen7randomdoublesbattle-865046831.log

-->

<link rel="stylesheet" href="//pokemonshowdown.com/style/global.css?0.023195364461161105" />
<link rel="stylesheet" href="//play.pokemonshowdown.com/style/font-awesome.css?0.13261647063804238" />
<link rel="stylesheet" href="//play.pokemonshowdown.com/style/battle.css?0.8753245789963631" />
<link rel="stylesheet" href="//play.pokemonshowdown.com/style/utilichart.css?0.8627959624976733" />

<!-- Global site tag (gtag.js) - Google Analytics -->
<script async src="https://www.googletagmanager.com/gtag/js?id=UA-26211653-1"></script>
<script>
  window.dataLayer = window.dataLayer || [];
  function gtag(){dataLayer.push(arguments);}
  gtag('js', new Date());

  gtag('config', 'UA-26211653-1');
</script>
<!-- End Google Analytics -->
<!-- Venatus Ad Manager - Install in <HEAD> of page -->
	<script src="https://hb.vntsm.com/v3/live/ad-manager.min.js" type="text/javascript" data-site-id="642aba63ec9a7b11c3c9c1be" data-mode="scan" async></script>
<!-- / Venatus Ad Manager -->

<style>
	@media (max-width:820px) {
		.battle {
			margin: 0 auto;
		}
		.battle-log {
			margin: 7px auto 0;
			max-width: 640px;
			height: 300px;
			position: static;
		}
	}
	.optgroup {
		display: inline-block;
		line-height: 22px;
		font-size: 10pt;
	}
	.optgroup .button {
		height: 25px;
		padding-top: 0;
		padding-bottom: 0;
	}
	.optgroup button.button {
		padding-left: 12px;
		padding-right: 12px;
	}
	.linklist {
		list-style: none;
		margin: 0.5em 0;
		padding: 0;
	}
	.linklist li {
		padding: 2px 0;
	}
	.sidebar {
		float: left;
		width: 320px;
	}
	.bar-wrapper {
		max-width: 1100px;
		margin: 0 auto;
	}
	.bar-wrapper.has-sidebar {
		max-width: 1430px;
	}
	.mainbar {
		margin: 0;
		padding-right: 1px;
	}
	.mainbar.has-sidebar {
		margin-left: 330px;
	}
	@media (min-width: 1511px) {
		.sidebar {
			width: 400px;
		}
		.bar-wrapper.has-sidebar {
			max-width: 1510px;
		}
		.mainbar.has-sidebar {
			margin-left: 410px;
		}
	}
	.section.first-section {
		margin-top: 9px;
	}
	.blocklink small {
		white-space: normal;
	}
	.button {
		vertical-align: middle;
	}
	.replay-controls {
		padding-top: 10px;
	}
	.replay-controls h1 {
		font-size: 16pt;
		font-weight: normal;
		color: #CCC;
	}
	.pagelink {
		text-align: center;
	}
	.pagelink a {
		width: 150px;
	}
	.textbox, .button {
		font-size: 11pt;
		vertical-align: middle;
	}
	@media (max-width: 450px) {
		.button {
			font-size: 9pt;
		}
	}
</style>

<div>

	<header>
		<div class="nav-wrapper"><ul class="nav">
			<li><a class="button nav-first" href="//pokemonshowdown.com/"><img src="//pokemonshowdown.com/images/pokemonshowdownbeta.png" srcset="//pokemonshowdown.com/images/pokemonshowdownbeta.png 1x, //pokemonshowdown.com/images/pokemonshowdownbeta@2x.png 2x" alt="Pok&eacute;mon Showdown" width="146" height="44" /> Home</a></li>
			<li><a class="button" href="//pokemonshowdown.com/dex/">Pok&eacute;dex</a></li>
			<li><a class="button cur" href="/">Replays</a></li>
			<li><a class="button" href="//pokemonshowdown.com/ladder/">Ladder</a></li>
			<li><a class="button nav-last" href="//pokemonshowdown.com/forums/">Forum</a></li>
			<li><a class="button greenbutton nav-first nav-last" href="//play.pokemonshowdown.com/">Play</a></li>
		</ul></div>
	</header>

	<div class="main" id="main">

		<noscript><section class="section">You need to enable JavaScript to use this page; sorry!</section></noscript>

	</div>

</div>

<script defer nomodule src="//play.pokemonshowdown.com/js/lib/ps-polyfill.js"></script>
<script defer src="//play.pokemonshowdown.com/js/lib/preact.min.js"></script>

<script defer src="//play.pokemonshowdown.com/config/config.js?2bddbc15"></script>
<script defer src="//play.pokemonshowdown.com/js/lib/jquery-1.11.0.min.js"></script>
<script defer src="//play.pokemonshowdown.com/js/lib/html-sanitizer-minified.js"></script>
<script defer src="//play.pokemonshowdown.com/js/battle-sound.js"></script>
<script defer src="//play.pokemonshowdown.com/js/battledata.js?0.7209276989879541"></script>
<script defer src="//play.pokemonshowdown.com/data/pokedex-mini.js?0.6111056340867951"></script>
<script defer src="//play.pokemonshowdown.com/data/pokedex-mini-bw.js?0.3532142036491459"></script>
<script defer src="//play.pokemonshowdown.com/data/graphics.js?0.24223875632456182"></script>
<script defer src="//play.pokemonshowdown.com/data/pokedex.js?0.38839984266356864"></script>
<script defer src="//play.pokemonshowdown.com/data/moves.js?0.21866028504024015"></script>
<script defer src="//play.pokemonshowdown.com/data/abilities.js?0.2005157953846628"></script>
<script defer src="//play.pokemonshowdown.com/data/items.js?0.9894211263848525"></script>
<script defer src="//play.pokemonshowdown.com/data/teambuilder-tables.js?0.6008791140282215"></script>
<script defer src="//play.pokemonshowdown.com/js/battle-tooltips.js?0.7580118955022959"></script>
<script defer src="//play.pokemonshowdown.com/js/battle.js?0.6057722274234274"></script>

<script defer src="js/utils.js?e31f9a17"></script>
<script defer src="js/replays-battle.js?7008c182"></script>

<!-- don't scrape this data! just add .json or .log after the URL!
Full API docs: https://github.com/smogon/pokemon-showdown-client/blob/master/WEB-API.md -->
<script type="text/plain" class="log" id="replaylog-smogtours-gen3ou-801048">
|inactive|Battle timer is ON: inactive players will automatically lose when time's up.
|t:|1729519296
|gametype|singles
|player|p1|yuramas|n|
|player|p2|Skarph☾eRiM|#scl4platoon2|
|teamsize|p1|6
|teamsize|p2|6
|gen|3
|tier|[Gen 3] OU
|rule|Sleep Clause Mod: Limit one foe put to sleep
|rule|Switch Priority Clause Mod: Faster Pokémon switch first
|rule|Species Clause: Limit one of each Pokémon
|rule|OHKO Clause: OHKO moves are banned
|rule|Evasion Items Clause: Evasion items are banned
|rule|Evasion Moves Clause: Evasion moves are banned
|rule|Endless Battle Clause: Forcing endless battles is banned
|rule|HP Percentage Mod: HP is shown in percentages
|rule|One Boost Passer Clause: Limit one Baton Passer that has a way to boost its stats
|rule|Freeze Clause Mod: Limit one foe frozen
|
|t:|1729519296
|start
|switch|p1a: Zapdos|Zapdos|100/100
|switch|p2a: Tyranitar|Tyranitar, F|100/100
|-weather|Sandstorm|[from] ability: Sand Stream|[of] p2a: Tyranitar
|turn|1
|c|☆Skarph☾eRiM|hf
|raw|<div class="broadcast-red"><strong>Moderated chat was set to ☆!<\/strong><br />Only users of rank ☆ and higher can talk.<\/div>
|c|☆Skarph☾eRiM|/log Skarph☾eRiM made the replay of this battle unlisted.
|inactive|yuramas has 270 seconds left.
|inactive|Skarph☾eRiM has 270 seconds left.
|c|☆yuramas|u too
|
|t:|1729519348
|-singleturn|p2a: Tyranitar|move: Focus Punch
|move|p1a: Zapdos|Baton Pass|p1a: Zapdos
|
|t:|1729519359
|switch|p1a: Starmie|Starmie|100/100|[from] Baton Pass
|move|p2a: Tyranitar|Focus Punch|p1a: Starmie
|-resisted|p1a: Starmie
|-damage|p1a: Starmie|57/100
|
|-weather|Sandstorm|[upkeep]
|-damage|p1a: Starmie|51/100|[from] Sandstorm
|-heal|p1a: Starmie|57/100|[from] item: Leftovers
|upkeep
|turn|2
|
|t:|1729519381
|switch|p2a: Celebi|Celebi|100/100
|move|p1a: Starmie|Thunder Wave|p2a: Celebi
|-status|p2a: Celebi|par
|
|-weather|Sandstorm|[upkeep]
|-damage|p1a: Starmie|51/100|[from] Sandstorm
|-damage|p2a: Celebi|94/100 par|[from] Sandstorm
|-heal|p1a: Starmie|57/100|[from] item: Leftovers
|-heal|p2a: Celebi|100/100 par|[from] item: Leftovers
|upkeep
|turn|3
|inactive|yuramas has 270 seconds left.
|inactive|Skarph☾eRiM has 270 seconds left.
|
|t:|1729519408
|switch|p1a: Heracross|Heracross, M|100/100
|move|p2a: Celebi|Leech Seed|p1a: Heracross
|-start|p1a: Heracross|move: Leech Seed
|
|-weather|Sandstorm|[upkeep]
|-damage|p1a: Heracross|95/100|[from] Sandstorm
|-damage|p2a: Celebi|94/100 par|[from] Sandstorm
|-heal|p1a: Heracross|100/100|[from] item: Leftovers
|-damage|p1a: Heracross|88/100|[from] Leech Seed|[of] p2a: Celebi
|-heal|p2a: Celebi|100/100 par|[silent]
|upkeep
|turn|4
|inactive|Skarph☾eRiM has 270 seconds left.
|inactive|yuramas has 270 seconds left.
|
|t:|1729519429
|switch|p1a: Zapdos|Zapdos|100/100
|-curestatus|p2a: Celebi|par|[from] ability: Natural Cure
|switch|p2a: Gengar|Gengar, M|100/100
|
|-weather|Sandstorm|[upkeep]
|-damage|p2a: Gengar|95/100|[from] Sandstorm
|-damage|p1a: Zapdos|94/100|[from] Sandstorm
|-heal|p2a: Gengar|100/100|[from] item: Leftovers
|-heal|p1a: Zapdos|100/100|[from] item: Leftovers
|upkeep
|turn|5
|inactive|yuramas has 270 seconds left.
|inactive|yuramas has 240 seconds left.
|
|t:|1729519469
|switch|p2a: Celebi|Celebi|100/100
|move|p1a: Zapdos|Thunderbolt|p2a: Celebi
|-resisted|p2a: Celebi
|-damage|p2a: Celebi|84/100
|
|-weather|Sandstorm|[upkeep]
|-damage|p2a: Celebi|78/100|[from] Sandstorm
|-damage|p1a: Zapdos|94/100|[from] Sandstorm
|-heal|p1a: Zapdos|100/100|[from] item: Leftovers
|-heal|p2a: Celebi|84/100|[from] item: Leftovers
|upkeep
|turn|6
|
|t:|1729519483
|move|p1a: Zapdos|Substitute|p1a: Zapdos
|-start|p1a: Zapdos|Substitute
|-damage|p1a: Zapdos|76/100
|move|p2a: Celebi|Psychic|p1a: Zapdos
|-end|p1a: Zapdos|Substitute
|
|-weather|Sandstorm|[upkeep]
|-damage|p1a: Zapdos|70/100|[from] Sandstorm
|-damage|p2a: Celebi|78/100|[from] Sandstorm
|-heal|p2a: Celebi|84/100|[from] item: Leftovers
|-heal|p1a: Zapdos|76/100|[from] item: Leftovers
|upkeep
|turn|7
|
|t:|1729519495
|move|p2a: Celebi|Leech Seed|p1a: Zapdos
|-start|p1a: Zapdos|move: Leech Seed
|move|p1a: Zapdos|Baton Pass|p1a: Zapdos
|
|t:|1729519502
|switch|p1a: Jirachi|Jirachi|100/100|[from] Baton Pass
|
|-weather|Sandstorm|[upkeep]
|-damage|p2a: Celebi|78/100|[from] Sandstorm
|-heal|p2a: Celebi|84/100|[from] item: Leftovers
|-damage|p1a: Jirachi|88/100|[from] Leech Seed|[of] p2a: Celebi
|-heal|p2a: Celebi|97/100|[silent]
|upkeep
|turn|8
|inactive|yuramas has 240 seconds left.
|
|t:|1729519543
|switch|p1a: Tyranitar|Tyranitar, F|100/100
|move|p2a: Celebi|Hidden Power|p1a: Tyranitar
|-resisted|p1a: Tyranitar
|-damage|p1a: Tyranitar|93/100
|
|-weather|Sandstorm|[upkeep]
|-damage|p2a: Celebi|91/100|[from] Sandstorm
|-heal|p2a: Celebi|97/100|[from] item: Leftovers
|upkeep
|turn|9
|
|t:|1729519558
|switch|p2a: Swampert|Swampert, M|100/100
|move|p1a: Tyranitar|Hidden Power|p2a: Swampert
|-damage|p2a: Swampert|80/100
|
|-weather|Sandstorm|[upkeep]
|-heal|p2a: Swampert|86/100|[from] item: Leftovers
|upkeep
|turn|10
|inactive|yuramas has 210 seconds left.
|
|t:|1729519599
|switch|p1a: Heracross|Heracross, M|88/100
|move|p2a: Swampert|Surf|p1a: Heracross
|-damage|p1a: Heracross|47/100
|
|-weather|Sandstorm|[upkeep]
|-damage|p1a: Heracross|41/100|[from] Sandstorm
|-heal|p1a: Heracross|47/100|[from] item: Leftovers
|-heal|p2a: Swampert|92/100|[from] item: Leftovers
|upkeep
|turn|11
|inactive|Skarph☾eRiM has 240 seconds left.
|inactive|yuramas has 180 seconds left.
|
|t:|1729519629
|switch|p2a: Gengar|Gengar, M|100/100
|move|p1a: Heracross|Megahorn|p2a: Gengar
|-resisted|p2a: Gengar
|-crit|p2a: Gengar
|-damage|p2a: Gengar|43/100
|
|-weather|Sandstorm|[upkeep]
|-damage|p2a: Gengar|37/100|[from] Sandstorm
|-damage|p1a: Heracross|41/100|[from] Sandstorm
|-heal|p2a: Gengar|43/100|[from] item: Leftovers
|-heal|p1a: Heracross|47/100|[from] item: Leftovers
|upkeep
|turn|12
|inactive|yuramas has 180 seconds left.
|inactive|Skarph☾eRiM has 240 seconds left.
|
|t:|1729519658
|switch|p1a: Jirachi|Jirachi|88/100
|move|p2a: Gengar|Explosion|p1a: Jirachi
|-resisted|p1a: Jirachi
|-damage|p1a: Jirachi|60/100
|faint|p2a: Gengar
|
|t:|1729519675
|switch|p2a: Swampert|Swampert, M|92/100
|
|-weather|Sandstorm|[upkeep]
|-heal|p1a: Jirachi|66/100|[from] item: Leftovers
|-heal|p2a: Swampert|99/100|[from] item: Leftovers
|upkeep
|turn|13
|inactive|yuramas has 180 seconds left.
|
|t:|1729519687
|move|p1a: Jirachi|Protect|p1a: Jirachi
|-singleturn|p1a: Jirachi|Protect
|move|p2a: Swampert|Surf|p1a: Jirachi
|-activate|p1a: Jirachi|Protect
|
|-weather|Sandstorm|[upkeep]
|-heal|p1a: Jirachi|72/100|[from] item: Leftovers
|-heal|p2a: Swampert|100/100|[from] item: Leftovers
|upkeep
|turn|14
|inactive|yuramas has 180 seconds left.
|
|t:|1729519699
|switch|p1a: Starmie|Starmie|57/100
|move|p2a: Swampert|Earthquake|p1a: Starmie
|-damage|p1a: Starmie|14/100
|
|-weather|Sandstorm|[upkeep]
|-damage|p1a: Starmie|7/100|[from] Sandstorm
|-heal|p1a: Starmie|14/100|[from] item: Leftovers
|upkeep
|turn|15
|inactive|yuramas has 180 seconds left.
|
|t:|1729519712
|move|p1a: Starmie|Recover|p1a: Starmie
|-heal|p1a: Starmie|63/100
|move|p2a: Swampert|Earthquake|p1a: Starmie
|-damage|p1a: Starmie|25/100
|
|-weather|Sandstorm|[upkeep]
|-damage|p1a: Starmie|19/100|[from] Sandstorm
|-heal|p1a: Starmie|25/100|[from] item: Leftovers
|upkeep
|turn|16
|inactive|yuramas has 180 seconds left.
|
|t:|1729519731
|switch|p2a: Celebi|Celebi|97/100
|move|p1a: Starmie|Recover|p1a: Starmie
|-heal|p1a: Starmie|75/100
|
|-weather|Sandstorm|[upkeep]
|-damage|p1a: Starmie|69/100|[from] Sandstorm
|-damage|p2a: Celebi|91/100|[from] Sandstorm
|-heal|p1a: Starmie|75/100|[from] item: Leftovers
|-heal|p2a: Celebi|97/100|[from] item: Leftovers
|upkeep
|turn|17
|inactive|yuramas has 180 seconds left.
|
|t:|1729519746
|switch|p1a: Jirachi|Jirachi|72/100
|move|p2a: Celebi|Leech Seed|p1a: Jirachi
|-start|p1a: Jirachi|move: Leech Seed
|
|-weather|Sandstorm|[upkeep]
|-damage|p2a: Celebi|91/100|[from] Sandstorm
|-heal|p2a: Celebi|97/100|[from] item: Leftovers
|-heal|p1a: Jirachi|78/100|[from] item: Leftovers
|-damage|p1a: Jirachi|66/100|[from] Leech Seed|[of] p2a: Celebi
|-heal|p2a: Celebi|100/100|[silent]
|upkeep
|turn|18
|
|t:|1729519759
|move|p2a: Celebi|Hidden Power|p1a: Jirachi
|-supereffective|p1a: Jirachi
|-damage|p1a: Jirachi|39/100
|move|p1a: Jirachi|Wish|p1a: Jirachi
|
|-weather|Sandstorm|[upkeep]
|-damage|p2a: Celebi|94/100|[from] Sandstorm
|-heal|p2a: Celebi|100/100|[from] item: Leftovers
|-heal|p1a: Jirachi|45/100|[from] item: Leftovers
|-damage|p1a: Jirachi|33/100|[from] Leech Seed|[of] p2a: Celebi
|upkeep
|turn|19
|
|t:|1729519768
|switch|p2a: Cloyster|Cloyster, M|100/100
|move|p1a: Jirachi|Protect||[still]
|-fail|p1a: Jirachi
|
|-heal|p1a: Jirachi|83/100|[from] move: Wish|[wisher] Jirachi
|-weather|Sandstorm|[upkeep]
|-damage|p2a: Cloyster|94/100|[from] Sandstorm
|-heal|p1a: Jirachi|89/100|[from] item: Leftovers
|-damage|p1a: Jirachi|76/100|[from] Leech Seed|[of] p2a: Cloyster
|-heal|p2a: Cloyster|100/100|[silent]
|upkeep
|turn|20
|inactive|yuramas has 180 seconds left.
|
|t:|1729519776
|switch|p1a: Zapdos|Zapdos|76/100
|move|p2a: Cloyster|Spikes|p1a: Zapdos
|-sidestart|p1: yuramas|Spikes
|
|-weather|Sandstorm|[upkeep]
|-damage|p1a: Zapdos|70/100|[from] Sandstorm
|-damage|p2a: Cloyster|94/100|[from] Sandstorm
|-heal|p1a: Zapdos|76/100|[from] item: Leftovers
|upkeep
|turn|21
|inactive|Skarph☾eRiM has 240 seconds left.
|inactive|yuramas has 180 seconds left.
|
|t:|1729519792
|switch|p2a: Celebi|Celebi|100/100
|move|p1a: Zapdos|Substitute|p1a: Zapdos
|-start|p1a: Zapdos|Substitute
|-damage|p1a: Zapdos|51/100
|
|-weather|Sandstorm|[upkeep]
|-damage|p2a: Celebi|94/100|[from] Sandstorm
|-damage|p1a: Zapdos|45/100|[from] Sandstorm
|-heal|p2a: Celebi|100/100|[from] item: Leftovers
|-heal|p1a: Zapdos|51/100|[from] item: Leftovers
|upkeep
|turn|22
|inactive|Skarph☾eRiM has 240 seconds left.
|
|t:|1729519811
|move|p1a: Zapdos|Baton Pass|p1a: Zapdos
|inactive|yuramas has 180 seconds left.
|
|t:|1729519839
|switch|p1a: Starmie|Starmie|75/100|[from] Baton Pass
|-damage|p1a: Starmie|62/100|[from] Spikes
|move|p2a: Celebi|Psychic|p1a: Starmie
|-resisted|p1a: Starmie
|-activate|p1a: Starmie|Substitute|[damage]
|
|-weather|Sandstorm|[upkeep]
|-damage|p1a: Starmie|56/100|[from] Sandstorm
|-damage|p2a: Celebi|94/100|[from] Sandstorm
|-heal|p1a: Starmie|62/100|[from] item: Leftovers
|-heal|p2a: Celebi|100/100|[from] item: Leftovers
|upkeep
|turn|23
|inactive|Skarph☾eRiM has 240 seconds left.
|
|t:|1729519856
|move|p1a: Starmie|Rapid Spin|p2a: Celebi
|-damage|p2a: Celebi|98/100
|-sideend|p1: yuramas|Spikes|[from] move: Rapid Spin|[of] p1a: Starmie
|move|p2a: Celebi|Hidden Power|p1a: Starmie
|-resisted|p1a: Starmie
|-end|p1a: Starmie|Substitute
|
|-weather|Sandstorm|[upkeep]
|-damage|p1a: Starmie|56/100|[from] Sandstorm
|-damage|p2a: Celebi|92/100|[from] Sandstorm
|-heal|p1a: Starmie|62/100|[from] item: Leftovers
|-heal|p2a: Celebi|98/100|[from] item: Leftovers
|upkeep
|turn|24
|inactive|Skarph☾eRiM has 240 seconds left.
|
|t:|1729519883
|switch|p1a: Jirachi|Jirachi|76/100
|switch|p2a: Cloyster|Cloyster, M|94/100
|
|-weather|Sandstorm|[upkeep]
|-damage|p2a: Cloyster|88/100|[from] Sandstorm
|-heal|p1a: Jirachi|83/100|[from] item: Leftovers
|upkeep
|turn|25
|inactive|yuramas has 150 seconds left.
|
|t:|1729519923
|move|p2a: Cloyster|Spikes|p1a: Jirachi
|-sidestart|p1: yuramas|Spikes
|move|p1a: Jirachi|Wish|p1a: Jirachi
|
|-weather|Sandstorm|[upkeep]
|-damage|p2a: Cloyster|82/100|[from] Sandstorm
|-heal|p1a: Jirachi|89/100|[from] item: Leftovers
|upkeep
|turn|26
|inactive|Skarph☾eRiM has 240 seconds left.
|
|t:|1729519946
|move|p2a: Cloyster|Spikes|p1a: Jirachi
|-sidestart|p1: yuramas|Spikes
|move|p1a: Jirachi|Body Slam|p2a: Cloyster
|-damage|p2a: Cloyster|68/100
|-status|p2a: Cloyster|par
|-enditem|p2a: Cloyster|Lum Berry|[eat]
|-curestatus|p2a: Cloyster|par|[msg]
|
|-heal|p1a: Jirachi|100/100|[from] move: Wish|[wisher] Jirachi
|-weather|Sandstorm|[upkeep]
|-damage|p2a: Cloyster|62/100|[from] Sandstorm
|upkeep
|turn|27
|
|t:|1729519979
|switch|p2a: Celebi|Celebi|98/100
|move|p1a: Jirachi|Wish|p1a: Jirachi
|
|-weather|Sandstorm|[upkeep]
|-damage|p2a: Celebi|92/100|[from] Sandstorm
|-heal|p2a: Celebi|98/100|[from] item: Leftovers
|upkeep
|turn|28
|inactive|yuramas has 120 seconds left.
|
|t:|1729519999
|move|p2a: Celebi|Giga Drain|p1a: Jirachi
|-resisted|p1a: Jirachi
|-damage|p1a: Jirachi|92/100
|-heal|p2a: Celebi|100/100|[from] drain|[of] p1a: Jirachi
|move|p1a: Jirachi|Fire Punch|p2a: Celebi
|-supereffective|p2a: Celebi
|-damage|p2a: Celebi|72/100
|
|-heal|p1a: Jirachi|100/100|[from] move: Wish|[wisher] Jirachi
|-weather|Sandstorm|[upkeep]
|-damage|p2a: Celebi|66/100|[from] Sandstorm
|-heal|p2a: Celebi|72/100|[from] item: Leftovers
|upkeep
|turn|29
|inactive|yuramas has 120 seconds left.
|
|t:|1729520011
|move|p2a: Celebi|Leech Seed|p1a: Jirachi
|-start|p1a: Jirachi|move: Leech Seed
|move|p1a: Jirachi|Wish|p1a: Jirachi
|
|-weather|Sandstorm|[upkeep]
|-damage|p2a: Celebi|66/100|[from] Sandstorm
|-heal|p2a: Celebi|72/100|[from] item: Leftovers
|-damage|p1a: Jirachi|88/100|[from] Leech Seed|[of] p2a: Celebi
|-heal|p2a: Celebi|84/100|[silent]
|upkeep
|turn|30
|inactive|yuramas has 120 seconds left.
|
|t:|1729520037
|move|p2a: Celebi|Leech Seed||[still]
|-fail|p2a: Celebi
|move|p1a: Jirachi|Body Slam|p2a: Celebi
|-damage|p2a: Celebi|68/100
|
|-heal|p1a: Jirachi|100/100|[from] move: Wish|[wisher] Jirachi
|-weather|Sandstorm|[upkeep]
|-damage|p2a: Celebi|62/100|[from] Sandstorm
|-heal|p2a: Celebi|68/100|[from] item: Leftovers
|-damage|p1a: Jirachi|88/100|[from] Leech Seed|[of] p2a: Celebi
|-heal|p2a: Celebi|81/100|[silent]
|upkeep
|turn|31
|
|t:|1729520056
|move|p2a: Celebi|Hidden Power|p1a: Jirachi
|-supereffective|p1a: Jirachi
|-damage|p1a: Jirachi|63/100
|move|p1a: Jirachi|Wish|p1a: Jirachi
|
|-weather|Sandstorm|[upkeep]
|-damage|p2a: Celebi|75/100|[from] Sandstorm
|-heal|p2a: Celebi|81/100|[from] item: Leftovers
|-heal|p1a: Jirachi|69/100|[from] item: Leftovers
|-damage|p1a: Jirachi|56/100|[from] Leech Seed|[of] p2a: Celebi
|-heal|p2a: Celebi|93/100|[silent]
|upkeep
|turn|32
|inactive|Skarph☾eRiM has 240 seconds left.
|
|t:|1729520074
|move|p2a: Celebi|Hidden Power|p1a: Jirachi
|-supereffective|p1a: Jirachi
|-damage|p1a: Jirachi|32/100
|move|p1a: Jirachi|Body Slam|p2a: Celebi
|-damage|p2a: Celebi|76/100
|-status|p2a: Celebi|par
|
|-heal|p1a: Jirachi|82/100|[from] move: Wish|[wisher] Jirachi
|-weather|Sandstorm|[upkeep]
|-damage|p2a: Celebi|70/100 par|[from] Sandstorm
|-heal|p1a: Jirachi|88/100|[from] item: Leftovers
|-damage|p1a: Jirachi|75/100|[from] Leech Seed|[of] p2a: Celebi
|-heal|p2a: Celebi|83/100 par|[silent]
|-heal|p2a: Celebi|89/100 par|[from] item: Leftovers
|upkeep
|turn|33
|
|t:|1729520084
|-curestatus|p2a: Celebi|par|[from] ability: Natural Cure
|switch|p2a: Tyranitar|Tyranitar, F|100/100
|move|p1a: Jirachi|Wish|p1a: Jirachi
|
|-weather|Sandstorm|[upkeep]
|-heal|p1a: Jirachi|82/100|[from] item: Leftovers
|-damage|p1a: Jirachi|69/100|[from] Leech Seed|[of] p2a: Tyranitar
|upkeep
|turn|34
|inactive|yuramas has 90 seconds left.
|
|t:|1729520115
|switch|p1a: Zapdos|Zapdos|51/100
|move|p2a: Tyranitar|Earthquake|p1a: Zapdos
|-immune|p1a: Zapdos
|
|-heal|p1a: Zapdos|100/100|[from] move: Wish|[wisher] Jirachi
|-weather|Sandstorm|[upkeep]
|-damage|p1a: Zapdos|94/100|[from] Sandstorm
|-heal|p1a: Zapdos|100/100|[from] item: Leftovers
|upkeep
|turn|35
|
|t:|1729520123
|switch|p2a: Celebi|Celebi|89/100
|move|p1a: Zapdos|Substitute|p1a: Zapdos
|-start|p1a: Zapdos|Substitute
|-damage|p1a: Zapdos|76/100
|
|-weather|Sandstorm|[upkeep]
|-damage|p1a: Zapdos|70/100|[from] Sandstorm
|-damage|p2a: Celebi|83/100|[from] Sandstorm
|-heal|p1a: Zapdos|76/100|[from] item: Leftovers
|-heal|p2a: Celebi|89/100|[from] item: Leftovers
|upkeep
|turn|36
|inactive|Skarph☾eRiM has 240 seconds left.
|
|t:|1729520134
|move|p1a: Zapdos|Baton Pass|p1a: Zapdos
|inactive|yuramas has 90 seconds left.
|inactive|yuramas has 60 seconds left.
|
|t:|1729520188
|switch|p1a: Starmie|Starmie|62/100|[from] Baton Pass
|-damage|p1a: Starmie|46/100|[from] Spikes
|move|p2a: Celebi|Giga Drain|p1a: Starmie
|-supereffective|p1a: Starmie
|-end|p1a: Starmie|Substitute
|-heal|p2a: Celebi|100/100|[from] drain|[of] p1a: Starmie
|
|-weather|Sandstorm|[upkeep]
|-damage|p1a: Starmie|40/100|[from] Sandstorm
|-damage|p2a: Celebi|94/100|[from] Sandstorm
|-heal|p1a: Starmie|46/100|[from] item: Leftovers
|-heal|p2a: Celebi|100/100|[from] item: Leftovers
|upkeep
|turn|37
|
|t:|1729520210
|move|p1a: Starmie|Recover|p1a: Starmie
|-heal|p1a: Starmie|96/100
|move|p2a: Celebi|Giga Drain|p1a: Starmie
|-supereffective|p1a: Starmie
|-damage|p1a: Starmie|32/100
|
|-weather|Sandstorm|[upkeep]
|-damage|p1a: Starmie|26/100|[from] Sandstorm
|-damage|p2a: Celebi|94/100|[from] Sandstorm
|-heal|p1a: Starmie|32/100|[from] item: Leftovers
|-heal|p2a: Celebi|100/100|[from] item: Leftovers
|upkeep
|turn|38
|
|t:|1729520224
|move|p1a: Starmie|Recover|p1a: Starmie
|-heal|p1a: Starmie|82/100
|move|p2a: Celebi|Giga Drain|p1a: Starmie
|-supereffective|p1a: Starmie
|-damage|p1a: Starmie|26/100
|
|-weather|Sandstorm|[upkeep]
|-damage|p1a: Starmie|20/100|[from] Sandstorm
|-damage|p2a: Celebi|94/100|[from] Sandstorm
|-heal|p1a: Starmie|26/100|[from] item: Leftovers
|-heal|p2a: Celebi|100/100|[from] item: Leftovers
|upkeep
|turn|39
|inactive|yuramas has 30 seconds left.
|
|t:|1729520254
|switch|p1a: Jirachi|Jirachi|69/100
|-damage|p1a: Jirachi|53/100|[from] Spikes
|move|p2a: Celebi|Giga Drain|p1a: Jirachi
|-resisted|p1a: Jirachi
|-crit|p1a: Jirachi
|-damage|p1a: Jirachi|36/100
|
|-weather|Sandstorm|[upkeep]
|-damage|p2a: Celebi|94/100|[from] Sandstorm
|-heal|p2a: Celebi|100/100|[from] item: Leftovers
|-heal|p1a: Jirachi|42/100|[from] item: Leftovers
|upkeep
|turn|40
|inactive|yuramas has 30 seconds left.
|inactive|Skarph☾eRiM has 270 seconds left.
|
|t:|1729520265
|switch|p2a: Cloyster|Cloyster, M|62/100
|move|p1a: Jirachi|Wish|p1a: Jirachi
|
|-weather|Sandstorm|[upkeep]
|-damage|p2a: Cloyster|55/100|[from] Sandstorm
|-heal|p1a: Jirachi|48/100|[from] item: Leftovers
|upkeep
|turn|41
|inactive|yuramas has 30 seconds left.
|inactive|Skarph☾eRiM has 270 seconds left.
|
|t:|1729520287
|switch|p1a: Starmie|Starmie|26/100
|-damage|p1a: Starmie|9/100|[from] Spikes
|move|p2a: Cloyster|Surf|p1a: Starmie
|-resisted|p1a: Starmie
|-damage|p1a: Starmie|0 fnt
|faint|p1a: Starmie
|inactive|yuramas has 30 seconds left.
|inactive|yuramas has 20 seconds left.
|
|t:|1729520303
|switch|p1a: Zapdos|Zapdos|76/100
|
|-heal|p1a: Zapdos|100/100|[from] move: Wish|[wisher] Jirachi
|-weather|Sandstorm|[upkeep]
|-damage|p1a: Zapdos|94/100|[from] Sandstorm
|-damage|p2a: Cloyster|49/100|[from] Sandstorm
|-heal|p1a: Zapdos|100/100|[from] item: Leftovers
|upkeep
|turn|42
|inactive|yuramas has 30 seconds left this turn.
|inactive|Skarph☾eRiM has 270 seconds left.
|
|t:|1729520330
|move|p1a: Zapdos|Substitute|p1a: Zapdos
|-start|p1a: Zapdos|Substitute
|-damage|p1a: Zapdos|76/100
|move|p2a: Cloyster|Surf|p1a: Zapdos
|-end|p1a: Zapdos|Substitute
|
|-weather|Sandstorm|[upkeep]
|-damage|p1a: Zapdos|70/100|[from] Sandstorm
|-damage|p2a: Cloyster|43/100|[from] Sandstorm
|-heal|p1a: Zapdos|76/100|[from] item: Leftovers
|upkeep
|turn|43
|
|t:|1729520336
|switch|p2a: Celebi|Celebi|100/100
|move|p1a: Zapdos|Thunderbolt|p2a: Celebi
|-resisted|p2a: Celebi
|-damage|p2a: Celebi|84/100
|
|-weather|Sandstorm|[upkeep]
|-damage|p2a: Celebi|78/100|[from] Sandstorm
|-damage|p1a: Zapdos|70/100|[from] Sandstorm
|-heal|p1a: Zapdos|76/100|[from] item: Leftovers
|-heal|p2a: Celebi|84/100|[from] item: Leftovers
|upkeep
|turn|44
|inactive|yuramas has 30 seconds left.
|inactive|yuramas has 20 seconds left.
|
|t:|1729520365
|switch|p1a: Jirachi|Jirachi|48/100
|-damage|p1a: Jirachi|32/100|[from] Spikes
|move|p2a: Celebi|Psychic|p1a: Jirachi
|-resisted|p1a: Jirachi
|-damage|p1a: Jirachi|26/100
|
|-weather|Sandstorm|[upkeep]
|-damage|p2a: Celebi|78/100|[from] Sandstorm
|-heal|p2a: Celebi|84/100|[from] item: Leftovers
|-heal|p1a: Jirachi|32/100|[from] item: Leftovers
|upkeep
|turn|45
|inactive|yuramas has 30 seconds left this turn.
|inactive|yuramas has 20 seconds left.
|
|t:|1729520379
|move|p1a: Jirachi|Protect|p1a: Jirachi
|-singleturn|p1a: Jirachi|Protect
|move|p2a: Celebi|Hidden Power|p1a: Jirachi
|-activate|p1a: Jirachi|Protect
|
|-weather|Sandstorm|[upkeep]
|-damage|p2a: Celebi|78/100|[from] Sandstorm
|-heal|p2a: Celebi|84/100|[from] item: Leftovers
|-heal|p1a: Jirachi|38/100|[from] item: Leftovers
|upkeep
|turn|46
|inactive|yuramas has 30 seconds left this turn.
|
|t:|1729520384
|move|p2a: Celebi|Hidden Power|p1a: Jirachi
|-supereffective|p1a: Jirachi
|-damage|p1a: Jirachi|13/100
|move|p1a: Jirachi|Wish|p1a: Jirachi
|
|-weather|Sandstorm|[upkeep]
|-damage|p2a: Celebi|78/100|[from] Sandstorm
|-heal|p2a: Celebi|84/100|[from] item: Leftovers
|-heal|p1a: Jirachi|19/100|[from] item: Leftovers
|upkeep
|turn|47
|inactive|yuramas has 30 seconds left.
|
|t:|1729520398
|switch|p2a: Cloyster|Cloyster, M|43/100
|move|p1a: Jirachi|Protect||[still]
|-fail|p1a: Jirachi
|
|-heal|p1a: Jirachi|69/100|[from] move: Wish|[wisher] Jirachi
|-weather|Sandstorm|[upkeep]
|-damage|p2a: Cloyster|37/100|[from] Sandstorm
|-heal|p1a: Jirachi|75/100|[from] item: Leftovers
|upkeep
|turn|48
|
|t:|1729520402
|move|p2a: Cloyster|Spikes|p1a: Jirachi
|-sidestart|p1: yuramas|Spikes
|move|p1a: Jirachi|Fire Punch|p2a: Cloyster
|-damage|p2a: Cloyster|9/100
|
|-weather|Sandstorm|[upkeep]
|-damage|p2a: Cloyster|3/100|[from] Sandstorm
|-heal|p1a: Jirachi|81/100|[from] item: Leftovers
|upkeep
|turn|49
|
|t:|1729520421
|switch|p2a: Tyranitar|Tyranitar, F|100/100
|move|p1a: Jirachi|Wish|p1a: Jirachi
|
|-weather|Sandstorm|[upkeep]
|-heal|p1a: Jirachi|87/100|[from] item: Leftovers
|upkeep
|turn|50
|inactive|Skarph☾eRiM has 270 seconds left.
|
|t:|1729520442
|switch|p2a: Celebi|Celebi|84/100
|move|p1a: Jirachi|Protect||[still]
|-fail|p1a: Jirachi
|
|-heal|p1a: Jirachi|100/100|[from] move: Wish|[wisher] Jirachi
|-weather|Sandstorm|[upkeep]
|-damage|p2a: Celebi|78/100|[from] Sandstorm
|-heal|p2a: Celebi|84/100|[from] item: Leftovers
|upkeep
|turn|51
|
|t:|1729520453
|move|p2a: Celebi|Leech Seed|p1a: Jirachi
|-start|p1a: Jirachi|move: Leech Seed
|move|p1a: Jirachi|Fire Punch|p2a: Celebi
|-supereffective|p2a: Celebi
|-damage|p2a: Celebi|55/100
|
|-weather|Sandstorm|[upkeep]
|-damage|p2a: Celebi|49/100|[from] Sandstorm
|-heal|p2a: Celebi|55/100|[from] item: Leftovers
|-damage|p1a: Jirachi|88/100|[from] Leech Seed|[of] p2a: Celebi
|-heal|p2a: Celebi|68/100|[silent]
|upkeep
|turn|52
|
|t:|1729520460
|move|p2a: Celebi|Hidden Power|p1a: Jirachi
|-supereffective|p1a: Jirachi
|-damage|p1a: Jirachi|60/100
|move|p1a: Jirachi|Body Slam|p2a: Celebi
|-damage|p2a: Celebi|51/100
|-status|p2a: Celebi|par
|
|-weather|Sandstorm|[upkeep]
|-damage|p2a: Celebi|45/100 par|[from] Sandstorm
|-heal|p1a: Jirachi|66/100|[from] item: Leftovers
|-damage|p1a: Jirachi|54/100|[from] Leech Seed|[of] p2a: Celebi
|-heal|p2a: Celebi|57/100 par|[silent]
|-heal|p2a: Celebi|63/100 par|[from] item: Leftovers
|upkeep
|turn|53
|
|t:|1729520472
|switch|p1a: Tyranitar|Tyranitar, F|93/100
|-damage|p1a: Tyranitar|68/100|[from] Spikes
|-curestatus|p2a: Celebi|par|[from] ability: Natural Cure
|switch|p2a: Swampert|Swampert, M|100/100
|
|-weather|Sandstorm|[upkeep]
|upkeep
|turn|54
|
|t:|1729520478
|switch|p1a: Zapdos|Zapdos|76/100
|move|p2a: Swampert|Surf|p1a: Zapdos
|-damage|p1a: Zapdos|50/100
|
|-weather|Sandstorm|[upkeep]
|-damage|p1a: Zapdos|44/100|[from] Sandstorm
|-heal|p1a: Zapdos|50/100|[from] item: Leftovers
|upkeep
|turn|55
|
|t:|1729520486
|switch|p2a: Celebi|Celebi|63/100
|move|p1a: Zapdos|Baton Pass|p1a: Zapdos
|inactive|yuramas has 30 seconds left.
|inactive|yuramas has 20 seconds left.
|
|t:|1729520530
|switch|p1a: Jirachi|Jirachi|54/100|[from] Baton Pass
|-damage|p1a: Jirachi|29/100|[from] Spikes
|
|-weather|Sandstorm|[upkeep]
|-damage|p2a: Celebi|57/100|[from] Sandstorm
|-heal|p2a: Celebi|63/100|[from] item: Leftovers
|-heal|p1a: Jirachi|35/100|[from] item: Leftovers
|upkeep
|turn|56
|inactive|yuramas has 30 seconds left this turn.
|
|t:|1729520556
|switch|p2a: Swampert|Swampert, M|100/100
|move|p1a: Jirachi|Protect||[still]
|-fail|p1a: Jirachi
|
|-weather|Sandstorm|[upkeep]
|-heal|p1a: Jirachi|41/100|[from] item: Leftovers
|upkeep
|turn|57
|inactive|yuramas has 30 seconds left.
|
|t:|1729520568
|move|p1a: Jirachi|Protect|p1a: Jirachi
|-singleturn|p1a: Jirachi|Protect
|move|p2a: Swampert|Earthquake|p1a: Jirachi
|-activate|p1a: Jirachi|Protect
|
|-weather|Sandstorm|[upkeep]
|-heal|p1a: Jirachi|47/100|[from] item: Leftovers
|upkeep
|turn|58
|inactive|yuramas has 30 seconds left.
|inactive|yuramas has 20 seconds left.
|
|t:|1729520590
|switch|p1a: Zapdos|Zapdos|50/100
|move|p2a: Swampert|Earthquake|p1a: Zapdos
|-immune|p1a: Zapdos
|
|-weather|Sandstorm|[upkeep]
|-damage|p1a: Zapdos|44/100|[from] Sandstorm
|-heal|p1a: Zapdos|50/100|[from] item: Leftovers
|upkeep
|turn|59
|inactive|yuramas has 30 seconds left this turn.
|
|t:|1729520600
|switch|p2a: Celebi|Celebi|63/100
|move|p1a: Zapdos|Hidden Power|p2a: Celebi
|-resisted|p2a: Celebi
|-damage|p2a: Celebi|55/100
|
|-weather|Sandstorm|[upkeep]
|-damage|p1a: Zapdos|44/100|[from] Sandstorm
|-damage|p2a: Celebi|49/100|[from] Sandstorm
|-heal|p2a: Celebi|55/100|[from] item: Leftovers
|-heal|p1a: Zapdos|50/100|[from] item: Leftovers
|upkeep
|turn|60
|
|t:|1729520604
|move|p2a: Celebi|Psychic|p1a: Zapdos
|-damage|p1a: Zapdos|17/100
|move|p1a: Zapdos|Baton Pass|p1a: Zapdos
|
|t:|1729520610
|switch|p1a: Jirachi|Jirachi|47/100|[from] Baton Pass
|-damage|p1a: Jirachi|22/100|[from] Spikes
|
|-weather|Sandstorm|[upkeep]
|-damage|p2a: Celebi|49/100|[from] Sandstorm
|-heal|p2a: Celebi|55/100|[from] item: Leftovers
|-heal|p1a: Jirachi|28/100|[from] item: Leftovers
|upkeep
|turn|61
|
|t:|1729520616
|switch|p2a: Swampert|Swampert, M|100/100
|move|p1a: Jirachi|Wish|p1a: Jirachi
|
|-weather|Sandstorm|[upkeep]
|-heal|p1a: Jirachi|35/100|[from] item: Leftovers
|upkeep
|turn|62
|inactive|yuramas has 30 seconds left.
|inactive|yuramas has 20 seconds left.
|
|t:|1729520647
|move|p1a: Jirachi|Protect|p1a: Jirachi
|-singleturn|p1a: Jirachi|Protect
|move|p2a: Swampert|Surf|p1a: Jirachi
|-activate|p1a: Jirachi|Protect
|
|-heal|p1a: Jirachi|85/100|[from] move: Wish|[wisher] Jirachi
|-weather|Sandstorm|[upkeep]
|-heal|p1a: Jirachi|91/100|[from] item: Leftovers
|upkeep
|turn|63
|inactive|yuramas has 30 seconds left this turn.
|
|t:|1729520655
|move|p1a: Jirachi|Body Slam|p2a: Swampert
|-damage|p2a: Swampert|84/100
|move|p2a: Swampert|Earthquake|p1a: Jirachi
|-supereffective|p1a: Jirachi
|-damage|p1a: Jirachi|31/100
|
|-weather|Sandstorm|[upkeep]
|-heal|p1a: Jirachi|37/100|[from] item: Leftovers
|-heal|p2a: Swampert|91/100|[from] item: Leftovers
|upkeep
|turn|64
|inactive|yuramas has 30 seconds left.
|
|t:|1729520667
|move|p1a: Jirachi|Protect|p1a: Jirachi
|-singleturn|p1a: Jirachi|Protect
|move|p2a: Swampert|Surf|p1a: Jirachi
|-activate|p1a: Jirachi|Protect
|
|-weather|Sandstorm|[upkeep]
|-heal|p1a: Jirachi|43/100|[from] item: Leftovers
|-heal|p2a: Swampert|97/100|[from] item: Leftovers
|upkeep
|turn|65
|inactive|yuramas has 30 seconds left.
|
|t:|1729520679
|move|p1a: Jirachi|Body Slam|p2a: Swampert
|-damage|p2a: Swampert|80/100
|move|p2a: Swampert|Earthquake|p1a: Jirachi
|-supereffective|p1a: Jirachi
|-crit|p1a: Jirachi
|-damage|p1a: Jirachi|0 fnt
|faint|p1a: Jirachi
|inactive|yuramas has 30 seconds left this turn.
|inactive|yuramas has 20 seconds left.
|
|t:|1729520690
|switch|p1a: Zapdos|Zapdos|17/100
|
|-weather|Sandstorm|[upkeep]
|-damage|p1a: Zapdos|11/100|[from] Sandstorm
|-heal|p1a: Zapdos|17/100|[from] item: Leftovers
|-heal|p2a: Swampert|86/100|[from] item: Leftovers
|upkeep
|turn|66
|inactive|yuramas has 30 seconds left this turn.
|
|t:|1729520711
|switch|p2a: Cloyster|Cloyster, M|3/100
|move|p1a: Zapdos|Baton Pass|p1a: Zapdos
|inactive|yuramas has 30 seconds left this turn.
|inactive|yuramas has 20 seconds left.
|
|t:|1729520726
|switch|p1a: Swampert|Swampert, F|100/100|[from] Baton Pass
|-damage|p1a: Swampert|76/100|[from] Spikes
|
|-weather|Sandstorm|[upkeep]
|-damage|p2a: Cloyster|0 fnt|[from] Sandstorm
|faint|p2a: Cloyster
|-heal|p1a: Swampert|82/100|[from] item: Leftovers
|upkeep
|inactive|yuramas has 25 seconds left this turn.
|
|t:|1729520729
|switch|p2a: Celebi|Celebi|55/100
|turn|67
|
|t:|1729520738
|move|p1a: Swampert|Protect|p1a: Swampert
|-singleturn|p1a: Swampert|Protect
|move|p2a: Celebi|Psychic|p1a: Swampert
|-activate|p1a: Swampert|Protect
|
|-weather|Sandstorm|[upkeep]
|-damage|p2a: Celebi|49/100|[from] Sandstorm
|-heal|p2a: Celebi|55/100|[from] item: Leftovers
|-heal|p1a: Swampert|88/100|[from] item: Leftovers
|upkeep
|turn|68
|inactive|yuramas has 30 seconds left.
|
|t:|1729520755
|move|p2a: Celebi|Leech Seed|p1a: Swampert
|-start|p1a: Swampert|move: Leech Seed
|move|p1a: Swampert|Ice Beam|p2a: Celebi
|-supereffective|p2a: Celebi
|-damage|p2a: Celebi|19/100
|
|-weather|Sandstorm|[upkeep]
|-damage|p2a: Celebi|13/100|[from] Sandstorm
|-heal|p2a: Celebi|19/100|[from] item: Leftovers
|-heal|p1a: Swampert|94/100|[from] item: Leftovers
|-damage|p1a: Swampert|82/100|[from] Leech Seed|[of] p2a: Celebi
|-heal|p2a: Celebi|32/100|[silent]
|upkeep
|turn|69
|
|t:|1729520765
|switch|p1a: Zapdos|Zapdos|17/100
|move|p2a: Celebi|Giga Drain|p1a: Zapdos
|-resisted|p1a: Zapdos
|-damage|p1a: Zapdos|7/100
|-heal|p2a: Celebi|37/100|[from] drain|[of] p1a: Zapdos
|
|-weather|Sandstorm|[upkeep]
|-damage|p1a: Zapdos|1/100|[from] Sandstorm
|-damage|p2a: Celebi|31/100|[from] Sandstorm
|-heal|p2a: Celebi|37/100|[from] item: Leftovers
|-heal|p1a: Zapdos|7/100|[from] item: Leftovers
|upkeep
|turn|70
|inactive|yuramas has 30 seconds left.
|
|t:|1729520781
|move|p2a: Celebi|Hidden Power|p1a: Zapdos
|-damage|p1a: Zapdos|0 fnt
|faint|p1a: Zapdos
|inactive|yuramas has 30 seconds left.
|inactive|yuramas has 20 seconds left.
|
|t:|1729520799
|switch|p1a: Swampert|Swampert, F|82/100
|-damage|p1a: Swampert|57/100|[from] Spikes
|
|-weather|Sandstorm|[upkeep]
|-damage|p2a: Celebi|31/100|[from] Sandstorm
|-heal|p2a: Celebi|37/100|[from] item: Leftovers
|-heal|p1a: Swampert|63/100|[from] item: Leftovers
|upkeep
|turn|71
|inactive|yuramas has 30 seconds left this turn.
|
|t:|1729520816
|move|p1a: Swampert|Protect|p1a: Swampert
|-singleturn|p1a: Swampert|Protect
|move|p2a: Celebi|Psychic|p1a: Swampert
|-activate|p1a: Swampert|Protect
|
|-weather|Sandstorm|[upkeep]
|-damage|p2a: Celebi|31/100|[from] Sandstorm
|-heal|p2a: Celebi|37/100|[from] item: Leftovers
|-heal|p1a: Swampert|69/100|[from] item: Leftovers
|upkeep
|turn|72
|inactive|yuramas has 30 seconds left.
|
|t:|1729520826
|switch|p1a: Tyranitar|Tyranitar, F|68/100
|-damage|p1a: Tyranitar|43/100|[from] Spikes
|move|p2a: Celebi|Giga Drain|p1a: Tyranitar
|-supereffective|p1a: Tyranitar
|-damage|p1a: Tyranitar|2/100
|-heal|p2a: Celebi|58/100|[from] drain|[of] p1a: Tyranitar
|
|-weather|Sandstorm|[upkeep]
|-damage|p2a: Celebi|52/100|[from] Sandstorm
|-heal|p2a: Celebi|58/100|[from] item: Leftovers
|upkeep
|turn|73
|
|t:|1729520831
|move|p2a: Celebi|Hidden Power|p1a: Tyranitar
|-resisted|p1a: Tyranitar
|-damage|p1a: Tyranitar|0 fnt
|faint|p1a: Tyranitar
|
|t:|1729520835
|switch|p1a: Swampert|Swampert, F|69/100
|-damage|p1a: Swampert|45/100|[from] Spikes
|
|-weather|Sandstorm|[upkeep]
|-damage|p2a: Celebi|52/100|[from] Sandstorm
|-heal|p2a: Celebi|58/100|[from] item: Leftovers
|-heal|p1a: Swampert|51/100|[from] item: Leftovers
|upkeep
|turn|74
|
|t:|1729520840
|move|p1a: Swampert|Protect|p1a: Swampert
|-singleturn|p1a: Swampert|Protect
|move|p2a: Celebi|Psychic|p1a: Swampert
|-activate|p1a: Swampert|Protect
|
|-weather|Sandstorm|[upkeep]
|-damage|p2a: Celebi|52/100|[from] Sandstorm
|-heal|p2a: Celebi|58/100|[from] item: Leftovers
|-heal|p1a: Swampert|57/100|[from] item: Leftovers
|upkeep
|turn|75
|
|t:|1729520846
|move|p2a: Celebi|Psychic|p1a: Swampert
|-damage|p1a: Swampert|23/100
|move|p1a: Swampert|Ice Beam|p2a: Celebi
|-supereffective|p2a: Celebi
|-crit|p2a: Celebi
|-damage|p2a: Celebi|0 fnt
|faint|p2a: Celebi
|
|t:|1729520855
|switch|p2a: Tyranitar|Tyranitar, F|100/100
|
|-weather|Sandstorm|[upkeep]
|-heal|p1a: Swampert|29/100|[from] item: Leftovers
|upkeep
|turn|76
|
|t:|1729520860
|move|p1a: Swampert|Protect|p1a: Swampert
|-singleturn|p1a: Swampert|Protect
|move|p2a: Tyranitar|Earthquake|p1a: Swampert
|-activate|p1a: Swampert|Protect
|
|-weather|Sandstorm|[upkeep]
|-heal|p1a: Swampert|35/100|[from] item: Leftovers
|upkeep
|turn|77
|inactive|yuramas has 60 seconds left.
|
|t:|1729520887
|move|p1a: Swampert|Protect|p1a: Swampert
|-singleturn|p1a: Swampert|Protect
|move|p2a: Tyranitar|Earthquake|p1a: Swampert
|-activate|p1a: Swampert|Protect
|
|-weather|Sandstorm|[upkeep]
|-heal|p1a: Swampert|41/100|[from] item: Leftovers
|upkeep
|turn|78
|inactive|yuramas disconnected and has 300 seconds to reconnect!
|player|p1|
|inactive|yuramas reconnected and has 45 seconds left.
|player|p1|yuramas|n|
|
|t:|1729520918
|move|p2a: Tyranitar|Earthquake|p1a: Swampert
|-damage|p1a: Swampert|3/100
|move|p1a: Swampert|Surf|p2a: Tyranitar
|-supereffective|p2a: Tyranitar
|-damage|p2a: Tyranitar|13/100
|
|-weather|Sandstorm|[upkeep]
|-heal|p1a: Swampert|10/100|[from] item: Leftovers
|upkeep
|turn|79
|
|t:|1729520924
|move|p1a: Swampert|Protect|p1a: Swampert
|-singleturn|p1a: Swampert|Protect
|move|p2a: Tyranitar|Earthquake|p1a: Swampert
|-activate|p1a: Swampert|Protect
|
|-weather|Sandstorm|[upkeep]
|-heal|p1a: Swampert|16/100|[from] item: Leftovers
|upkeep
|turn|80
|inactive|yuramas has 30 seconds left.
|
|t:|1729520953
|move|p1a: Swampert|Protect|p1a: Swampert
|-singleturn|p1a: Swampert|Protect
|move|p2a: Tyranitar|Earthquake|p1a: Swampert
|-activate|p1a: Swampert|Protect
|
|-weather|Sandstorm|[upkeep]
|-heal|p1a: Swampert|22/100|[from] item: Leftovers
|upkeep
|turn|81
|inactive|yuramas has 30 seconds left.
|
|t:|1729520966
|move|p2a: Tyranitar|Earthquake|p1a: Swampert
|-damage|p1a: Swampert|0 fnt
|faint|p1a: Swampert
|inactive|yuramas has 30 seconds left this turn.
|
|t:|1729520969
|switch|p1a: Heracross|Heracross, M|47/100
|-damage|p1a: Heracross|22/100|[from] Spikes
|
|-weather|Sandstorm|[upkeep]
|-damage|p1a: Heracross|16/100|[from] Sandstorm
|-heal|p1a: Heracross|22/100|[from] item: Leftovers
|upkeep
|turn|82
|
|t:|1729520975
|move|p1a: Heracross|Megahorn|p2a: Tyranitar|[miss]
|-miss|p1a: Heracross|p2a: Tyranitar
|move|p2a: Tyranitar|Earthquake|p1a: Heracross
|-resisted|p1a: Heracross
|-damage|p1a: Heracross|0 fnt
|faint|p1a: Heracross
|
|win|Skarph☾eRiM

</script>
<script type="application/json" class="data" id="replaydata-smogtours-gen3ou-801048">
{"id":"smogtours-gen3ou-801048","format":"[Gen 3] OU","players":["yuramas","Skarph\u263eeRiM"],"uploadtime":1729520975,"views":84,"formatid":"gen3ou","rating":null,"private":1,"password":null}
</script>

<script defer src="js/replays.js?9d40a366"></script>
