<!DOCTYPE html>
<meta charset="utf-8" />
<meta name="viewport" content="width=device-width" />

<title>[Gen 3] OU: leoperi99 vs. AutumnMint - Replays - Pok&eacute;mon Showdown!</title>

<meta name="description" content="Watch a replay of a Pok&eacute;mon battle between leoperi99 and AutumnMint! Format: [Gen 3] OU; Date: Nov 4, 2024" />
<!--

Hey, you! Looking in the source for the replay log?

You can find them in JSON format, just add `.json` at the end of a replay URL.

https://replay.pokemonshowdown.com/gen7randomdoublesbattle-865046831.json

Or, if you only need the log itself, add `.log` instead:

https://replay.pokemonshowdown.com/gen7randomdoublesbattle-865046831.log

-->

<link rel="stylesheet" href="//pokemonshowdown.com/style/global.css?0.023195364461161105" />
<link rel="stylesheet" href="//play.pokemonshowdown.com/style/font-awesome.css?0.13261647063804238" />
<link rel="stylesheet" href="//play.pokemonshowdown.com/style/battle.css?0.8753245789963631" />
<link rel="stylesheet" href="//play.pokemonshowdown.com/style/utilichart.css?0.8627959624976733" />

<!-- Global site tag (gtag.js) - Google Analytics -->
<script async src="https://www.googletagmanager.com/gtag/js?id=UA-26211653-1"></script>
<script>
  window.dataLayer = window.dataLayer || [];
  function gtag(){dataLayer.push(arguments);}
  gtag('js', new Date());

  gtag('config', 'UA-26211653-1');
</script>
<!-- End Google Analytics -->
<!-- Venatus Ad Manager - Install in <HEAD> of page -->
	<script src="https://hb.vntsm.com/v3/live/ad-manager.min.js" type="text/javascript" data-site-id="642aba63ec9a7b11c3c9c1be" data-mode="scan" async></script>
<!-- / Venatus Ad Manager -->

<style>
	@media (max-width:820px) {
		.battle {
			margin: 0 auto;
		}
		.battle-log {
			margin: 7px auto 0;
			max-width: 640px;
			height: 300px;
			position: static;
		}
	}
	.optgroup {
		display: inline-block;
		line-height: 22px;
		font-size: 10pt;
	}
	.optgroup .button {
		height: 25px;
		padding-top: 0;
		padding-bottom: 0;
	}
	.optgroup button.button {
		padding-left: 12px;
		padding-right: 12px;
	}
	.linklist {
		list-style: none;
		margin: 0.5em 0;
		padding: 0;
	}
	.linklist li {
		padding: 2px 0;
	}
	.sidebar {
		float: left;
		width: 320px;
	}
	.bar-wrapper {
		max-width: 1100px;
		margin: 0 auto;
	}
	.bar-wrapper.has-sidebar {
		max-width: 1430px;
	}
	.mainbar {
		margin: 0;
		padding-right: 1px;
	}
	.mainbar.has-sidebar {
		margin-left: 330px;
	}
	@media (min-width: 1511px) {
		.sidebar {
			width: 400px;
		}
		.bar-wrapper.has-sidebar {
			max-width: 1510px;
		}
		.mainbar.has-sidebar {
			margin-left: 410px;
		}
	}
	.section.first-section {
		margin-top: 9px;
	}
	.blocklink small {
		white-space: normal;
	}
	.button {
		vertical-align: middle;
	}
	.replay-controls {
		padding-top: 10px;
	}
	.replay-controls h1 {
		font-size: 16pt;
		font-weight: normal;
		color: #CCC;
	}
	.pagelink {
		text-align: center;
	}
	.pagelink a {
		width: 150px;
	}
	.textbox, .button {
		font-size: 11pt;
		vertical-align: middle;
	}
	@media (max-width: 450px) {
		.button {
			font-size: 9pt;
		}
	}
</style>

<div>

	<header>
		<div class="nav-wrapper"><ul class="nav">
			<li><a class="button nav-first" href="//pokemonshowdown.com/"><img src="//pokemonshowdown.com/images/pokemonshowdownbeta.png" srcset="//pokemonshowdown.com/images/pokemonshowdownbeta.png 1x, //pokemonshowdown.com/images/pokemonshowdownbeta@2x.png 2x" alt="Pok&eacute;mon Showdown" width="146" height="44" /> Home</a></li>
			<li><a class="button" href="//pokemonshowdown.com/dex/">Pok&eacute;dex</a></li>
			<li><a class="button cur" href="/">Replays</a></li>
			<li><a class="button" href="//pokemonshowdown.com/ladder/">Ladder</a></li>
			<li><a class="button nav-last" href="//pokemonshowdown.com/forums/">Forum</a></li>
			<li><a class="button greenbutton nav-first nav-last" href="//play.pokemonshowdown.com/">Play</a></li>
		</ul></div>
	</header>

	<div class="main" id="main">

		<noscript><section class="section">You need to enable JavaScript to use this page; sorry!</section></noscript>

	</div>

</div>

<script defer nomodule src="//play.pokemonshowdown.com/js/lib/ps-polyfill.js"></script>
<script defer src="//play.pokemonshowdown.com/js/lib/preact.min.js"></script>

<script defer src="//play.pokemonshowdown.com/config/config.js?2bddbc15"></script>
<script defer src="//play.pokemonshowdown.com/js/lib/jquery-1.11.0.min.js"></script>
<script defer src="//play.pokemonshowdown.com/js/lib/html-sanitizer-minified.js"></script>
<script defer src="//play.pokemonshowdown.com/js/battle-sound.js"></script>
<script defer src="//play.pokemonshowdown.com/js/battledata.js?0.7209276989879541"></script>
<script defer src="//play.pokemonshowdown.com/data/pokedex-mini.js?0.6111056340867951"></script>
<script defer src="//play.pokemonshowdown.com/data/pokedex-mini-bw.js?0.3532142036491459"></script>
<script defer src="//play.pokemonshowdown.com/data/graphics.js?0.24223875632456182"></script>
<script defer src="//play.pokemonshowdown.com/data/pokedex.js?0.38839984266356864"></script>
<script defer src="//play.pokemonshowdown.com/data/moves.js?0.21866028504024015"></script>
<script defer src="//play.pokemonshowdown.com/data/abilities.js?0.2005157953846628"></script>
<script defer src="//play.pokemonshowdown.com/data/items.js?0.9894211263848525"></script>
<script defer src="//play.pokemonshowdown.com/data/teambuilder-tables.js?0.6008791140282215"></script>
<script defer src="//play.pokemonshowdown.com/js/battle-tooltips.js?0.7580118955022959"></script>
<script defer src="//play.pokemonshowdown.com/js/battle.js?0.6057722274234274"></script>

<script defer src="js/utils.js?e31f9a17"></script>
<script defer src="js/replays-battle.js?7008c182"></script>

<!-- don't scrape this data! just add .json or .log after the URL!
Full API docs: https://github.com/smogon/pokemon-showdown-client/blob/master/WEB-API.md -->
<script type="text/plain" class="log" id="replaylog-smogtours-gen3ou-804830">
|inactive|Battle timer is ON: inactive players will automatically lose when time's up.
|t:|1730759145
|gametype|singles
|player|p1|leoperi99|hala|
|player|p2|AutumnMint|riley|
|teamsize|p1|6
|teamsize|p2|6
|gen|3
|tier|[Gen 3] OU
|rule|Sleep Clause Mod: Limit one foe put to sleep
|rule|Switch Priority Clause Mod: Faster Pokémon switch first
|rule|Species Clause: Limit one of each Pokémon
|rule|OHKO Clause: OHKO moves are banned
|rule|Evasion Items Clause: Evasion items are banned
|rule|Evasion Moves Clause: Evasion moves are banned
|rule|Endless Battle Clause: Forcing endless battles is banned
|rule|HP Percentage Mod: HP is shown in percentages
|rule|One Boost Passer Clause: Limit one Baton Passer that has a way to boost its stats
|rule|Freeze Clause Mod: Limit one foe frozen
|
|t:|1730759145
|start
|switch|p1a: Salamence|Salamence, M|100/100
|switch|p2a: Suicune|Suicune|100/100
|-ability|p1a: Salamence|Intimidate|boost
|-unboost|p2a: Suicune|atk|1
|turn|1
|
|t:|1730759173
|switch|p1a: Blissey|Blissey, F|100/100
|move|p2a: Suicune|Calm Mind|p2a: Suicune
|-boost|p2a: Suicune|spa|1
|-boost|p2a: Suicune|spd|1
|
|upkeep
|turn|2
|
|t:|1730759188
|move|p1a: Blissey|Calm Mind|p1a: Blissey
|-boost|p1a: Blissey|spa|1
|-boost|p1a: Blissey|spd|1
|move|p2a: Suicune|Roar|p1a: Blissey
|drag|p1a: Starmie|Starmie|100/100
|
|upkeep
|turn|3
|
|t:|1730759193
|move|p1a: Starmie|Thunderbolt|p2a: Suicune
|-supereffective|p2a: Suicune
|-damage|p2a: Suicune|69/100
|move|p2a: Suicune|Calm Mind|p2a: Suicune
|-boost|p2a: Suicune|spa|1
|-boost|p2a: Suicune|spd|1
|
|-heal|p2a: Suicune|75/100|[from] item: Leftovers
|upkeep
|turn|4
|
|t:|1730759197
|move|p1a: Starmie|Thunderbolt|p2a: Suicune
|-supereffective|p2a: Suicune
|-damage|p2a: Suicune|50/100
|move|p2a: Suicune|Calm Mind|p2a: Suicune
|-boost|p2a: Suicune|spa|1
|-boost|p2a: Suicune|spd|1
|
|-heal|p2a: Suicune|56/100|[from] item: Leftovers
|upkeep
|turn|5
|
|t:|1730759200
|move|p1a: Starmie|Thunderbolt|p2a: Suicune
|-supereffective|p2a: Suicune
|-damage|p2a: Suicune|37/100
|move|p2a: Suicune|Hydro Pump|p1a: Starmie|[miss]
|-miss|p2a: Suicune|p1a: Starmie
|
|-heal|p2a: Suicune|43/100|[from] item: Leftovers
|upkeep
|turn|6
|
|t:|1730759207
|move|p1a: Starmie|Thunderbolt|p2a: Suicune
|-supereffective|p2a: Suicune
|-damage|p2a: Suicune|25/100
|move|p2a: Suicune|Hydro Pump|p1a: Starmie|[miss]
|-miss|p2a: Suicune|p1a: Starmie
|
|-heal|p2a: Suicune|31/100|[from] item: Leftovers
|upkeep
|turn|7
|
|t:|1730759215
|move|p1a: Starmie|Thunderbolt|p2a: Suicune
|-supereffective|p2a: Suicune
|-crit|p2a: Suicune
|-damage|p2a: Suicune|0 fnt
|faint|p2a: Suicune
|c|☆AutumnMint|lmao live by the sword
|
|t:|1730759221
|switch|p2a: Snorlax|Snorlax, M|100/100
|
|upkeep
|turn|8
|
|t:|1730759242
|switch|p1a: Skarmory|Skarmory, M|100/100
|move|p2a: Snorlax|Body Slam|p1a: Skarmory
|-resisted|p1a: Skarmory
|-damage|p1a: Skarmory|84/100
|
|-heal|p1a: Skarmory|90/100|[from] item: Leftovers
|upkeep
|turn|9
|
|t:|1730759250
|switch|p2a: Magneton|Magneton|100/100
|move|p1a: Skarmory|Spikes|p2a: Magneton
|-sidestart|p2: AutumnMint|Spikes
|
|-heal|p1a: Skarmory|96/100|[from] item: Leftovers
|upkeep
|turn|10
|
|t:|1730759253
|move|p2a: Magneton|Thunderbolt|p1a: Skarmory
|-supereffective|p1a: Skarmory
|-damage|p1a: Skarmory|0 fnt
|faint|p1a: Skarmory
|inactive|leoperi99 has 270 seconds left.
|
|t:|1730759299
|switch|p1a: Salamence|Salamence, M|100/100
|-ability|p1a: Salamence|Intimidate|boost
|-unboost|p2a: Magneton|atk|1
|
|upkeep
|turn|11
|
|t:|1730759303
|switch|p2a: Snorlax|Snorlax, M|100/100
|-damage|p2a: Snorlax|88/100|[from] Spikes
|move|p1a: Salamence|Flamethrower|p2a: Snorlax
|-damage|p2a: Snorlax|67/100
|-status|p2a: Snorlax|brn
|
|-heal|p2a: Snorlax|73/100 brn|[from] item: Leftovers
|-damage|p2a: Snorlax|61/100 brn|[from] brn
|upkeep
|turn|12
|inactive|leoperi99 has 270 seconds left.
|c|☆leoperi99|sry for that
|c|☆AutumnMint|no worries
|
|t:|1730759320
|switch|p1a: Tyranitar|Tyranitar, F|100/100
|-weather|Sandstorm|[from] ability: Sand Stream|[of] p1a: Tyranitar
|move|p2a: Snorlax|Self-Destruct|p1a: Tyranitar
|-resisted|p1a: Tyranitar
|-damage|p1a: Tyranitar|57/100
|faint|p2a: Snorlax
|
|t:|1730759347
|switch|p2a: Salamence|Salamence, M|100/100
|-ability|p2a: Salamence|Intimidate|boost
|-unboost|p1a: Tyranitar|atk|1
|
|-weather|Sandstorm|[upkeep]
|-damage|p2a: Salamence|94/100|[from] Sandstorm
|-heal|p2a: Salamence|100/100|[from] item: Leftovers
|-heal|p1a: Tyranitar|64/100|[from] item: Leftovers
|upkeep
|turn|13
|inactive|leoperi99 has 270 seconds left.
|
|t:|1730759359
|switch|p1a: Starmie|Starmie|100/100
|move|p2a: Salamence|Brick Break|p1a: Starmie
|-resisted|p1a: Starmie
|-damage|p1a: Starmie|83/100
|
|-weather|Sandstorm|[upkeep]
|-damage|p1a: Starmie|77/100|[from] Sandstorm
|-damage|p2a: Salamence|94/100|[from] Sandstorm
|-heal|p1a: Starmie|83/100|[from] item: Leftovers
|-heal|p2a: Salamence|100/100|[from] item: Leftovers
|upkeep
|turn|14
|inactive|leoperi99 has 270 seconds left.
|inactive|AutumnMint has 270 seconds left.
|
|t:|1730759380
|switch|p2a: Magneton|Magneton|100/100
|-damage|p2a: Magneton|88/100|[from] Spikes
|move|p1a: Starmie|Hydro Pump|p2a: Magneton|[miss]
|-miss|p1a: Starmie|p2a: Magneton
|
|-weather|Sandstorm|[upkeep]
|-damage|p1a: Starmie|77/100|[from] Sandstorm
|-heal|p1a: Starmie|83/100|[from] item: Leftovers
|upkeep
|turn|15
|inactive|leoperi99 has 270 seconds left.
|inactive|AutumnMint has 270 seconds left.
|
|t:|1730759395
|switch|p1a: Blissey|Blissey, F|100/100
|move|p2a: Magneton|Thunderbolt|p1a: Blissey
|-damage|p1a: Blissey|81/100
|
|-weather|Sandstorm|[upkeep]
|-damage|p1a: Blissey|75/100|[from] Sandstorm
|-heal|p1a: Blissey|81/100|[from] item: Leftovers
|upkeep
|turn|16
|
|t:|1730759399
|move|p2a: Magneton|Thunder Wave|p1a: Blissey
|-status|p1a: Blissey|par
|cant|p1a: Blissey|par
|
|-weather|Sandstorm|[upkeep]
|-damage|p1a: Blissey|75/100 par|[from] Sandstorm
|-heal|p1a: Blissey|81/100 par|[from] item: Leftovers
|upkeep
|turn|17
|
|t:|1730759403
|switch|p2a: Heracross|Heracross, F|100/100
|-damage|p2a: Heracross|88/100|[from] Spikes
|cant|p1a: Blissey|par
|
|-weather|Sandstorm|[upkeep]
|-damage|p2a: Heracross|82/100|[from] Sandstorm
|-damage|p1a: Blissey|75/100 par|[from] Sandstorm
|-heal|p1a: Blissey|81/100 par|[from] item: Leftovers
|upkeep
|turn|18
|
|t:|1730759407
|move|p2a: Heracross|Substitute|p2a: Heracross
|-start|p2a: Heracross|Substitute
|-damage|p2a: Heracross|57/100
|cant|p1a: Blissey|par
|
|-weather|Sandstorm|[upkeep]
|-damage|p2a: Heracross|51/100|[from] Sandstorm
|-damage|p1a: Blissey|75/100 par|[from] Sandstorm
|-heal|p1a: Blissey|81/100 par|[from] item: Leftovers
|upkeep
|turn|19
|
|t:|1730759411
|move|p2a: Heracross|Swords Dance|p2a: Heracross
|-boost|p2a: Heracross|atk|2
|move|p1a: Blissey|Thunderbolt|p2a: Heracross
|-end|p2a: Heracross|Substitute
|
|-weather|Sandstorm|[upkeep]
|-damage|p2a: Heracross|45/100|[from] Sandstorm
|-damage|p1a: Blissey|75/100 par|[from] Sandstorm
|-heal|p1a: Blissey|81/100 par|[from] item: Leftovers
|upkeep
|turn|20
|
|t:|1730759422
|move|p2a: Heracross|Substitute|p2a: Heracross
|-start|p2a: Heracross|Substitute
|-damage|p2a: Heracross|20/100
|move|p1a: Blissey|Thunderbolt|p2a: Heracross
|-end|p2a: Heracross|Substitute
|
|-weather|Sandstorm|[upkeep]
|-damage|p2a: Heracross|14/100|[from] Sandstorm
|-damage|p1a: Blissey|75/100 par|[from] Sandstorm
|-enditem|p2a: Heracross|Salac Berry|[eat]
|-boost|p2a: Heracross|spe|1|[from] item: Salac Berry
|-heal|p1a: Blissey|81/100 par|[from] item: Leftovers
|upkeep
|turn|21
|
|t:|1730759428
|move|p2a: Heracross|Megahorn|p1a: Blissey|[miss]
|-miss|p2a: Heracross|p1a: Blissey
|move|p1a: Blissey|Thunderbolt|p2a: Heracross
|-damage|p2a: Heracross|0 fnt
|faint|p2a: Heracross
|c|☆AutumnMint|oof
|c|☆leoperi99|sorry for that
|
|t:|1730759438
|switch|p2a: Metagross|Metagross|100/100
|-damage|p2a: Metagross|88/100|[from] Spikes
|
|-weather|Sandstorm|[upkeep]
|-damage|p1a: Blissey|75/100 par|[from] Sandstorm
|-heal|p1a: Blissey|81/100 par|[from] item: Leftovers
|upkeep
|turn|22
|
|t:|1730759444
|move|p2a: Metagross|Meteor Mash|p1a: Blissey
|-damage|p1a: Blissey|0 fnt
|faint|p1a: Blissey
|
|t:|1730759453
|switch|p1a: Salamence|Salamence, M|100/100
|-ability|p1a: Salamence|Intimidate|boost
|-fail|p2a: Metagross|unboost|[from] ability: Clear Body|[of] p2a: Metagross
|
|-weather|Sandstorm|[upkeep]
|-damage|p1a: Salamence|94/100|[from] Sandstorm
|-heal|p1a: Salamence|100/100|[from] item: Leftovers
|upkeep
|turn|23
|
|t:|1730759460
|move|p1a: Salamence|Flamethrower|p2a: Metagross
|-supereffective|p2a: Metagross
|-damage|p2a: Metagross|19/100
|-status|p2a: Metagross|brn
|move|p2a: Metagross|Meteor Mash|p1a: Salamence
|-crit|p1a: Salamence
|-damage|p1a: Salamence|0 fnt
|faint|p1a: Salamence
|c|☆AutumnMint|no way
|
|t:|1730759468
|switch|p1a: Starmie|Starmie|83/100
|
|-weather|Sandstorm|[upkeep]
|-damage|p1a: Starmie|77/100|[from] Sandstorm
|-heal|p1a: Starmie|83/100|[from] item: Leftovers
|-damage|p2a: Metagross|6/100 brn|[from] brn
|upkeep
|turn|24
|
|t:|1730759472
|move|p1a: Starmie|Thunderbolt|p2a: Metagross
|-damage|p2a: Metagross|0 fnt
|faint|p2a: Metagross
|
|t:|1730759475
|switch|p2a: Magneton|Magneton|88/100
|-damage|p2a: Magneton|76/100|[from] Spikes
|
|-weather|Sandstorm|[upkeep]
|-damage|p1a: Starmie|77/100|[from] Sandstorm
|-heal|p1a: Starmie|83/100|[from] item: Leftovers
|upkeep
|turn|25
|c|☆leoperi99|tbh idt this matter alot but yea
|c|☆leoperi99|insane rng
|
|t:|1730759483
|switch|p1a: Swampert|Swampert, M|100/100
|move|p2a: Magneton|Thunder Wave|p1a: Swampert
|-immune|p1a: Swampert
|
|-weather|Sandstorm|[upkeep]
|upkeep
|turn|26
|
|t:|1730759492
|move|p2a: Magneton|Rain Dance|p2a: Magneton
|-weather|RainDance
|move|p1a: Swampert|Toxic|p2a: Magneton|[miss]
|-miss|p1a: Swampert|p2a: Magneton
|
|-weather|RainDance|[upkeep]
|upkeep
|turn|27
|
|t:|1730759496
|move|p2a: Magneton|Hidden Power|p1a: Swampert
|-resisted|p1a: Swampert
|-damage|p1a: Swampert|96/100
|move|p1a: Swampert|Surf|p2a: Magneton
|-damage|p2a: Magneton|0 fnt
|faint|p2a: Magneton
|
|t:|1730759499
|switch|p2a: Salamence|Salamence, M|100/100
|-ability|p2a: Salamence|Intimidate|boost
|-unboost|p1a: Swampert|atk|1
|
|-weather|RainDance|[upkeep]
|-heal|p1a: Swampert|100/100|[from] item: Leftovers
|upkeep
|turn|28
|
|t:|1730759501
|move|p2a: Salamence|Hidden Power|p1a: Swampert
|-supereffective|p1a: Swampert
|-damage|p1a: Swampert|22/100
|move|p1a: Swampert|Toxic|p2a: Salamence
|-status|p2a: Salamence|tox
|
|-weather|RainDance|[upkeep]
|-damage|p2a: Salamence|94/100 tox|[from] psn
|-heal|p1a: Swampert|28/100|[from] item: Leftovers
|upkeep
|turn|29
|
|t:|1730759505
|move|p1a: Swampert|Protect|p1a: Swampert
|-singleturn|p1a: Swampert|Protect
|move|p2a: Salamence|Hidden Power|p1a: Swampert
|-activate|p1a: Swampert|Protect
|
|-weather|RainDance|[upkeep]
|-heal|p2a: Salamence|100/100 tox|[from] item: Leftovers
|-damage|p2a: Salamence|88/100 tox|[from] psn
|-heal|p1a: Swampert|34/100|[from] item: Leftovers
|upkeep
|turn|30
|
|t:|1730759508
|switch|p1a: Tyranitar|Tyranitar, F|64/100
|-weather|Sandstorm|[from] ability: Sand Stream|[of] p1a: Tyranitar
|move|p2a: Salamence|Hidden Power|p1a: Tyranitar
|-supereffective|p1a: Tyranitar
|-damage|p1a: Tyranitar|22/100
|
|-weather|Sandstorm|[upkeep]
|-damage|p2a: Salamence|82/100 tox|[from] Sandstorm
|-heal|p2a: Salamence|88/100 tox|[from] item: Leftovers
|-damage|p2a: Salamence|70/100 tox|[from] psn
|-heal|p1a: Tyranitar|28/100|[from] item: Leftovers
|upkeep
|turn|31
|
|t:|1730759512
|move|p2a: Salamence|Hidden Power|p1a: Tyranitar
|-supereffective|p1a: Tyranitar
|-damage|p1a: Tyranitar|0 fnt
|faint|p1a: Tyranitar
|
|t:|1730759518
|switch|p1a: Starmie|Starmie|83/100
|
|-weather|Sandstorm|[upkeep]
|-damage|p1a: Starmie|77/100|[from] Sandstorm
|-damage|p2a: Salamence|64/100 tox|[from] Sandstorm
|-heal|p1a: Starmie|83/100|[from] item: Leftovers
|-heal|p2a: Salamence|70/100 tox|[from] item: Leftovers
|-damage|p2a: Salamence|46/100 tox|[from] psn
|upkeep
|turn|32
|c|☆leoperi99|ggs
|
|t:|1730759521
|move|p1a: Starmie|Ice Beam|p2a: Salamence
|-supereffective|p2a: Salamence
|-damage|p2a: Salamence|0 fnt
|faint|p2a: Salamence
|
|win|leoperi99
|c|☆AutumnMint|gg

</script>
<script type="application/json" class="data" id="replaydata-smogtours-gen3ou-804830">
{"id":"smogtours-gen3ou-804830","format":"[Gen 3] OU","players":["leoperi99","AutumnMint"],"uploadtime":1730759521,"views":51,"formatid":"gen3ou","rating":null,"private":0,"password":null}
</script>

<script defer src="js/replays.js?9d40a366"></script>
