<!DOCTYPE html>
<meta charset="utf-8" />
<meta name="viewport" content="width=device-width" />

<title>[Gen 3] OU: SixOfRobins vs. UDM31 - Replays - Pok&eacute;mon Showdown!</title>

<meta name="description" content="Watch a replay of a Pok&eacute;mon battle between SixOfRobins and UDM31! Format: [Gen 3] OU; Date: Oct 28, 2024" />
<!--

Hey, you! Looking in the source for the replay log?

You can find them in JSON format, just add `.json` at the end of a replay URL.

https://replay.pokemonshowdown.com/gen7randomdoublesbattle-865046831.json

Or, if you only need the log itself, add `.log` instead:

https://replay.pokemonshowdown.com/gen7randomdoublesbattle-865046831.log

-->

<link rel="stylesheet" href="//pokemonshowdown.com/style/global.css?0.023195364461161105" />
<link rel="stylesheet" href="//play.pokemonshowdown.com/style/font-awesome.css?0.13261647063804238" />
<link rel="stylesheet" href="//play.pokemonshowdown.com/style/battle.css?0.8753245789963631" />
<link rel="stylesheet" href="//play.pokemonshowdown.com/style/utilichart.css?0.8627959624976733" />

<!-- Global site tag (gtag.js) - Google Analytics -->
<script async src="https://www.googletagmanager.com/gtag/js?id=UA-26211653-1"></script>
<script>
  window.dataLayer = window.dataLayer || [];
  function gtag(){dataLayer.push(arguments);}
  gtag('js', new Date());

  gtag('config', 'UA-26211653-1');
</script>
<!-- End Google Analytics -->
<!-- Venatus Ad Manager - Install in <HEAD> of page -->
	<script src="https://hb.vntsm.com/v3/live/ad-manager.min.js" type="text/javascript" data-site-id="642aba63ec9a7b11c3c9c1be" data-mode="scan" async></script>
<!-- / Venatus Ad Manager -->

<style>
	@media (max-width:820px) {
		.battle {
			margin: 0 auto;
		}
		.battle-log {
			margin: 7px auto 0;
			max-width: 640px;
			height: 300px;
			position: static;
		}
	}
	.optgroup {
		display: inline-block;
		line-height: 22px;
		font-size: 10pt;
	}
	.optgroup .button {
		height: 25px;
		padding-top: 0;
		padding-bottom: 0;
	}
	.optgroup button.button {
		padding-left: 12px;
		padding-right: 12px;
	}
	.linklist {
		list-style: none;
		margin: 0.5em 0;
		padding: 0;
	}
	.linklist li {
		padding: 2px 0;
	}
	.sidebar {
		float: left;
		width: 320px;
	}
	.bar-wrapper {
		max-width: 1100px;
		margin: 0 auto;
	}
	.bar-wrapper.has-sidebar {
		max-width: 1430px;
	}
	.mainbar {
		margin: 0;
		padding-right: 1px;
	}
	.mainbar.has-sidebar {
		margin-left: 330px;
	}
	@media (min-width: 1511px) {
		.sidebar {
			width: 400px;
		}
		.bar-wrapper.has-sidebar {
			max-width: 1510px;
		}
		.mainbar.has-sidebar {
			margin-left: 410px;
		}
	}
	.section.first-section {
		margin-top: 9px;
	}
	.blocklink small {
		white-space: normal;
	}
	.button {
		vertical-align: middle;
	}
	.replay-controls {
		padding-top: 10px;
	}
	.replay-controls h1 {
		font-size: 16pt;
		font-weight: normal;
		color: #CCC;
	}
	.pagelink {
		text-align: center;
	}
	.pagelink a {
		width: 150px;
	}
	.textbox, .button {
		font-size: 11pt;
		vertical-align: middle;
	}
	@media (max-width: 450px) {
		.button {
			font-size: 9pt;
		}
	}
</style>

<div>

	<header>
		<div class="nav-wrapper"><ul class="nav">
			<li><a class="button nav-first" href="//pokemonshowdown.com/"><img src="//pokemonshowdown.com/images/pokemonshowdownbeta.png" srcset="//pokemonshowdown.com/images/pokemonshowdownbeta.png 1x, //pokemonshowdown.com/images/pokemonshowdownbeta@2x.png 2x" alt="Pok&eacute;mon Showdown" width="146" height="44" /> Home</a></li>
			<li><a class="button" href="//pokemonshowdown.com/dex/">Pok&eacute;dex</a></li>
			<li><a class="button cur" href="/">Replays</a></li>
			<li><a class="button" href="//pokemonshowdown.com/ladder/">Ladder</a></li>
			<li><a class="button nav-last" href="//pokemonshowdown.com/forums/">Forum</a></li>
			<li><a class="button greenbutton nav-first nav-last" href="//play.pokemonshowdown.com/">Play</a></li>
		</ul></div>
	</header>

	<div class="main" id="main">

		<noscript><section class="section">You need to enable JavaScript to use this page; sorry!</section></noscript>

	</div>

</div>

<script defer nomodule src="//play.pokemonshowdown.com/js/lib/ps-polyfill.js"></script>
<script defer src="//play.pokemonshowdown.com/js/lib/preact.min.js"></script>

<script defer src="//play.pokemonshowdown.com/config/config.js?2bddbc15"></script>
<script defer src="//play.pokemonshowdown.com/js/lib/jquery-1.11.0.min.js"></script>
<script defer src="//play.pokemonshowdown.com/js/lib/html-sanitizer-minified.js"></script>
<script defer src="//play.pokemonshowdown.com/js/battle-sound.js"></script>
<script defer src="//play.pokemonshowdown.com/js/battledata.js?0.7209276989879541"></script>
<script defer src="//play.pokemonshowdown.com/data/pokedex-mini.js?0.6111056340867951"></script>
<script defer src="//play.pokemonshowdown.com/data/pokedex-mini-bw.js?0.3532142036491459"></script>
<script defer src="//play.pokemonshowdown.com/data/graphics.js?0.24223875632456182"></script>
<script defer src="//play.pokemonshowdown.com/data/pokedex.js?0.38839984266356864"></script>
<script defer src="//play.pokemonshowdown.com/data/moves.js?0.21866028504024015"></script>
<script defer src="//play.pokemonshowdown.com/data/abilities.js?0.2005157953846628"></script>
<script defer src="//play.pokemonshowdown.com/data/items.js?0.9894211263848525"></script>
<script defer src="//play.pokemonshowdown.com/data/teambuilder-tables.js?0.6008791140282215"></script>
<script defer src="//play.pokemonshowdown.com/js/battle-tooltips.js?0.7580118955022959"></script>
<script defer src="//play.pokemonshowdown.com/js/battle.js?0.6057722274234274"></script>

<script defer src="js/utils.js?e31f9a17"></script>
<script defer src="js/replays-battle.js?7008c182"></script>

<!-- don't scrape this data! just add .json or .log after the URL!
Full API docs: https://github.com/smogon/pokemon-showdown-client/blob/master/WEB-API.md -->
<script type="text/plain" class="log" id="replaylog-smogtours-gen3ou-803163">
|inactive|Battle timer is ON: inactive players will automatically lose when time's up.
|t:|1730152753
|gametype|singles
|player|p1|SixOfRobins|plasmagruntf|
|player|p2|UDM31|lucas|
|teamsize|p1|6
|teamsize|p2|6
|gen|3
|tier|[Gen 3] OU
|rule|Sleep Clause Mod: Limit one foe put to sleep
|rule|Switch Priority Clause Mod: Faster Pokémon switch first
|rule|Species Clause: Limit one of each Pokémon
|rule|OHKO Clause: OHKO moves are banned
|rule|Evasion Items Clause: Evasion items are banned
|rule|Evasion Moves Clause: Evasion moves are banned
|rule|Endless Battle Clause: Forcing endless battles is banned
|rule|HP Percentage Mod: HP is shown in percentages
|rule|One Boost Passer Clause: Limit one Baton Passer that has a way to boost its stats
|rule|Freeze Clause Mod: Limit one foe frozen
|
|t:|1730152753
|start
|switch|p1a: Aerodactyl|Aerodactyl, M|100/100
|switch|p2a: Tyranitar|Tyranitar, F|100/100
|-weather|Sandstorm|[from] ability: Sand Stream|[of] p2a: Tyranitar
|turn|1
|c|☆SixOfRobins|glhf!
|c|☆UDM31|u2
|inactive|SixOfRobins has 270 seconds left.
|
|t:|1730152784
|switch|p1a: Swampert|Swampert, M|100/100
|switch|p2a: Swampert|Swampert, M|100/100
|
|-weather|Sandstorm|[upkeep]
|upkeep
|turn|2
|
|t:|1730152789
|switch|p2a: Skarmory|Skarmory, M|100/100
|move|p1a: Swampert|Toxic|p2a: Skarmory
|-immune|p2a: Skarmory
|
|-weather|Sandstorm|[upkeep]
|upkeep
|turn|3
|
|t:|1730152794
|switch|p1a: Forretress|Forretress, M|100/100
|move|p2a: Skarmory|Spikes|p1a: Forretress
|-sidestart|p1: SixOfRobins|Spikes
|
|-weather|Sandstorm|[upkeep]
|upkeep
|turn|4
|
|t:|1730152800
|switch|p2a: Gengar|Gengar, F|100/100
|move|p1a: Forretress|Spikes|p2a: Gengar
|-sidestart|p2: UDM31|Spikes
|
|-weather|Sandstorm|[upkeep]
|-damage|p2a: Gengar|95/100|[from] Sandstorm
|-heal|p2a: Gengar|100/100|[from] item: Leftovers
|upkeep
|turn|5
|
|t:|1730152808
|switch|p1a: Tyranitar|Tyranitar, M|100/100
|-damage|p1a: Tyranitar|88/100|[from] Spikes
|move|p2a: Gengar|Will-O-Wisp|p1a: Tyranitar
|-status|p1a: Tyranitar|brn
|
|-weather|Sandstorm|[upkeep]
|-damage|p2a: Gengar|95/100|[from] Sandstorm
|-heal|p2a: Gengar|100/100|[from] item: Leftovers
|-heal|p1a: Tyranitar|94/100 brn|[from] item: Leftovers
|-damage|p1a: Tyranitar|82/100 brn|[from] brn
|upkeep
|turn|6
|
|t:|1730152816
|-activate|p2a: Gengar|move: Pursuit
|move|p1a: Tyranitar|Pursuit|p2a: Gengar|[from]Pursuit
|-supereffective|p2a: Gengar
|-damage|p2a: Gengar|12/100
|switch|p2a: Tyranitar|Tyranitar, F|100/100
|-damage|p2a: Tyranitar|88/100|[from] Spikes
|
|-weather|Sandstorm|[upkeep]
|-heal|p1a: Tyranitar|88/100 brn|[from] item: Leftovers
|-damage|p1a: Tyranitar|76/100 brn|[from] brn
|upkeep
|turn|7
|
|t:|1730152833
|switch|p1a: Swampert|Swampert, M|100/100
|-damage|p1a: Swampert|88/100|[from] Spikes
|move|p2a: Tyranitar|Dragon Dance|p2a: Tyranitar
|-boost|p2a: Tyranitar|atk|1
|-boost|p2a: Tyranitar|spe|1
|
|-weather|Sandstorm|[upkeep]
|-heal|p1a: Swampert|94/100|[from] item: Leftovers
|upkeep
|turn|8
|
|t:|1730152844
|move|p2a: Tyranitar|Earthquake|p1a: Swampert
|-damage|p1a: Swampert|58/100
|move|p1a: Swampert|Surf|p2a: Tyranitar
|-supereffective|p2a: Tyranitar
|-damage|p2a: Tyranitar|38/100
|
|-weather|Sandstorm|[upkeep]
|-heal|p1a: Swampert|64/100|[from] item: Leftovers
|upkeep
|turn|9
|
|t:|1730152849
|move|p2a: Tyranitar|Double-Edge|p1a: Swampert
|-crit|p1a: Swampert
|-damage|p1a: Swampert|0 fnt
|-damage|p2a: Tyranitar|17/100|[from] Recoil|[of] p1a: Swampert
|faint|p1a: Swampert
|c|☆UDM31|mb
|
|t:|1730152865
|switch|p1a: Forretress|Forretress, M|100/100
|-damage|p1a: Forretress|88/100|[from] Spikes
|
|-weather|Sandstorm|[upkeep]
|-heal|p1a: Forretress|94/100|[from] item: Leftovers
|upkeep
|turn|10
|
|t:|1730152873
|move|p2a: Tyranitar|Rock Slide|p1a: Forretress
|-damage|p1a: Forretress|54/100
|move|p1a: Forretress|Rapid Spin|p2a: Tyranitar
|-resisted|p2a: Tyranitar
|-damage|p2a: Tyranitar|15/100
|-sideend|p1: SixOfRobins|Spikes|[from] move: Rapid Spin|[of] p1a: Forretress
|
|-weather|Sandstorm|[upkeep]
|-heal|p1a: Forretress|60/100|[from] item: Leftovers
|upkeep
|turn|11
|
|t:|1730152898
|move|p2a: Tyranitar|Rock Slide|p1a: Forretress
|-damage|p1a: Forretress|16/100
|move|p1a: Forretress|Hidden Power|p2a: Tyranitar
|-supereffective|p2a: Tyranitar
|-damage|p2a: Tyranitar|0 fnt
|faint|p2a: Tyranitar
|inactive|UDM31 has 270 seconds left.
|
|t:|1730152941
|switch|p2a: Jirachi|Jirachi|100/100
|-damage|p2a: Jirachi|88/100|[from] Spikes
|
|-weather|Sandstorm|[upkeep]
|-heal|p2a: Jirachi|94/100|[from] item: Leftovers
|-heal|p1a: Forretress|22/100|[from] item: Leftovers
|upkeep
|turn|12
|
|t:|1730152958
|switch|p1a: Zapdos|Zapdos|100/100
|move|p2a: Jirachi|Calm Mind|p2a: Jirachi
|-boost|p2a: Jirachi|spa|1
|-boost|p2a: Jirachi|spd|1
|
|-weather|Sandstorm|[upkeep]
|-damage|p1a: Zapdos|94/100|[from] Sandstorm
|-heal|p2a: Jirachi|100/100|[from] item: Leftovers
|-heal|p1a: Zapdos|100/100|[from] item: Leftovers
|upkeep
|turn|13
|
|t:|1730152963
|move|p2a: Jirachi|Ice Punch|p1a: Zapdos
|-supereffective|p1a: Zapdos
|-damage|p1a: Zapdos|56/100
|-status|p1a: Zapdos|frz
|cant|p1a: Zapdos|frz
|
|-weather|Sandstorm|[upkeep]
|-damage|p1a: Zapdos|50/100 frz|[from] Sandstorm
|-heal|p1a: Zapdos|56/100 frz|[from] item: Leftovers
|upkeep
|turn|14
|c|☆UDM31|sorry
|inactive|UDM31 has 270 seconds left.
|c|☆SixOfRobins|lol
|
|t:|1730152983
|move|p2a: Jirachi|Ice Punch|p1a: Zapdos
|-supereffective|p1a: Zapdos
|-damage|p1a: Zapdos|11/100 frz
|cant|p1a: Zapdos|frz
|
|-weather|Sandstorm|[upkeep]
|-damage|p1a: Zapdos|5/100 frz|[from] Sandstorm
|-heal|p1a: Zapdos|11/100 frz|[from] item: Leftovers
|upkeep
|turn|15
|
|t:|1730153007
|switch|p1a: Forretress|Forretress, M|22/100
|move|p2a: Jirachi|Ice Punch|p1a: Forretress
|-resisted|p1a: Forretress
|-damage|p1a: Forretress|8/100
|
|-weather|Sandstorm|[upkeep]
|-heal|p1a: Forretress|14/100|[from] item: Leftovers
|upkeep
|turn|16
|
|t:|1730153014
|move|p2a: Jirachi|Fire Punch|p1a: Forretress
|-supereffective|p1a: Forretress
|-damage|p1a: Forretress|0 fnt
|faint|p1a: Forretress
|
|t:|1730153022
|switch|p1a: Aerodactyl|Aerodactyl, M|100/100
|
|-weather|Sandstorm|[upkeep]
|upkeep
|turn|17
|
|t:|1730153028
|switch|p2a: Skarmory|Skarmory, M|100/100
|move|p1a: Aerodactyl|Earthquake|p2a: Skarmory
|-immune|p2a: Skarmory
|
|-weather|Sandstorm|[upkeep]
|upkeep
|turn|18
|inactive|UDM31 has 270 seconds left.
|inactive|UDM31 has 240 seconds left.
|
|t:|1730153086
|switch|p1a: Blissey|Blissey, F|100/100
|switch|p2a: Gengar|Gengar, F|12/100
|
|-weather|Sandstorm|[upkeep]
|-damage|p2a: Gengar|6/100|[from] Sandstorm
|-damage|p1a: Blissey|94/100|[from] Sandstorm
|-heal|p2a: Gengar|12/100|[from] item: Leftovers
|-heal|p1a: Blissey|100/100|[from] item: Leftovers
|upkeep
|turn|19
|inactive|UDM31 has 210 seconds left.
|
|t:|1730153109
|switch|p2a: Skarmory|Skarmory, M|100/100
|switch|p1a: Zapdos|Zapdos|11/100 frz
|
|-weather|Sandstorm|[upkeep]
|-damage|p1a: Zapdos|5/100 frz|[from] Sandstorm
|-heal|p1a: Zapdos|11/100 frz|[from] item: Leftovers
|upkeep
|turn|20
|inactive|UDM31 has 210 seconds left.
|
|t:|1730153136
|switch|p2a: Gengar|Gengar, F|12/100
|-curestatus|p1a: Zapdos|frz|[msg]
|move|p1a: Zapdos|Rest|p1a: Zapdos
|-status|p1a: Zapdos|slp|[from] move: Rest
|-heal|p1a: Zapdos|100/100 slp|[silent]
|
|-weather|Sandstorm|[upkeep]
|-damage|p2a: Gengar|6/100|[from] Sandstorm
|-damage|p1a: Zapdos|94/100 slp|[from] Sandstorm
|-heal|p2a: Gengar|12/100|[from] item: Leftovers
|-heal|p1a: Zapdos|100/100 slp|[from] item: Leftovers
|upkeep
|turn|21
|inactive|UDM31 has 180 seconds left.
|
|t:|1730153166
|switch|p1a: Tyranitar|Tyranitar, M|76/100 brn
|move|p2a: Gengar|Ice Punch|p1a: Tyranitar
|-damage|p1a: Tyranitar|58/100 brn
|
|-weather|Sandstorm|[upkeep]
|-damage|p2a: Gengar|6/100|[from] Sandstorm
|-heal|p2a: Gengar|12/100|[from] item: Leftovers
|-heal|p1a: Tyranitar|64/100 brn|[from] item: Leftovers
|-damage|p1a: Tyranitar|52/100 brn|[from] brn
|upkeep
|turn|22
|inactive|UDM31 has 180 seconds left.
|
|t:|1730153196
|move|p2a: Gengar|Explosion|p1a: Tyranitar
|-resisted|p1a: Tyranitar
|-damage|p1a: Tyranitar|24/100 brn
|faint|p2a: Gengar
|inactive|UDM31 has 150 seconds left.
|
|t:|1730153228
|switch|p2a: Swampert|Swampert, M|100/100
|-damage|p2a: Swampert|88/100|[from] Spikes
|
|-weather|Sandstorm|[upkeep]
|-heal|p2a: Swampert|94/100|[from] item: Leftovers
|-heal|p1a: Tyranitar|30/100 brn|[from] item: Leftovers
|-damage|p1a: Tyranitar|17/100 brn|[from] brn
|upkeep
|turn|23
|inactive|SixOfRobins has 270 seconds left.
|
|t:|1730153262
|move|p2a: Swampert|Ice Beam|p1a: Tyranitar
|-damage|p1a: Tyranitar|0 fnt
|faint|p1a: Tyranitar
|
|t:|1730153266
|switch|p1a: Blissey|Blissey, F|100/100
|
|-weather|Sandstorm|[upkeep]
|-damage|p1a: Blissey|94/100|[from] Sandstorm
|-heal|p2a: Swampert|100/100|[from] item: Leftovers
|-heal|p1a: Blissey|100/100|[from] item: Leftovers
|upkeep
|turn|24
|inactive|UDM31 has 150 seconds left.
|
|t:|1730153279
|switch|p2a: Skarmory|Skarmory, M|100/100
|move|p1a: Blissey|Wish|p1a: Blissey
|
|-weather|Sandstorm|[upkeep]
|-damage|p1a: Blissey|94/100|[from] Sandstorm
|-heal|p1a: Blissey|100/100|[from] item: Leftovers
|upkeep
|turn|25
|
|t:|1730153289
|switch|p1a: Zapdos|Zapdos|100/100 slp
|move|p2a: Skarmory|Spikes|p1a: Zapdos
|-sidestart|p1: SixOfRobins|Spikes
|
|-weather|Sandstorm|[upkeep]
|-damage|p1a: Zapdos|94/100 slp|[from] Sandstorm
|-heal|p1a: Zapdos|100/100 slp|[from] item: Leftovers
|upkeep
|turn|26
|inactive|UDM31 has 150 seconds left.
|
|t:|1730153310
|switch|p2a: Swampert|Swampert, M|100/100
|-damage|p2a: Swampert|88/100|[from] Spikes
|cant|p1a: Zapdos|slp
|
|-weather|Sandstorm|[upkeep]
|-damage|p1a: Zapdos|94/100 slp|[from] Sandstorm
|-heal|p1a: Zapdos|100/100 slp|[from] item: Leftovers
|-heal|p2a: Swampert|94/100|[from] item: Leftovers
|upkeep
|turn|27
|
|t:|1730153318
|switch|p1a: Blissey|Blissey, F|100/100
|-damage|p1a: Blissey|88/100|[from] Spikes
|move|p2a: Swampert|Ice Beam|p1a: Blissey
|-damage|p1a: Blissey|77/100
|
|-weather|Sandstorm|[upkeep]
|-damage|p1a: Blissey|71/100|[from] Sandstorm
|-heal|p2a: Swampert|100/100|[from] item: Leftovers
|-heal|p1a: Blissey|77/100|[from] item: Leftovers
|upkeep
|turn|28
|
|t:|1730153327
|move|p2a: Swampert|Earthquake|p1a: Blissey
|-damage|p1a: Blissey|43/100
|move|p1a: Blissey|Toxic|p2a: Swampert
|-status|p2a: Swampert|tox
|
|-weather|Sandstorm|[upkeep]
|-damage|p1a: Blissey|37/100|[from] Sandstorm
|-damage|p2a: Swampert|94/100 tox|[from] psn
|-heal|p1a: Blissey|43/100|[from] item: Leftovers
|upkeep
|turn|29
|
|t:|1730153335
|-singleturn|p2a: Swampert|move: Focus Punch
|move|p1a: Blissey|Soft-Boiled|p1a: Blissey
|-heal|p1a: Blissey|93/100
|move|p2a: Swampert|Focus Punch|p1a: Blissey
|-supereffective|p1a: Blissey
|-damage|p1a: Blissey|21/100
|
|-weather|Sandstorm|[upkeep]
|-damage|p1a: Blissey|15/100|[from] Sandstorm
|-heal|p2a: Swampert|100/100 tox|[from] item: Leftovers
|-damage|p2a: Swampert|88/100 tox|[from] psn
|-heal|p1a: Blissey|21/100|[from] item: Leftovers
|upkeep
|turn|30
|
|t:|1730153351
|move|p2a: Swampert|Earthquake|p1a: Blissey
|-damage|p1a: Blissey|0 fnt
|faint|p1a: Blissey
|
|t:|1730153356
|switch|p1a: Zapdos|Zapdos|100/100 slp
|
|-weather|Sandstorm|[upkeep]
|-damage|p1a: Zapdos|94/100 slp|[from] Sandstorm
|-heal|p1a: Zapdos|100/100 slp|[from] item: Leftovers
|-heal|p2a: Swampert|94/100 tox|[from] item: Leftovers
|-damage|p2a: Swampert|76/100 tox|[from] psn
|upkeep
|turn|31
|
|t:|1730153370
|cant|p1a: Zapdos|slp
|move|p2a: Swampert|Ice Beam|p1a: Zapdos
|-supereffective|p1a: Zapdos
|-damage|p1a: Zapdos|63/100 slp
|
|-weather|Sandstorm|[upkeep]
|-damage|p1a: Zapdos|57/100 slp|[from] Sandstorm
|-heal|p1a: Zapdos|63/100 slp|[from] item: Leftovers
|-heal|p2a: Swampert|82/100 tox|[from] item: Leftovers
|-damage|p2a: Swampert|57/100 tox|[from] psn
|upkeep
|turn|32
|
|t:|1730153400
|-curestatus|p1a: Zapdos|slp|[msg]
|move|p1a: Zapdos|Hidden Power|p2a: Swampert
|-supereffective|p2a: Swampert
|-damage|p2a: Swampert|0 fnt
|faint|p2a: Swampert
|inactive|UDM31 has 150 seconds left.
|
|t:|1730153413
|switch|p2a: Alakazam|Alakazam, M|100/100
|-damage|p2a: Alakazam|88/100|[from] Spikes
|
|-weather|Sandstorm|[upkeep]
|-damage|p2a: Alakazam|82/100|[from] Sandstorm
|-damage|p1a: Zapdos|57/100|[from] Sandstorm
|-heal|p2a: Alakazam|88/100|[from] item: Leftovers
|-heal|p1a: Zapdos|63/100|[from] item: Leftovers
|upkeep
|turn|33
|inactive|UDM31 has 150 seconds left.
|
|t:|1730153451
|switch|p1a: Aerodactyl|Aerodactyl, M|100/100
|move|p2a: Alakazam|Psychic|p1a: Aerodactyl
|-damage|p1a: Aerodactyl|34/100
|
|-weather|Sandstorm|[upkeep]
|-damage|p2a: Alakazam|82/100|[from] Sandstorm
|-heal|p2a: Alakazam|88/100|[from] item: Leftovers
|upkeep
|turn|34
|
|t:|1730153464
|switch|p2a: Skarmory|Skarmory, M|100/100
|move|p1a: Aerodactyl|Rock Slide|p2a: Skarmory
|-damage|p2a: Skarmory|56/100
|
|-weather|Sandstorm|[upkeep]
|-heal|p2a: Skarmory|62/100|[from] item: Leftovers
|upkeep
|turn|35
|
|t:|1730153471
|switch|p2a: Jirachi|Jirachi|100/100
|-damage|p2a: Jirachi|88/100|[from] Spikes
|move|p1a: Aerodactyl|Rock Slide|p2a: Jirachi|[miss]
|-miss|p1a: Aerodactyl|p2a: Jirachi
|
|-weather|Sandstorm|[upkeep]
|-heal|p2a: Jirachi|94/100|[from] item: Leftovers
|upkeep
|turn|36
|
|t:|1730153499
|move|p1a: Aerodactyl|Rock Slide|p2a: Jirachi
|-resisted|p2a: Jirachi
|-damage|p2a: Jirachi|69/100
|move|p2a: Jirachi|Calm Mind|p2a: Jirachi
|-boost|p2a: Jirachi|spa|1
|-boost|p2a: Jirachi|spd|1
|
|-weather|Sandstorm|[upkeep]
|-heal|p2a: Jirachi|75/100|[from] item: Leftovers
|upkeep
|turn|37
|
|t:|1730153509
|move|p1a: Aerodactyl|Rock Slide|p2a: Jirachi
|-resisted|p2a: Jirachi
|-damage|p2a: Jirachi|47/100
|cant|p2a: Jirachi|flinch
|
|-weather|Sandstorm|[upkeep]
|-heal|p2a: Jirachi|53/100|[from] item: Leftovers
|upkeep
|turn|38
|
|t:|1730153514
|move|p1a: Aerodactyl|Rock Slide|p2a: Jirachi
|-resisted|p2a: Jirachi
|-damage|p2a: Jirachi|25/100
|move|p2a: Jirachi|Ice Punch|p1a: Aerodactyl
|-supereffective|p1a: Aerodactyl
|-crit|p1a: Aerodactyl
|-damage|p1a: Aerodactyl|0 fnt
|faint|p1a: Aerodactyl
|
|t:|1730153517
|switch|p1a: Zapdos|Zapdos|63/100
|
|-weather|Sandstorm|[upkeep]
|-damage|p1a: Zapdos|57/100|[from] Sandstorm
|-heal|p2a: Jirachi|31/100|[from] item: Leftovers
|-heal|p1a: Zapdos|63/100|[from] item: Leftovers
|upkeep
|turn|39
|
|t:|1730153521
|move|p2a: Jirachi|Ice Punch|p1a: Zapdos
|-supereffective|p1a: Zapdos
|-damage|p1a: Zapdos|16/100
|move|p1a: Zapdos|Thunderbolt|p2a: Jirachi
|-damage|p2a: Jirachi|2/100
|
|-weather|Sandstorm|[upkeep]
|-damage|p1a: Zapdos|10/100|[from] Sandstorm
|-heal|p2a: Jirachi|8/100|[from] item: Leftovers
|-heal|p1a: Zapdos|16/100|[from] item: Leftovers
|upkeep
|turn|40
|
|t:|1730153524
|move|p2a: Jirachi|Ice Punch|p1a: Zapdos
|-supereffective|p1a: Zapdos
|-damage|p1a: Zapdos|0 fnt
|faint|p1a: Zapdos
|
|win|UDM31
|c|☆SixOfRobins|ggs!
|c|☆UDM31|sorry for the hax but ggs
|c|☆UDM31|wanna know why I lead molt?
|c|+EG Sato|meta?
|c|☆UDM31|hey sato
|c|+EG Sato|hi udm
|c|☆UDM31|yes but the main answer was medicham
|c|+EG Sato|oh
|c|☆UDM31|I saw a lot of that and I got worried lol
|c|+EG Sato|but vs medi mence is no better?
|c|☆SixOfRobins|oh hi
|c|☆SixOfRobins|oh interesting
|c|☆SixOfRobins|and no worries about the hax, that's the game of Pokemon for you
|c|☆UDM31|yeah but molt does that and does the meta thing
|c|☆UDM31|so it covers both
|c|+EG Sato|but in the team u had using pert, too
|c|☆UDM31|which I expected given that my lead tar usage is through the sky
|c|☆SixOfRobins|this is good to know, I'm new to ADV 
|c|☆SixOfRobins|so I'm always down to learn more about the meta
|c|☆UDM31|this isn't like a common thing at all
|c|☆SixOfRobins|yeah I figured but I might want to try it 
|c|☆UDM31|maybe, it's scout specific
|c|☆SixOfRobins|I've been experimenting with a ton of stuff on the ladder to get a feel for the game
|c|☆SixOfRobins|ah
|c|☆SixOfRobins|I know nothing about scouting lol
|c|☆SixOfRobins|figured it wouldn't make a big difference for me at my skill level
|c|☆UDM31|well
|c|☆SixOfRobins|something to learn for the future, though
|c|☆UDM31|true it's better to learn good teams
|c|☆UDM31|though this is big 5 with a lead swapped
|c|☆UDM31|well
|c|☆UDM31|the other team is
|c|☆SixOfRobins|very interesting

</script>
<script type="application/json" class="data" id="replaydata-smogtours-gen3ou-803163">
{"id":"smogtours-gen3ou-803163","format":"[Gen 3] OU","players":["SixOfRobins","UDM31"],"uploadtime":1730153524,"views":81,"formatid":"gen3ou","rating":null,"private":1,"password":null}
</script>

<script defer src="js/replays.js?9d40a366"></script>
