<!DOCTYPE html>
<meta charset="utf-8" />
<meta name="viewport" content="width=device-width" />

<title>[Gen 3] OU: HexMoonie vs. SlamonBBQ - Replays - Pok&eacute;mon Showdown!</title>

<meta name="description" content="Watch a replay of a Pok&eacute;mon battle between HexMoonie and SlamonBBQ! Format: [Gen 3] OU; Date: Oct 19, 2024" />
<!--

Hey, you! Looking in the source for the replay log?

You can find them in JSON format, just add `.json` at the end of a replay URL.

https://replay.pokemonshowdown.com/gen7randomdoublesbattle-865046831.json

Or, if you only need the log itself, add `.log` instead:

https://replay.pokemonshowdown.com/gen7randomdoublesbattle-865046831.log

-->

<link rel="stylesheet" href="//pokemonshowdown.com/style/global.css?0.023195364461161105" />
<link rel="stylesheet" href="//play.pokemonshowdown.com/style/font-awesome.css?0.13261647063804238" />
<link rel="stylesheet" href="//play.pokemonshowdown.com/style/battle.css?0.8753245789963631" />
<link rel="stylesheet" href="//play.pokemonshowdown.com/style/utilichart.css?0.8627959624976733" />

<!-- Global site tag (gtag.js) - Google Analytics -->
<script async src="https://www.googletagmanager.com/gtag/js?id=UA-26211653-1"></script>
<script>
  window.dataLayer = window.dataLayer || [];
  function gtag(){dataLayer.push(arguments);}
  gtag('js', new Date());

  gtag('config', 'UA-26211653-1');
</script>
<!-- End Google Analytics -->
<!-- Venatus Ad Manager - Install in <HEAD> of page -->
	<script src="https://hb.vntsm.com/v3/live/ad-manager.min.js" type="text/javascript" data-site-id="642aba63ec9a7b11c3c9c1be" data-mode="scan" async></script>
<!-- / Venatus Ad Manager -->

<style>
	@media (max-width:820px) {
		.battle {
			margin: 0 auto;
		}
		.battle-log {
			margin: 7px auto 0;
			max-width: 640px;
			height: 300px;
			position: static;
		}
	}
	.optgroup {
		display: inline-block;
		line-height: 22px;
		font-size: 10pt;
	}
	.optgroup .button {
		height: 25px;
		padding-top: 0;
		padding-bottom: 0;
	}
	.optgroup button.button {
		padding-left: 12px;
		padding-right: 12px;
	}
	.linklist {
		list-style: none;
		margin: 0.5em 0;
		padding: 0;
	}
	.linklist li {
		padding: 2px 0;
	}
	.sidebar {
		float: left;
		width: 320px;
	}
	.bar-wrapper {
		max-width: 1100px;
		margin: 0 auto;
	}
	.bar-wrapper.has-sidebar {
		max-width: 1430px;
	}
	.mainbar {
		margin: 0;
		padding-right: 1px;
	}
	.mainbar.has-sidebar {
		margin-left: 330px;
	}
	@media (min-width: 1511px) {
		.sidebar {
			width: 400px;
		}
		.bar-wrapper.has-sidebar {
			max-width: 1510px;
		}
		.mainbar.has-sidebar {
			margin-left: 410px;
		}
	}
	.section.first-section {
		margin-top: 9px;
	}
	.blocklink small {
		white-space: normal;
	}
	.button {
		vertical-align: middle;
	}
	.replay-controls {
		padding-top: 10px;
	}
	.replay-controls h1 {
		font-size: 16pt;
		font-weight: normal;
		color: #CCC;
	}
	.pagelink {
		text-align: center;
	}
	.pagelink a {
		width: 150px;
	}
	.textbox, .button {
		font-size: 11pt;
		vertical-align: middle;
	}
	@media (max-width: 450px) {
		.button {
			font-size: 9pt;
		}
	}
</style>

<div>

	<header>
		<div class="nav-wrapper"><ul class="nav">
			<li><a class="button nav-first" href="//pokemonshowdown.com/"><img src="//pokemonshowdown.com/images/pokemonshowdownbeta.png" srcset="//pokemonshowdown.com/images/pokemonshowdownbeta.png 1x, //pokemonshowdown.com/images/pokemonshowdownbeta@2x.png 2x" alt="Pok&eacute;mon Showdown" width="146" height="44" /> Home</a></li>
			<li><a class="button" href="//pokemonshowdown.com/dex/">Pok&eacute;dex</a></li>
			<li><a class="button cur" href="/">Replays</a></li>
			<li><a class="button" href="//pokemonshowdown.com/ladder/">Ladder</a></li>
			<li><a class="button nav-last" href="//pokemonshowdown.com/forums/">Forum</a></li>
			<li><a class="button greenbutton nav-first nav-last" href="//play.pokemonshowdown.com/">Play</a></li>
		</ul></div>
	</header>

	<div class="main" id="main">

		<noscript><section class="section">You need to enable JavaScript to use this page; sorry!</section></noscript>

	</div>

</div>

<script defer nomodule src="//play.pokemonshowdown.com/js/lib/ps-polyfill.js"></script>
<script defer src="//play.pokemonshowdown.com/js/lib/preact.min.js"></script>

<script defer src="//play.pokemonshowdown.com/config/config.js?2bddbc15"></script>
<script defer src="//play.pokemonshowdown.com/js/lib/jquery-1.11.0.min.js"></script>
<script defer src="//play.pokemonshowdown.com/js/lib/html-sanitizer-minified.js"></script>
<script defer src="//play.pokemonshowdown.com/js/battle-sound.js"></script>
<script defer src="//play.pokemonshowdown.com/js/battledata.js?0.7209276989879541"></script>
<script defer src="//play.pokemonshowdown.com/data/pokedex-mini.js?0.6111056340867951"></script>
<script defer src="//play.pokemonshowdown.com/data/pokedex-mini-bw.js?0.3532142036491459"></script>
<script defer src="//play.pokemonshowdown.com/data/graphics.js?0.24223875632456182"></script>
<script defer src="//play.pokemonshowdown.com/data/pokedex.js?0.38839984266356864"></script>
<script defer src="//play.pokemonshowdown.com/data/moves.js?0.21866028504024015"></script>
<script defer src="//play.pokemonshowdown.com/data/abilities.js?0.2005157953846628"></script>
<script defer src="//play.pokemonshowdown.com/data/items.js?0.9894211263848525"></script>
<script defer src="//play.pokemonshowdown.com/data/teambuilder-tables.js?0.6008791140282215"></script>
<script defer src="//play.pokemonshowdown.com/js/battle-tooltips.js?0.7580118955022959"></script>
<script defer src="//play.pokemonshowdown.com/js/battle.js?0.6057722274234274"></script>

<script defer src="js/utils.js?e31f9a17"></script>
<script defer src="js/replays-battle.js?7008c182"></script>

<!-- don't scrape this data! just add .json or .log after the URL!
Full API docs: https://github.com/smogon/pokemon-showdown-client/blob/master/WEB-API.md -->
<script type="text/plain" class="log" id="replaylog-smogtours-gen3ou-800159">
|inactive|Battle timer is ON: inactive players will automatically lose when time's up.
|t:|1729377548
|gametype|singles
|player|p1|HexMoonie|hexmaniac-gen6|
|player|p2|SlamonBBQ|rood|
|teamsize|p1|6
|teamsize|p2|6
|gen|3
|tier|[Gen 3] OU
|rule|Sleep Clause Mod: Limit one foe put to sleep
|rule|Switch Priority Clause Mod: Faster Pokémon switch first
|rule|Species Clause: Limit one of each Pokémon
|rule|OHKO Clause: OHKO moves are banned
|rule|Evasion Items Clause: Evasion items are banned
|rule|Evasion Moves Clause: Evasion moves are banned
|rule|Endless Battle Clause: Forcing endless battles is banned
|rule|HP Percentage Mod: HP is shown in percentages
|rule|One Boost Passer Clause: Limit one Baton Passer that has a way to boost its stats
|rule|Freeze Clause Mod: Limit one foe frozen
|
|t:|1729377548
|start
|switch|p1a: Blaziken|Blaziken, F|100/100
|switch|p2a: Swampert|Swampert, F|100/100
|turn|1
|inactive|SlamonBBQ has 270 seconds left.
|
|t:|1729377582
|switch|p1a: Celebi|Celebi|100/100
|move|p2a: Swampert|Earthquake|p1a: Celebi
|-resisted|p1a: Celebi
|-damage|p1a: Celebi|84/100
|
|-heal|p1a: Celebi|91/100|[from] item: Leftovers
|upkeep
|turn|2
|
|t:|1729377595
|switch|p2a: Regice|Regice|100/100
|move|p1a: Celebi|Baton Pass|p1a: Celebi
|
|t:|1729377613
|switch|p1a: Blaziken|Blaziken, F|100/100|[from] Baton Pass
|
|upkeep
|turn|3
|
|t:|1729377630
|switch|p2a: Starmie|Starmie|100/100
|move|p1a: Blaziken|Brick Break|p2a: Starmie
|-resisted|p2a: Starmie
|-damage|p2a: Starmie|77/100
|
|-heal|p2a: Starmie|83/100|[from] item: Leftovers
|upkeep
|turn|4
|inactive|HexMoonie has 270 seconds left.
|inactive|SlamonBBQ has 270 seconds left.
|
|t:|1729377667
|switch|p1a: Skarmory|Skarmory, F|100/100
|move|p2a: Starmie|Surf|p1a: Skarmory
|-damage|p1a: Skarmory|63/100
|
|-heal|p2a: Starmie|89/100|[from] item: Leftovers
|-heal|p1a: Skarmory|69/100|[from] item: Leftovers
|upkeep
|turn|5
|inactive|HexMoonie has 270 seconds left.
|inactive|SlamonBBQ has 270 seconds left.
|
|t:|1729377676
|move|p1a: Skarmory|Protect|p1a: Skarmory
|-singleturn|p1a: Skarmory|Protect
|move|p2a: Starmie|Thunderbolt|p1a: Skarmory
|-activate|p1a: Skarmory|Protect
|
|-heal|p2a: Starmie|95/100|[from] item: Leftovers
|-heal|p1a: Skarmory|75/100|[from] item: Leftovers
|upkeep
|turn|6
|
|t:|1729377682
|switch|p1a: Celebi|Celebi|91/100
|move|p2a: Starmie|Thunderbolt|p1a: Celebi
|-resisted|p1a: Celebi
|-damage|p1a: Celebi|79/100
|
|-heal|p2a: Starmie|100/100|[from] item: Leftovers
|-heal|p1a: Celebi|86/100|[from] item: Leftovers
|upkeep
|turn|7
|inactive|SlamonBBQ has 270 seconds left.
|
|t:|1729377710
|move|p2a: Starmie|Ice Beam|p1a: Celebi
|-supereffective|p1a: Celebi
|-damage|p1a: Celebi|41/100
|move|p1a: Celebi|Calm Mind|p1a: Celebi
|-boost|p1a: Celebi|spa|1
|-boost|p1a: Celebi|spd|1
|
|-heal|p1a: Celebi|47/100|[from] item: Leftovers
|upkeep
|turn|8
|
|t:|1729377719
|switch|p2a: Regice|Regice|100/100
|move|p1a: Celebi|Giga Drain|p2a: Regice
|-damage|p2a: Regice|84/100
|-heal|p1a: Celebi|54/100|[from] drain|[of] p2a: Regice
|
|-heal|p1a: Celebi|61/100|[from] item: Leftovers
|-heal|p2a: Regice|90/100|[from] item: Leftovers
|upkeep
|turn|9
|inactive|SlamonBBQ has 270 seconds left.
|
|t:|1729377736
|move|p1a: Celebi|Baton Pass|p1a: Celebi
|
|t:|1729377738
|switch|p1a: Blaziken|Blaziken, F|100/100|[from] Baton Pass
|move|p2a: Regice|Ice Beam|p1a: Blaziken
|-resisted|p1a: Blaziken
|-damage|p1a: Blaziken|79/100
|
|-heal|p1a: Blaziken|85/100|[from] item: Leftovers
|-heal|p2a: Regice|96/100|[from] item: Leftovers
|upkeep
|turn|10
|inactive|SlamonBBQ has 270 seconds left.
|inactive|SlamonBBQ has 240 seconds left.
|
|t:|1729377797
|switch|p2a: Swampert|Swampert, F|100/100
|move|p1a: Blaziken|Hidden Power|p2a: Swampert
|-supereffective|p2a: Swampert
|-damage|p2a: Swampert|1/100
|
|-heal|p1a: Blaziken|91/100|[from] item: Leftovers
|-heal|p2a: Swampert|7/100|[from] item: Leftovers
|upkeep
|turn|11
|
|t:|1729377817
|move|p1a: Blaziken|Brick Break|p2a: Swampert
|-damage|p2a: Swampert|0 fnt
|faint|p2a: Swampert
|inactive|SlamonBBQ has 210 seconds left.
|
|t:|1729377854
|switch|p2a: Regice|Regice|96/100
|
|-heal|p1a: Blaziken|97/100|[from] item: Leftovers
|-heal|p2a: Regice|100/100|[from] item: Leftovers
|upkeep
|turn|12
|
|t:|1729377867
|move|p1a: Blaziken|Brick Break|p2a: Regice
|-supereffective|p2a: Regice
|-damage|p2a: Regice|38/100
|move|p2a: Regice|Explosion|p1a: Blaziken
|-damage|p1a: Blaziken|0 fnt
|faint|p2a: Regice
|faint|p1a: Blaziken
|inactive|SlamonBBQ has 180 seconds left.
|
|t:|1729377910
|switch|p1a: Jolteon|Jolteon, M|100/100
|switch|p2a: Blissey|Blissey, F|100/100
|
|upkeep
|turn|13
|inactive|HexMoonie has 270 seconds left.
|
|t:|1729377933
|switch|p1a: Skarmory|Skarmory, F|75/100
|move|p2a: Blissey|Flamethrower|p1a: Skarmory
|-supereffective|p1a: Skarmory
|-damage|p1a: Skarmory|35/100
|
|-heal|p1a: Skarmory|41/100|[from] item: Leftovers
|upkeep
|turn|14
|
|t:|1729377941
|switch|p2a: Starmie|Starmie|100/100
|move|p1a: Skarmory|Protect||[still]
|-fail|p1a: Skarmory
|
|-heal|p1a: Skarmory|47/100|[from] item: Leftovers
|upkeep
|turn|15
|
|t:|1729377957
|move|p1a: Skarmory|Protect|p1a: Skarmory
|-singleturn|p1a: Skarmory|Protect
|move|p2a: Starmie|Ice Beam|p1a: Skarmory
|-activate|p1a: Skarmory|Protect
|
|-heal|p1a: Skarmory|53/100|[from] item: Leftovers
|upkeep
|turn|16
|inactive|HexMoonie has 270 seconds left.
|inactive|SlamonBBQ has 150 seconds left.
|
|t:|1729377994
|move|p2a: Starmie|Ice Beam|p1a: Skarmory
|-damage|p1a: Skarmory|29/100
|move|p1a: Skarmory|Spikes|p2a: Starmie
|-sidestart|p2: SlamonBBQ|Spikes
|
|-heal|p1a: Skarmory|35/100|[from] item: Leftovers
|upkeep
|turn|17
|
|t:|1729378000
|move|p1a: Skarmory|Protect|p1a: Skarmory
|-singleturn|p1a: Skarmory|Protect
|move|p2a: Starmie|Thunderbolt|p1a: Skarmory
|-activate|p1a: Skarmory|Protect
|
|-heal|p1a: Skarmory|41/100|[from] item: Leftovers
|upkeep
|turn|18
|
|t:|1729378012
|switch|p1a: Jolteon|Jolteon, M|100/100
|move|p2a: Starmie|Ice Beam|p1a: Jolteon
|-damage|p1a: Jolteon|67/100
|
|upkeep
|turn|19
|inactive|HexMoonie has 270 seconds left.
|inactive|SlamonBBQ has 150 seconds left.
|
|t:|1729378047
|switch|p2a: Forretress|Forretress, F|100/100
|-damage|p2a: Forretress|88/100|[from] Spikes
|move|p1a: Jolteon|Thunderbolt|p2a: Forretress
|-damage|p2a: Forretress|48/100
|
|-heal|p2a: Forretress|54/100|[from] item: Leftovers
|upkeep
|turn|20
|inactive|SlamonBBQ has 150 seconds left.
|
|t:|1729378071
|switch|p1a: Starmie|Starmie|100/100
|move|p2a: Forretress|Spikes|p1a: Starmie
|-sidestart|p1: HexMoonie|Spikes
|
|-heal|p2a: Forretress|60/100|[from] item: Leftovers
|upkeep
|turn|21
|
|t:|1729378087
|move|p1a: Starmie|Hydro Pump|p2a: Forretress
|-damage|p2a: Forretress|13/100
|move|p2a: Forretress|Rapid Spin|p1a: Starmie
|-damage|p1a: Starmie|95/100
|-sideend|p2: SlamonBBQ|Spikes|[from] move: Rapid Spin|[of] p2a: Forretress
|
|-heal|p1a: Starmie|100/100|[from] item: Leftovers
|-heal|p2a: Forretress|19/100|[from] item: Leftovers
|upkeep
|turn|22
|
|t:|1729378096
|move|p1a: Starmie|Thunderbolt|p2a: Forretress
|-damage|p2a: Forretress|0 fnt
|faint|p2a: Forretress
|inactive|SlamonBBQ has 120 seconds left.
|inactive|SlamonBBQ has 90 seconds left.
|
|t:|1729378152
|switch|p2a: Gengar|Gengar, M|100/100
|
|upkeep
|turn|23
|inactive|HexMoonie has 270 seconds left.
|inactive|SlamonBBQ has 90 seconds left.
|
|t:|1729378167
|move|p1a: Starmie|Thunder Wave|p2a: Gengar
|-status|p2a: Gengar|par
|move|p2a: Gengar|Explosion|p1a: Starmie
|-damage|p1a: Starmie|0 fnt
|faint|p2a: Gengar
|faint|p1a: Starmie
|inactive|HexMoonie has 270 seconds left.
|inactive|SlamonBBQ has 90 seconds left.
|
|t:|1729378179
|switch|p1a: Jolteon|Jolteon, M|67/100
|switch|p2a: Starmie|Starmie|100/100
|-damage|p1a: Jolteon|54/100|[from] Spikes
|
|upkeep
|turn|24
|inactive|HexMoonie has 270 seconds left.
|
|t:|1729378188
|switch|p2a: Blissey|Blissey, F|100/100
|move|p1a: Jolteon|Thunderbolt|p2a: Blissey
|-damage|p2a: Blissey|82/100
|
|-heal|p2a: Blissey|88/100|[from] item: Leftovers
|upkeep
|turn|25
|
|t:|1729378195
|switch|p1a: Claydol|Claydol|100/100
|move|p2a: Blissey|Flamethrower|p1a: Claydol
|-damage|p1a: Claydol|78/100
|
|-heal|p1a: Claydol|84/100|[from] item: Leftovers
|-heal|p2a: Blissey|94/100|[from] item: Leftovers
|upkeep
|turn|26
|
|t:|1729378203
|switch|p2a: Starmie|Starmie|100/100
|move|p1a: Claydol|Rapid Spin|p2a: Starmie
|-damage|p2a: Starmie|94/100
|-sideend|p1: HexMoonie|Spikes|[from] move: Rapid Spin|[of] p1a: Claydol
|
|-heal|p2a: Starmie|99/100|[from] item: Leftovers
|-heal|p1a: Claydol|90/100|[from] item: Leftovers
|upkeep
|turn|27
|inactive|HexMoonie has 270 seconds left.
|
|t:|1729378238
|switch|p1a: Skarmory|Skarmory, F|41/100
|move|p2a: Starmie|Ice Beam|p1a: Skarmory
|-damage|p1a: Skarmory|16/100
|
|-heal|p2a: Starmie|100/100|[from] item: Leftovers
|-heal|p1a: Skarmory|22/100|[from] item: Leftovers
|upkeep
|turn|28
|
|t:|1729378243
|move|p1a: Skarmory|Protect|p1a: Skarmory
|-singleturn|p1a: Skarmory|Protect
|move|p2a: Starmie|Surf|p1a: Skarmory
|-activate|p1a: Skarmory|Protect
|
|-heal|p1a: Skarmory|28/100|[from] item: Leftovers
|upkeep
|turn|29
|inactive|SlamonBBQ has 120 seconds left.
|
|t:|1729378252
|move|p2a: Starmie|Surf|p1a: Skarmory
|-damage|p1a: Skarmory|0 fnt
|faint|p1a: Skarmory
|
|t:|1729378258
|switch|p1a: Jolteon|Jolteon, M|54/100
|
|upkeep
|turn|30
|
|t:|1729378265
|switch|p2a: Blissey|Blissey, F|94/100
|move|p1a: Jolteon|Thunder Wave|p2a: Blissey
|-status|p2a: Blissey|par
|
|-heal|p2a: Blissey|100/100 par|[from] item: Leftovers
|upkeep
|turn|31
|
|t:|1729378293
|switch|p1a: Claydol|Claydol|90/100
|-curestatus|p2a: Blissey|par|[from] ability: Natural Cure
|switch|p2a: Starmie|Starmie|100/100
|
|-heal|p1a: Claydol|96/100|[from] item: Leftovers
|upkeep
|turn|32
|inactive|HexMoonie has 270 seconds left.
|inactive|SlamonBBQ has 120 seconds left.
|
|t:|1729378322
|switch|p1a: Jolteon|Jolteon, M|54/100
|move|p2a: Starmie|Ice Beam|p1a: Jolteon
|-damage|p1a: Jolteon|20/100
|
|upkeep
|turn|33
|
|t:|1729378330
|switch|p2a: Blissey|Blissey, F|100/100
|move|p1a: Jolteon|Thunderbolt|p2a: Blissey
|-damage|p2a: Blissey|83/100
|
|-heal|p2a: Blissey|90/100|[from] item: Leftovers
|upkeep
|turn|34
|inactive|HexMoonie has 270 seconds left.
|
|t:|1729378343
|move|p1a: Jolteon|Thunder Wave|p2a: Blissey
|-status|p2a: Blissey|par
|move|p2a: Blissey|Flamethrower|p1a: Jolteon
|-damage|p1a: Jolteon|0 fnt
|faint|p1a: Jolteon
|
|t:|1729378347
|switch|p1a: Celebi|Celebi|61/100
|
|-heal|p1a: Celebi|67/100|[from] item: Leftovers
|-heal|p2a: Blissey|96/100 par|[from] item: Leftovers
|upkeep
|turn|35
|
|t:|1729378357
|move|p1a: Celebi|Calm Mind|p1a: Celebi
|-boost|p1a: Celebi|spa|1
|-boost|p1a: Celebi|spd|1
|move|p2a: Blissey|Aromatherapy|p2a: Blissey
|-cureteam|p2a: Blissey|[from] move: Aromatherapy
|
|-heal|p1a: Celebi|73/100|[from] item: Leftovers
|-heal|p2a: Blissey|100/100|[from] item: Leftovers
|upkeep
|turn|36
|
|t:|1729378364
|move|p1a: Celebi|Calm Mind|p1a: Celebi
|-boost|p1a: Celebi|spa|1
|-boost|p1a: Celebi|spd|1
|move|p2a: Blissey|Toxic|p1a: Celebi
|-status|p1a: Celebi|tox
|
|-heal|p1a: Celebi|79/100 tox|[from] item: Leftovers
|-damage|p1a: Celebi|73/100 tox|[from] psn
|upkeep
|turn|37
|inactive|SlamonBBQ has 150 seconds left.
|
|t:|1729378398
|move|p1a: Celebi|Calm Mind|p1a: Celebi
|-boost|p1a: Celebi|spa|1
|-boost|p1a: Celebi|spd|1
|move|p2a: Blissey|Soft-Boiled||[still]
|-fail|p2a: Blissey|heal
|
|-heal|p1a: Celebi|79/100 tox|[from] item: Leftovers
|-damage|p1a: Celebi|67/100 tox|[from] psn
|upkeep
|turn|38
|
|t:|1729378408
|move|p1a: Celebi|Giga Drain|p2a: Blissey
|-damage|p2a: Blissey|79/100
|-heal|p1a: Celebi|84/100 tox|[from] drain|[of] p2a: Blissey
|move|p2a: Blissey|Flamethrower|p1a: Celebi
|-supereffective|p1a: Celebi
|-damage|p1a: Celebi|69/100 tox
|
|-heal|p1a: Celebi|75/100 tox|[from] item: Leftovers
|-damage|p1a: Celebi|57/100 tox|[from] psn
|-heal|p2a: Blissey|85/100|[from] item: Leftovers
|upkeep
|turn|39
|
|t:|1729378427
|move|p1a: Celebi|Baton Pass|p1a: Celebi
|
|t:|1729378429
|-curestatus|p1a: Celebi|tox|[from] ability: Natural Cure
|switch|p1a: Claydol|Claydol|96/100|[from] Baton Pass
|move|p2a: Blissey|Flamethrower|p1a: Claydol
|-damage|p1a: Claydol|88/100
|
|-heal|p1a: Claydol|94/100|[from] item: Leftovers
|-heal|p2a: Blissey|91/100|[from] item: Leftovers
|upkeep
|turn|40
|
|t:|1729378455
|move|p1a: Claydol|Earthquake|p2a: Blissey
|-damage|p2a: Blissey|55/100
|move|p2a: Blissey|Toxic|p1a: Claydol
|-status|p1a: Claydol|tox
|
|-heal|p1a: Claydol|99/100 tox|[from] item: Leftovers
|-damage|p1a: Claydol|94/100 tox|[from] psn
|-heal|p2a: Blissey|62/100|[from] item: Leftovers
|upkeep
|turn|41
|
|t:|1729378465
|switch|p2a: Starmie|Starmie|100/100
|move|p1a: Claydol|Explosion|p2a: Starmie
|-damage|p2a: Starmie|0 fnt
|faint|p1a: Claydol
|faint|p2a: Starmie
|
|t:|1729378469
|switch|p2a: Blissey|Blissey, F|62/100
|switch|p1a: Celebi|Celebi|57/100
|
|-heal|p1a: Celebi|63/100|[from] item: Leftovers
|-heal|p2a: Blissey|68/100|[from] item: Leftovers
|upkeep
|turn|42
|
|t:|1729378481
|move|p1a: Celebi|Calm Mind|p1a: Celebi
|-boost|p1a: Celebi|spa|1
|-boost|p1a: Celebi|spd|1
|move|p2a: Blissey|Toxic|p1a: Celebi
|-status|p1a: Celebi|tox
|
|-heal|p1a: Celebi|69/100 tox|[from] item: Leftovers
|-damage|p1a: Celebi|63/100 tox|[from] psn
|-heal|p2a: Blissey|74/100|[from] item: Leftovers
|upkeep
|turn|43
|
|t:|1729378484
|move|p1a: Celebi|Calm Mind|p1a: Celebi
|-boost|p1a: Celebi|spa|1
|-boost|p1a: Celebi|spd|1
|move|p2a: Blissey|Flamethrower|p1a: Celebi
|-supereffective|p1a: Celebi
|-damage|p1a: Celebi|45/100 tox
|
|-heal|p1a: Celebi|51/100 tox|[from] item: Leftovers
|-damage|p1a: Celebi|39/100 tox|[from] psn
|-heal|p2a: Blissey|80/100|[from] item: Leftovers
|upkeep
|turn|44
|c|☆HexMoonie|gg
|c|☆SlamonBBQ|gg
|
|t:|1729378495
|move|p1a: Celebi|Calm Mind|p1a: Celebi
|-boost|p1a: Celebi|spa|1
|-boost|p1a: Celebi|spd|1
|move|p2a: Blissey|Soft-Boiled|p2a: Blissey
|-heal|p2a: Blissey|100/100
|
|-heal|p1a: Celebi|45/100 tox|[from] item: Leftovers
|-damage|p1a: Celebi|26/100 tox|[from] psn
|upkeep
|turn|45
|c|☆SlamonBBQ|nailbiter
|
|t:|1729378500
|move|p1a: Celebi|Giga Drain|p2a: Blissey
|-damage|p2a: Blissey|78/100
|-heal|p1a: Celebi|45/100 tox|[from] drain|[of] p2a: Blissey
|move|p2a: Blissey|Flamethrower|p1a: Celebi
|-supereffective|p1a: Celebi
|-damage|p1a: Celebi|28/100 tox
|
|-heal|p1a: Celebi|35/100 tox|[from] item: Leftovers
|-damage|p1a: Celebi|10/100 tox|[from] psn
|-heal|p2a: Blissey|84/100|[from] item: Leftovers
|upkeep
|turn|46
|
|t:|1729378512
|move|p1a: Celebi|Giga Drain|p2a: Blissey
|-damage|p2a: Blissey|60/100
|-heal|p1a: Celebi|29/100 tox|[from] drain|[of] p2a: Blissey
|move|p2a: Blissey|Flamethrower|p1a: Celebi
|-supereffective|p1a: Celebi
|-damage|p1a: Celebi|12/100 tox
|
|-heal|p1a: Celebi|18/100 tox|[from] item: Leftovers
|-damage|p1a: Celebi|0 fnt|[from] psn
|faint|p1a: Celebi
|
|win|SlamonBBQ
|upkeep

</script>
<script type="application/json" class="data" id="replaydata-smogtours-gen3ou-800159">
{"id":"smogtours-gen3ou-800159","format":"[Gen 3] OU","players":["HexMoonie","SlamonBBQ"],"uploadtime":1729378512,"views":122,"formatid":"gen3ou","rating":null,"private":0,"password":null}
</script>

<script defer src="js/replays.js?9d40a366"></script>
