<!DOCTYPE html>
<meta charset="utf-8" />
<meta name="viewport" content="width=device-width" />

<title>[Gen 3] OU: Kvist vs. Yallen - Replays - Pok&eacute;mon Showdown!</title>

<meta name="description" content="Watch a replay of a Pok&eacute;mon battle between Kvist and Yallen! Format: [Gen 3] OU; Date: Oct 19, 2024" />
<!--

Hey, you! Looking in the source for the replay log?

You can find them in JSON format, just add `.json` at the end of a replay URL.

https://replay.pokemonshowdown.com/gen7randomdoublesbattle-865046831.json

Or, if you only need the log itself, add `.log` instead:

https://replay.pokemonshowdown.com/gen7randomdoublesbattle-865046831.log

-->

<link rel="stylesheet" href="//pokemonshowdown.com/style/global.css?0.023195364461161105" />
<link rel="stylesheet" href="//play.pokemonshowdown.com/style/font-awesome.css?0.13261647063804238" />
<link rel="stylesheet" href="//play.pokemonshowdown.com/style/battle.css?0.8753245789963631" />
<link rel="stylesheet" href="//play.pokemonshowdown.com/style/utilichart.css?0.8627959624976733" />

<!-- Global site tag (gtag.js) - Google Analytics -->
<script async src="https://www.googletagmanager.com/gtag/js?id=UA-26211653-1"></script>
<script>
  window.dataLayer = window.dataLayer || [];
  function gtag(){dataLayer.push(arguments);}
  gtag('js', new Date());

  gtag('config', 'UA-26211653-1');
</script>
<!-- End Google Analytics -->
<!-- Venatus Ad Manager - Install in <HEAD> of page -->
	<script src="https://hb.vntsm.com/v3/live/ad-manager.min.js" type="text/javascript" data-site-id="642aba63ec9a7b11c3c9c1be" data-mode="scan" async></script>
<!-- / Venatus Ad Manager -->

<style>
	@media (max-width:820px) {
		.battle {
			margin: 0 auto;
		}
		.battle-log {
			margin: 7px auto 0;
			max-width: 640px;
			height: 300px;
			position: static;
		}
	}
	.optgroup {
		display: inline-block;
		line-height: 22px;
		font-size: 10pt;
	}
	.optgroup .button {
		height: 25px;
		padding-top: 0;
		padding-bottom: 0;
	}
	.optgroup button.button {
		padding-left: 12px;
		padding-right: 12px;
	}
	.linklist {
		list-style: none;
		margin: 0.5em 0;
		padding: 0;
	}
	.linklist li {
		padding: 2px 0;
	}
	.sidebar {
		float: left;
		width: 320px;
	}
	.bar-wrapper {
		max-width: 1100px;
		margin: 0 auto;
	}
	.bar-wrapper.has-sidebar {
		max-width: 1430px;
	}
	.mainbar {
		margin: 0;
		padding-right: 1px;
	}
	.mainbar.has-sidebar {
		margin-left: 330px;
	}
	@media (min-width: 1511px) {
		.sidebar {
			width: 400px;
		}
		.bar-wrapper.has-sidebar {
			max-width: 1510px;
		}
		.mainbar.has-sidebar {
			margin-left: 410px;
		}
	}
	.section.first-section {
		margin-top: 9px;
	}
	.blocklink small {
		white-space: normal;
	}
	.button {
		vertical-align: middle;
	}
	.replay-controls {
		padding-top: 10px;
	}
	.replay-controls h1 {
		font-size: 16pt;
		font-weight: normal;
		color: #CCC;
	}
	.pagelink {
		text-align: center;
	}
	.pagelink a {
		width: 150px;
	}
	.textbox, .button {
		font-size: 11pt;
		vertical-align: middle;
	}
	@media (max-width: 450px) {
		.button {
			font-size: 9pt;
		}
	}
</style>

<div>

	<header>
		<div class="nav-wrapper"><ul class="nav">
			<li><a class="button nav-first" href="//pokemonshowdown.com/"><img src="//pokemonshowdown.com/images/pokemonshowdownbeta.png" srcset="//pokemonshowdown.com/images/pokemonshowdownbeta.png 1x, //pokemonshowdown.com/images/pokemonshowdownbeta@2x.png 2x" alt="Pok&eacute;mon Showdown" width="146" height="44" /> Home</a></li>
			<li><a class="button" href="//pokemonshowdown.com/dex/">Pok&eacute;dex</a></li>
			<li><a class="button cur" href="/">Replays</a></li>
			<li><a class="button" href="//pokemonshowdown.com/ladder/">Ladder</a></li>
			<li><a class="button nav-last" href="//pokemonshowdown.com/forums/">Forum</a></li>
			<li><a class="button greenbutton nav-first nav-last" href="//play.pokemonshowdown.com/">Play</a></li>
		</ul></div>
	</header>

	<div class="main" id="main">

		<noscript><section class="section">You need to enable JavaScript to use this page; sorry!</section></noscript>

	</div>

</div>

<script defer nomodule src="//play.pokemonshowdown.com/js/lib/ps-polyfill.js"></script>
<script defer src="//play.pokemonshowdown.com/js/lib/preact.min.js"></script>

<script defer src="//play.pokemonshowdown.com/config/config.js?2bddbc15"></script>
<script defer src="//play.pokemonshowdown.com/js/lib/jquery-1.11.0.min.js"></script>
<script defer src="//play.pokemonshowdown.com/js/lib/html-sanitizer-minified.js"></script>
<script defer src="//play.pokemonshowdown.com/js/battle-sound.js"></script>
<script defer src="//play.pokemonshowdown.com/js/battledata.js?0.7209276989879541"></script>
<script defer src="//play.pokemonshowdown.com/data/pokedex-mini.js?0.6111056340867951"></script>
<script defer src="//play.pokemonshowdown.com/data/pokedex-mini-bw.js?0.3532142036491459"></script>
<script defer src="//play.pokemonshowdown.com/data/graphics.js?0.24223875632456182"></script>
<script defer src="//play.pokemonshowdown.com/data/pokedex.js?0.38839984266356864"></script>
<script defer src="//play.pokemonshowdown.com/data/moves.js?0.21866028504024015"></script>
<script defer src="//play.pokemonshowdown.com/data/abilities.js?0.2005157953846628"></script>
<script defer src="//play.pokemonshowdown.com/data/items.js?0.9894211263848525"></script>
<script defer src="//play.pokemonshowdown.com/data/teambuilder-tables.js?0.6008791140282215"></script>
<script defer src="//play.pokemonshowdown.com/js/battle-tooltips.js?0.7580118955022959"></script>
<script defer src="//play.pokemonshowdown.com/js/battle.js?0.6057722274234274"></script>

<script defer src="js/utils.js?e31f9a17"></script>
<script defer src="js/replays-battle.js?7008c182"></script>

<!-- don't scrape this data! just add .json or .log after the URL!
Full API docs: https://github.com/smogon/pokemon-showdown-client/blob/master/WEB-API.md -->
<script type="text/plain" class="log" id="replaylog-smogtours-gen3ou-799786">
|inactive|Battle timer is ON: inactive players will automatically lose when time's up.
|t:|1729304215
|gametype|singles
|player|p1|Kvist|silver-gen2|
|player|p2|Yallen|1|
|teamsize|p1|6
|teamsize|p2|6
|gen|3
|tier|[Gen 3] OU
|rule|Sleep Clause Mod: Limit one foe put to sleep
|rule|Switch Priority Clause Mod: Faster Pokémon switch first
|rule|Species Clause: Limit one of each Pokémon
|rule|OHKO Clause: OHKO moves are banned
|rule|Evasion Items Clause: Evasion items are banned
|rule|Evasion Moves Clause: Evasion moves are banned
|rule|Endless Battle Clause: Forcing endless battles is banned
|rule|HP Percentage Mod: HP is shown in percentages
|rule|One Boost Passer Clause: Limit one Baton Passer that has a way to boost its stats
|rule|Freeze Clause Mod: Limit one foe frozen
|
|t:|1729304215
|start
|switch|p1a: Zapdos|Zapdos|100/100
|switch|p2a: Vaporeon|Vaporeon, F|100/100
|turn|1
|c|☆Yallen|gl
|inactive|Kvist has 270 seconds left.
|
|t:|1729304261
|switch|p2a: Raikou|Raikou|100/100
|move|p1a: Zapdos|Thunderbolt|p2a: Raikou
|-resisted|p2a: Raikou
|-damage|p2a: Raikou|74/100
|
|-heal|p2a: Raikou|80/100|[from] item: Leftovers
|upkeep
|turn|2
|
|t:|1729304274
|switch|p1a: Celebi|Celebi|100/100
|move|p2a: Raikou|Substitute|p2a: Raikou
|-start|p2a: Raikou|Substitute
|-damage|p2a: Raikou|55/100
|
|-heal|p2a: Raikou|62/100|[from] item: Leftovers
|upkeep
|turn|3
|
|t:|1729304287
|move|p2a: Raikou|Calm Mind|p2a: Raikou
|-boost|p2a: Raikou|spa|1
|-boost|p2a: Raikou|spd|1
|move|p1a: Celebi|Calm Mind|p1a: Celebi
|-boost|p1a: Celebi|spa|1
|-boost|p1a: Celebi|spd|1
|
|-heal|p2a: Raikou|68/100|[from] item: Leftovers
|upkeep
|turn|4
|
|t:|1729304295
|move|p2a: Raikou|Calm Mind|p2a: Raikou
|-boost|p2a: Raikou|spa|1
|-boost|p2a: Raikou|spd|1
|move|p1a: Celebi|Calm Mind|p1a: Celebi
|-boost|p1a: Celebi|spa|1
|-boost|p1a: Celebi|spd|1
|
|-heal|p2a: Raikou|74/100|[from] item: Leftovers
|upkeep
|turn|5
|
|t:|1729304308
|move|p2a: Raikou|Calm Mind|p2a: Raikou
|-boost|p2a: Raikou|spa|1
|-boost|p2a: Raikou|spd|1
|move|p1a: Celebi|Calm Mind|p1a: Celebi
|-boost|p1a: Celebi|spa|1
|-boost|p1a: Celebi|spd|1
|
|-heal|p2a: Raikou|80/100|[from] item: Leftovers
|upkeep
|turn|6
|
|t:|1729304315
|move|p2a: Raikou|Calm Mind|p2a: Raikou
|-boost|p2a: Raikou|spa|1
|-boost|p2a: Raikou|spd|1
|move|p1a: Celebi|Giga Drain|p2a: Raikou
|-activate|p2a: Raikou|Substitute|[damage]
|
|-heal|p2a: Raikou|86/100|[from] item: Leftovers
|upkeep
|turn|7
|
|t:|1729304323
|move|p2a: Raikou|Calm Mind|p2a: Raikou
|-boost|p2a: Raikou|spa|1
|-boost|p2a: Raikou|spd|1
|move|p1a: Celebi|Calm Mind|p1a: Celebi
|-boost|p1a: Celebi|spa|1
|-boost|p1a: Celebi|spd|1
|
|-heal|p2a: Raikou|93/100|[from] item: Leftovers
|upkeep
|turn|8
|
|t:|1729304334
|move|p2a: Raikou|Thunderbolt|p1a: Celebi
|-resisted|p1a: Celebi
|-damage|p1a: Celebi|77/100
|-status|p1a: Celebi|par
|move|p1a: Celebi|Calm Mind|p1a: Celebi
|-boost|p1a: Celebi|spa|1
|-boost|p1a: Celebi|spd|1
|
|-heal|p2a: Raikou|99/100|[from] item: Leftovers
|-heal|p1a: Celebi|83/100 par|[from] item: Leftovers
|upkeep
|turn|9
|
|t:|1729304344
|move|p2a: Raikou|Calm Mind|p2a: Raikou
|-boost|p2a: Raikou|spa|1
|-boost|p2a: Raikou|spd|1
|move|p1a: Celebi|Calm Mind|p1a: Celebi
|-boost|p1a: Celebi|spa|1
|-boost|p1a: Celebi|spd|1
|
|-heal|p2a: Raikou|100/100|[from] item: Leftovers
|-heal|p1a: Celebi|90/100 par|[from] item: Leftovers
|upkeep
|turn|10
|
|t:|1729304355
|move|p2a: Raikou|Thunderbolt|p1a: Celebi
|-resisted|p1a: Celebi
|-damage|p1a: Celebi|70/100 par
|move|p1a: Celebi|Baton Pass|p1a: Celebi
|c|☆Yallen|war
|
|t:|1729304373
|-curestatus|p1a: Celebi|par|[from] ability: Natural Cure
|switch|p1a: Metagross|Metagross, shiny|100/100|[from] Baton Pass
|
|upkeep
|turn|11
|
|t:|1729304381
|move|p2a: Raikou|Thunderbolt|p1a: Metagross
|-damage|p1a: Metagross|54/100
|move|p1a: Metagross|Psychic|p2a: Raikou
|-end|p2a: Raikou|Substitute
|
|-heal|p1a: Metagross|60/100|[from] item: Leftovers
|upkeep
|turn|12
|
|t:|1729304393
|move|p2a: Raikou|Thunderbolt|p1a: Metagross
|-damage|p1a: Metagross|14/100
|move|p1a: Metagross|Explosion|p2a: Raikou
|-damage|p2a: Raikou|0 fnt
|faint|p1a: Metagross
|faint|p2a: Raikou
|c|☆Yallen|my heart
|inactive|Yallen has 270 seconds left.
|c|☆Kvist|hah
|c|☆Kvist|I was so scared of a crit
|
|t:|1729304436
|switch|p2a: Porygon2|Porygon2|100/100
|switch|p1a: Zapdos|Zapdos|100/100
|-ability|p2a: Porygon2|Pressure|[from] ability: Trace|[of] p1a: Zapdos
|
|upkeep
|turn|13
|
|t:|1729304461
|move|p1a: Zapdos|Substitute|p1a: Zapdos
|-start|p1a: Zapdos|Substitute
|-damage|p1a: Zapdos|76/100
|move|p2a: Porygon2|Thunder Wave||[still]
|-fail|p2a: Porygon2
|
|-heal|p1a: Zapdos|82/100|[from] item: Leftovers
|upkeep
|turn|14
|inactive|Yallen has 270 seconds left.
|
|t:|1729304472
|move|p1a: Zapdos|Baton Pass|p1a: Zapdos
|
|t:|1729304479
|switch|p1a: Suicune|Suicune, shiny|100/100|[from] Baton Pass
|move|p2a: Porygon2|Ice Beam|p1a: Suicune
|-resisted|p1a: Suicune
|-activate|p1a: Suicune|Substitute|[damage]
|
|upkeep
|turn|15
|inactive|Kvist has 270 seconds left.
|
|t:|1729304505
|switch|p1a: Zapdos|Zapdos|82/100
|switch|p2a: Vaporeon|Vaporeon, F|100/100
|
|-heal|p1a: Zapdos|88/100|[from] item: Leftovers
|upkeep
|turn|16
|inactive|Yallen has 270 seconds left.
|
|t:|1729304536
|switch|p2a: Porygon2|Porygon2|100/100
|-ability|p2a: Porygon2|Pressure|[from] ability: Trace|[of] p1a: Zapdos
|move|p1a: Zapdos|Thunderbolt|p2a: Porygon2
|-damage|p2a: Porygon2|46/100
|
|-heal|p1a: Zapdos|94/100|[from] item: Leftovers
|-heal|p2a: Porygon2|52/100|[from] item: Leftovers
|upkeep
|turn|17
|inactive|Yallen has 240 seconds left.
|
|t:|1729304571
|switch|p2a: Celebi|Celebi|100/100
|move|p1a: Zapdos|Thunderbolt|p2a: Celebi
|-resisted|p2a: Celebi
|-damage|p2a: Celebi|78/100
|
|-heal|p2a: Celebi|84/100|[from] item: Leftovers
|-heal|p1a: Zapdos|100/100|[from] item: Leftovers
|upkeep
|turn|18
|inactive|Yallen has 240 seconds left.
|
|t:|1729304585
|move|p2a: Celebi|Calm Mind|p2a: Celebi
|-boost|p2a: Celebi|spa|1
|-boost|p2a: Celebi|spd|1
|move|p1a: Zapdos|Substitute|p1a: Zapdos
|-start|p1a: Zapdos|Substitute
|-damage|p1a: Zapdos|76/100
|
|-heal|p2a: Celebi|90/100|[from] item: Leftovers
|-heal|p1a: Zapdos|82/100|[from] item: Leftovers
|upkeep
|turn|19
|inactive|Yallen has 240 seconds left.
|
|t:|1729304595
|move|p2a: Celebi|Calm Mind|p2a: Celebi
|-boost|p2a: Celebi|spa|1
|-boost|p2a: Celebi|spd|1
|move|p1a: Zapdos|Baton Pass|p1a: Zapdos
|inactive|Kvist has 270 seconds left.
|
|t:|1729304617
|switch|p1a: Dugtrio|Dugtrio, M|100/100|[from] Baton Pass
|
|-heal|p2a: Celebi|97/100|[from] item: Leftovers
|upkeep
|turn|20
|
|t:|1729304630
|move|p1a: Dugtrio|Hidden Power|p2a: Celebi
|-supereffective|p2a: Celebi
|-damage|p2a: Celebi|13/100
|move|p2a: Celebi|Giga Drain|p1a: Dugtrio
|-supereffective|p1a: Dugtrio
|-end|p1a: Dugtrio|Substitute
|-heal|p2a: Celebi|23/100|[from] drain|[of] p1a: Dugtrio
|
|-heal|p2a: Celebi|29/100|[from] item: Leftovers
|upkeep
|turn|21
|inactive|Yallen has 240 seconds left.
|
|t:|1729304648
|move|p1a: Dugtrio|Hidden Power|p2a: Celebi
|-supereffective|p2a: Celebi
|-damage|p2a: Celebi|0 fnt
|faint|p2a: Celebi
|inactive|Yallen has 240 seconds left.
|
|t:|1729304654
|switch|p2a: Porygon2|Porygon2|52/100
|-ability|p2a: Porygon2|Arena Trap|[from] ability: Trace|[of] p1a: Dugtrio
|
|-heal|p2a: Porygon2|58/100|[from] item: Leftovers
|upkeep
|turn|22
|inactive|Yallen has 240 seconds left.
|
|t:|1729304667
|move|p1a: Dugtrio|Hidden Power|p2a: Porygon2
|-damage|p2a: Porygon2|38/100
|move|p2a: Porygon2|Recover|p2a: Porygon2
|-heal|p2a: Porygon2|88/100
|
|-heal|p2a: Porygon2|94/100|[from] item: Leftovers
|upkeep
|turn|23
|inactive|Yallen has 240 seconds left.
|
|t:|1729304680
|move|p1a: Dugtrio|Hidden Power|p2a: Porygon2
|-damage|p2a: Porygon2|73/100
|move|p2a: Porygon2|Recover|p2a: Porygon2
|-heal|p2a: Porygon2|100/100
|
|upkeep
|turn|24
|
|t:|1729304687
|move|p1a: Dugtrio|Hidden Power|p2a: Porygon2
|-damage|p2a: Porygon2|82/100
|move|p2a: Porygon2|Ice Beam|p1a: Dugtrio
|-supereffective|p1a: Dugtrio
|-damage|p1a: Dugtrio|0 fnt
|faint|p1a: Dugtrio
|
|t:|1729304698
|switch|p1a: Zapdos|Zapdos|82/100
|
|-heal|p1a: Zapdos|88/100|[from] item: Leftovers
|-heal|p2a: Porygon2|88/100|[from] item: Leftovers
|upkeep
|turn|25
|
|t:|1729304705
|move|p1a: Zapdos|Thunderbolt|p2a: Porygon2
|-damage|p2a: Porygon2|34/100
|move|p2a: Porygon2|Ice Beam|p1a: Zapdos
|-supereffective|p1a: Zapdos
|-damage|p1a: Zapdos|33/100
|
|-heal|p1a: Zapdos|40/100|[from] item: Leftovers
|-heal|p2a: Porygon2|40/100|[from] item: Leftovers
|upkeep
|turn|26
|
|t:|1729304727
|switch|p2a: Jirachi|Jirachi|100/100
|move|p1a: Zapdos|Thunderbolt|p2a: Jirachi
|-crit|p2a: Jirachi
|-damage|p2a: Jirachi|0 fnt
|faint|p2a: Jirachi
|c|☆Kvist|damn
|c|☆Kvist|sorry
|inactive|Yallen has 240 seconds left.
|c|☆Yallen|that critic
|
|t:|1729304755
|switch|p2a: Zapdos|Zapdos|100/100
|
|-heal|p1a: Zapdos|46/100|[from] item: Leftovers
|upkeep
|turn|27
|
|t:|1729304769
|move|p1a: Zapdos|Thunderbolt|p2a: Zapdos
|-damage|p2a: Zapdos|39/100
|move|p2a: Zapdos|Thunderbolt|p1a: Zapdos
|-damage|p1a: Zapdos|0 fnt
|faint|p1a: Zapdos
|
|t:|1729304777
|switch|p1a: Kingdra|Kingdra, F|100/100
|
|-heal|p2a: Zapdos|45/100|[from] item: Leftovers
|upkeep
|turn|28
|
|t:|1729304800
|switch|p2a: Vaporeon|Vaporeon, F|100/100
|move|p1a: Kingdra|Rain Dance|p1a: Kingdra
|-weather|RainDance
|
|-weather|RainDance|[upkeep]
|upkeep
|turn|29
|
|t:|1729304810
|move|p1a: Kingdra|Hidden Power|p2a: Vaporeon
|-supereffective|p2a: Vaporeon
|-damage|p2a: Vaporeon|62/100
|move|p2a: Vaporeon|Substitute|p2a: Vaporeon
|-start|p2a: Vaporeon|Substitute
|-damage|p2a: Vaporeon|37/100
|
|-weather|RainDance|[upkeep]
|-heal|p2a: Vaporeon|43/100|[from] item: Leftovers
|upkeep
|turn|30
|
|t:|1729304831
|move|p1a: Kingdra|Hidden Power|p2a: Vaporeon
|-supereffective|p2a: Vaporeon
|-end|p2a: Vaporeon|Substitute
|move|p2a: Vaporeon|Ice Beam|p1a: Kingdra
|-damage|p1a: Kingdra|66/100
|
|-weather|RainDance|[upkeep]
|-heal|p2a: Vaporeon|49/100|[from] item: Leftovers
|upkeep
|turn|31
|inactive|Yallen has 210 seconds left.
|
|t:|1729304856
|switch|p2a: Zapdos|Zapdos|45/100
|move|p1a: Kingdra|Hidden Power|p2a: Zapdos
|-damage|p2a: Zapdos|22/100
|
|-weather|RainDance|[upkeep]
|-heal|p2a: Zapdos|28/100|[from] item: Leftovers
|upkeep
|turn|32
|inactive|Yallen has 210 seconds left.
|
|t:|1729304888
|switch|p2a: Porygon2|Porygon2|40/100
|-ability|p2a: Porygon2|Swift Swim|[from] ability: Trace|[of] p1a: Kingdra
|move|p1a: Kingdra|Ice Beam|p2a: Porygon2
|-damage|p2a: Porygon2|13/100
|
|-weather|none
|-heal|p2a: Porygon2|19/100|[from] item: Leftovers
|upkeep
|turn|33
|inactive|Yallen has 180 seconds left.
|c|☆Yallen|gg
|
|t:|1729304908
|move|p1a: Kingdra|Ice Beam|p2a: Porygon2
|-damage|p2a: Porygon2|0 fnt
|faint|p2a: Porygon2
|inactive|Yallen has 180 seconds left.
|
|t:|1729304914
|switch|p2a: Vaporeon|Vaporeon, F|49/100
|
|-heal|p2a: Vaporeon|55/100|[from] item: Leftovers
|upkeep
|turn|34
|c|☆Kvist|gg
|inactive|Yallen has 180 seconds left.
|
|t:|1729304926
|move|p2a: Vaporeon|Ice Beam|p1a: Kingdra
|-damage|p1a: Kingdra|31/100
|move|p1a: Kingdra|Rain Dance|p1a: Kingdra
|-weather|RainDance
|
|-weather|RainDance|[upkeep]
|-heal|p2a: Vaporeon|61/100|[from] item: Leftovers
|upkeep
|turn|35
|
|t:|1729304934
|move|p1a: Kingdra|Hidden Power|p2a: Vaporeon
|-supereffective|p2a: Vaporeon
|-damage|p2a: Vaporeon|22/100
|move|p2a: Vaporeon|Ice Beam|p1a: Kingdra
|-damage|p1a: Kingdra|0 fnt
|faint|p1a: Kingdra
|
|t:|1729304939
|switch|p1a: Celebi|Celebi|70/100
|
|-weather|RainDance|[upkeep]
|-heal|p1a: Celebi|76/100|[from] item: Leftovers
|-heal|p2a: Vaporeon|28/100|[from] item: Leftovers
|upkeep
|turn|36
|
|t:|1729304954
|move|p1a: Celebi|Giga Drain|p2a: Vaporeon
|-supereffective|p2a: Vaporeon
|-damage|p2a: Vaporeon|0 fnt
|-heal|p1a: Celebi|90/100|[from] drain|[of] p2a: Vaporeon
|faint|p2a: Vaporeon
|
|t:|1729304958
|switch|p2a: Zapdos|Zapdos|28/100
|
|-weather|RainDance|[upkeep]
|-heal|p1a: Celebi|96/100|[from] item: Leftovers
|-heal|p2a: Zapdos|34/100|[from] item: Leftovers
|upkeep
|turn|37
|
|t:|1729304965
|move|p1a: Celebi|Calm Mind|p1a: Celebi
|-boost|p1a: Celebi|spa|1
|-boost|p1a: Celebi|spd|1
|move|p2a: Zapdos|Thunderbolt|p1a: Celebi
|-resisted|p1a: Celebi
|-damage|p1a: Celebi|80/100
|
|-weather|RainDance|[upkeep]
|-heal|p1a: Celebi|86/100|[from] item: Leftovers
|-heal|p2a: Zapdos|40/100|[from] item: Leftovers
|upkeep
|turn|38
|
|t:|1729304975
|move|p1a: Celebi|Giga Drain|p2a: Zapdos
|-resisted|p2a: Zapdos
|-damage|p2a: Zapdos|23/100
|-heal|p1a: Celebi|93/100|[from] drain|[of] p2a: Zapdos
|move|p2a: Zapdos|Thunderbolt|p1a: Celebi
|-resisted|p1a: Celebi
|-crit|p1a: Celebi
|-damage|p1a: Celebi|45/100
|
|-weather|none
|-heal|p1a: Celebi|51/100|[from] item: Leftovers
|-heal|p2a: Zapdos|30/100|[from] item: Leftovers
|upkeep
|turn|39
|
|t:|1729304990
|move|p1a: Celebi|Calm Mind|p1a: Celebi
|-boost|p1a: Celebi|spa|1
|-boost|p1a: Celebi|spd|1
|move|p2a: Zapdos|Toxic|p1a: Celebi
|-status|p1a: Celebi|tox
|
|-heal|p1a: Celebi|58/100 tox|[from] item: Leftovers
|-damage|p1a: Celebi|51/100 tox|[from] psn
|-heal|p2a: Zapdos|36/100|[from] item: Leftovers
|upkeep
|turn|40
|
|t:|1729305003
|move|p1a: Celebi|Hidden Power|p2a: Zapdos
|-damage|p2a: Zapdos|0 fnt
|faint|p2a: Zapdos
|
|win|Kvist
|c|☆Yallen|gg
|c|☆Kvist|gg
|player|p2|

</script>
<script type="application/json" class="data" id="replaydata-smogtours-gen3ou-799786">
{"id":"smogtours-gen3ou-799786","format":"[Gen 3] OU","players":["Kvist","Yallen"],"uploadtime":1729305003,"views":87,"formatid":"gen3ou","rating":null,"private":0,"password":null}
</script>

<script defer src="js/replays.js?9d40a366"></script>
