<!DOCTYPE html>
<meta charset="utf-8" />
<meta name="viewport" content="width=device-width" />

<title>[Gen 3] OU: Aobera vs. Larkindred - Replays - Pok&eacute;mon Showdown!</title>

<meta name="description" content="Watch a replay of a Pok&eacute;mon battle between Aobera and Larkindred! Format: [Gen 3] OU; Date: Oct 4, 2024" />
<!--

Hey, you! Looking in the source for the replay log?

You can find them in JSON format, just add `.json` at the end of a replay URL.

https://replay.pokemonshowdown.com/gen7randomdoublesbattle-865046831.json

Or, if you only need the log itself, add `.log` instead:

https://replay.pokemonshowdown.com/gen7randomdoublesbattle-865046831.log

-->

<link rel="stylesheet" href="//pokemonshowdown.com/style/global.css?0.023195364461161105" />
<link rel="stylesheet" href="//play.pokemonshowdown.com/style/font-awesome.css?0.13261647063804238" />
<link rel="stylesheet" href="//play.pokemonshowdown.com/style/battle.css?0.8753245789963631" />
<link rel="stylesheet" href="//play.pokemonshowdown.com/style/utilichart.css?0.8627959624976733" />

<!-- Global site tag (gtag.js) - Google Analytics -->
<script async src="https://www.googletagmanager.com/gtag/js?id=UA-26211653-1"></script>
<script>
  window.dataLayer = window.dataLayer || [];
  function gtag(){dataLayer.push(arguments);}
  gtag('js', new Date());

  gtag('config', 'UA-26211653-1');
</script>
<!-- End Google Analytics -->
<!-- Venatus Ad Manager - Install in <HEAD> of page -->
	<script src="https://hb.vntsm.com/v3/live/ad-manager.min.js" type="text/javascript" data-site-id="642aba63ec9a7b11c3c9c1be" data-mode="scan" async></script>
<!-- / Venatus Ad Manager -->

<style>
	@media (max-width:820px) {
		.battle {
			margin: 0 auto;
		}
		.battle-log {
			margin: 7px auto 0;
			max-width: 640px;
			height: 300px;
			position: static;
		}
	}
	.optgroup {
		display: inline-block;
		line-height: 22px;
		font-size: 10pt;
	}
	.optgroup .button {
		height: 25px;
		padding-top: 0;
		padding-bottom: 0;
	}
	.optgroup button.button {
		padding-left: 12px;
		padding-right: 12px;
	}
	.linklist {
		list-style: none;
		margin: 0.5em 0;
		padding: 0;
	}
	.linklist li {
		padding: 2px 0;
	}
	.sidebar {
		float: left;
		width: 320px;
	}
	.bar-wrapper {
		max-width: 1100px;
		margin: 0 auto;
	}
	.bar-wrapper.has-sidebar {
		max-width: 1430px;
	}
	.mainbar {
		margin: 0;
		padding-right: 1px;
	}
	.mainbar.has-sidebar {
		margin-left: 330px;
	}
	@media (min-width: 1511px) {
		.sidebar {
			width: 400px;
		}
		.bar-wrapper.has-sidebar {
			max-width: 1510px;
		}
		.mainbar.has-sidebar {
			margin-left: 410px;
		}
	}
	.section.first-section {
		margin-top: 9px;
	}
	.blocklink small {
		white-space: normal;
	}
	.button {
		vertical-align: middle;
	}
	.replay-controls {
		padding-top: 10px;
	}
	.replay-controls h1 {
		font-size: 16pt;
		font-weight: normal;
		color: #CCC;
	}
	.pagelink {
		text-align: center;
	}
	.pagelink a {
		width: 150px;
	}
	.textbox, .button {
		font-size: 11pt;
		vertical-align: middle;
	}
	@media (max-width: 450px) {
		.button {
			font-size: 9pt;
		}
	}
</style>

<div>

	<header>
		<div class="nav-wrapper"><ul class="nav">
			<li><a class="button nav-first" href="//pokemonshowdown.com/"><img src="//pokemonshowdown.com/images/pokemonshowdownbeta.png" srcset="//pokemonshowdown.com/images/pokemonshowdownbeta.png 1x, //pokemonshowdown.com/images/pokemonshowdownbeta@2x.png 2x" alt="Pok&eacute;mon Showdown" width="146" height="44" /> Home</a></li>
			<li><a class="button" href="//pokemonshowdown.com/dex/">Pok&eacute;dex</a></li>
			<li><a class="button cur" href="/">Replays</a></li>
			<li><a class="button" href="//pokemonshowdown.com/ladder/">Ladder</a></li>
			<li><a class="button nav-last" href="//pokemonshowdown.com/forums/">Forum</a></li>
			<li><a class="button greenbutton nav-first nav-last" href="//play.pokemonshowdown.com/">Play</a></li>
		</ul></div>
	</header>

	<div class="main" id="main">

		<noscript><section class="section">You need to enable JavaScript to use this page; sorry!</section></noscript>

	</div>

</div>

<script defer nomodule src="//play.pokemonshowdown.com/js/lib/ps-polyfill.js"></script>
<script defer src="//play.pokemonshowdown.com/js/lib/preact.min.js"></script>

<script defer src="//play.pokemonshowdown.com/config/config.js?2bddbc15"></script>
<script defer src="//play.pokemonshowdown.com/js/lib/jquery-1.11.0.min.js"></script>
<script defer src="//play.pokemonshowdown.com/js/lib/html-sanitizer-minified.js"></script>
<script defer src="//play.pokemonshowdown.com/js/battle-sound.js"></script>
<script defer src="//play.pokemonshowdown.com/js/battledata.js?0.7209276989879541"></script>
<script defer src="//play.pokemonshowdown.com/data/pokedex-mini.js?0.6111056340867951"></script>
<script defer src="//play.pokemonshowdown.com/data/pokedex-mini-bw.js?0.3532142036491459"></script>
<script defer src="//play.pokemonshowdown.com/data/graphics.js?0.24223875632456182"></script>
<script defer src="//play.pokemonshowdown.com/data/pokedex.js?0.38839984266356864"></script>
<script defer src="//play.pokemonshowdown.com/data/moves.js?0.21866028504024015"></script>
<script defer src="//play.pokemonshowdown.com/data/abilities.js?0.2005157953846628"></script>
<script defer src="//play.pokemonshowdown.com/data/items.js?0.9894211263848525"></script>
<script defer src="//play.pokemonshowdown.com/data/teambuilder-tables.js?0.6008791140282215"></script>
<script defer src="//play.pokemonshowdown.com/js/battle-tooltips.js?0.7580118955022959"></script>
<script defer src="//play.pokemonshowdown.com/js/battle.js?0.6057722274234274"></script>

<script defer src="js/utils.js?e31f9a17"></script>
<script defer src="js/replays-battle.js?7008c182"></script>

<!-- don't scrape this data! just add .json or .log after the URL!
Full API docs: https://github.com/smogon/pokemon-showdown-client/blob/master/WEB-API.md -->
<script type="text/plain" class="log" id="replaylog-smogtours-gen3ou-794548">
|inactive|Battle timer is ON: inactive players will automatically lose when time's up.
|t:|1728051410
|gametype|singles
|player|p1|Aobera|lady|
|player|p2|Larkindred|iris-gen5bw2|
|teamsize|p1|6
|teamsize|p2|6
|gen|3
|tier|[Gen 3] OU
|rule|Sleep Clause Mod: Limit one foe put to sleep
|rule|Switch Priority Clause Mod: Faster Pokémon switch first
|rule|Species Clause: Limit one of each Pokémon
|rule|OHKO Clause: OHKO moves are banned
|rule|Evasion Items Clause: Evasion items are banned
|rule|Evasion Moves Clause: Evasion moves are banned
|rule|Endless Battle Clause: Forcing endless battles is banned
|rule|HP Percentage Mod: HP is shown in percentages
|rule|One Boost Passer Clause: Limit one Baton Passer that has a way to boost its stats
|rule|Freeze Clause Mod: Limit one foe frozen
|
|t:|1728051410
|start
|switch|p1a: Zapdos|Zapdos|100/100
|switch|p2a: Celebi|Celebi|100/100
|turn|1
|inactive|Aobera also wants the timer to be on.
|c|☆Aobera|glhf
|c|☆Larkindred|u2
|
|t:|1728051435
|move|p1a: Zapdos|Substitute|p1a: Zapdos
|-start|p1a: Zapdos|Substitute
|-damage|p1a: Zapdos|76/100
|move|p2a: Celebi|Calm Mind|p2a: Celebi
|-boost|p2a: Celebi|spa|1
|-boost|p2a: Celebi|spd|1
|
|-heal|p1a: Zapdos|82/100|[from] item: Leftovers
|upkeep
|turn|2
|
|t:|1728051447
|move|p1a: Zapdos|Baton Pass|p1a: Zapdos
|inactive|Aobera has 270 seconds left.
|
|t:|1728051474
|switch|p1a: Suicune|Suicune|100/100|[from] Baton Pass
|move|p2a: Celebi|Baton Pass|p2a: Celebi
|
|t:|1728051483
|switch|p2a: Jolteon|Jolteon, M|100/100|[from] Baton Pass
|
|upkeep
|turn|3
|
|t:|1728051492
|move|p2a: Jolteon|Roar|p1a: Suicune
|drag|p1a: Kingdra|Kingdra, F|100/100
|
|upkeep
|turn|4
|
|t:|1728051508
|switch|p1a: Celebi|Celebi|100/100
|move|p2a: Jolteon|Thunderbolt|p1a: Celebi
|-resisted|p1a: Celebi
|-damage|p1a: Celebi|77/100
|
|-heal|p1a: Celebi|83/100|[from] item: Leftovers
|upkeep
|turn|5
|
|t:|1728051519
|move|p2a: Jolteon|Hidden Power|p1a: Celebi
|-supereffective|p1a: Celebi
|-damage|p1a: Celebi|33/100
|move|p1a: Celebi|Psychic|p2a: Jolteon
|-damage|p2a: Jolteon|74/100
|
|-heal|p2a: Jolteon|80/100|[from] item: Leftovers
|-heal|p1a: Celebi|40/100|[from] item: Leftovers
|upkeep
|turn|6
|
|t:|1728051527
|switch|p1a: Swampert|Swampert, F|100/100
|move|p2a: Jolteon|Hidden Power|p1a: Swampert
|-damage|p1a: Swampert|72/100
|
|-heal|p2a: Jolteon|86/100|[from] item: Leftovers
|-heal|p1a: Swampert|78/100|[from] item: Leftovers
|upkeep
|turn|7
|
|t:|1728051531
|move|p2a: Jolteon|Baton Pass|p2a: Jolteon
|
|t:|1728051536
|switch|p2a: Gengar|Gengar, F|100/100|[from] Baton Pass
|move|p1a: Swampert|Ice Beam|p2a: Gengar
|-damage|p2a: Gengar|85/100
|
|-heal|p2a: Gengar|91/100|[from] item: Leftovers
|-heal|p1a: Swampert|85/100|[from] item: Leftovers
|upkeep
|turn|8
|inactive|Aobera has 270 seconds left.
|
|t:|1728051582
|switch|p1a: Celebi|Celebi|40/100
|move|p2a: Gengar|Will-O-Wisp|p1a: Celebi
|-status|p1a: Celebi|brn
|
|-heal|p2a: Gengar|97/100|[from] item: Leftovers
|-heal|p1a: Celebi|46/100 brn|[from] item: Leftovers
|-damage|p1a: Celebi|33/100 brn|[from] brn
|upkeep
|turn|9
|
|t:|1728051593
|-curestatus|p1a: Celebi|brn|[from] ability: Natural Cure
|switch|p1a: Suicune|Suicune|100/100
|move|p2a: Gengar|Ice Punch|p1a: Suicune
|-resisted|p1a: Suicune
|-damage|p1a: Suicune|89/100
|
|-heal|p2a: Gengar|100/100|[from] item: Leftovers
|-heal|p1a: Suicune|96/100|[from] item: Leftovers
|upkeep
|turn|10
|
|t:|1728051599
|switch|p1a: Swampert|Swampert, F|85/100
|move|p2a: Gengar|Thunderbolt|p1a: Swampert
|-immune|p1a: Swampert
|
|-heal|p1a: Swampert|91/100|[from] item: Leftovers
|upkeep
|turn|11
|inactive|Aobera has 270 seconds left.
|
|t:|1728051609
|move|p2a: Gengar|Will-O-Wisp|p1a: Swampert|[miss]
|-miss|p2a: Gengar|p1a: Swampert
|move|p1a: Swampert|Hydro Pump|p2a: Gengar
|-damage|p2a: Gengar|70/100
|
|-heal|p2a: Gengar|76/100|[from] item: Leftovers
|-heal|p1a: Swampert|97/100|[from] item: Leftovers
|upkeep
|turn|12
|inactive|Aobera has 270 seconds left.
|
|t:|1728051626
|move|p2a: Gengar|Will-O-Wisp|p1a: Swampert
|-status|p1a: Swampert|brn
|move|p1a: Swampert|Ice Beam|p2a: Gengar
|-damage|p2a: Gengar|61/100
|
|-heal|p2a: Gengar|68/100|[from] item: Leftovers
|-heal|p1a: Swampert|100/100 brn|[from] item: Leftovers
|-damage|p1a: Swampert|88/100 brn|[from] brn
|upkeep
|turn|13
|
|t:|1728051637
|move|p2a: Gengar|Ice Punch|p1a: Swampert
|-damage|p1a: Swampert|58/100 brn
|move|p1a: Swampert|Ice Beam|p2a: Gengar
|-damage|p2a: Gengar|52/100
|
|-heal|p2a: Gengar|58/100|[from] item: Leftovers
|-heal|p1a: Swampert|65/100 brn|[from] item: Leftovers
|-damage|p1a: Swampert|52/100 brn|[from] brn
|upkeep
|turn|14
|
|t:|1728051645
|move|p2a: Gengar|Ice Punch|p1a: Swampert
|-damage|p1a: Swampert|25/100 brn
|move|p1a: Swampert|Ice Beam|p2a: Gengar
|-damage|p2a: Gengar|44/100
|
|-heal|p2a: Gengar|50/100|[from] item: Leftovers
|-heal|p1a: Swampert|32/100 brn|[from] item: Leftovers
|-damage|p1a: Swampert|19/100 brn|[from] brn
|upkeep
|turn|15
|
|t:|1728051651
|move|p2a: Gengar|Ice Punch|p1a: Swampert
|-damage|p1a: Swampert|0 fnt
|faint|p1a: Swampert
|inactive|Aobera has 270 seconds left.
|
|t:|1728051675
|switch|p1a: Kingdra|Kingdra, F|100/100
|
|-heal|p2a: Gengar|56/100|[from] item: Leftovers
|upkeep
|turn|16
|
|t:|1728051679
|move|p2a: Gengar|Explosion|p1a: Kingdra
|-damage|p1a: Kingdra|15/100
|faint|p2a: Gengar
|
|t:|1728051685
|switch|p2a: Jolteon|Jolteon, M|86/100
|
|-heal|p2a: Jolteon|93/100|[from] item: Leftovers
|-heal|p1a: Kingdra|21/100|[from] item: Leftovers
|upkeep
|turn|17
|
|t:|1728051700
|switch|p1a: Celebi|Celebi|33/100
|move|p2a: Jolteon|Thunderbolt|p1a: Celebi
|-resisted|p1a: Celebi
|-damage|p1a: Celebi|18/100
|
|-heal|p2a: Jolteon|99/100|[from] item: Leftovers
|-heal|p1a: Celebi|24/100|[from] item: Leftovers
|upkeep
|turn|18
|
|t:|1728051704
|move|p2a: Jolteon|Hidden Power|p1a: Celebi
|-supereffective|p1a: Celebi
|-damage|p1a: Celebi|0 fnt
|faint|p1a: Celebi
|
|t:|1728051722
|switch|p1a: Suicune|Suicune|96/100
|
|-heal|p2a: Jolteon|100/100|[from] item: Leftovers
|-heal|p1a: Suicune|100/100|[from] item: Leftovers
|upkeep
|turn|19
|
|t:|1728051726
|move|p1a: Suicune|Ice Beam|p2a: Jolteon
|-damage|p2a: Jolteon|69/100
|move|p2a: Jolteon|Roar|p1a: Suicune
|drag|p1a: Dugtrio|Dugtrio, F|100/100
|
|-heal|p2a: Jolteon|75/100|[from] item: Leftovers
|upkeep
|turn|20
|
|t:|1728051731
|switch|p1a: Suicune|Suicune|100/100
|move|p2a: Jolteon|Hidden Power|p1a: Suicune
|-resisted|p1a: Suicune
|-damage|p1a: Suicune|93/100
|
|-heal|p2a: Jolteon|82/100|[from] item: Leftovers
|-heal|p1a: Suicune|99/100|[from] item: Leftovers
|upkeep
|turn|21
|
|t:|1728051735
|move|p2a: Jolteon|Thunderbolt|p1a: Suicune
|-supereffective|p1a: Suicune
|-damage|p1a: Suicune|37/100
|move|p1a: Suicune|Ice Beam|p2a: Jolteon
|-damage|p2a: Jolteon|54/100
|
|-heal|p2a: Jolteon|60/100|[from] item: Leftovers
|-heal|p1a: Suicune|43/100|[from] item: Leftovers
|upkeep
|turn|22
|
|t:|1728051740
|switch|p1a: Dugtrio|Dugtrio, F|100/100
|move|p2a: Jolteon|Baton Pass|p2a: Jolteon
|
|t:|1728051752
|switch|p2a: Skarmory|Skarmory, F|100/100|[from] Baton Pass
|
|upkeep
|turn|23
|
|t:|1728051761
|switch|p1a: Zapdos|Zapdos|82/100
|move|p2a: Skarmory|Spikes|p1a: Zapdos
|-sidestart|p1: Aobera|Spikes
|
|-heal|p1a: Zapdos|88/100|[from] item: Leftovers
|upkeep
|turn|24
|
|t:|1728051768
|switch|p2a: Flygon|Flygon, F|100/100
|move|p1a: Zapdos|Substitute|p1a: Zapdos
|-start|p1a: Zapdos|Substitute
|-damage|p1a: Zapdos|63/100
|
|-heal|p1a: Zapdos|69/100|[from] item: Leftovers
|upkeep
|turn|25
|
|t:|1728051788
|move|p2a: Flygon|Rock Slide|p1a: Zapdos
|-supereffective|p1a: Zapdos
|-end|p1a: Zapdos|Substitute
|move|p1a: Zapdos|Hidden Power|p2a: Flygon
|-damage|p2a: Flygon|69/100
|
|-heal|p1a: Zapdos|76/100|[from] item: Leftovers
|-heal|p2a: Flygon|75/100|[from] item: Leftovers
|upkeep
|turn|26
|
|t:|1728051794
|move|p1a: Zapdos|Hidden Power|p2a: Flygon
|-damage|p2a: Flygon|43/100
|move|p2a: Flygon|Substitute|p2a: Flygon
|-start|p2a: Flygon|Substitute
|-damage|p2a: Flygon|18/100
|
|-heal|p1a: Zapdos|82/100|[from] item: Leftovers
|-heal|p2a: Flygon|24/100|[from] item: Leftovers
|upkeep
|turn|27
|
|t:|1728051800
|move|p1a: Zapdos|Hidden Power|p2a: Flygon
|-end|p2a: Flygon|Substitute
|move|p2a: Flygon|Rock Slide|p1a: Zapdos
|-supereffective|p1a: Zapdos
|-damage|p1a: Zapdos|26/100
|
|-heal|p2a: Flygon|30/100|[from] item: Leftovers
|-heal|p1a: Zapdos|33/100|[from] item: Leftovers
|upkeep
|turn|28
|
|t:|1728051805
|move|p2a: Flygon|Rock Slide|p1a: Zapdos
|-supereffective|p1a: Zapdos
|-damage|p1a: Zapdos|0 fnt
|faint|p1a: Zapdos
|
|t:|1728051812
|switch|p1a: Suicune|Suicune|43/100
|-damage|p1a: Suicune|31/100|[from] Spikes
|
|-heal|p2a: Flygon|36/100|[from] item: Leftovers
|-heal|p1a: Suicune|37/100|[from] item: Leftovers
|upkeep
|turn|29
|
|t:|1728051815
|move|p2a: Flygon|Earthquake|p1a: Suicune
|-damage|p1a: Suicune|7/100
|move|p1a: Suicune|Ice Beam|p2a: Flygon
|-supereffective|p2a: Flygon
|-crit|p2a: Flygon
|-damage|p2a: Flygon|0 fnt
|faint|p2a: Flygon
|
|t:|1728051820
|switch|p2a: Jolteon|Jolteon, M|60/100
|
|-heal|p2a: Jolteon|66/100|[from] item: Leftovers
|-heal|p1a: Suicune|13/100|[from] item: Leftovers
|upkeep
|turn|30
|
|t:|1728051824
|move|p2a: Jolteon|Hidden Power|p1a: Suicune
|-resisted|p1a: Suicune
|-damage|p1a: Suicune|5/100
|move|p1a: Suicune|Surf|p2a: Jolteon
|-damage|p2a: Jolteon|23/100
|
|-heal|p2a: Jolteon|29/100|[from] item: Leftovers
|-heal|p1a: Suicune|11/100|[from] item: Leftovers
|upkeep
|turn|31
|
|t:|1728051831
|move|p2a: Jolteon|Thunderbolt|p1a: Suicune
|-supereffective|p1a: Suicune
|-damage|p1a: Suicune|0 fnt
|faint|p1a: Suicune
|
|t:|1728051835
|switch|p1a: Dugtrio|Dugtrio, F|100/100
|-damage|p1a: Dugtrio|88/100|[from] Spikes
|
|-heal|p2a: Jolteon|35/100|[from] item: Leftovers
|upkeep
|turn|32
|
|t:|1728051837
|move|p2a: Jolteon|Hidden Power|p1a: Dugtrio
|-supereffective|p1a: Dugtrio
|-damage|p1a: Dugtrio|22/100
|move|p1a: Dugtrio|Earthquake|p2a: Jolteon
|-supereffective|p2a: Jolteon
|-damage|p2a: Jolteon|0 fnt
|faint|p2a: Jolteon
|
|t:|1728051848
|switch|p2a: Skarmory|Skarmory, F|100/100
|
|upkeep
|turn|33
|
|t:|1728051851
|move|p1a: Dugtrio|Earthquake|p2a: Skarmory
|-immune|p2a: Skarmory
|move|p2a: Skarmory|Drill Peck|p1a: Dugtrio
|-damage|p1a: Dugtrio|0 fnt
|faint|p1a: Dugtrio
|
|t:|1728051854
|switch|p1a: Kingdra|Kingdra, F|21/100
|-damage|p1a: Kingdra|8/100|[from] Spikes
|
|-heal|p1a: Kingdra|14/100|[from] item: Leftovers
|upkeep
|turn|34
|
|t:|1728051861
|move|p1a: Kingdra|Ice Beam|p2a: Skarmory
|-damage|p2a: Skarmory|50/100
|-status|p2a: Skarmory|frz
|cant|p2a: Skarmory|frz
|
|-heal|p1a: Kingdra|20/100|[from] item: Leftovers
|-heal|p2a: Skarmory|56/100 frz|[from] item: Leftovers
|upkeep
|turn|35
|
|t:|1728051870
|move|p1a: Kingdra|Rain Dance|p1a: Kingdra
|-weather|RainDance
|-curestatus|p2a: Skarmory|frz|[msg]
|move|p2a: Skarmory|Drill Peck|p1a: Kingdra
|-damage|p1a: Kingdra|0 fnt
|faint|p1a: Kingdra
|
|win|Larkindred
|c|☆Larkindred|gg
|c|☆Aobera|gg
|player|p2|
|player|p2|Larkindred|iris-gen5bw2|

</script>
<script type="application/json" class="data" id="replaydata-smogtours-gen3ou-794548">
{"id":"smogtours-gen3ou-794548","format":"[Gen 3] OU","players":["Aobera","Larkindred"],"uploadtime":1728051870,"views":80,"formatid":"gen3ou","rating":null,"private":0,"password":null}
</script>

<script defer src="js/replays.js?9d40a366"></script>
