<!DOCTYPE html>
<meta charset="utf-8" />
<meta name="viewport" content="width=device-width" />

<title>[Gen 3] OU: yd12k vs. nick_parenti - Replays - Pok&eacute;mon Showdown!</title>

<meta name="description" content="Watch a replay of a Pok&eacute;mon battle between yd12k and nick_parenti! Format: [Gen 3] OU; Date: Oct 1, 2024" />
<!--

Hey, you! Looking in the source for the replay log?

You can find them in JSON format, just add `.json` at the end of a replay URL.

https://replay.pokemonshowdown.com/gen7randomdoublesbattle-865046831.json

Or, if you only need the log itself, add `.log` instead:

https://replay.pokemonshowdown.com/gen7randomdoublesbattle-865046831.log

-->

<link rel="stylesheet" href="//pokemonshowdown.com/style/global.css?0.767286132409787" />
<link rel="stylesheet" href="//play.pokemonshowdown.com/style/font-awesome.css?0.9266228007934947" />
<link rel="stylesheet" href="//play.pokemonshowdown.com/style/battle.css?0.7924700842790926" />
<link rel="stylesheet" href="//play.pokemonshowdown.com/style/utilichart.css?0.8777417872839479" />

<!-- Global site tag (gtag.js) - Google Analytics -->
<script async src="https://www.googletagmanager.com/gtag/js?id=UA-26211653-1"></script>
<script>
  window.dataLayer = window.dataLayer || [];
  function gtag(){dataLayer.push(arguments);}
  gtag('js', new Date());

  gtag('config', 'UA-26211653-1');
</script>
<!-- End Google Analytics -->
<!-- Venatus Ad Manager - Install in <HEAD> of page -->
	<script src="https://hb.vntsm.com/v3/live/ad-manager.min.js" type="text/javascript" data-site-id="642aba63ec9a7b11c3c9c1be" data-mode="scan" async></script>
<!-- / Venatus Ad Manager -->

<style>
	@media (max-width:820px) {
		.battle {
			margin: 0 auto;
		}
		.battle-log {
			margin: 7px auto 0;
			max-width: 640px;
			height: 300px;
			position: static;
		}
	}
	.optgroup {
		display: inline-block;
		line-height: 22px;
		font-size: 10pt;
	}
	.optgroup .button {
		height: 25px;
		padding-top: 0;
		padding-bottom: 0;
	}
	.optgroup button.button {
		padding-left: 12px;
		padding-right: 12px;
	}
	.linklist {
		list-style: none;
		margin: 0.5em 0;
		padding: 0;
	}
	.linklist li {
		padding: 2px 0;
	}
	.sidebar {
		float: left;
		width: 320px;
	}
	.bar-wrapper {
		max-width: 1100px;
		margin: 0 auto;
	}
	.bar-wrapper.has-sidebar {
		max-width: 1430px;
	}
	.mainbar {
		margin: 0;
		padding-right: 1px;
	}
	.mainbar.has-sidebar {
		margin-left: 330px;
	}
	@media (min-width: 1511px) {
		.sidebar {
			width: 400px;
		}
		.bar-wrapper.has-sidebar {
			max-width: 1510px;
		}
		.mainbar.has-sidebar {
			margin-left: 410px;
		}
	}
	.section.first-section {
		margin-top: 9px;
	}
	.blocklink small {
		white-space: normal;
	}
	.button {
		vertical-align: middle;
	}
	.replay-controls {
		padding-top: 10px;
	}
	.replay-controls h1 {
		font-size: 16pt;
		font-weight: normal;
		color: #CCC;
	}
	.pagelink {
		text-align: center;
	}
	.pagelink a {
		width: 150px;
	}
	.textbox, .button {
		font-size: 11pt;
		vertical-align: middle;
	}
	@media (max-width: 450px) {
		.button {
			font-size: 9pt;
		}
	}
</style>

<div>

	<header>
		<div class="nav-wrapper"><ul class="nav">
			<li><a class="button nav-first" href="//pokemonshowdown.com/"><img src="//pokemonshowdown.com/images/pokemonshowdownbeta.png" srcset="//pokemonshowdown.com/images/pokemonshowdownbeta.png 1x, //pokemonshowdown.com/images/pokemonshowdownbeta@2x.png 2x" alt="Pok&eacute;mon Showdown" width="146" height="44" /> Home</a></li>
			<li><a class="button" href="//pokemonshowdown.com/dex/">Pok&eacute;dex</a></li>
			<li><a class="button cur" href="/">Replays</a></li>
			<li><a class="button" href="//pokemonshowdown.com/ladder/">Ladder</a></li>
			<li><a class="button nav-last" href="//pokemonshowdown.com/forums/">Forum</a></li>
			<li><a class="button greenbutton nav-first nav-last" href="//play.pokemonshowdown.com/">Play</a></li>
		</ul></div>
	</header>

	<div class="main" id="main">

		<noscript><section class="section">You need to enable JavaScript to use this page; sorry!</section></noscript>

	</div>

</div>

<script defer nomodule src="//play.pokemonshowdown.com/js/lib/ps-polyfill.js"></script>
<script defer src="//play.pokemonshowdown.com/js/lib/preact.min.js"></script>

<script defer src="//play.pokemonshowdown.com/config/config.js?6dec07f6"></script>
<script defer src="//play.pokemonshowdown.com/js/lib/jquery-1.11.0.min.js"></script>
<script defer src="//play.pokemonshowdown.com/js/lib/html-sanitizer-minified.js"></script>
<script defer src="//play.pokemonshowdown.com/js/battle-sound.js"></script>
<script defer src="//play.pokemonshowdown.com/js/battledata.js?0.6315294753075389"></script>
<script defer src="//play.pokemonshowdown.com/data/pokedex-mini.js?0.7603743185311358"></script>
<script defer src="//play.pokemonshowdown.com/data/pokedex-mini-bw.js?0.030888842834281283"></script>
<script defer src="//play.pokemonshowdown.com/data/graphics.js?0.05593094747507488"></script>
<script defer src="//play.pokemonshowdown.com/data/pokedex.js?0.47064822249611904"></script>
<script defer src="//play.pokemonshowdown.com/data/moves.js?0.8583693120512459"></script>
<script defer src="//play.pokemonshowdown.com/data/abilities.js?0.16017181182386842"></script>
<script defer src="//play.pokemonshowdown.com/data/items.js?0.4163379185673943"></script>
<script defer src="//play.pokemonshowdown.com/data/teambuilder-tables.js?0.31075597372830477"></script>
<script defer src="//play.pokemonshowdown.com/js/battle-tooltips.js?0.6536193500708172"></script>
<script defer src="//play.pokemonshowdown.com/js/battle.js?0.1916591943277901"></script>

<script defer src="js/utils.js?e31f9a17"></script>
<script defer src="js/replays-battle.js?7008c182"></script>

<!-- don't scrape this data! just add .json or .log after the URL!
Full API docs: https://github.com/smogon/pokemon-showdown-client/blob/master/WEB-API.md -->
<script type="text/plain" class="log" id="replaylog-smogtours-gen3ou-793841">
|inactive|Battle timer is ON: inactive players will automatically lose when time's up.
|t:|1727817165
|gametype|singles
|player|p1|yd12k|266|
|player|p2|nick_parenti|scientist|
|teamsize|p1|6
|teamsize|p2|6
|gen|3
|tier|[Gen 3] OU
|rule|Sleep Clause Mod: Limit one foe put to sleep
|rule|Switch Priority Clause Mod: Faster Pokémon switch first
|rule|Species Clause: Limit one of each Pokémon
|rule|OHKO Clause: OHKO moves are banned
|rule|Evasion Items Clause: Evasion items are banned
|rule|Evasion Moves Clause: Evasion moves are banned
|rule|Endless Battle Clause: Forcing endless battles is banned
|rule|HP Percentage Mod: HP is shown in percentages
|rule|One Boost Passer Clause: Limit one Baton Passer that has a way to boost its stats
|rule|Freeze Clause Mod: Limit one foe frozen
|
|t:|1727817165
|start
|switch|p1a: Jirachi|Jirachi|100/100
|switch|p2a: Espeon|Espeon, M|100/100
|turn|1
|
|t:|1727817184
|move|p2a: Espeon|Substitute|p2a: Espeon
|-start|p2a: Espeon|Substitute
|-damage|p2a: Espeon|76/100
|move|p1a: Jirachi|Body Slam|p2a: Espeon
|-end|p2a: Espeon|Substitute
|
|upkeep
|turn|2
|
|t:|1727817191
|move|p2a: Espeon|Baton Pass|p2a: Espeon
|
|t:|1727817193
|switch|p2a: Gengar|Gengar, M|100/100|[from] Baton Pass
|move|p1a: Jirachi|Body Slam|p2a: Gengar
|-immune|p2a: Gengar
|
|upkeep
|turn|3
|
|t:|1727817228
|switch|p1a: Salamence|Salamence, M|100/100
|-ability|p1a: Salamence|Intimidate|boost
|-unboost|p2a: Gengar|atk|1
|move|p2a: Gengar|Taunt|p1a: Salamence
|-start|p1a: Salamence|move: Taunt
|
|upkeep
|turn|4
|
|t:|1727817238
|move|p2a: Gengar|Destiny Bond|p2a: Gengar
|-singlemove|p2a: Gengar|Destiny Bond
|move|p1a: Salamence|Rock Slide|p2a: Gengar|[miss]
|-miss|p1a: Salamence|p2a: Gengar
|
|-end|p1a: Salamence|move: Taunt|[silent]
|upkeep
|turn|5
|
|t:|1727817250
|move|p2a: Gengar|Taunt|p1a: Salamence
|-start|p1a: Salamence|move: Taunt
|move|p1a: Salamence|Rock Slide|p2a: Gengar
|-damage|p2a: Gengar|24/100
|
|-enditem|p2a: Gengar|Salac Berry|[eat]
|-boost|p2a: Gengar|spe|1|[from] item: Salac Berry
|upkeep
|turn|6
|
|t:|1727817264
|move|p2a: Gengar|Destiny Bond|p2a: Gengar
|-singlemove|p2a: Gengar|Destiny Bond
|move|p1a: Salamence|Rock Slide|p2a: Gengar
|-damage|p2a: Gengar|0 fnt
|faint|p2a: Gengar
|-activate|p2a: Gengar|move: Destiny Bond
|faint|p1a: Salamence
|
|t:|1727817271
|switch|p2a: Espeon|Espeon, M|76/100
|switch|p1a: Jirachi|Jirachi|100/100
|
|upkeep
|turn|7
|
|t:|1727817275
|move|p2a: Espeon|Substitute|p2a: Espeon
|-start|p2a: Espeon|Substitute
|-damage|p2a: Espeon|51/100
|move|p1a: Jirachi|Body Slam|p2a: Espeon
|-end|p2a: Espeon|Substitute
|
|upkeep
|turn|8
|
|t:|1727817281
|move|p2a: Espeon|Baton Pass|p2a: Espeon
|
|t:|1727817287
|switch|p2a: Celebi|Celebi|100/100|[from] Baton Pass
|move|p1a: Jirachi|Body Slam|p2a: Celebi
|-damage|p2a: Celebi|86/100
|-status|p2a: Celebi|par
|
|-heal|p2a: Celebi|92/100 par|[from] item: Leftovers
|upkeep
|turn|9
|
|t:|1727817297
|switch|p1a: Moltres|Moltres|100/100
|move|p2a: Celebi|Calm Mind|p2a: Celebi
|-boost|p2a: Celebi|spa|1
|-boost|p2a: Celebi|spd|1
|
|-heal|p2a: Celebi|99/100 par|[from] item: Leftovers
|upkeep
|turn|10
|
|t:|1727817306
|-curestatus|p2a: Celebi|par|[from] ability: Natural Cure
|switch|p2a: Suicune|Suicune, shiny|100/100
|move|p1a: Moltres|Roar|p2a: Suicune
|drag|p2a: Espeon|Espeon, M|51/100
|
|upkeep
|turn|11
|
|t:|1727817320
|move|p1a: Moltres|Overheat|p2a: Espeon
|-damage|p2a: Espeon|0 fnt
|-unboost|p1a: Moltres|spa|2
|faint|p2a: Espeon
|
|t:|1727817323
|switch|p2a: Suicune|Suicune, shiny|100/100
|
|upkeep
|turn|12
|
|t:|1727817330
|switch|p1a: Cloyster|Cloyster, M|100/100
|move|p2a: Suicune|Calm Mind|p2a: Suicune
|-boost|p2a: Suicune|spa|1
|-boost|p2a: Suicune|spd|1
|
|upkeep
|turn|13
|
|t:|1727817337
|move|p2a: Suicune|Calm Mind|p2a: Suicune
|-boost|p2a: Suicune|spa|1
|-boost|p2a: Suicune|spd|1
|move|p1a: Cloyster|Toxic|p2a: Suicune
|-status|p2a: Suicune|tox
|-enditem|p2a: Suicune|Lum Berry|[eat]
|-curestatus|p2a: Suicune|tox|[msg]
|
|upkeep
|turn|14
|
|t:|1727817346
|move|p2a: Suicune|Surf|p1a: Cloyster
|-resisted|p1a: Cloyster
|-damage|p1a: Cloyster|33/100
|move|p1a: Cloyster|Toxic|p2a: Suicune
|-status|p2a: Suicune|tox
|
|-damage|p2a: Suicune|94/100 tox|[from] psn
|-heal|p1a: Cloyster|39/100|[from] item: Leftovers
|upkeep
|turn|15
|
|t:|1727817359
|move|p2a: Suicune|Surf|p1a: Cloyster
|-resisted|p1a: Cloyster
|-damage|p1a: Cloyster|0 fnt
|faint|p1a: Cloyster
|
|t:|1727817375
|switch|p1a: Suicune|Suicune|100/100
|
|-damage|p2a: Suicune|82/100 tox|[from] psn
|upkeep
|turn|16
|
|t:|1727817385
|move|p2a: Suicune|Surf|p1a: Suicune
|-resisted|p1a: Suicune
|-damage|p1a: Suicune|79/100
|move|p1a: Suicune|Calm Mind|p1a: Suicune
|-boost|p1a: Suicune|spa|1
|-boost|p1a: Suicune|spd|1
|
|-damage|p2a: Suicune|63/100 tox|[from] psn
|-heal|p1a: Suicune|86/100|[from] item: Leftovers
|upkeep
|turn|17
|
|t:|1727817402
|move|p1a: Suicune|Calm Mind|p1a: Suicune
|-boost|p1a: Suicune|spa|1
|-boost|p1a: Suicune|spd|1
|move|p2a: Suicune|Roar|p1a: Suicune
|drag|p1a: Moltres|Moltres|100/100
|
|-damage|p2a: Suicune|38/100 tox|[from] psn
|upkeep
|turn|18
|
|t:|1727817411
|switch|p1a: Suicune|Suicune|86/100
|move|p2a: Suicune|Surf|p1a: Suicune
|-resisted|p1a: Suicune
|-damage|p1a: Suicune|65/100
|
|-damage|p2a: Suicune|7/100 tox|[from] psn
|-heal|p1a: Suicune|71/100|[from] item: Leftovers
|upkeep
|turn|19
|inactive|yd12k has 270 seconds left.
|
|t:|1727817434
|move|p1a: Suicune|Calm Mind|p1a: Suicune
|-boost|p1a: Suicune|spa|1
|-boost|p1a: Suicune|spd|1
|move|p2a: Suicune|Roar|p1a: Suicune
|drag|p1a: Moltres|Moltres|100/100
|
|-damage|p2a: Suicune|0 fnt|[from] psn
|faint|p2a: Suicune
|upkeep
|
|t:|1727817445
|switch|p2a: Raikou|Raikou, shiny|100/100
|turn|20
|
|t:|1727817457
|move|p2a: Raikou|Calm Mind|p2a: Raikou
|-boost|p2a: Raikou|spa|1
|-boost|p2a: Raikou|spd|1
|move|p1a: Moltres|Overheat|p2a: Raikou
|-damage|p2a: Raikou|49/100
|-unboost|p1a: Moltres|spa|2
|
|upkeep
|turn|21
|
|t:|1727817465
|move|p2a: Raikou|Thunderbolt|p1a: Moltres
|-supereffective|p1a: Moltres
|-damage|p1a: Moltres|0 fnt
|faint|p1a: Moltres
|
|t:|1727817472
|switch|p1a: Jirachi|Jirachi|100/100
|
|upkeep
|turn|22
|
|t:|1727817480
|move|p2a: Raikou|Thunderbolt|p1a: Jirachi
|-damage|p1a: Jirachi|56/100
|move|p1a: Jirachi|Body Slam|p2a: Raikou
|-damage|p2a: Raikou|27/100
|-status|p2a: Raikou|par
|-enditem|p2a: Raikou|Lum Berry|[eat]
|-curestatus|p2a: Raikou|par|[msg]
|
|-heal|p1a: Jirachi|62/100|[from] item: Leftovers
|upkeep
|turn|23
|
|t:|1727817491
|switch|p1a: Claydol|Claydol|100/100
|move|p2a: Raikou|Thunderbolt|p1a: Claydol
|-immune|p1a: Claydol
|
|upkeep
|turn|24
|inactive|nick_parenti has 270 seconds left.
|inactive|nick_parenti has 240 seconds left.
|
|t:|1727817556
|move|p2a: Raikou|Hidden Power|p1a: Claydol
|-supereffective|p1a: Claydol
|-damage|p1a: Claydol|39/100
|move|p1a: Claydol|Earthquake|p2a: Raikou
|-supereffective|p2a: Raikou
|-damage|p2a: Raikou|0 fnt
|faint|p2a: Raikou
|
|t:|1727817560
|switch|p2a: Jirachi|Jirachi|100/100
|
|-heal|p1a: Claydol|45/100|[from] item: Leftovers
|upkeep
|turn|25
|
|t:|1727817571
|move|p2a: Jirachi|Ice Punch|p1a: Claydol
|-supereffective|p1a: Claydol
|-damage|p1a: Claydol|11/100
|move|p1a: Claydol|Earthquake|p2a: Jirachi
|-supereffective|p2a: Jirachi
|-damage|p2a: Jirachi|60/100
|
|-heal|p1a: Claydol|17/100|[from] item: Leftovers
|upkeep
|turn|26
|
|t:|1727817591
|move|p2a: Jirachi|Ice Punch|p1a: Claydol
|-supereffective|p1a: Claydol
|-damage|p1a: Claydol|0 fnt
|faint|p1a: Claydol
|
|t:|1727817595
|switch|p1a: Jirachi|Jirachi|62/100
|
|-heal|p1a: Jirachi|69/100|[from] item: Leftovers
|upkeep
|turn|27
|
|t:|1727817600
|move|p1a: Jirachi|Body Slam|p2a: Jirachi
|-resisted|p2a: Jirachi
|-damage|p2a: Jirachi|54/100
|move|p2a: Jirachi|Fire Punch|p1a: Jirachi
|-supereffective|p1a: Jirachi
|-damage|p1a: Jirachi|45/100
|
|-heal|p1a: Jirachi|51/100|[from] item: Leftovers
|upkeep
|turn|28
|
|t:|1727817608
|move|p1a: Jirachi|Body Slam|p2a: Jirachi
|-resisted|p2a: Jirachi
|-damage|p2a: Jirachi|47/100
|-status|p2a: Jirachi|par
|-enditem|p2a: Jirachi|Lum Berry|[eat]
|-curestatus|p2a: Jirachi|par|[msg]
|move|p2a: Jirachi|Calm Mind|p2a: Jirachi
|-boost|p2a: Jirachi|spa|1
|-boost|p2a: Jirachi|spd|1
|
|-heal|p1a: Jirachi|58/100|[from] item: Leftovers
|upkeep
|turn|29
|
|t:|1727817620
|move|p1a: Jirachi|Body Slam|p2a: Jirachi
|-resisted|p2a: Jirachi
|-damage|p2a: Jirachi|41/100
|-status|p2a: Jirachi|par
|move|p2a: Jirachi|Calm Mind|p2a: Jirachi
|-boost|p2a: Jirachi|spa|1
|-boost|p2a: Jirachi|spd|1
|
|-heal|p1a: Jirachi|64/100|[from] item: Leftovers
|upkeep
|turn|30
|
|t:|1727817642
|move|p1a: Jirachi|Body Slam|p2a: Jirachi
|-resisted|p2a: Jirachi
|-damage|p2a: Jirachi|33/100 par
|cant|p2a: Jirachi|par
|
|-heal|p1a: Jirachi|70/100|[from] item: Leftovers
|upkeep
|turn|31
|
|t:|1727817649
|move|p1a: Jirachi|Body Slam|p2a: Jirachi
|-resisted|p2a: Jirachi
|-damage|p2a: Jirachi|26/100 par
|move|p2a: Jirachi|Fire Punch|p1a: Jirachi
|-supereffective|p1a: Jirachi
|-damage|p1a: Jirachi|29/100
|-status|p1a: Jirachi|brn
|
|-heal|p1a: Jirachi|35/100 brn|[from] item: Leftovers
|-damage|p1a: Jirachi|23/100 brn|[from] brn
|upkeep
|turn|32
|
|t:|1727817664
|move|p1a: Jirachi|Body Slam|p2a: Jirachi
|-resisted|p2a: Jirachi
|-damage|p2a: Jirachi|23/100 par
|move|p2a: Jirachi|Psychic|p1a: Jirachi
|-resisted|p1a: Jirachi
|-damage|p1a: Jirachi|12/100 brn
|
|-heal|p1a: Jirachi|19/100 brn|[from] item: Leftovers
|-damage|p1a: Jirachi|6/100 brn|[from] brn
|upkeep
|turn|33
|
|t:|1727817675
|move|p1a: Jirachi|Body Slam|p2a: Jirachi
|-resisted|p2a: Jirachi
|-damage|p2a: Jirachi|19/100 par
|move|p2a: Jirachi|Fire Punch|p1a: Jirachi
|-supereffective|p1a: Jirachi
|-damage|p1a: Jirachi|0 fnt
|faint|p1a: Jirachi
|
|t:|1727817681
|switch|p1a: Suicune|Suicune|71/100
|
|-heal|p1a: Suicune|77/100|[from] item: Leftovers
|upkeep
|turn|34
|
|t:|1727817692
|move|p1a: Suicune|Calm Mind|p1a: Suicune
|-boost|p1a: Suicune|spa|1
|-boost|p1a: Suicune|spd|1
|move|p2a: Jirachi|Psychic|p1a: Suicune
|-damage|p1a: Suicune|49/100
|
|-heal|p1a: Suicune|55/100|[from] item: Leftovers
|upkeep
|turn|35
|
|t:|1727817700
|move|p1a: Suicune|Calm Mind|p1a: Suicune
|-boost|p1a: Suicune|spa|1
|-boost|p1a: Suicune|spd|1
|move|p2a: Jirachi|Psychic|p1a: Suicune
|-damage|p1a: Suicune|30/100
|
|-heal|p1a: Suicune|36/100|[from] item: Leftovers
|upkeep
|turn|36
|
|t:|1727817708
|move|p1a: Suicune|Surf|p2a: Jirachi
|-damage|p2a: Jirachi|0 fnt
|faint|p2a: Jirachi
|
|t:|1727817711
|switch|p2a: Celebi|Celebi|99/100
|
|-heal|p2a: Celebi|100/100|[from] item: Leftovers
|-heal|p1a: Suicune|43/100|[from] item: Leftovers
|upkeep
|turn|37
|
|t:|1727817716
|move|p2a: Celebi|Giga Drain|p1a: Suicune
|-supereffective|p1a: Suicune
|-damage|p1a: Suicune|27/100
|move|p1a: Suicune|Ice Beam|p2a: Celebi
|-supereffective|p2a: Celebi
|-damage|p2a: Celebi|5/100
|
|-heal|p2a: Celebi|11/100|[from] item: Leftovers
|-heal|p1a: Suicune|33/100|[from] item: Leftovers
|upkeep
|turn|38
|
|t:|1727817727
|move|p2a: Celebi|Giga Drain|p1a: Suicune
|-supereffective|p1a: Suicune
|-damage|p1a: Suicune|16/100
|-heal|p2a: Celebi|20/100|[from] drain|[of] p1a: Suicune
|move|p1a: Suicune|Ice Beam|p2a: Celebi
|-supereffective|p2a: Celebi
|-damage|p2a: Celebi|0 fnt
|faint|p2a: Celebi
|
|win|yd12k
|c|☆nick_parenti|gg
|c|☆yd12k|gg

</script>
<script type="application/json" class="data" id="replaydata-smogtours-gen3ou-793841">
{"id":"smogtours-gen3ou-793841","format":"[Gen 3] OU","players":["yd12k","nick_parenti"],"uploadtime":1727817727,"views":100,"formatid":"gen3ou","rating":null,"private":0,"password":null}
</script>

<script defer src="js/replays.js?9d40a366"></script>
