<!DOCTYPE html>
<meta charset="utf-8" />
<meta name="viewport" content="width=device-width" />

<title>[Gen 3] OU: omghide vs. Seradess - Replays - Pok&eacute;mon Showdown!</title>

<meta name="description" content="Watch a replay of a Pok&eacute;mon battle between omghide and Seradess! Format: [Gen 3] OU; Date: Oct 1, 2024" />
<!--

Hey, you! Looking in the source for the replay log?

You can find them in JSON format, just add `.json` at the end of a replay URL.

https://replay.pokemonshowdown.com/gen7randomdoublesbattle-865046831.json

Or, if you only need the log itself, add `.log` instead:

https://replay.pokemonshowdown.com/gen7randomdoublesbattle-865046831.log

-->

<link rel="stylesheet" href="//pokemonshowdown.com/style/global.css?0.023195364461161105" />
<link rel="stylesheet" href="//play.pokemonshowdown.com/style/font-awesome.css?0.13261647063804238" />
<link rel="stylesheet" href="//play.pokemonshowdown.com/style/battle.css?0.8753245789963631" />
<link rel="stylesheet" href="//play.pokemonshowdown.com/style/utilichart.css?0.8627959624976733" />

<!-- Global site tag (gtag.js) - Google Analytics -->
<script async src="https://www.googletagmanager.com/gtag/js?id=UA-26211653-1"></script>
<script>
  window.dataLayer = window.dataLayer || [];
  function gtag(){dataLayer.push(arguments);}
  gtag('js', new Date());

  gtag('config', 'UA-26211653-1');
</script>
<!-- End Google Analytics -->
<!-- Venatus Ad Manager - Install in <HEAD> of page -->
	<script src="https://hb.vntsm.com/v3/live/ad-manager.min.js" type="text/javascript" data-site-id="642aba63ec9a7b11c3c9c1be" data-mode="scan" async></script>
<!-- / Venatus Ad Manager -->

<style>
	@media (max-width:820px) {
		.battle {
			margin: 0 auto;
		}
		.battle-log {
			margin: 7px auto 0;
			max-width: 640px;
			height: 300px;
			position: static;
		}
	}
	.optgroup {
		display: inline-block;
		line-height: 22px;
		font-size: 10pt;
	}
	.optgroup .button {
		height: 25px;
		padding-top: 0;
		padding-bottom: 0;
	}
	.optgroup button.button {
		padding-left: 12px;
		padding-right: 12px;
	}
	.linklist {
		list-style: none;
		margin: 0.5em 0;
		padding: 0;
	}
	.linklist li {
		padding: 2px 0;
	}
	.sidebar {
		float: left;
		width: 320px;
	}
	.bar-wrapper {
		max-width: 1100px;
		margin: 0 auto;
	}
	.bar-wrapper.has-sidebar {
		max-width: 1430px;
	}
	.mainbar {
		margin: 0;
		padding-right: 1px;
	}
	.mainbar.has-sidebar {
		margin-left: 330px;
	}
	@media (min-width: 1511px) {
		.sidebar {
			width: 400px;
		}
		.bar-wrapper.has-sidebar {
			max-width: 1510px;
		}
		.mainbar.has-sidebar {
			margin-left: 410px;
		}
	}
	.section.first-section {
		margin-top: 9px;
	}
	.blocklink small {
		white-space: normal;
	}
	.button {
		vertical-align: middle;
	}
	.replay-controls {
		padding-top: 10px;
	}
	.replay-controls h1 {
		font-size: 16pt;
		font-weight: normal;
		color: #CCC;
	}
	.pagelink {
		text-align: center;
	}
	.pagelink a {
		width: 150px;
	}
	.textbox, .button {
		font-size: 11pt;
		vertical-align: middle;
	}
	@media (max-width: 450px) {
		.button {
			font-size: 9pt;
		}
	}
</style>

<div>

	<header>
		<div class="nav-wrapper"><ul class="nav">
			<li><a class="button nav-first" href="//pokemonshowdown.com/"><img src="//pokemonshowdown.com/images/pokemonshowdownbeta.png" srcset="//pokemonshowdown.com/images/pokemonshowdownbeta.png 1x, //pokemonshowdown.com/images/pokemonshowdownbeta@2x.png 2x" alt="Pok&eacute;mon Showdown" width="146" height="44" /> Home</a></li>
			<li><a class="button" href="//pokemonshowdown.com/dex/">Pok&eacute;dex</a></li>
			<li><a class="button cur" href="/">Replays</a></li>
			<li><a class="button" href="//pokemonshowdown.com/ladder/">Ladder</a></li>
			<li><a class="button nav-last" href="//pokemonshowdown.com/forums/">Forum</a></li>
			<li><a class="button greenbutton nav-first nav-last" href="//play.pokemonshowdown.com/">Play</a></li>
		</ul></div>
	</header>

	<div class="main" id="main">

		<noscript><section class="section">You need to enable JavaScript to use this page; sorry!</section></noscript>

	</div>

</div>

<script defer nomodule src="//play.pokemonshowdown.com/js/lib/ps-polyfill.js"></script>
<script defer src="//play.pokemonshowdown.com/js/lib/preact.min.js"></script>

<script defer src="//play.pokemonshowdown.com/config/config.js?2bddbc15"></script>
<script defer src="//play.pokemonshowdown.com/js/lib/jquery-1.11.0.min.js"></script>
<script defer src="//play.pokemonshowdown.com/js/lib/html-sanitizer-minified.js"></script>
<script defer src="//play.pokemonshowdown.com/js/battle-sound.js"></script>
<script defer src="//play.pokemonshowdown.com/js/battledata.js?0.7209276989879541"></script>
<script defer src="//play.pokemonshowdown.com/data/pokedex-mini.js?0.6111056340867951"></script>
<script defer src="//play.pokemonshowdown.com/data/pokedex-mini-bw.js?0.3532142036491459"></script>
<script defer src="//play.pokemonshowdown.com/data/graphics.js?0.24223875632456182"></script>
<script defer src="//play.pokemonshowdown.com/data/pokedex.js?0.38839984266356864"></script>
<script defer src="//play.pokemonshowdown.com/data/moves.js?0.21866028504024015"></script>
<script defer src="//play.pokemonshowdown.com/data/abilities.js?0.2005157953846628"></script>
<script defer src="//play.pokemonshowdown.com/data/items.js?0.9894211263848525"></script>
<script defer src="//play.pokemonshowdown.com/data/teambuilder-tables.js?0.6008791140282215"></script>
<script defer src="//play.pokemonshowdown.com/js/battle-tooltips.js?0.7580118955022959"></script>
<script defer src="//play.pokemonshowdown.com/js/battle.js?0.6057722274234274"></script>

<script defer src="js/utils.js?e31f9a17"></script>
<script defer src="js/replays-battle.js?7008c182"></script>

<!-- don't scrape this data! just add .json or .log after the URL!
Full API docs: https://github.com/smogon/pokemon-showdown-client/blob/master/WEB-API.md -->
<script type="text/plain" class="log" id="replaylog-smogtours-gen3ou-793761">
|inactive|Battle timer is ON: inactive players will automatically lose when time's up.
|t:|1727788201
|gametype|singles
|player|p1|omghide|2|
|player|p2|Seradess|2|
|teamsize|p1|6
|teamsize|p2|6
|gen|3
|tier|[Gen 3] OU
|rule|Sleep Clause Mod: Limit one foe put to sleep
|rule|Switch Priority Clause Mod: Faster Pokémon switch first
|rule|Species Clause: Limit one of each Pokémon
|rule|OHKO Clause: OHKO moves are banned
|rule|Evasion Items Clause: Evasion items are banned
|rule|Evasion Moves Clause: Evasion moves are banned
|rule|Endless Battle Clause: Forcing endless battles is banned
|rule|HP Percentage Mod: HP is shown in percentages
|rule|One Boost Passer Clause: Limit one Baton Passer that has a way to boost its stats
|rule|Freeze Clause Mod: Limit one foe frozen
|
|t:|1727788201
|start
|switch|p1a: Button Clicker|Zapdos|100/100
|switch|p2a: Skarmory|Skarmory, F|100/100
|turn|1
|c|☆Seradess|lets link it
|c|☆omghide|oh okay
|c|☆Seradess|glhf
|inactive|Seradess has 270 seconds left.
|
|t:|1727788232
|switch|p2a: Gordon|Jolteon, M, shiny|100/100
|move|p1a: Button Clicker|Substitute|p1a: Button Clicker
|-start|p1a: Button Clicker|Substitute
|-damage|p1a: Button Clicker|76/100
|
|-heal|p1a: Button Clicker|82/100|[from] item: Leftovers
|upkeep
|turn|2
|
|t:|1727788241
|move|p2a: Gordon|Thunderbolt|p1a: Button Clicker
|-end|p1a: Button Clicker|Substitute
|move|p1a: Button Clicker|Baton Pass|p1a: Button Clicker
|
|t:|1727788258
|switch|p1a: Her|Celebi|100/100|[from] Baton Pass
|
|upkeep
|turn|3
|
|t:|1727788264
|move|p2a: Gordon|Substitute|p2a: Gordon
|-start|p2a: Gordon|Substitute
|-damage|p2a: Gordon|76/100
|move|p1a: Her|Calm Mind|p1a: Her
|-boost|p1a: Her|spa|1
|-boost|p1a: Her|spd|1
|
|-heal|p2a: Gordon|82/100|[from] item: Leftovers
|upkeep
|turn|4
|
|t:|1727788272
|move|p2a: Gordon|Baton Pass|p2a: Gordon
|
|t:|1727788280
|switch|p2a: Moltres|Moltres|100/100|[from] Baton Pass
|move|p1a: Her|Giga Drain|p2a: Moltres
|-resisted|p2a: Moltres
|-activate|p2a: Moltres|Substitute|[damage]
|
|upkeep
|turn|5
|
|t:|1727788301
|switch|p1a: Him|Suicune|100/100
|move|p2a: Moltres|Flamethrower|p1a: Him
|-resisted|p1a: Him
|-damage|p1a: Him|79/100
|
|-heal|p1a: Him|85/100|[from] item: Leftovers
|upkeep
|turn|6
|
|t:|1727788306
|move|p1a: Him|Surf|p2a: Moltres
|-supereffective|p2a: Moltres
|-end|p2a: Moltres|Substitute
|move|p2a: Moltres|Roar|p1a: Him
|drag|p1a: Nah|Gengar, M|100/100
|
|upkeep
|turn|7
|c|+Msousagamer|Fun stuff
|inactive|omghide has 270 seconds left.
|
|t:|1727788349
|switch|p2a: Gordon|Jolteon, M, shiny|82/100
|move|p1a: Nah|Thunderbolt|p2a: Gordon
|-heal|p2a: Gordon|100/100|[from] ability: Volt Absorb|[of] p1a: Nah
|
|upkeep
|turn|8
|inactive|omghide has 270 seconds left.
|
|t:|1727788359
|move|p2a: Gordon|Substitute|p2a: Gordon
|-start|p2a: Gordon|Substitute
|-damage|p2a: Gordon|76/100
|move|p1a: Nah|Explosion|p2a: Gordon
|-end|p2a: Gordon|Substitute
|faint|p1a: Nah
|inactive|omghide has 270 seconds left.
|
|t:|1727788368
|switch|p1a: They|Jirachi|100/100
|
|-heal|p2a: Gordon|82/100|[from] item: Leftovers
|upkeep
|turn|9
|
|t:|1727788374
|move|p2a: Gordon|Substitute|p2a: Gordon
|-start|p2a: Gordon|Substitute
|-damage|p2a: Gordon|57/100
|move|p1a: They|Psychic|p2a: Gordon
|-end|p2a: Gordon|Substitute
|
|-heal|p2a: Gordon|63/100|[from] item: Leftovers
|upkeep
|turn|10
|
|t:|1727788379
|move|p2a: Gordon|Baton Pass|p2a: Gordon
|
|t:|1727788380
|switch|p2a: Tundra|Tyranitar, F, shiny|100/100|[from] Baton Pass
|-weather|Sandstorm|[from] ability: Sand Stream|[of] p2a: Tundra
|move|p1a: They|Psychic|p2a: Tundra
|-immune|p2a: Tundra
|
|-weather|Sandstorm|[upkeep]
|upkeep
|turn|11
|
|t:|1727788390
|move|p1a: They|Hidden Power|p2a: Tundra
|-supereffective|p2a: Tundra
|-damage|p2a: Tundra|69/100
|move|p2a: Tundra|Rock Slide|p1a: They
|-resisted|p1a: They
|-damage|p1a: They|80/100
|
|-weather|Sandstorm|[upkeep]
|-heal|p1a: They|86/100|[from] item: Leftovers
|-heal|p2a: Tundra|75/100|[from] item: Leftovers
|upkeep
|turn|12
|
|t:|1727788396
|switch|p1a: Battery|Dugtrio, M|100/100
|move|p2a: Tundra|Earthquake|p1a: Battery
|-damage|p1a: Battery|5/100
|
|-weather|Sandstorm|[upkeep]
|-heal|p2a: Tundra|81/100|[from] item: Leftovers
|upkeep
|turn|13
|
|t:|1727788402
|move|p1a: Battery|Earthquake|p2a: Tundra
|-supereffective|p2a: Tundra
|-damage|p2a: Tundra|0 fnt
|faint|p2a: Tundra
|
|t:|1727788407
|switch|p2a: Dexter|Gengar, M, shiny|100/100
|
|-weather|Sandstorm|[upkeep]
|-damage|p2a: Dexter|94/100|[from] Sandstorm
|-heal|p2a: Dexter|100/100|[from] item: Leftovers
|upkeep
|turn|14
|
|t:|1727788419
|switch|p1a: Her|Celebi|100/100
|move|p2a: Dexter|Will-O-Wisp|p1a: Her
|-status|p1a: Her|brn
|
|-weather|Sandstorm|[upkeep]
|-damage|p2a: Dexter|94/100|[from] Sandstorm
|-damage|p1a: Her|94/100 brn|[from] Sandstorm
|-heal|p2a: Dexter|100/100|[from] item: Leftovers
|-heal|p1a: Her|100/100 brn|[from] item: Leftovers
|-damage|p1a: Her|88/100 brn|[from] brn
|upkeep
|turn|15
|
|t:|1727788426
|switch|p2a: Moltres|Moltres|100/100
|move|p1a: Her|Baton Pass|p1a: Her
|
|t:|1727788444
|-curestatus|p1a: Her|brn|[from] ability: Natural Cure
|switch|p1a: Him|Suicune|85/100|[from] Baton Pass
|
|-weather|Sandstorm|[upkeep]
|-damage|p2a: Moltres|94/100|[from] Sandstorm
|-damage|p1a: Him|79/100|[from] Sandstorm
|-heal|p2a: Moltres|100/100|[from] item: Leftovers
|-heal|p1a: Him|85/100|[from] item: Leftovers
|upkeep
|turn|16
|
|t:|1727788473
|switch|p2a: Skarmory|Skarmory, F|100/100
|move|p1a: Him|Calm Mind|p1a: Him
|-boost|p1a: Him|spa|1
|-boost|p1a: Him|spd|1
|
|-weather|Sandstorm|[upkeep]
|-damage|p1a: Him|79/100|[from] Sandstorm
|-heal|p1a: Him|85/100|[from] item: Leftovers
|upkeep
|turn|17
|
|t:|1727788479
|move|p1a: Him|Surf|p2a: Skarmory
|-damage|p2a: Skarmory|39/100
|move|p2a: Skarmory|Spikes|p1a: Him
|-sidestart|p1: omghide|Spikes
|
|-weather|Sandstorm|[upkeep]
|-damage|p1a: Him|79/100|[from] Sandstorm
|-heal|p1a: Him|85/100|[from] item: Leftovers
|-heal|p2a: Skarmory|45/100|[from] item: Leftovers
|upkeep
|turn|18
|
|t:|1727788485
|move|p1a: Him|Surf|p2a: Skarmory
|-damage|p2a: Skarmory|0 fnt
|faint|p2a: Skarmory
|
|t:|1727788487
|switch|p2a: Dexter|Gengar, M, shiny|100/100
|
|-weather|Sandstorm|[upkeep]
|-damage|p2a: Dexter|94/100|[from] Sandstorm
|-damage|p1a: Him|79/100|[from] Sandstorm
|-heal|p2a: Dexter|100/100|[from] item: Leftovers
|-heal|p1a: Him|85/100|[from] item: Leftovers
|upkeep
|turn|19
|
|t:|1727788492
|move|p2a: Dexter|Thunderbolt|p1a: Him
|-supereffective|p1a: Him
|-damage|p1a: Him|46/100
|-status|p1a: Him|par
|move|p1a: Him|Surf|p2a: Dexter
|-damage|p2a: Dexter|26/100
|
|-weather|Sandstorm|[upkeep]
|-damage|p2a: Dexter|20/100|[from] Sandstorm
|-damage|p1a: Him|40/100 par|[from] Sandstorm
|-heal|p2a: Dexter|26/100|[from] item: Leftovers
|-heal|p1a: Him|46/100 par|[from] item: Leftovers
|upkeep
|turn|20
|
|t:|1727788498
|move|p2a: Dexter|Thunderbolt|p1a: Him
|-supereffective|p1a: Him
|-damage|p1a: Him|8/100 par
|cant|p1a: Him|par
|
|-weather|Sandstorm|[upkeep]
|-damage|p2a: Dexter|20/100|[from] Sandstorm
|-damage|p1a: Him|2/100 par|[from] Sandstorm
|-heal|p2a: Dexter|26/100|[from] item: Leftovers
|-heal|p1a: Him|8/100 par|[from] item: Leftovers
|upkeep
|turn|21
|
|t:|1727788506
|move|p2a: Dexter|Thunderbolt|p1a: Him
|-supereffective|p1a: Him
|-damage|p1a: Him|0 fnt
|faint|p1a: Him
|
|t:|1727788531
|switch|p1a: They|Jirachi|86/100
|-damage|p1a: They|73/100|[from] Spikes
|
|-weather|Sandstorm|[upkeep]
|-damage|p2a: Dexter|20/100|[from] Sandstorm
|-heal|p1a: They|79/100|[from] item: Leftovers
|-heal|p2a: Dexter|26/100|[from] item: Leftovers
|upkeep
|turn|22
|
|t:|1727788536
|move|p1a: They|Calm Mind|p1a: They
|-boost|p1a: They|spa|1
|-boost|p1a: They|spd|1
|move|p2a: Dexter|Will-O-Wisp|p1a: They
|-status|p1a: They|brn
|
|-weather|Sandstorm|[upkeep]
|-damage|p2a: Dexter|20/100|[from] Sandstorm
|-heal|p1a: They|86/100 brn|[from] item: Leftovers
|-damage|p1a: They|73/100 brn|[from] brn
|-heal|p2a: Dexter|26/100|[from] item: Leftovers
|upkeep
|turn|23
|
|t:|1727788554
|move|p1a: They|Psychic|p2a: Dexter
|-supereffective|p2a: Dexter
|-damage|p2a: Dexter|0 fnt
|faint|p2a: Dexter
|
|t:|1727788556
|switch|p2a: Moltres|Moltres|100/100
|
|-weather|Sandstorm|[upkeep]
|-damage|p2a: Moltres|94/100|[from] Sandstorm
|-heal|p1a: They|79/100 brn|[from] item: Leftovers
|-damage|p1a: They|67/100 brn|[from] brn
|-heal|p2a: Moltres|100/100|[from] item: Leftovers
|upkeep
|turn|24
|
|t:|1727788559
|move|p1a: They|Psychic|p2a: Moltres
|-damage|p2a: Moltres|30/100
|move|p2a: Moltres|Flamethrower|p1a: They
|-supereffective|p1a: They
|-damage|p1a: They|2/100 brn
|
|-weather|Sandstorm|[upkeep]
|-damage|p2a: Moltres|24/100|[from] Sandstorm
|-heal|p1a: They|9/100 brn|[from] item: Leftovers
|-damage|p1a: They|0 fnt|[from] brn
|faint|p1a: They
|-heal|p2a: Moltres|30/100|[from] item: Leftovers
|upkeep
|
|t:|1727788575
|switch|p1a: Button Clicker|Zapdos|82/100
|turn|25
|
|t:|1727788586
|switch|p2a: Gordon|Jolteon, M, shiny|63/100
|move|p1a: Button Clicker|Substitute|p1a: Button Clicker
|-start|p1a: Button Clicker|Substitute
|-damage|p1a: Button Clicker|57/100
|
|-weather|Sandstorm|[upkeep]
|-damage|p2a: Gordon|57/100|[from] Sandstorm
|-damage|p1a: Button Clicker|51/100|[from] Sandstorm
|-heal|p2a: Gordon|63/100|[from] item: Leftovers
|-heal|p1a: Button Clicker|57/100|[from] item: Leftovers
|upkeep
|turn|26
|
|t:|1727788596
|move|p2a: Gordon|Thunderbolt|p1a: Button Clicker
|-end|p1a: Button Clicker|Substitute
|move|p1a: Button Clicker|Hidden Power|p2a: Gordon
|-damage|p2a: Gordon|33/100
|
|-weather|Sandstorm|[upkeep]
|-damage|p2a: Gordon|27/100|[from] Sandstorm
|-damage|p1a: Button Clicker|51/100|[from] Sandstorm
|-heal|p2a: Gordon|33/100|[from] item: Leftovers
|-heal|p1a: Button Clicker|57/100|[from] item: Leftovers
|upkeep
|turn|27
|
|t:|1727788602
|move|p2a: Gordon|Thunderbolt|p1a: Button Clicker
|-damage|p1a: Button Clicker|14/100
|move|p1a: Button Clicker|Hidden Power|p2a: Gordon
|-damage|p2a: Gordon|4/100
|
|-weather|Sandstorm|[upkeep]
|-damage|p2a: Gordon|0 fnt|[from] Sandstorm
|-damage|p1a: Button Clicker|8/100|[from] Sandstorm
|faint|p2a: Gordon
|-heal|p1a: Button Clicker|14/100|[from] item: Leftovers
|upkeep
|
|t:|1727788605
|switch|p2a: LeBron|Swampert, M, shiny|100/100
|turn|28
|
|t:|1727788608
|move|p1a: Button Clicker|Hidden Power|p2a: LeBron
|-supereffective|p2a: LeBron
|-damage|p2a: LeBron|12/100
|move|p2a: LeBron|Ice Beam|p1a: Button Clicker
|-supereffective|p1a: Button Clicker
|-damage|p1a: Button Clicker|0 fnt
|faint|p1a: Button Clicker
|
|t:|1727788614
|switch|p1a: Her|Celebi|88/100
|-damage|p1a: Her|76/100|[from] Spikes
|
|-weather|Sandstorm|[upkeep]
|-damage|p1a: Her|70/100|[from] Sandstorm
|-heal|p1a: Her|76/100|[from] item: Leftovers
|-heal|p2a: LeBron|19/100|[from] item: Leftovers
|upkeep
|turn|29
|
|t:|1727788626
|move|p1a: Her|Calm Mind|p1a: Her
|-boost|p1a: Her|spa|1
|-boost|p1a: Her|spd|1
|move|p2a: LeBron|Ice Beam|p1a: Her
|-supereffective|p1a: Her
|-damage|p1a: Her|46/100
|
|-weather|Sandstorm|[upkeep]
|-damage|p1a: Her|40/100|[from] Sandstorm
|-heal|p1a: Her|46/100|[from] item: Leftovers
|-heal|p2a: LeBron|25/100|[from] item: Leftovers
|upkeep
|turn|30
|
|t:|1727788634
|move|p1a: Her|Calm Mind|p1a: Her
|-boost|p1a: Her|spa|1
|-boost|p1a: Her|spd|1
|move|p2a: LeBron|Ice Beam|p1a: Her
|-supereffective|p1a: Her
|-damage|p1a: Her|25/100
|-status|p1a: Her|frz
|
|-weather|Sandstorm|[upkeep]
|-damage|p1a: Her|19/100 frz|[from] Sandstorm
|-heal|p1a: Her|25/100 frz|[from] item: Leftovers
|-heal|p2a: LeBron|31/100|[from] item: Leftovers
|upkeep
|turn|31
|
|t:|1727788639
|cant|p1a: Her|frz
|move|p2a: LeBron|Ice Beam|p1a: Her
|-supereffective|p1a: Her
|-damage|p1a: Her|3/100 frz
|
|-weather|Sandstorm|[upkeep]
|-damage|p1a: Her|0 fnt|[from] Sandstorm
|faint|p1a: Her
|-heal|p2a: LeBron|37/100|[from] item: Leftovers
|upkeep
|c|☆Seradess|ok greed wtf
|
|t:|1727788643
|switch|p1a: Battery|Dugtrio, M|5/100
|-damage|p1a: Battery|0 fnt|[from] Spikes
|faint|p1a: Battery
|
|win|Seradess
|c|☆Seradess|you won that
|c|☆omghide|haha
|c|☆omghide|on to the next one 
|player|p2|
|player|p1|

</script>
<script type="application/json" class="data" id="replaydata-smogtours-gen3ou-793761">
{"id":"smogtours-gen3ou-793761","format":"[Gen 3] OU","players":["omghide","Seradess"],"uploadtime":1727788643,"views":176,"formatid":"gen3ou","rating":null,"private":0,"password":null}
</script>

<script defer src="js/replays.js?9d40a366"></script>
