<!DOCTYPE html>
<meta charset="utf-8" />
<meta name="viewport" content="width=device-width" />

<title>[Gen 3] OU: Big Chungus irl vs. Figull400 - Replays - Pok&eacute;mon Showdown!</title>

<meta name="description" content="Watch a replay of a Pok&eacute;mon battle between Big Chungus irl and Figull400! Format: [Gen 3] OU; Date: Nov 1, 2024" />
<!--

Hey, you! Looking in the source for the replay log?

You can find them in JSON format, just add `.json` at the end of a replay URL.

https://replay.pokemonshowdown.com/gen7randomdoublesbattle-865046831.json

Or, if you only need the log itself, add `.log` instead:

https://replay.pokemonshowdown.com/gen7randomdoublesbattle-865046831.log

-->

<link rel="stylesheet" href="//pokemonshowdown.com/style/global.css?0.023195364461161105" />
<link rel="stylesheet" href="//play.pokemonshowdown.com/style/font-awesome.css?0.13261647063804238" />
<link rel="stylesheet" href="//play.pokemonshowdown.com/style/battle.css?0.8753245789963631" />
<link rel="stylesheet" href="//play.pokemonshowdown.com/style/utilichart.css?0.8627959624976733" />

<!-- Global site tag (gtag.js) - Google Analytics -->
<script async src="https://www.googletagmanager.com/gtag/js?id=UA-26211653-1"></script>
<script>
  window.dataLayer = window.dataLayer || [];
  function gtag(){dataLayer.push(arguments);}
  gtag('js', new Date());

  gtag('config', 'UA-26211653-1');
</script>
<!-- End Google Analytics -->
<!-- Venatus Ad Manager - Install in <HEAD> of page -->
	<script src="https://hb.vntsm.com/v3/live/ad-manager.min.js" type="text/javascript" data-site-id="642aba63ec9a7b11c3c9c1be" data-mode="scan" async></script>
<!-- / Venatus Ad Manager -->

<style>
	@media (max-width:820px) {
		.battle {
			margin: 0 auto;
		}
		.battle-log {
			margin: 7px auto 0;
			max-width: 640px;
			height: 300px;
			position: static;
		}
	}
	.optgroup {
		display: inline-block;
		line-height: 22px;
		font-size: 10pt;
	}
	.optgroup .button {
		height: 25px;
		padding-top: 0;
		padding-bottom: 0;
	}
	.optgroup button.button {
		padding-left: 12px;
		padding-right: 12px;
	}
	.linklist {
		list-style: none;
		margin: 0.5em 0;
		padding: 0;
	}
	.linklist li {
		padding: 2px 0;
	}
	.sidebar {
		float: left;
		width: 320px;
	}
	.bar-wrapper {
		max-width: 1100px;
		margin: 0 auto;
	}
	.bar-wrapper.has-sidebar {
		max-width: 1430px;
	}
	.mainbar {
		margin: 0;
		padding-right: 1px;
	}
	.mainbar.has-sidebar {
		margin-left: 330px;
	}
	@media (min-width: 1511px) {
		.sidebar {
			width: 400px;
		}
		.bar-wrapper.has-sidebar {
			max-width: 1510px;
		}
		.mainbar.has-sidebar {
			margin-left: 410px;
		}
	}
	.section.first-section {
		margin-top: 9px;
	}
	.blocklink small {
		white-space: normal;
	}
	.button {
		vertical-align: middle;
	}
	.replay-controls {
		padding-top: 10px;
	}
	.replay-controls h1 {
		font-size: 16pt;
		font-weight: normal;
		color: #CCC;
	}
	.pagelink {
		text-align: center;
	}
	.pagelink a {
		width: 150px;
	}
	.textbox, .button {
		font-size: 11pt;
		vertical-align: middle;
	}
	@media (max-width: 450px) {
		.button {
			font-size: 9pt;
		}
	}
</style>

<div>

	<header>
		<div class="nav-wrapper"><ul class="nav">
			<li><a class="button nav-first" href="//pokemonshowdown.com/"><img src="//pokemonshowdown.com/images/pokemonshowdownbeta.png" srcset="//pokemonshowdown.com/images/pokemonshowdownbeta.png 1x, //pokemonshowdown.com/images/pokemonshowdownbeta@2x.png 2x" alt="Pok&eacute;mon Showdown" width="146" height="44" /> Home</a></li>
			<li><a class="button" href="//pokemonshowdown.com/dex/">Pok&eacute;dex</a></li>
			<li><a class="button cur" href="/">Replays</a></li>
			<li><a class="button" href="//pokemonshowdown.com/ladder/">Ladder</a></li>
			<li><a class="button nav-last" href="//pokemonshowdown.com/forums/">Forum</a></li>
			<li><a class="button greenbutton nav-first nav-last" href="//play.pokemonshowdown.com/">Play</a></li>
		</ul></div>
	</header>

	<div class="main" id="main">

		<noscript><section class="section">You need to enable JavaScript to use this page; sorry!</section></noscript>

	</div>

</div>

<script defer nomodule src="//play.pokemonshowdown.com/js/lib/ps-polyfill.js"></script>
<script defer src="//play.pokemonshowdown.com/js/lib/preact.min.js"></script>

<script defer src="//play.pokemonshowdown.com/config/config.js?2bddbc15"></script>
<script defer src="//play.pokemonshowdown.com/js/lib/jquery-1.11.0.min.js"></script>
<script defer src="//play.pokemonshowdown.com/js/lib/html-sanitizer-minified.js"></script>
<script defer src="//play.pokemonshowdown.com/js/battle-sound.js"></script>
<script defer src="//play.pokemonshowdown.com/js/battledata.js?0.7209276989879541"></script>
<script defer src="//play.pokemonshowdown.com/data/pokedex-mini.js?0.6111056340867951"></script>
<script defer src="//play.pokemonshowdown.com/data/pokedex-mini-bw.js?0.3532142036491459"></script>
<script defer src="//play.pokemonshowdown.com/data/graphics.js?0.24223875632456182"></script>
<script defer src="//play.pokemonshowdown.com/data/pokedex.js?0.38839984266356864"></script>
<script defer src="//play.pokemonshowdown.com/data/moves.js?0.21866028504024015"></script>
<script defer src="//play.pokemonshowdown.com/data/abilities.js?0.2005157953846628"></script>
<script defer src="//play.pokemonshowdown.com/data/items.js?0.9894211263848525"></script>
<script defer src="//play.pokemonshowdown.com/data/teambuilder-tables.js?0.6008791140282215"></script>
<script defer src="//play.pokemonshowdown.com/js/battle-tooltips.js?0.7580118955022959"></script>
<script defer src="//play.pokemonshowdown.com/js/battle.js?0.6057722274234274"></script>

<script defer src="js/utils.js?e31f9a17"></script>
<script defer src="js/replays-battle.js?7008c182"></script>

<!-- don't scrape this data! just add .json or .log after the URL!
Full API docs: https://github.com/smogon/pokemon-showdown-client/blob/master/WEB-API.md -->
<script type="text/plain" class="log" id="replaylog-smogtours-gen3ou-803760">
|inactive|Battle timer is ON: inactive players will automatically lose when time's up.
|t:|1730485346
|gametype|singles
|player|p1|Big Chungus irl|firebreather|
|player|p2|Figull400|gambler|
|teamsize|p1|6
|teamsize|p2|6
|gen|3
|tier|[Gen 3] OU
|rule|Sleep Clause Mod: Limit one foe put to sleep
|rule|Switch Priority Clause Mod: Faster Pokémon switch first
|rule|Species Clause: Limit one of each Pokémon
|rule|OHKO Clause: OHKO moves are banned
|rule|Evasion Items Clause: Evasion items are banned
|rule|Evasion Moves Clause: Evasion moves are banned
|rule|Endless Battle Clause: Forcing endless battles is banned
|rule|HP Percentage Mod: HP is shown in percentages
|rule|One Boost Passer Clause: Limit one Baton Passer that has a way to boost its stats
|rule|Freeze Clause Mod: Limit one foe frozen
|
|t:|1730485346
|start
|switch|p1a: Zapdos|Zapdos|100/100
|switch|p2a: Tyranitar|Tyranitar, F|100/100
|-weather|Sandstorm|[from] ability: Sand Stream|[of] p2a: Tyranitar
|turn|1
|c|☆Figull400|hf
|
|t:|1730485356
|move|p1a: Zapdos|Substitute|p1a: Zapdos
|-start|p1a: Zapdos|Substitute
|-damage|p1a: Zapdos|76/100
|move|p2a: Tyranitar|Rock Slide|p1a: Zapdos
|-supereffective|p1a: Zapdos
|-end|p1a: Zapdos|Substitute
|
|-weather|Sandstorm|[upkeep]
|-damage|p1a: Zapdos|69/100|[from] Sandstorm
|-heal|p1a: Zapdos|76/100|[from] item: Leftovers
|upkeep
|turn|2
|c|☆Big Chungus irl|gl and hf
|
|t:|1730485365
|move|p1a: Zapdos|Baton Pass|p1a: Zapdos
|
|t:|1730485367
|switch|p1a: Jirachi|Jirachi|100/100|[from] Baton Pass
|move|p2a: Tyranitar|Rock Slide|p1a: Jirachi
|-resisted|p1a: Jirachi
|-damage|p1a: Jirachi|82/100
|
|-weather|Sandstorm|[upkeep]
|-heal|p1a: Jirachi|88/100|[from] item: Leftovers
|upkeep
|turn|3
|
|t:|1730485385
|switch|p1a: Celebi|Celebi|100/100
|switch|p2a: Moltres|Moltres|100/100
|
|-weather|Sandstorm|[upkeep]
|-damage|p1a: Celebi|94/100|[from] Sandstorm
|-damage|p2a: Moltres|94/100|[from] Sandstorm
|-heal|p1a: Celebi|100/100|[from] item: Leftovers
|-heal|p2a: Moltres|100/100|[from] item: Leftovers
|upkeep
|turn|4
|
|t:|1730485393
|switch|p1a: Suicune|Suicune|100/100
|move|p2a: Moltres|Flamethrower|p1a: Suicune
|-resisted|p1a: Suicune
|-damage|p1a: Suicune|82/100
|
|-weather|Sandstorm|[upkeep]
|-damage|p2a: Moltres|94/100|[from] Sandstorm
|-damage|p1a: Suicune|76/100|[from] Sandstorm
|-heal|p2a: Moltres|100/100|[from] item: Leftovers
|-heal|p1a: Suicune|82/100|[from] item: Leftovers
|upkeep
|turn|5
|
|t:|1730485402
|switch|p2a: Blissey|Blissey, F|100/100
|move|p1a: Suicune|Surf|p2a: Blissey
|-damage|p2a: Blissey|89/100
|
|-weather|Sandstorm|[upkeep]
|-damage|p1a: Suicune|76/100|[from] Sandstorm
|-damage|p2a: Blissey|83/100|[from] Sandstorm
|-heal|p1a: Suicune|82/100|[from] item: Leftovers
|-heal|p2a: Blissey|89/100|[from] item: Leftovers
|upkeep
|turn|6
|
|t:|1730485420
|switch|p1a: Celebi|Celebi|100/100
|move|p2a: Blissey|Ice Beam|p1a: Celebi
|-supereffective|p1a: Celebi
|-damage|p1a: Celebi|53/100
|
|-weather|Sandstorm|[upkeep]
|-damage|p1a: Celebi|47/100|[from] Sandstorm
|-damage|p2a: Blissey|83/100|[from] Sandstorm
|-heal|p1a: Celebi|53/100|[from] item: Leftovers
|-heal|p2a: Blissey|89/100|[from] item: Leftovers
|upkeep
|turn|7
|
|t:|1730485428
|switch|p1a: Regice|Regice|100/100
|move|p2a: Blissey|Ice Beam|p1a: Regice
|-resisted|p1a: Regice
|-damage|p1a: Regice|94/100
|
|-weather|Sandstorm|[upkeep]
|-damage|p2a: Blissey|83/100|[from] Sandstorm
|-damage|p1a: Regice|88/100|[from] Sandstorm
|-heal|p2a: Blissey|89/100|[from] item: Leftovers
|-heal|p1a: Regice|94/100|[from] item: Leftovers
|upkeep
|turn|8
|
|t:|1730485447
|switch|p2a: Swampert|Swampert, F|100/100
|move|p1a: Regice|Thunder Wave|p2a: Swampert
|-immune|p2a: Swampert
|
|-weather|Sandstorm|[upkeep]
|-damage|p1a: Regice|88/100|[from] Sandstorm
|-heal|p1a: Regice|94/100|[from] item: Leftovers
|upkeep
|turn|9
|
|t:|1730485455
|switch|p1a: Suicune|Suicune|82/100
|move|p2a: Swampert|Earthquake|p1a: Suicune
|-damage|p1a: Suicune|62/100
|
|-weather|Sandstorm|[upkeep]
|-damage|p1a: Suicune|56/100|[from] Sandstorm
|-heal|p1a: Suicune|62/100|[from] item: Leftovers
|upkeep
|turn|10
|
|t:|1730485468
|switch|p2a: Blissey|Blissey, F|89/100
|move|p1a: Suicune|Surf|p2a: Blissey
|-damage|p2a: Blissey|76/100
|
|-weather|Sandstorm|[upkeep]
|-damage|p1a: Suicune|56/100|[from] Sandstorm
|-damage|p2a: Blissey|70/100|[from] Sandstorm
|-heal|p1a: Suicune|62/100|[from] item: Leftovers
|-heal|p2a: Blissey|76/100|[from] item: Leftovers
|upkeep
|turn|11
|
|t:|1730485472
|switch|p1a: Regice|Regice|94/100
|move|p2a: Blissey|Soft-Boiled|p2a: Blissey
|-heal|p2a: Blissey|100/100
|
|-weather|Sandstorm|[upkeep]
|-damage|p2a: Blissey|94/100|[from] Sandstorm
|-damage|p1a: Regice|88/100|[from] Sandstorm
|-heal|p2a: Blissey|100/100|[from] item: Leftovers
|-heal|p1a: Regice|94/100|[from] item: Leftovers
|upkeep
|turn|12
|
|t:|1730485479
|switch|p2a: Tyranitar|Tyranitar, F|100/100
|move|p1a: Regice|Ice Beam|p2a: Tyranitar
|-damage|p2a: Tyranitar|62/100
|
|-weather|Sandstorm|[upkeep]
|-damage|p1a: Regice|88/100|[from] Sandstorm
|-heal|p2a: Tyranitar|68/100|[from] item: Leftovers
|-heal|p1a: Regice|94/100|[from] item: Leftovers
|upkeep
|turn|13
|
|t:|1730485493
|switch|p1a: Jirachi|Jirachi|88/100
|move|p2a: Tyranitar|Rock Slide|p1a: Jirachi
|-resisted|p1a: Jirachi
|-damage|p1a: Jirachi|68/100
|
|-weather|Sandstorm|[upkeep]
|-heal|p1a: Jirachi|74/100|[from] item: Leftovers
|-heal|p2a: Tyranitar|74/100|[from] item: Leftovers
|upkeep
|turn|14
|
|t:|1730485517
|move|p1a: Jirachi|Thunderbolt|p2a: Tyranitar
|-damage|p2a: Tyranitar|48/100
|move|p2a: Tyranitar|Dragon Dance|p2a: Tyranitar
|-boost|p2a: Tyranitar|atk|1
|-boost|p2a: Tyranitar|spe|1
|
|-weather|Sandstorm|[upkeep]
|-heal|p2a: Tyranitar|55/100|[from] item: Leftovers
|-heal|p1a: Jirachi|80/100|[from] item: Leftovers
|upkeep
|turn|15
|
|t:|1730485526
|move|p2a: Tyranitar|Dragon Dance|p2a: Tyranitar
|-boost|p2a: Tyranitar|atk|1
|-boost|p2a: Tyranitar|spe|1
|move|p1a: Jirachi|Thunderbolt|p2a: Tyranitar
|-damage|p2a: Tyranitar|28/100
|
|-weather|Sandstorm|[upkeep]
|-heal|p2a: Tyranitar|34/100|[from] item: Leftovers
|-heal|p1a: Jirachi|86/100|[from] item: Leftovers
|upkeep
|turn|16
|
|t:|1730485531
|move|p2a: Tyranitar|Earthquake|p1a: Jirachi
|-supereffective|p1a: Jirachi
|-damage|p1a: Jirachi|0 fnt
|faint|p1a: Jirachi
|
|t:|1730485535
|switch|p1a: Suicune|Suicune|62/100
|
|-weather|Sandstorm|[upkeep]
|-damage|p1a: Suicune|56/100|[from] Sandstorm
|-heal|p2a: Tyranitar|40/100|[from] item: Leftovers
|-heal|p1a: Suicune|62/100|[from] item: Leftovers
|upkeep
|turn|17
|
|t:|1730485540
|move|p2a: Tyranitar|Rock Slide|p1a: Suicune
|-damage|p1a: Suicune|16/100
|move|p1a: Suicune|Surf|p2a: Tyranitar
|-supereffective|p2a: Tyranitar
|-damage|p2a: Tyranitar|0 fnt
|faint|p2a: Tyranitar
|
|t:|1730485545
|switch|p2a: Moltres|Moltres|100/100
|
|-weather|Sandstorm|[upkeep]
|-damage|p2a: Moltres|94/100|[from] Sandstorm
|-damage|p1a: Suicune|9/100|[from] Sandstorm
|-heal|p2a: Moltres|100/100|[from] item: Leftovers
|-heal|p1a: Suicune|16/100|[from] item: Leftovers
|upkeep
|turn|18
|
|t:|1730485553
|switch|p1a: Zapdos|Zapdos|76/100
|move|p2a: Moltres|Flamethrower|p1a: Zapdos
|-damage|p1a: Zapdos|22/100
|
|-weather|Sandstorm|[upkeep]
|-damage|p1a: Zapdos|15/100|[from] Sandstorm
|-damage|p2a: Moltres|94/100|[from] Sandstorm
|-heal|p1a: Zapdos|22/100|[from] item: Leftovers
|-heal|p2a: Moltres|100/100|[from] item: Leftovers
|upkeep
|turn|19
|
|t:|1730485560
|switch|p2a: Blissey|Blissey, F|100/100
|move|p1a: Zapdos|Baton Pass|p1a: Zapdos
|
|t:|1730485562
|switch|p1a: Dugtrio|Dugtrio, F|100/100|[from] Baton Pass
|
|-weather|Sandstorm|[upkeep]
|-damage|p2a: Blissey|94/100|[from] Sandstorm
|-heal|p2a: Blissey|100/100|[from] item: Leftovers
|upkeep
|turn|20
|
|t:|1730485565
|move|p1a: Dugtrio|Earthquake|p2a: Blissey
|-damage|p2a: Blissey|40/100
|move|p2a: Blissey|Ice Beam|p1a: Dugtrio
|-supereffective|p1a: Dugtrio
|-damage|p1a: Dugtrio|7/100
|
|-weather|Sandstorm|[upkeep]
|-damage|p2a: Blissey|34/100|[from] Sandstorm
|-heal|p2a: Blissey|40/100|[from] item: Leftovers
|upkeep
|turn|21
|
|t:|1730485571
|move|p1a: Dugtrio|Earthquake|p2a: Blissey
|-damage|p2a: Blissey|0 fnt
|faint|p2a: Blissey
|
|t:|1730485573
|switch|p2a: Skarmory|Skarmory, F|100/100
|
|-weather|Sandstorm|[upkeep]
|upkeep
|turn|22
|
|t:|1730485585
|switch|p1a: Suicune|Suicune|16/100
|move|p2a: Skarmory|Spikes|p1a: Suicune
|-sidestart|p1: Big Chungus irl|Spikes
|
|-weather|Sandstorm|[upkeep]
|-damage|p1a: Suicune|9/100|[from] Sandstorm
|-heal|p1a: Suicune|16/100|[from] item: Leftovers
|upkeep
|turn|23
|
|t:|1730485588
|switch|p2a: Jirachi|Jirachi|100/100
|move|p1a: Suicune|Rest|p1a: Suicune
|-status|p1a: Suicune|slp|[from] move: Rest
|-heal|p1a: Suicune|100/100 slp|[silent]
|
|-weather|Sandstorm|[upkeep]
|-damage|p1a: Suicune|94/100 slp|[from] Sandstorm
|-heal|p1a: Suicune|100/100 slp|[from] item: Leftovers
|upkeep
|turn|24
|inactive|Big Chungus irl has 270 seconds left.
|
|t:|1730485620
|switch|p1a: Dugtrio|Dugtrio, F|7/100
|-damage|p1a: Dugtrio|0 fnt|[from] Spikes
|faint|p1a: Dugtrio
|inactive|Big Chungus irl has 270 seconds left.
|
|t:|1730485627
|switch|p1a: Zapdos|Zapdos|22/100
|
|-weather|Sandstorm|[upkeep]
|-damage|p1a: Zapdos|15/100|[from] Sandstorm
|-heal|p1a: Zapdos|22/100|[from] item: Leftovers
|upkeep
|turn|25
|
|t:|1730485631
|move|p1a: Zapdos|Thunderbolt|p2a: Jirachi
|-damage|p2a: Jirachi|57/100
|move|p2a: Jirachi|Thunderbolt|p1a: Zapdos
|-damage|p1a: Zapdos|0 fnt
|faint|p1a: Zapdos
|inactive|Big Chungus irl has 270 seconds left.
|
|t:|1730485654
|switch|p1a: Celebi|Celebi|53/100
|-damage|p1a: Celebi|40/100|[from] Spikes
|
|-weather|Sandstorm|[upkeep]
|-damage|p1a: Celebi|34/100|[from] Sandstorm
|-heal|p1a: Celebi|40/100|[from] item: Leftovers
|-heal|p2a: Jirachi|64/100|[from] item: Leftovers
|upkeep
|turn|26
|
|t:|1730485661
|move|p1a: Celebi|Calm Mind|p1a: Celebi
|-boost|p1a: Celebi|spa|1
|-boost|p1a: Celebi|spd|1
|move|p2a: Jirachi|Ice Punch|p1a: Celebi
|-supereffective|p1a: Celebi
|-damage|p1a: Celebi|13/100
|-status|p1a: Celebi|frz
|
|-weather|Sandstorm|[upkeep]
|-damage|p1a: Celebi|7/100 frz|[from] Sandstorm
|-heal|p1a: Celebi|13/100 frz|[from] item: Leftovers
|-heal|p2a: Jirachi|70/100|[from] item: Leftovers
|upkeep
|turn|27
|
|t:|1730485669
|cant|p1a: Celebi|frz
|move|p2a: Jirachi|Calm Mind|p2a: Jirachi
|-boost|p2a: Jirachi|spa|1
|-boost|p2a: Jirachi|spd|1
|
|-weather|Sandstorm|[upkeep]
|-damage|p1a: Celebi|7/100 frz|[from] Sandstorm
|-heal|p1a: Celebi|13/100 frz|[from] item: Leftovers
|-heal|p2a: Jirachi|76/100|[from] item: Leftovers
|upkeep
|turn|28
|c|☆Big Chungus irl|gg
|
|t:|1730485674
|cant|p1a: Celebi|frz
|move|p2a: Jirachi|Ice Punch|p1a: Celebi
|-supereffective|p1a: Celebi
|-damage|p1a: Celebi|0 fnt
|faint|p1a: Celebi
|c|☆Big Chungus irl|that freeze killed me
|
|t:|1730485682
|switch|p1a: Regice|Regice|94/100
|-damage|p1a: Regice|82/100|[from] Spikes
|
|-weather|Sandstorm|[upkeep]
|-damage|p1a: Regice|75/100|[from] Sandstorm
|-heal|p2a: Jirachi|82/100|[from] item: Leftovers
|-heal|p1a: Regice|82/100|[from] item: Leftovers
|upkeep
|turn|29
|
|t:|1730485684
|move|p2a: Jirachi|Substitute|p2a: Jirachi
|-start|p2a: Jirachi|Substitute
|-damage|p2a: Jirachi|57/100
|move|p1a: Regice|Ice Beam|p2a: Jirachi
|-resisted|p2a: Jirachi
|-activate|p2a: Jirachi|Substitute|[damage]
|
|-weather|Sandstorm|[upkeep]
|-damage|p1a: Regice|75/100|[from] Sandstorm
|-heal|p2a: Jirachi|63/100|[from] item: Leftovers
|-heal|p1a: Regice|82/100|[from] item: Leftovers
|upkeep
|turn|30
|
|t:|1730485687
|move|p2a: Jirachi|Calm Mind|p2a: Jirachi
|-boost|p2a: Jirachi|spa|1
|-boost|p2a: Jirachi|spd|1
|move|p1a: Regice|Ice Beam|p2a: Jirachi
|-resisted|p2a: Jirachi
|-activate|p2a: Jirachi|Substitute|[damage]
|
|-weather|Sandstorm|[upkeep]
|-damage|p1a: Regice|75/100|[from] Sandstorm
|-heal|p2a: Jirachi|70/100|[from] item: Leftovers
|-heal|p1a: Regice|82/100|[from] item: Leftovers
|upkeep
|turn|31
|
|t:|1730485694
|move|p2a: Jirachi|Calm Mind|p2a: Jirachi
|-boost|p2a: Jirachi|spa|1
|-boost|p2a: Jirachi|spd|1
|move|p1a: Regice|Explosion|p2a: Jirachi
|-resisted|p2a: Jirachi
|-end|p2a: Jirachi|Substitute
|faint|p1a: Regice
|
|t:|1730485696
|switch|p1a: Suicune|Suicune|100/100 slp
|-damage|p1a: Suicune|88/100 slp|[from] Spikes
|
|-weather|Sandstorm|[upkeep]
|-damage|p1a: Suicune|82/100 slp|[from] Sandstorm
|-heal|p2a: Jirachi|76/100|[from] item: Leftovers
|-heal|p1a: Suicune|88/100 slp|[from] item: Leftovers
|upkeep
|turn|32
|c|☆Figull400|i think it was kinda over anyway no?
|
|t:|1730485701
|move|p2a: Jirachi|Thunderbolt|p1a: Suicune
|-supereffective|p1a: Suicune
|-damage|p1a: Suicune|0 fnt
|faint|p1a: Suicune
|
|win|Figull400
|c|☆Big Chungus irl|not really
|c|☆Big Chungus irl|if celebi broke through
|c|☆Big Chungus irl|the rachi
|c|☆Big Chungus irl|I could absolutely win
|c|☆Big Chungus irl|especially with last mon cune
|c|☆Figull400|was it recover?
|c|☆Big Chungus irl|no but it was HP fire
|c|☆Big Chungus irl|anyway ggs
|c|☆Big Chungus irl|I'm out
|c|☆Figull400|ggs
|c|☆Big Chungus irl|at least I made it past the halfway point
|c|☆Big Chungus irl|in terms of players
|c|☆Figull400|yeah it's all elimination sets for me until bracket
|c|☆Big Chungus irl|so I can confidently say that I am above average
|c|☆Big Chungus irl|at gen 3 OU at least
|c|☆Big Chungus irl|I am the champion of 2 shitter tiers
|c|☆Big Chungus irl|but I did have to win a 14 round tourmament to get one of those titles so it is almost not a shitter tier
|c|☆Big Chungus irl|almost

</script>
<script type="application/json" class="data" id="replaydata-smogtours-gen3ou-803760">
{"id":"smogtours-gen3ou-803760","format":"[Gen 3] OU","players":["Big Chungus irl","Figull400"],"uploadtime":1730485701,"views":92,"formatid":"gen3ou","rating":null,"private":0,"password":null}
</script>

<script defer src="js/replays.js?9d40a366"></script>
