<!DOCTYPE html>
<meta charset="utf-8" />
<meta name="viewport" content="width=device-width" />

<title>[Gen 3] OU: Ragnarocco24 vs. coffeepour - Replays - Pok&eacute;mon Showdown!</title>

<meta name="description" content="Watch a replay of a Pok&eacute;mon battle between Ragnarocco24 and coffeepour! Format: [Gen 3] OU; Date: Oct 9, 2024" />
<!--

Hey, you! Looking in the source for the replay log?

You can find them in JSON format, just add `.json` at the end of a replay URL.

https://replay.pokemonshowdown.com/gen7randomdoublesbattle-865046831.json

Or, if you only need the log itself, add `.log` instead:

https://replay.pokemonshowdown.com/gen7randomdoublesbattle-865046831.log

-->

<link rel="stylesheet" href="//pokemonshowdown.com/style/global.css?0.767286132409787" />
<link rel="stylesheet" href="//play.pokemonshowdown.com/style/font-awesome.css?0.9266228007934947" />
<link rel="stylesheet" href="//play.pokemonshowdown.com/style/battle.css?0.7924700842790926" />
<link rel="stylesheet" href="//play.pokemonshowdown.com/style/utilichart.css?0.8777417872839479" />

<!-- Global site tag (gtag.js) - Google Analytics -->
<script async src="https://www.googletagmanager.com/gtag/js?id=UA-26211653-1"></script>
<script>
  window.dataLayer = window.dataLayer || [];
  function gtag(){dataLayer.push(arguments);}
  gtag('js', new Date());

  gtag('config', 'UA-26211653-1');
</script>
<!-- End Google Analytics -->
<!-- Venatus Ad Manager - Install in <HEAD> of page -->
	<script src="https://hb.vntsm.com/v3/live/ad-manager.min.js" type="text/javascript" data-site-id="642aba63ec9a7b11c3c9c1be" data-mode="scan" async></script>
<!-- / Venatus Ad Manager -->

<style>
	@media (max-width:820px) {
		.battle {
			margin: 0 auto;
		}
		.battle-log {
			margin: 7px auto 0;
			max-width: 640px;
			height: 300px;
			position: static;
		}
	}
	.optgroup {
		display: inline-block;
		line-height: 22px;
		font-size: 10pt;
	}
	.optgroup .button {
		height: 25px;
		padding-top: 0;
		padding-bottom: 0;
	}
	.optgroup button.button {
		padding-left: 12px;
		padding-right: 12px;
	}
	.linklist {
		list-style: none;
		margin: 0.5em 0;
		padding: 0;
	}
	.linklist li {
		padding: 2px 0;
	}
	.sidebar {
		float: left;
		width: 320px;
	}
	.bar-wrapper {
		max-width: 1100px;
		margin: 0 auto;
	}
	.bar-wrapper.has-sidebar {
		max-width: 1430px;
	}
	.mainbar {
		margin: 0;
		padding-right: 1px;
	}
	.mainbar.has-sidebar {
		margin-left: 330px;
	}
	@media (min-width: 1511px) {
		.sidebar {
			width: 400px;
		}
		.bar-wrapper.has-sidebar {
			max-width: 1510px;
		}
		.mainbar.has-sidebar {
			margin-left: 410px;
		}
	}
	.section.first-section {
		margin-top: 9px;
	}
	.blocklink small {
		white-space: normal;
	}
	.button {
		vertical-align: middle;
	}
	.replay-controls {
		padding-top: 10px;
	}
	.replay-controls h1 {
		font-size: 16pt;
		font-weight: normal;
		color: #CCC;
	}
	.pagelink {
		text-align: center;
	}
	.pagelink a {
		width: 150px;
	}
	.textbox, .button {
		font-size: 11pt;
		vertical-align: middle;
	}
	@media (max-width: 450px) {
		.button {
			font-size: 9pt;
		}
	}
</style>

<div>

	<header>
		<div class="nav-wrapper"><ul class="nav">
			<li><a class="button nav-first" href="//pokemonshowdown.com/"><img src="//pokemonshowdown.com/images/pokemonshowdownbeta.png" srcset="//pokemonshowdown.com/images/pokemonshowdownbeta.png 1x, //pokemonshowdown.com/images/pokemonshowdownbeta@2x.png 2x" alt="Pok&eacute;mon Showdown" width="146" height="44" /> Home</a></li>
			<li><a class="button" href="//pokemonshowdown.com/dex/">Pok&eacute;dex</a></li>
			<li><a class="button cur" href="/">Replays</a></li>
			<li><a class="button" href="//pokemonshowdown.com/ladder/">Ladder</a></li>
			<li><a class="button nav-last" href="//pokemonshowdown.com/forums/">Forum</a></li>
			<li><a class="button greenbutton nav-first nav-last" href="//play.pokemonshowdown.com/">Play</a></li>
		</ul></div>
	</header>

	<div class="main" id="main">

		<noscript><section class="section">You need to enable JavaScript to use this page; sorry!</section></noscript>

	</div>

</div>

<script defer nomodule src="//play.pokemonshowdown.com/js/lib/ps-polyfill.js"></script>
<script defer src="//play.pokemonshowdown.com/js/lib/preact.min.js"></script>

<script defer src="//play.pokemonshowdown.com/config/config.js?6dec07f6"></script>
<script defer src="//play.pokemonshowdown.com/js/lib/jquery-1.11.0.min.js"></script>
<script defer src="//play.pokemonshowdown.com/js/lib/html-sanitizer-minified.js"></script>
<script defer src="//play.pokemonshowdown.com/js/battle-sound.js"></script>
<script defer src="//play.pokemonshowdown.com/js/battledata.js?0.6315294753075389"></script>
<script defer src="//play.pokemonshowdown.com/data/pokedex-mini.js?0.7603743185311358"></script>
<script defer src="//play.pokemonshowdown.com/data/pokedex-mini-bw.js?0.030888842834281283"></script>
<script defer src="//play.pokemonshowdown.com/data/graphics.js?0.05593094747507488"></script>
<script defer src="//play.pokemonshowdown.com/data/pokedex.js?0.47064822249611904"></script>
<script defer src="//play.pokemonshowdown.com/data/moves.js?0.8583693120512459"></script>
<script defer src="//play.pokemonshowdown.com/data/abilities.js?0.16017181182386842"></script>
<script defer src="//play.pokemonshowdown.com/data/items.js?0.4163379185673943"></script>
<script defer src="//play.pokemonshowdown.com/data/teambuilder-tables.js?0.31075597372830477"></script>
<script defer src="//play.pokemonshowdown.com/js/battle-tooltips.js?0.6536193500708172"></script>
<script defer src="//play.pokemonshowdown.com/js/battle.js?0.1916591943277901"></script>

<script defer src="js/utils.js?e31f9a17"></script>
<script defer src="js/replays-battle.js?7008c182"></script>

<!-- don't scrape this data! just add .json or .log after the URL!
Full API docs: https://github.com/smogon/pokemon-showdown-client/blob/master/WEB-API.md -->
<script type="text/plain" class="log" id="replaylog-smogtours-gen3ou-796591">
|inactive|Battle timer is ON: inactive players will automatically lose when time's up.
|t:|1728450139
|gametype|singles
|player|p1|Ragnarocco24|2|
|player|p2|coffeepour|266|
|teamsize|p1|6
|teamsize|p2|6
|gen|3
|tier|[Gen 3] OU
|rule|Sleep Clause Mod: Limit one foe put to sleep
|rule|Switch Priority Clause Mod: Faster Pokémon switch first
|rule|Species Clause: Limit one of each Pokémon
|rule|OHKO Clause: OHKO moves are banned
|rule|Evasion Items Clause: Evasion items are banned
|rule|Evasion Moves Clause: Evasion moves are banned
|rule|Endless Battle Clause: Forcing endless battles is banned
|rule|HP Percentage Mod: HP is shown in percentages
|rule|One Boost Passer Clause: Limit one Baton Passer that has a way to boost its stats
|rule|Freeze Clause Mod: Limit one foe frozen
|
|t:|1728450139
|start
|switch|p1a: Blaziken|Blaziken, F|100/100
|switch|p2a: Suicune|Suicune|100/100
|turn|1
|inactive|coffeepour has 270 seconds left.
|c|☆Ragnarocco24|Glhf
|
|t:|1728450176
|switch|p1a: Celebi|Celebi|100/100
|move|p2a: Suicune|Surf|p1a: Celebi
|-resisted|p1a: Celebi
|-damage|p1a: Celebi|86/100
|
|-heal|p1a: Celebi|93/100|[from] item: Leftovers
|upkeep
|turn|2
|c|☆coffeepour|gl too
|
|t:|1728450191
|switch|p2a: Metagross|Metagross|100/100
|move|p1a: Celebi|Leech Seed|p2a: Metagross
|-start|p2a: Metagross|move: Leech Seed
|
|-heal|p1a: Celebi|99/100|[from] item: Leftovers
|-damage|p2a: Metagross|88/100|[from] Leech Seed|[of] p1a: Celebi
|-heal|p1a: Celebi|100/100|[silent]
|upkeep
|turn|3
|inactive|coffeepour has 270 seconds left.
|
|t:|1728450227
|switch|p1a: Skarmory|Skarmory, F|100/100
|switch|p2a: Salamence|Salamence, M|100/100
|-ability|p2a: Salamence|Intimidate|boost
|-unboost|p1a: Skarmory|atk|1
|
|upkeep
|turn|4
|inactive|coffeepour has 270 seconds left.
|
|t:|1728450243
|switch|p2a: Metagross|Metagross|88/100
|move|p1a: Skarmory|Spikes|p2a: Metagross
|-sidestart|p2: coffeepour|Spikes
|
|-heal|p2a: Metagross|94/100|[from] item: Leftovers
|upkeep
|turn|5
|
|t:|1728450249
|move|p1a: Skarmory|Spikes|p2a: Metagross
|-sidestart|p2: coffeepour|Spikes
|move|p2a: Metagross|Meteor Mash|p1a: Skarmory
|-resisted|p1a: Skarmory
|-damage|p1a: Skarmory|83/100
|
|-heal|p1a: Skarmory|89/100|[from] item: Leftovers
|-heal|p2a: Metagross|99/100|[from] item: Leftovers
|upkeep
|turn|6
|
|t:|1728450255
|move|p1a: Skarmory|Spikes|p2a: Metagross
|-sidestart|p2: coffeepour|Spikes
|move|p2a: Metagross|Hidden Power|p1a: Skarmory
|-supereffective|p1a: Skarmory
|-damage|p1a: Skarmory|47/100
|
|-heal|p1a: Skarmory|53/100|[from] item: Leftovers
|-heal|p2a: Metagross|100/100|[from] item: Leftovers
|upkeep
|turn|7
|
|t:|1728450261
|move|p1a: Skarmory|Protect|p1a: Skarmory
|-singleturn|p1a: Skarmory|Protect
|move|p2a: Metagross|Psychic|p1a: Skarmory
|-activate|p1a: Skarmory|Protect
|
|-heal|p1a: Skarmory|59/100|[from] item: Leftovers
|upkeep
|turn|8
|
|t:|1728450267
|move|p2a: Metagross|Hidden Power|p1a: Skarmory
|-supereffective|p1a: Skarmory
|-damage|p1a: Skarmory|20/100
|move|p1a: Skarmory|Roar|p2a: Metagross
|drag|p2a: Raikou|Raikou|100/100
|-damage|p2a: Raikou|76/100|[from] Spikes
|
|-heal|p1a: Skarmory|26/100|[from] item: Leftovers
|upkeep
|turn|9
|
|t:|1728450276
|move|p2a: Raikou|Thunderbolt|p1a: Skarmory
|-supereffective|p1a: Skarmory
|-damage|p1a: Skarmory|0 fnt
|faint|p1a: Skarmory
|
|t:|1728450291
|switch|p1a: Swampert|Swampert, F|100/100
|
|upkeep
|turn|10
|
|t:|1728450308
|switch|p2a: Suicune|Suicune|100/100
|-damage|p2a: Suicune|75/100|[from] Spikes
|move|p1a: Swampert|Earthquake|p2a: Suicune
|-damage|p2a: Suicune|46/100
|
|-heal|p2a: Suicune|52/100|[from] item: Leftovers
|upkeep
|turn|11
|
|t:|1728450313
|switch|p2a: Claydol|Claydol|100/100
|switch|p1a: Celebi|Celebi|100/100
|
|upkeep
|turn|12
|
|t:|1728450319
|move|p1a: Celebi|Giga Drain|p2a: Claydol
|-supereffective|p2a: Claydol
|-damage|p2a: Claydol|62/100
|move|p2a: Claydol|Rapid Spin|p1a: Celebi
|-damage|p1a: Celebi|96/100
|-sideend|p2: coffeepour|Spikes|[from] move: Rapid Spin|[of] p2a: Claydol
|
|-heal|p1a: Celebi|100/100|[from] item: Leftovers
|upkeep
|turn|13
|
|t:|1728450337
|switch|p1a: Blaziken|Blaziken, F|100/100
|switch|p2a: Metagross|Metagross|100/100
|
|upkeep
|turn|14
|
|t:|1728450353
|switch|p2a: Salamence|Salamence, M|100/100
|-ability|p2a: Salamence|Intimidate|boost
|-unboost|p1a: Blaziken|atk|1
|move|p1a: Blaziken|Overheat|p2a: Salamence
|-resisted|p2a: Salamence
|-damage|p2a: Salamence|69/100
|-unboost|p1a: Blaziken|spa|2
|
|-heal|p2a: Salamence|75/100|[from] item: Leftovers
|upkeep
|turn|15
|
|t:|1728450362
|switch|p1a: Swampert|Swampert, F|100/100
|move|p2a: Salamence|Hidden Power|p1a: Swampert
|-damage|p1a: Swampert|77/100
|
|-heal|p2a: Salamence|81/100|[from] item: Leftovers
|-heal|p1a: Swampert|83/100|[from] item: Leftovers
|upkeep
|turn|16
|
|t:|1728450387
|switch|p2a: Snorlax|Snorlax, F|100/100
|move|p1a: Swampert|Earthquake|p2a: Snorlax
|-damage|p2a: Snorlax|67/100
|
|-heal|p1a: Swampert|89/100|[from] item: Leftovers
|-heal|p2a: Snorlax|73/100|[from] item: Leftovers
|upkeep
|turn|17
|
|t:|1728450406
|switch|p1a: Salamence|Salamence, M|100/100
|-ability|p1a: Salamence|Intimidate|boost
|-unboost|p2a: Snorlax|atk|1
|move|p2a: Snorlax|Body Slam|p1a: Salamence
|-crit|p1a: Salamence
|-damage|p1a: Salamence|0 fnt
|faint|p1a: Salamence
|c|☆coffeepour|sorry
|
|t:|1728450413
|switch|p1a: Blaziken|Blaziken, F|100/100
|
|-heal|p2a: Snorlax|79/100|[from] item: Leftovers
|upkeep
|turn|18
|
|t:|1728450418
|switch|p2a: Salamence|Salamence, M|81/100
|-ability|p2a: Salamence|Intimidate|boost
|-unboost|p1a: Blaziken|atk|1
|move|p1a: Blaziken|Sky Uppercut|p2a: Salamence
|-resisted|p2a: Salamence
|-damage|p2a: Salamence|69/100
|
|-heal|p2a: Salamence|75/100|[from] item: Leftovers
|upkeep
|turn|19
|
|t:|1728450425
|switch|p1a: Swampert|Swampert, F|89/100
|switch|p2a: Suicune|Suicune|52/100
|
|-heal|p2a: Suicune|58/100|[from] item: Leftovers
|-heal|p1a: Swampert|96/100|[from] item: Leftovers
|upkeep
|turn|20
|
|t:|1728450428
|move|p2a: Suicune|Surf|p1a: Swampert
|-damage|p1a: Swampert|63/100
|move|p1a: Swampert|Earthquake|p2a: Suicune
|-damage|p2a: Suicune|30/100
|
|-heal|p2a: Suicune|37/100|[from] item: Leftovers
|-heal|p1a: Swampert|69/100|[from] item: Leftovers
|upkeep
|turn|21
|
|t:|1728450437
|switch|p1a: Celebi|Celebi|100/100
|move|p2a: Suicune|Surf|p1a: Celebi
|-resisted|p1a: Celebi
|-damage|p1a: Celebi|86/100
|
|-heal|p2a: Suicune|43/100|[from] item: Leftovers
|-heal|p1a: Celebi|93/100|[from] item: Leftovers
|upkeep
|turn|22
|
|t:|1728450442
|switch|p2a: Metagross|Metagross|100/100
|move|p1a: Celebi|Leech Seed|p2a: Metagross
|-start|p2a: Metagross|move: Leech Seed
|
|-heal|p1a: Celebi|99/100|[from] item: Leftovers
|-damage|p2a: Metagross|88/100|[from] Leech Seed|[of] p1a: Celebi
|-heal|p1a: Celebi|100/100|[silent]
|upkeep
|turn|23
|
|t:|1728450446
|switch|p1a: Blaziken|Blaziken, F|100/100
|move|p2a: Metagross|Hidden Power|p1a: Blaziken
|-resisted|p1a: Blaziken
|-damage|p1a: Blaziken|82/100
|
|-heal|p1a: Blaziken|89/100|[from] item: Leftovers
|-heal|p2a: Metagross|94/100|[from] item: Leftovers
|-damage|p2a: Metagross|82/100|[from] Leech Seed|[of] p1a: Blaziken
|-heal|p1a: Blaziken|100/100|[silent]
|upkeep
|turn|24
|
|t:|1728450460
|switch|p2a: Claydol|Claydol|62/100
|move|p1a: Blaziken|Fire Blast|p2a: Claydol
|-crit|p2a: Claydol
|-damage|p2a: Claydol|0 fnt
|faint|p2a: Claydol
|
|t:|1728450466
|switch|p2a: Salamence|Salamence, M|75/100
|-ability|p2a: Salamence|Intimidate|boost
|-unboost|p1a: Blaziken|atk|1
|
|-heal|p2a: Salamence|81/100|[from] item: Leftovers
|upkeep
|turn|25
|
|t:|1728450478
|switch|p1a: Swampert|Swampert, F|69/100
|move|p2a: Salamence|Hidden Power|p1a: Swampert
|-damage|p1a: Swampert|45/100
|
|-heal|p2a: Salamence|87/100|[from] item: Leftovers
|-heal|p1a: Swampert|51/100|[from] item: Leftovers
|upkeep
|turn|26
|
|t:|1728450494
|switch|p2a: Snorlax|Snorlax, F|79/100
|move|p1a: Swampert|Ice Beam|p2a: Snorlax
|-damage|p2a: Snorlax|67/100
|
|-heal|p1a: Swampert|58/100|[from] item: Leftovers
|-heal|p2a: Snorlax|73/100|[from] item: Leftovers
|upkeep
|turn|27
|
|t:|1728450499
|move|p1a: Swampert|Earthquake|p2a: Snorlax
|-damage|p2a: Snorlax|38/100
|move|p2a: Snorlax|Body Slam|p1a: Swampert
|-damage|p1a: Swampert|29/100
|
|-heal|p1a: Swampert|35/100|[from] item: Leftovers
|-heal|p2a: Snorlax|44/100|[from] item: Leftovers
|upkeep
|turn|28
|
|t:|1728450509
|move|p1a: Swampert|Earthquake|p2a: Snorlax
|-damage|p2a: Snorlax|9/100
|move|p2a: Snorlax|Counter|p1a: Swampert
|-damage|p1a: Swampert|0 fnt
|faint|p1a: Swampert
|
|t:|1728450517
|switch|p1a: Blaziken|Blaziken, F|100/100
|
|-heal|p2a: Snorlax|16/100|[from] item: Leftovers
|upkeep
|turn|29
|
|t:|1728450523
|move|p1a: Blaziken|Fire Blast|p2a: Snorlax
|-damage|p2a: Snorlax|0 fnt
|faint|p2a: Snorlax
|
|t:|1728450526
|switch|p2a: Salamence|Salamence, M|87/100
|-ability|p2a: Salamence|Intimidate|boost
|-unboost|p1a: Blaziken|atk|1
|
|-heal|p2a: Salamence|93/100|[from] item: Leftovers
|upkeep
|turn|30
|
|t:|1728450534
|switch|p1a: Celebi|Celebi|100/100
|move|p2a: Salamence|Dragon Dance|p2a: Salamence
|-boost|p2a: Salamence|atk|1
|-boost|p2a: Salamence|spe|1
|
|-heal|p2a: Salamence|99/100|[from] item: Leftovers
|upkeep
|turn|31
|
|t:|1728450538
|move|p2a: Salamence|Hidden Power|p1a: Celebi
|-supereffective|p1a: Celebi
|-damage|p1a: Celebi|27/100
|move|p1a: Celebi|Leech Seed|p2a: Salamence
|-start|p2a: Salamence|move: Leech Seed
|
|-heal|p2a: Salamence|100/100|[from] item: Leftovers
|-damage|p2a: Salamence|88/100|[from] Leech Seed|[of] p1a: Celebi
|-heal|p1a: Celebi|40/100|[silent]
|-heal|p1a: Celebi|46/100|[from] item: Leftovers
|upkeep
|turn|32
|
|t:|1728450545
|move|p2a: Salamence|Hidden Power|p1a: Celebi
|-supereffective|p1a: Celebi
|-damage|p1a: Celebi|0 fnt
|faint|p1a: Celebi
|
|t:|1728450547
|switch|p1a: Aerodactyl|Aerodactyl, M|100/100
|
|-heal|p2a: Salamence|94/100|[from] item: Leftovers
|-damage|p2a: Salamence|82/100|[from] Leech Seed|[of] p1a: Aerodactyl
|upkeep
|turn|33
|
|t:|1728450576
|switch|p2a: Raikou|Raikou|76/100
|move|p1a: Aerodactyl|Rock Slide|p2a: Raikou
|-damage|p2a: Raikou|12/100
|
|upkeep
|turn|34
|
|t:|1728450583
|switch|p1a: Blaziken|Blaziken, F|100/100
|move|p2a: Raikou|Thunderbolt|p1a: Blaziken
|-damage|p1a: Blaziken|31/100
|
|-heal|p1a: Blaziken|37/100|[from] item: Leftovers
|upkeep
|turn|35
|c|☆coffeepour|gg
|
|t:|1728450590
|move|p2a: Raikou|Thunderbolt|p1a: Blaziken
|-damage|p1a: Blaziken|0 fnt
|faint|p1a: Blaziken
|
|t:|1728450592
|switch|p1a: Aerodactyl|Aerodactyl, M|100/100
|
|upkeep
|turn|36
|
|t:|1728450593
|move|p1a: Aerodactyl|Rock Slide|p2a: Raikou
|-damage|p2a: Raikou|0 fnt
|faint|p2a: Raikou
|
|t:|1728450596
|switch|p2a: Salamence|Salamence, M|82/100
|-ability|p2a: Salamence|Intimidate|boost
|-unboost|p1a: Aerodactyl|atk|1
|
|-heal|p2a: Salamence|88/100|[from] item: Leftovers
|upkeep
|turn|37
|
|t:|1728450599
|switch|p2a: Suicune|Suicune|43/100
|move|p1a: Aerodactyl|Rock Slide|p2a: Suicune
|-crit|p2a: Suicune
|-damage|p2a: Suicune|0 fnt
|faint|p2a: Suicune
|
|t:|1728450602
|switch|p2a: Metagross|Metagross|82/100
|
|-heal|p2a: Metagross|88/100|[from] item: Leftovers
|upkeep
|turn|38
|
|t:|1728450605
|move|p1a: Aerodactyl|Rock Slide|p2a: Metagross|[miss]
|-miss|p1a: Aerodactyl|p2a: Metagross
|move|p2a: Metagross|Meteor Mash|p1a: Aerodactyl
|-supereffective|p1a: Aerodactyl
|-damage|p1a: Aerodactyl|0 fnt
|faint|p1a: Aerodactyl
|
|win|coffeepour

</script>
<script type="application/json" class="data" id="replaydata-smogtours-gen3ou-796591">
{"id":"smogtours-gen3ou-796591","format":"[Gen 3] OU","players":["Ragnarocco24","coffeepour"],"uploadtime":1728450605,"views":130,"formatid":"gen3ou","rating":null,"private":0,"password":null}
</script>

<script defer src="js/replays.js?9d40a366"></script>
