<!DOCTYPE html>
<meta charset="utf-8" />
<meta name="viewport" content="width=device-width" />

<title>[Gen 3] OU: Dridri457 vs. Hykari - Replays - Pok&eacute;mon Showdown!</title>

<meta name="description" content="Watch a replay of a Pok&eacute;mon battle between Dridri457 and Hykari! Format: [Gen 3] OU; Date: Nov 1, 2024" />
<!--

Hey, you! Looking in the source for the replay log?

You can find them in JSON format, just add `.json` at the end of a replay URL.

https://replay.pokemonshowdown.com/gen7randomdoublesbattle-865046831.json

Or, if you only need the log itself, add `.log` instead:

https://replay.pokemonshowdown.com/gen7randomdoublesbattle-865046831.log

-->

<link rel="stylesheet" href="//pokemonshowdown.com/style/global.css?0.023195364461161105" />
<link rel="stylesheet" href="//play.pokemonshowdown.com/style/font-awesome.css?0.13261647063804238" />
<link rel="stylesheet" href="//play.pokemonshowdown.com/style/battle.css?0.8753245789963631" />
<link rel="stylesheet" href="//play.pokemonshowdown.com/style/utilichart.css?0.8627959624976733" />

<!-- Global site tag (gtag.js) - Google Analytics -->
<script async src="https://www.googletagmanager.com/gtag/js?id=UA-26211653-1"></script>
<script>
  window.dataLayer = window.dataLayer || [];
  function gtag(){dataLayer.push(arguments);}
  gtag('js', new Date());

  gtag('config', 'UA-26211653-1');
</script>
<!-- End Google Analytics -->
<!-- Venatus Ad Manager - Install in <HEAD> of page -->
	<script src="https://hb.vntsm.com/v3/live/ad-manager.min.js" type="text/javascript" data-site-id="642aba63ec9a7b11c3c9c1be" data-mode="scan" async></script>
<!-- / Venatus Ad Manager -->

<style>
	@media (max-width:820px) {
		.battle {
			margin: 0 auto;
		}
		.battle-log {
			margin: 7px auto 0;
			max-width: 640px;
			height: 300px;
			position: static;
		}
	}
	.optgroup {
		display: inline-block;
		line-height: 22px;
		font-size: 10pt;
	}
	.optgroup .button {
		height: 25px;
		padding-top: 0;
		padding-bottom: 0;
	}
	.optgroup button.button {
		padding-left: 12px;
		padding-right: 12px;
	}
	.linklist {
		list-style: none;
		margin: 0.5em 0;
		padding: 0;
	}
	.linklist li {
		padding: 2px 0;
	}
	.sidebar {
		float: left;
		width: 320px;
	}
	.bar-wrapper {
		max-width: 1100px;
		margin: 0 auto;
	}
	.bar-wrapper.has-sidebar {
		max-width: 1430px;
	}
	.mainbar {
		margin: 0;
		padding-right: 1px;
	}
	.mainbar.has-sidebar {
		margin-left: 330px;
	}
	@media (min-width: 1511px) {
		.sidebar {
			width: 400px;
		}
		.bar-wrapper.has-sidebar {
			max-width: 1510px;
		}
		.mainbar.has-sidebar {
			margin-left: 410px;
		}
	}
	.section.first-section {
		margin-top: 9px;
	}
	.blocklink small {
		white-space: normal;
	}
	.button {
		vertical-align: middle;
	}
	.replay-controls {
		padding-top: 10px;
	}
	.replay-controls h1 {
		font-size: 16pt;
		font-weight: normal;
		color: #CCC;
	}
	.pagelink {
		text-align: center;
	}
	.pagelink a {
		width: 150px;
	}
	.textbox, .button {
		font-size: 11pt;
		vertical-align: middle;
	}
	@media (max-width: 450px) {
		.button {
			font-size: 9pt;
		}
	}
</style>

<div>

	<header>
		<div class="nav-wrapper"><ul class="nav">
			<li><a class="button nav-first" href="//pokemonshowdown.com/"><img src="//pokemonshowdown.com/images/pokemonshowdownbeta.png" srcset="//pokemonshowdown.com/images/pokemonshowdownbeta.png 1x, //pokemonshowdown.com/images/pokemonshowdownbeta@2x.png 2x" alt="Pok&eacute;mon Showdown" width="146" height="44" /> Home</a></li>
			<li><a class="button" href="//pokemonshowdown.com/dex/">Pok&eacute;dex</a></li>
			<li><a class="button cur" href="/">Replays</a></li>
			<li><a class="button" href="//pokemonshowdown.com/ladder/">Ladder</a></li>
			<li><a class="button nav-last" href="//pokemonshowdown.com/forums/">Forum</a></li>
			<li><a class="button greenbutton nav-first nav-last" href="//play.pokemonshowdown.com/">Play</a></li>
		</ul></div>
	</header>

	<div class="main" id="main">

		<noscript><section class="section">You need to enable JavaScript to use this page; sorry!</section></noscript>

	</div>

</div>

<script defer nomodule src="//play.pokemonshowdown.com/js/lib/ps-polyfill.js"></script>
<script defer src="//play.pokemonshowdown.com/js/lib/preact.min.js"></script>

<script defer src="//play.pokemonshowdown.com/config/config.js?2bddbc15"></script>
<script defer src="//play.pokemonshowdown.com/js/lib/jquery-1.11.0.min.js"></script>
<script defer src="//play.pokemonshowdown.com/js/lib/html-sanitizer-minified.js"></script>
<script defer src="//play.pokemonshowdown.com/js/battle-sound.js"></script>
<script defer src="//play.pokemonshowdown.com/js/battledata.js?0.7209276989879541"></script>
<script defer src="//play.pokemonshowdown.com/data/pokedex-mini.js?0.6111056340867951"></script>
<script defer src="//play.pokemonshowdown.com/data/pokedex-mini-bw.js?0.3532142036491459"></script>
<script defer src="//play.pokemonshowdown.com/data/graphics.js?0.24223875632456182"></script>
<script defer src="//play.pokemonshowdown.com/data/pokedex.js?0.38839984266356864"></script>
<script defer src="//play.pokemonshowdown.com/data/moves.js?0.21866028504024015"></script>
<script defer src="//play.pokemonshowdown.com/data/abilities.js?0.2005157953846628"></script>
<script defer src="//play.pokemonshowdown.com/data/items.js?0.9894211263848525"></script>
<script defer src="//play.pokemonshowdown.com/data/teambuilder-tables.js?0.6008791140282215"></script>
<script defer src="//play.pokemonshowdown.com/js/battle-tooltips.js?0.7580118955022959"></script>
<script defer src="//play.pokemonshowdown.com/js/battle.js?0.6057722274234274"></script>

<script defer src="js/utils.js?e31f9a17"></script>
<script defer src="js/replays-battle.js?7008c182"></script>

<!-- don't scrape this data! just add .json or .log after the URL!
Full API docs: https://github.com/smogon/pokemon-showdown-client/blob/master/WEB-API.md -->
<script type="text/plain" class="log" id="replaylog-smogtours-gen3ou-803839">
|inactive|Battle timer is ON: inactive players will automatically lose when time's up.
|t:|1730499130
|gametype|singles
|player|p1|Dridri457|#dridri457|
|player|p2|Hykari|flannery|
|teamsize|p1|6
|teamsize|p2|6
|gen|3
|tier|[Gen 3] OU
|rule|Sleep Clause Mod: Limit one foe put to sleep
|rule|Switch Priority Clause Mod: Faster Pokémon switch first
|rule|Species Clause: Limit one of each Pokémon
|rule|OHKO Clause: OHKO moves are banned
|rule|Evasion Items Clause: Evasion items are banned
|rule|Evasion Moves Clause: Evasion moves are banned
|rule|Endless Battle Clause: Forcing endless battles is banned
|rule|HP Percentage Mod: HP is shown in percentages
|rule|One Boost Passer Clause: Limit one Baton Passer that has a way to boost its stats
|rule|Freeze Clause Mod: Limit one foe frozen
|
|t:|1730499130
|start
|switch|p1a: Zapdos|Zapdos|100/100
|switch|p2a: Zapdos|Zapdos|100/100
|turn|1
|
|t:|1730499146
|move|p2a: Zapdos|Thunderbolt|p1a: Zapdos
|-damage|p1a: Zapdos|75/100
|move|p1a: Zapdos|Thunderbolt|p2a: Zapdos
|-damage|p2a: Zapdos|72/100
|
|-heal|p2a: Zapdos|78/100|[from] item: Leftovers
|-heal|p1a: Zapdos|81/100|[from] item: Leftovers
|upkeep
|turn|2
|
|t:|1730499152
|move|p2a: Zapdos|Thunder Wave|p1a: Zapdos
|-status|p1a: Zapdos|par
|move|p1a: Zapdos|Toxic|p2a: Zapdos
|-status|p2a: Zapdos|tox
|
|-heal|p2a: Zapdos|84/100 tox|[from] item: Leftovers
|-damage|p2a: Zapdos|78/100 tox|[from] psn
|-heal|p1a: Zapdos|87/100 par|[from] item: Leftovers
|upkeep
|turn|3
|
|t:|1730499163
|switch|p2a: Jirachi|Jirachi|100/100
|cant|p1a: Zapdos|par
|
|-heal|p1a: Zapdos|93/100 par|[from] item: Leftovers
|upkeep
|turn|4
|
|t:|1730499169
|move|p2a: Jirachi|Substitute|p2a: Jirachi
|-start|p2a: Jirachi|Substitute
|-damage|p2a: Jirachi|75/100
|move|p1a: Zapdos|Thunderbolt|p2a: Jirachi
|-end|p2a: Jirachi|Substitute
|
|-heal|p2a: Jirachi|82/100|[from] item: Leftovers
|-heal|p1a: Zapdos|99/100 par|[from] item: Leftovers
|upkeep
|turn|5
|
|t:|1730499178
|switch|p1a: Claydol|Claydol|100/100
|move|p2a: Jirachi|Calm Mind|p2a: Jirachi
|-boost|p2a: Jirachi|spa|1
|-boost|p2a: Jirachi|spd|1
|
|-heal|p2a: Jirachi|88/100|[from] item: Leftovers
|upkeep
|turn|6
|
|t:|1730499185
|move|p2a: Jirachi|Substitute|p2a: Jirachi
|-start|p2a: Jirachi|Substitute
|-damage|p2a: Jirachi|63/100
|move|p1a: Claydol|Earthquake|p2a: Jirachi
|-supereffective|p2a: Jirachi
|-end|p2a: Jirachi|Substitute
|
|-heal|p2a: Jirachi|69/100|[from] item: Leftovers
|upkeep
|turn|7
|
|t:|1730499193
|move|p2a: Jirachi|Ice Punch|p1a: Claydol
|-supereffective|p1a: Claydol
|-damage|p1a: Claydol|46/100
|move|p1a: Claydol|Earthquake|p2a: Jirachi
|-supereffective|p2a: Jirachi
|-damage|p2a: Jirachi|22/100
|
|-heal|p2a: Jirachi|28/100|[from] item: Leftovers
|-heal|p1a: Claydol|52/100|[from] item: Leftovers
|upkeep
|turn|8
|
|t:|1730499199
|move|p2a: Jirachi|Ice Punch|p1a: Claydol
|-supereffective|p1a: Claydol
|-damage|p1a: Claydol|3/100
|-status|p1a: Claydol|frz
|cant|p1a: Claydol|frz
|
|-heal|p2a: Jirachi|34/100|[from] item: Leftovers
|-heal|p1a: Claydol|9/100 frz|[from] item: Leftovers
|upkeep
|turn|9
|
|t:|1730499213
|switch|p1a: Jirachi|Jirachi|100/100
|move|p2a: Jirachi|Ice Punch|p1a: Jirachi
|-resisted|p1a: Jirachi
|-damage|p1a: Jirachi|87/100
|
|-heal|p2a: Jirachi|40/100|[from] item: Leftovers
|-heal|p1a: Jirachi|94/100|[from] item: Leftovers
|upkeep
|turn|10
|
|t:|1730499222
|move|p2a: Jirachi|Thunder|p1a: Jirachi
|-damage|p1a: Jirachi|49/100
|-status|p1a: Jirachi|par
|move|p1a: Jirachi|Calm Mind|p1a: Jirachi
|-boost|p1a: Jirachi|spa|1
|-boost|p1a: Jirachi|spd|1
|
|-heal|p2a: Jirachi|46/100|[from] item: Leftovers
|-heal|p1a: Jirachi|56/100 par|[from] item: Leftovers
|upkeep
|turn|11
|
|t:|1730499231
|move|p2a: Jirachi|Thunder|p1a: Jirachi
|-damage|p1a: Jirachi|26/100 par
|cant|p1a: Jirachi|par
|
|-heal|p2a: Jirachi|52/100|[from] item: Leftovers
|-heal|p1a: Jirachi|33/100 par|[from] item: Leftovers
|upkeep
|turn|12
|c|☆Hykari|mb
|
|t:|1730499245
|move|p2a: Jirachi|Thunder|p1a: Jirachi|[miss]
|-miss|p2a: Jirachi|p1a: Jirachi
|move|p1a: Jirachi|Fire Punch|p2a: Jirachi
|-supereffective|p2a: Jirachi
|-damage|p2a: Jirachi|17/100
|
|-heal|p2a: Jirachi|24/100|[from] item: Leftovers
|-heal|p1a: Jirachi|39/100 par|[from] item: Leftovers
|upkeep
|turn|13
|c|☆Dridri457|np
|
|t:|1730499256
|move|p2a: Jirachi|Thunder|p1a: Jirachi
|-damage|p1a: Jirachi|11/100 par
|cant|p1a: Jirachi|par
|
|-heal|p2a: Jirachi|30/100|[from] item: Leftovers
|-heal|p1a: Jirachi|17/100 par|[from] item: Leftovers
|upkeep
|turn|14
|
|t:|1730499265
|move|p2a: Jirachi|Thunder|p1a: Jirachi|[miss]
|-miss|p2a: Jirachi|p1a: Jirachi
|move|p1a: Jirachi|Fire Punch|p2a: Jirachi
|-supereffective|p2a: Jirachi
|-damage|p2a: Jirachi|0 fnt
|faint|p2a: Jirachi
|
|t:|1730499270
|switch|p2a: Dugtrio|Dugtrio, M|100/100
|
|-heal|p1a: Jirachi|24/100 par|[from] item: Leftovers
|upkeep
|turn|15
|
|t:|1730499274
|move|p2a: Dugtrio|Earthquake|p1a: Jirachi
|-supereffective|p1a: Jirachi
|-damage|p1a: Jirachi|0 fnt
|faint|p1a: Jirachi
|
|t:|1730499279
|switch|p1a: Weezing|Weezing, M|100/100
|
|upkeep
|turn|16
|
|t:|1730499286
|switch|p2a: Zapdos|Zapdos|78/100 tox
|move|p1a: Weezing|Sludge Bomb|p2a: Zapdos
|-damage|p2a: Zapdos|47/100 tox
|
|-heal|p2a: Zapdos|53/100 tox|[from] item: Leftovers
|-damage|p2a: Zapdos|47/100 tox|[from] psn
|upkeep
|turn|17
|
|t:|1730499293
|switch|p1a: Zapdos|Zapdos|99/100 par
|move|p2a: Zapdos|Baton Pass|p2a: Zapdos
|
|t:|1730499299
|switch|p2a: Tyranitar|Tyranitar, M|100/100|[from] Baton Pass
|-weather|Sandstorm|[from] ability: Sand Stream|[of] p2a: Tyranitar
|
|-weather|Sandstorm|[upkeep]
|-damage|p1a: Zapdos|93/100 par|[from] Sandstorm
|-heal|p1a: Zapdos|99/100 par|[from] item: Leftovers
|upkeep
|turn|18
|
|t:|1730499319
|switch|p1a: Weezing|Weezing, M|100/100
|move|p2a: Tyranitar|Dragon Dance|p2a: Tyranitar
|-boost|p2a: Tyranitar|atk|1
|-boost|p2a: Tyranitar|spe|1
|
|-weather|Sandstorm|[upkeep]
|-damage|p1a: Weezing|94/100|[from] Sandstorm
|-heal|p1a: Weezing|100/100|[from] item: Leftovers
|upkeep
|turn|19
|inactive|Hykari has 270 seconds left.
|inactive|Hykari has 240 seconds left.
|inactive|Hykari has 210 seconds left.
|
|t:|1730499415
|move|p2a: Tyranitar|Rock Slide|p1a: Weezing
|-damage|p1a: Weezing|55/100
|cant|p1a: Weezing|flinch
|
|-weather|Sandstorm|[upkeep]
|-damage|p1a: Weezing|49/100|[from] Sandstorm
|-heal|p1a: Weezing|55/100|[from] item: Leftovers
|upkeep
|turn|20
|inactive|Hykari has 210 seconds left.
|
|t:|1730499422
|switch|p1a: Dugtrio|Dugtrio, F|100/100
|move|p2a: Tyranitar|Rock Slide|p1a: Dugtrio
|-resisted|p1a: Dugtrio
|-damage|p1a: Dugtrio|18/100
|
|-weather|Sandstorm|[upkeep]
|upkeep
|turn|21
|
|t:|1730499430
|move|p1a: Dugtrio|Earthquake|p2a: Tyranitar
|-supereffective|p2a: Tyranitar
|-crit|p2a: Tyranitar
|-damage|p2a: Tyranitar|0 fnt
|faint|p2a: Tyranitar
|c|+Zenadark|allez dridri
|c|☆Dridri457|^^
|inactive|Hykari has 210 seconds left.
|
|t:|1730499444
|switch|p2a: Gengar|Gengar, F|100/100
|
|-weather|Sandstorm|[upkeep]
|-damage|p2a: Gengar|94/100|[from] Sandstorm
|-heal|p2a: Gengar|100/100|[from] item: Leftovers
|upkeep
|turn|22
|
|t:|1730499451
|switch|p1a: Claydol|Claydol|9/100 frz
|move|p2a: Gengar|Ice Punch|p1a: Claydol
|-supereffective|p1a: Claydol
|-damage|p1a: Claydol|0 fnt
|faint|p1a: Claydol
|
|t:|1730499457
|switch|p1a: Suicune|Suicune|100/100
|
|-weather|Sandstorm|[upkeep]
|-damage|p2a: Gengar|94/100|[from] Sandstorm
|-damage|p1a: Suicune|94/100|[from] Sandstorm
|-heal|p2a: Gengar|100/100|[from] item: Leftovers
|-heal|p1a: Suicune|100/100|[from] item: Leftovers
|upkeep
|turn|23
|
|t:|1730499469
|move|p2a: Gengar|Thunderbolt|p1a: Suicune
|-supereffective|p1a: Suicune
|-damage|p1a: Suicune|60/100
|move|p1a: Suicune|Calm Mind|p1a: Suicune
|-boost|p1a: Suicune|spa|1
|-boost|p1a: Suicune|spd|1
|
|-weather|Sandstorm|[upkeep]
|-damage|p2a: Gengar|94/100|[from] Sandstorm
|-damage|p1a: Suicune|54/100|[from] Sandstorm
|-heal|p2a: Gengar|100/100|[from] item: Leftovers
|-heal|p1a: Suicune|60/100|[from] item: Leftovers
|upkeep
|turn|24
|inactive|Hykari has 210 seconds left.
|inactive|Dridri457 has 270 seconds left.
|
|t:|1730499519
|move|p2a: Gengar|Thunderbolt|p1a: Suicune
|-supereffective|p1a: Suicune
|-damage|p1a: Suicune|34/100
|move|p1a: Suicune|Surf|p2a: Gengar
|-damage|p2a: Gengar|39/100
|
|-weather|Sandstorm|[upkeep]
|-damage|p2a: Gengar|33/100|[from] Sandstorm
|-damage|p1a: Suicune|28/100|[from] Sandstorm
|-heal|p2a: Gengar|39/100|[from] item: Leftovers
|-heal|p1a: Suicune|34/100|[from] item: Leftovers
|upkeep
|turn|25
|
|t:|1730499531
|switch|p2a: Zapdos|Zapdos|47/100 tox
|move|p1a: Suicune|Surf|p2a: Zapdos
|-damage|p2a: Zapdos|14/100 tox
|
|-weather|Sandstorm|[upkeep]
|-damage|p2a: Zapdos|8/100 tox|[from] Sandstorm
|-damage|p1a: Suicune|28/100|[from] Sandstorm
|-heal|p2a: Zapdos|14/100 tox|[from] item: Leftovers
|-damage|p2a: Zapdos|8/100 tox|[from] psn
|-heal|p1a: Suicune|34/100|[from] item: Leftovers
|upkeep
|turn|26
|inactive|Dridri457 has 270 seconds left.
|
|t:|1730499555
|switch|p1a: Zapdos|Zapdos|99/100 par
|move|p2a: Zapdos|Thunderbolt|p1a: Zapdos
|-damage|p1a: Zapdos|71/100 par
|
|-weather|Sandstorm|[upkeep]
|-damage|p2a: Zapdos|2/100 tox|[from] Sandstorm
|-damage|p1a: Zapdos|65/100 par|[from] Sandstorm
|-heal|p2a: Zapdos|8/100 tox|[from] item: Leftovers
|-damage|p2a: Zapdos|0 fnt|[from] psn
|faint|p2a: Zapdos
|-heal|p1a: Zapdos|71/100 par|[from] item: Leftovers
|upkeep
|
|t:|1730499566
|switch|p2a: Gengar|Gengar, F|39/100
|turn|27
|inactive|Dridri457 has 270 seconds left.
|
|t:|1730499593
|move|p2a: Gengar|Ice Punch|p1a: Zapdos
|-supereffective|p1a: Zapdos
|-damage|p1a: Zapdos|41/100 par
|cant|p1a: Zapdos|par
|
|-weather|Sandstorm|[upkeep]
|-damage|p2a: Gengar|33/100|[from] Sandstorm
|-damage|p1a: Zapdos|35/100 par|[from] Sandstorm
|-heal|p2a: Gengar|39/100|[from] item: Leftovers
|-heal|p1a: Zapdos|41/100 par|[from] item: Leftovers
|upkeep
|turn|28
|
|t:|1730499617
|move|p2a: Gengar|Ice Punch|p1a: Zapdos
|-supereffective|p1a: Zapdos
|-damage|p1a: Zapdos|10/100 par
|move|p1a: Zapdos|Rest|p1a: Zapdos
|-status|p1a: Zapdos|slp|[from] move: Rest
|-heal|p1a: Zapdos|100/100 slp|[silent]
|
|-weather|Sandstorm|[upkeep]
|-damage|p2a: Gengar|33/100|[from] Sandstorm
|-damage|p1a: Zapdos|94/100 slp|[from] Sandstorm
|-heal|p2a: Gengar|39/100|[from] item: Leftovers
|-heal|p1a: Zapdos|100/100 slp|[from] item: Leftovers
|upkeep
|turn|29
|inactive|Hykari has 180 seconds left.
|inactive|Dridri457 has 240 seconds left.
|inactive|Hykari has 150 seconds left.
|inactive|Dridri457 has 210 seconds left.
|
|t:|1730499678
|switch|p1a: Weezing|Weezing, M|55/100
|move|p2a: Gengar|Ice Punch|p1a: Weezing
|-damage|p1a: Weezing|30/100
|
|-weather|Sandstorm|[upkeep]
|-damage|p2a: Gengar|33/100|[from] Sandstorm
|-damage|p1a: Weezing|24/100|[from] Sandstorm
|-heal|p2a: Gengar|39/100|[from] item: Leftovers
|-heal|p1a: Weezing|30/100|[from] item: Leftovers
|upkeep
|turn|30
|inactive|Dridri457 has 210 seconds left.
|
|t:|1730499705
|switch|p1a: Dugtrio|Dugtrio, F|18/100
|move|p2a: Gengar|Thunderbolt|p1a: Dugtrio
|-immune|p1a: Dugtrio
|
|-weather|Sandstorm|[upkeep]
|-damage|p2a: Gengar|33/100|[from] Sandstorm
|-heal|p2a: Gengar|39/100|[from] item: Leftovers
|upkeep
|turn|31
|
|t:|1730499712
|switch|p2a: Dugtrio|Dugtrio, M|100/100
|move|p1a: Dugtrio|Rock Slide|p2a: Dugtrio
|-resisted|p2a: Dugtrio
|-damage|p2a: Dugtrio|65/100
|
|-weather|Sandstorm|[upkeep]
|upkeep
|turn|32
|
|t:|1730499717
|move|p2a: Dugtrio|Earthquake|p1a: Dugtrio
|-damage|p1a: Dugtrio|0 fnt
|faint|p1a: Dugtrio
|
|t:|1730499722
|switch|p1a: Zapdos|Zapdos|100/100 slp
|
|-weather|Sandstorm|[upkeep]
|-damage|p1a: Zapdos|94/100 slp|[from] Sandstorm
|-heal|p1a: Zapdos|100/100 slp|[from] item: Leftovers
|upkeep
|turn|33
|
|t:|1730499729
|switch|p2a: Gengar|Gengar, F|39/100
|cant|p1a: Zapdos|slp
|
|-weather|Sandstorm|[upkeep]
|-damage|p2a: Gengar|33/100|[from] Sandstorm
|-damage|p1a: Zapdos|94/100 slp|[from] Sandstorm
|-heal|p2a: Gengar|39/100|[from] item: Leftovers
|-heal|p1a: Zapdos|100/100 slp|[from] item: Leftovers
|upkeep
|turn|34
|inactive|Hykari has 150 seconds left.
|
|t:|1730499737
|move|p2a: Gengar|Ice Punch|p1a: Zapdos
|-supereffective|p1a: Zapdos
|-damage|p1a: Zapdos|70/100 slp
|cant|p1a: Zapdos|slp
|
|-weather|Sandstorm|[upkeep]
|-damage|p2a: Gengar|33/100|[from] Sandstorm
|-damage|p1a: Zapdos|64/100 slp|[from] Sandstorm
|-heal|p2a: Gengar|39/100|[from] item: Leftovers
|-heal|p1a: Zapdos|70/100 slp|[from] item: Leftovers
|upkeep
|turn|35
|
|t:|1730499744
|move|p2a: Gengar|Explosion|p1a: Zapdos
|-damage|p1a: Zapdos|0 fnt
|faint|p2a: Gengar
|faint|p1a: Zapdos
|inactive|Hykari has 150 seconds left.
|inactive|Hykari has 120 seconds left.
|
|t:|1730499800
|switch|p2a: Suicune|Suicune|100/100
|switch|p1a: Weezing|Weezing, M|30/100
|
|-weather|Sandstorm|[upkeep]
|-damage|p2a: Suicune|94/100|[from] Sandstorm
|-damage|p1a: Weezing|24/100|[from] Sandstorm
|-heal|p2a: Suicune|100/100|[from] item: Leftovers
|-heal|p1a: Weezing|30/100|[from] item: Leftovers
|upkeep
|turn|36
|inactive|Hykari has 120 seconds left.
|
|t:|1730499811
|move|p2a: Suicune|Ice Beam|p1a: Weezing
|-damage|p1a: Weezing|0 fnt
|faint|p1a: Weezing
|
|t:|1730499814
|switch|p1a: Suicune|Suicune|34/100
|
|-weather|Sandstorm|[upkeep]
|-damage|p2a: Suicune|94/100|[from] Sandstorm
|-damage|p1a: Suicune|28/100|[from] Sandstorm
|-heal|p2a: Suicune|100/100|[from] item: Leftovers
|-heal|p1a: Suicune|34/100|[from] item: Leftovers
|upkeep
|turn|37
|inactive|Hykari has 120 seconds left.
|
|t:|1730499834
|move|p2a: Suicune|Hidden Power|p1a: Suicune
|-supereffective|p1a: Suicune
|-damage|p1a: Suicune|5/100
|move|p1a: Suicune|Surf|p2a: Suicune
|-resisted|p2a: Suicune
|-damage|p2a: Suicune|88/100
|
|-weather|Sandstorm|[upkeep]
|-damage|p2a: Suicune|82/100|[from] Sandstorm
|-damage|p1a: Suicune|0 fnt|[from] Sandstorm
|faint|p1a: Suicune
|
|win|Hykari
|upkeep
|c|☆Hykari|gg
|c|☆Hykari|wp
|c|☆Dridri457|gg thought u would anticipate the rest^^
|c|☆Dridri457|cause u 3hit ko with dug
|c|☆Dridri457|most of the time
|c|☆Hykari|I was scared to bring Dug in on Zap when I could get counter trapped by your Dug
|c|☆Dridri457|i'm max speed but idk about yours speed
|c|☆Hykari|I was predicting a Zap to sac honestly
|c|☆Hykari|I am max speed but if I tried to rock slide zap Id probably just get trapped by your dug like i did to you
|c|☆Dridri457|gl for the rest of revival
|c|☆Hykari|ty
|player|p1|

</script>
<script type="application/json" class="data" id="replaydata-smogtours-gen3ou-803839">
{"id":"smogtours-gen3ou-803839","format":"[Gen 3] OU","players":["Dridri457","Hykari"],"uploadtime":1730499834,"views":70,"formatid":"gen3ou","rating":null,"private":0,"password":null}
</script>

<script defer src="js/replays.js?9d40a366"></script>
