<!DOCTYPE html>
<meta charset="utf-8" />
<meta name="viewport" content="width=device-width" />

<title>[Gen 3] OU: thunderousbagel vs. Levy&#039;s Chair - Replays - Pok&eacute;mon Showdown!</title>

<meta name="description" content="Watch a replay of a Pok&eacute;mon battle between thunderousbagel and Levy&#039;s Chair! Format: [Gen 3] OU; Date: Oct 19, 2024" />
<!--

Hey, you! Looking in the source for the replay log?

You can find them in JSON format, just add `.json` at the end of a replay URL.

https://replay.pokemonshowdown.com/gen7randomdoublesbattle-865046831.json

Or, if you only need the log itself, add `.log` instead:

https://replay.pokemonshowdown.com/gen7randomdoublesbattle-865046831.log

-->

<link rel="stylesheet" href="//pokemonshowdown.com/style/global.css?0.023195364461161105" />
<link rel="stylesheet" href="//play.pokemonshowdown.com/style/font-awesome.css?0.13261647063804238" />
<link rel="stylesheet" href="//play.pokemonshowdown.com/style/battle.css?0.8753245789963631" />
<link rel="stylesheet" href="//play.pokemonshowdown.com/style/utilichart.css?0.8627959624976733" />

<!-- Global site tag (gtag.js) - Google Analytics -->
<script async src="https://www.googletagmanager.com/gtag/js?id=UA-26211653-1"></script>
<script>
  window.dataLayer = window.dataLayer || [];
  function gtag(){dataLayer.push(arguments);}
  gtag('js', new Date());

  gtag('config', 'UA-26211653-1');
</script>
<!-- End Google Analytics -->
<!-- Venatus Ad Manager - Install in <HEAD> of page -->
	<script src="https://hb.vntsm.com/v3/live/ad-manager.min.js" type="text/javascript" data-site-id="642aba63ec9a7b11c3c9c1be" data-mode="scan" async></script>
<!-- / Venatus Ad Manager -->

<style>
	@media (max-width:820px) {
		.battle {
			margin: 0 auto;
		}
		.battle-log {
			margin: 7px auto 0;
			max-width: 640px;
			height: 300px;
			position: static;
		}
	}
	.optgroup {
		display: inline-block;
		line-height: 22px;
		font-size: 10pt;
	}
	.optgroup .button {
		height: 25px;
		padding-top: 0;
		padding-bottom: 0;
	}
	.optgroup button.button {
		padding-left: 12px;
		padding-right: 12px;
	}
	.linklist {
		list-style: none;
		margin: 0.5em 0;
		padding: 0;
	}
	.linklist li {
		padding: 2px 0;
	}
	.sidebar {
		float: left;
		width: 320px;
	}
	.bar-wrapper {
		max-width: 1100px;
		margin: 0 auto;
	}
	.bar-wrapper.has-sidebar {
		max-width: 1430px;
	}
	.mainbar {
		margin: 0;
		padding-right: 1px;
	}
	.mainbar.has-sidebar {
		margin-left: 330px;
	}
	@media (min-width: 1511px) {
		.sidebar {
			width: 400px;
		}
		.bar-wrapper.has-sidebar {
			max-width: 1510px;
		}
		.mainbar.has-sidebar {
			margin-left: 410px;
		}
	}
	.section.first-section {
		margin-top: 9px;
	}
	.blocklink small {
		white-space: normal;
	}
	.button {
		vertical-align: middle;
	}
	.replay-controls {
		padding-top: 10px;
	}
	.replay-controls h1 {
		font-size: 16pt;
		font-weight: normal;
		color: #CCC;
	}
	.pagelink {
		text-align: center;
	}
	.pagelink a {
		width: 150px;
	}
	.textbox, .button {
		font-size: 11pt;
		vertical-align: middle;
	}
	@media (max-width: 450px) {
		.button {
			font-size: 9pt;
		}
	}
</style>

<div>

	<header>
		<div class="nav-wrapper"><ul class="nav">
			<li><a class="button nav-first" href="//pokemonshowdown.com/"><img src="//pokemonshowdown.com/images/pokemonshowdownbeta.png" srcset="//pokemonshowdown.com/images/pokemonshowdownbeta.png 1x, //pokemonshowdown.com/images/pokemonshowdownbeta@2x.png 2x" alt="Pok&eacute;mon Showdown" width="146" height="44" /> Home</a></li>
			<li><a class="button" href="//pokemonshowdown.com/dex/">Pok&eacute;dex</a></li>
			<li><a class="button cur" href="/">Replays</a></li>
			<li><a class="button" href="//pokemonshowdown.com/ladder/">Ladder</a></li>
			<li><a class="button nav-last" href="//pokemonshowdown.com/forums/">Forum</a></li>
			<li><a class="button greenbutton nav-first nav-last" href="//play.pokemonshowdown.com/">Play</a></li>
		</ul></div>
	</header>

	<div class="main" id="main">

		<noscript><section class="section">You need to enable JavaScript to use this page; sorry!</section></noscript>

	</div>

</div>

<script defer nomodule src="//play.pokemonshowdown.com/js/lib/ps-polyfill.js"></script>
<script defer src="//play.pokemonshowdown.com/js/lib/preact.min.js"></script>

<script defer src="//play.pokemonshowdown.com/config/config.js?2bddbc15"></script>
<script defer src="//play.pokemonshowdown.com/js/lib/jquery-1.11.0.min.js"></script>
<script defer src="//play.pokemonshowdown.com/js/lib/html-sanitizer-minified.js"></script>
<script defer src="//play.pokemonshowdown.com/js/battle-sound.js"></script>
<script defer src="//play.pokemonshowdown.com/js/battledata.js?0.7209276989879541"></script>
<script defer src="//play.pokemonshowdown.com/data/pokedex-mini.js?0.6111056340867951"></script>
<script defer src="//play.pokemonshowdown.com/data/pokedex-mini-bw.js?0.3532142036491459"></script>
<script defer src="//play.pokemonshowdown.com/data/graphics.js?0.24223875632456182"></script>
<script defer src="//play.pokemonshowdown.com/data/pokedex.js?0.38839984266356864"></script>
<script defer src="//play.pokemonshowdown.com/data/moves.js?0.21866028504024015"></script>
<script defer src="//play.pokemonshowdown.com/data/abilities.js?0.2005157953846628"></script>
<script defer src="//play.pokemonshowdown.com/data/items.js?0.9894211263848525"></script>
<script defer src="//play.pokemonshowdown.com/data/teambuilder-tables.js?0.6008791140282215"></script>
<script defer src="//play.pokemonshowdown.com/js/battle-tooltips.js?0.7580118955022959"></script>
<script defer src="//play.pokemonshowdown.com/js/battle.js?0.6057722274234274"></script>

<script defer src="js/utils.js?e31f9a17"></script>
<script defer src="js/replays-battle.js?7008c182"></script>

<!-- don't scrape this data! just add .json or .log after the URL!
Full API docs: https://github.com/smogon/pokemon-showdown-client/blob/master/WEB-API.md -->
<script type="text/plain" class="log" id="replaylog-smogtours-gen3ou-799857">
|inactive|Battle timer is ON: inactive players will automatically lose when time's up.
|t:|1729345665
|gametype|singles
|player|p1|thunderousbagel|265|
|player|p2|Levy's Chair|266|
|teamsize|p1|6
|teamsize|p2|6
|gen|3
|tier|[Gen 3] OU
|rule|Sleep Clause Mod: Limit one foe put to sleep
|rule|Switch Priority Clause Mod: Faster Pokémon switch first
|rule|Species Clause: Limit one of each Pokémon
|rule|OHKO Clause: OHKO moves are banned
|rule|Evasion Items Clause: Evasion items are banned
|rule|Evasion Moves Clause: Evasion moves are banned
|rule|Endless Battle Clause: Forcing endless battles is banned
|rule|HP Percentage Mod: HP is shown in percentages
|rule|One Boost Passer Clause: Limit one Baton Passer that has a way to boost its stats
|rule|Freeze Clause Mod: Limit one foe frozen
|
|t:|1729345665
|start
|switch|p1a: Tyranitar|Tyranitar, M|100/100
|switch|p2a: Jynx|Jynx, F|100/100
|-weather|Sandstorm|[from] ability: Sand Stream|[of] p1a: Tyranitar
|turn|1
|inactive|thunderousbagel has 270 seconds left.
|
|t:|1729345707
|move|p2a: Jynx|Lovely Kiss|p1a: Tyranitar
|-status|p1a: Tyranitar|slp|[from] move: Lovely Kiss
|cant|p1a: Tyranitar|slp
|
|-weather|Sandstorm|[upkeep]
|-damage|p2a: Jynx|95/100|[from] Sandstorm
|-heal|p2a: Jynx|100/100|[from] item: Leftovers
|upkeep
|turn|2
|
|t:|1729345715
|switch|p1a: Milotic|Milotic, F|100/100
|move|p2a: Jynx|Substitute|p2a: Jynx
|-start|p2a: Jynx|Substitute
|-damage|p2a: Jynx|76/100
|
|-weather|Sandstorm|[upkeep]
|-damage|p2a: Jynx|70/100|[from] Sandstorm
|-damage|p1a: Milotic|94/100|[from] Sandstorm
|-heal|p2a: Jynx|76/100|[from] item: Leftovers
|-heal|p1a: Milotic|100/100|[from] item: Leftovers
|upkeep
|turn|3
|
|t:|1729345729
|switch|p2a: Jirachi|Jirachi|100/100
|move|p1a: Milotic|Hydro Pump|p2a: Jirachi
|-damage|p2a: Jirachi|52/100
|
|-weather|Sandstorm|[upkeep]
|-damage|p1a: Milotic|94/100|[from] Sandstorm
|-heal|p2a: Jirachi|59/100|[from] item: Leftovers
|-heal|p1a: Milotic|100/100|[from] item: Leftovers
|upkeep
|turn|4
|
|t:|1729345750
|switch|p2a: Suicune|Suicune|100/100
|move|p1a: Milotic|Hydro Pump|p2a: Suicune|[miss]
|-miss|p1a: Milotic|p2a: Suicune
|
|-weather|Sandstorm|[upkeep]
|-damage|p2a: Suicune|94/100|[from] Sandstorm
|-damage|p1a: Milotic|94/100|[from] Sandstorm
|-heal|p2a: Suicune|100/100|[from] item: Leftovers
|-heal|p1a: Milotic|100/100|[from] item: Leftovers
|upkeep
|turn|5
|
|t:|1729345762
|move|p2a: Suicune|Calm Mind|p2a: Suicune
|-boost|p2a: Suicune|spa|1
|-boost|p2a: Suicune|spd|1
|move|p1a: Milotic|Toxic|p2a: Suicune
|-status|p2a: Suicune|tox
|
|-weather|Sandstorm|[upkeep]
|-damage|p2a: Suicune|94/100 tox|[from] Sandstorm
|-damage|p1a: Milotic|94/100|[from] Sandstorm
|-heal|p2a: Suicune|100/100 tox|[from] item: Leftovers
|-damage|p2a: Suicune|94/100 tox|[from] psn
|-heal|p1a: Milotic|100/100|[from] item: Leftovers
|upkeep
|turn|6
|
|t:|1729345776
|switch|p2a: Jirachi|Jirachi|59/100
|switch|p1a: Celebi|Celebi|100/100
|
|-weather|Sandstorm|[upkeep]
|-damage|p1a: Celebi|94/100|[from] Sandstorm
|-heal|p1a: Celebi|100/100|[from] item: Leftovers
|-heal|p2a: Jirachi|65/100|[from] item: Leftovers
|upkeep
|turn|7
|
|t:|1729345804
|move|p1a: Celebi|Hidden Power|p2a: Jirachi
|-supereffective|p2a: Jirachi
|-damage|p2a: Jirachi|24/100
|move|p2a: Jirachi|Wish|p2a: Jirachi
|
|-weather|Sandstorm|[upkeep]
|-damage|p1a: Celebi|94/100|[from] Sandstorm
|-heal|p1a: Celebi|100/100|[from] item: Leftovers
|-heal|p2a: Jirachi|30/100|[from] item: Leftovers
|upkeep
|turn|8
|
|t:|1729345818
|switch|p2a: Jynx|Jynx, F|76/100
|move|p1a: Celebi|Hidden Power|p2a: Jynx
|-supereffective|p2a: Jynx
|-damage|p2a: Jynx|16/100
|
|-heal|p2a: Jynx|65/100|[from] move: Wish|[wisher] Jirachi
|-weather|Sandstorm|[upkeep]
|-damage|p2a: Jynx|60/100|[from] Sandstorm
|-damage|p1a: Celebi|94/100|[from] Sandstorm
|-heal|p2a: Jynx|65/100|[from] item: Leftovers
|-heal|p1a: Celebi|100/100|[from] item: Leftovers
|upkeep
|turn|9
|inactive|thunderousbagel has 270 seconds left.
|
|t:|1729345839
|switch|p2a: Gengar|Gengar, F|100/100
|switch|p1a: Milotic|Milotic, F|100/100
|
|-weather|Sandstorm|[upkeep]
|-damage|p2a: Gengar|94/100|[from] Sandstorm
|-damage|p1a: Milotic|94/100|[from] Sandstorm
|-heal|p2a: Gengar|100/100|[from] item: Leftovers
|-heal|p1a: Milotic|100/100|[from] item: Leftovers
|upkeep
|turn|10
|
|t:|1729345846
|move|p2a: Gengar|Thunderbolt|p1a: Milotic
|-supereffective|p1a: Milotic
|-damage|p1a: Milotic|51/100
|move|p1a: Milotic|Hydro Pump|p2a: Gengar
|-damage|p2a: Gengar|13/100
|
|-weather|Sandstorm|[upkeep]
|-damage|p2a: Gengar|7/100|[from] Sandstorm
|-damage|p1a: Milotic|45/100|[from] Sandstorm
|-heal|p2a: Gengar|13/100|[from] item: Leftovers
|-heal|p1a: Milotic|51/100|[from] item: Leftovers
|upkeep
|turn|11
|
|t:|1729345852
|move|p2a: Gengar|Thunderbolt|p1a: Milotic
|-supereffective|p1a: Milotic
|-damage|p1a: Milotic|1/100
|move|p1a: Milotic|Recover|p1a: Milotic
|-heal|p1a: Milotic|51/100
|
|-weather|Sandstorm|[upkeep]
|-damage|p2a: Gengar|7/100|[from] Sandstorm
|-damage|p1a: Milotic|45/100|[from] Sandstorm
|-heal|p2a: Gengar|13/100|[from] item: Leftovers
|-heal|p1a: Milotic|51/100|[from] item: Leftovers
|upkeep
|turn|12
|
|t:|1729345860
|switch|p1a: Celebi|Celebi|100/100
|move|p2a: Gengar|Thunderbolt|p1a: Celebi
|-resisted|p1a: Celebi
|-damage|p1a: Celebi|86/100
|-status|p1a: Celebi|par
|
|-weather|Sandstorm|[upkeep]
|-damage|p2a: Gengar|7/100|[from] Sandstorm
|-damage|p1a: Celebi|80/100 par|[from] Sandstorm
|-heal|p2a: Gengar|13/100|[from] item: Leftovers
|-heal|p1a: Celebi|86/100 par|[from] item: Leftovers
|upkeep
|turn|13
|
|t:|1729345867
|switch|p2a: Moltres|Moltres|100/100
|move|p1a: Celebi|Hidden Power|p2a: Moltres
|-resisted|p2a: Moltres
|-damage|p2a: Moltres|87/100
|
|-weather|Sandstorm|[upkeep]
|-damage|p2a: Moltres|81/100|[from] Sandstorm
|-damage|p1a: Celebi|80/100 par|[from] Sandstorm
|-heal|p2a: Moltres|87/100|[from] item: Leftovers
|-heal|p1a: Celebi|86/100 par|[from] item: Leftovers
|upkeep
|turn|14
|inactive|thunderousbagel has 270 seconds left.
|
|t:|1729345910
|-curestatus|p1a: Celebi|par|[from] ability: Natural Cure
|switch|p1a: Flygon|Flygon, M|100/100
|move|p2a: Moltres|Flamethrower|p1a: Flygon
|-resisted|p1a: Flygon
|-damage|p1a: Flygon|72/100
|
|-weather|Sandstorm|[upkeep]
|-damage|p2a: Moltres|81/100|[from] Sandstorm
|-heal|p2a: Moltres|87/100|[from] item: Leftovers
|-heal|p1a: Flygon|78/100|[from] item: Leftovers
|upkeep
|turn|15
|
|t:|1729345920
|switch|p2a: Suicune|Suicune|94/100 tox
|move|p1a: Flygon|Rock Slide|p2a: Suicune
|-damage|p2a: Suicune|79/100 tox
|
|-weather|Sandstorm|[upkeep]
|-damage|p2a: Suicune|73/100 tox|[from] Sandstorm
|-heal|p2a: Suicune|79/100 tox|[from] item: Leftovers
|-damage|p2a: Suicune|73/100 tox|[from] psn
|-heal|p1a: Flygon|84/100|[from] item: Leftovers
|upkeep
|turn|16
|inactive|thunderousbagel has 270 seconds left.
|
|t:|1729345926
|move|p1a: Flygon|Protect|p1a: Flygon
|-singleturn|p1a: Flygon|Protect
|move|p2a: Suicune|Ice Beam|p1a: Flygon
|-activate|p1a: Flygon|Protect
|
|-weather|Sandstorm|[upkeep]
|-damage|p2a: Suicune|67/100 tox|[from] Sandstorm
|-heal|p2a: Suicune|73/100 tox|[from] item: Leftovers
|-damage|p2a: Suicune|61/100 tox|[from] psn
|-heal|p1a: Flygon|90/100|[from] item: Leftovers
|upkeep
|turn|17
|
|t:|1729345936
|switch|p2a: Gengar|Gengar, F|13/100
|switch|p1a: Milotic|Milotic, F|51/100
|
|-weather|Sandstorm|[upkeep]
|-damage|p2a: Gengar|7/100|[from] Sandstorm
|-damage|p1a: Milotic|45/100|[from] Sandstorm
|-heal|p2a: Gengar|13/100|[from] item: Leftovers
|-heal|p1a: Milotic|51/100|[from] item: Leftovers
|upkeep
|turn|18
|
|t:|1729345943
|switch|p1a: Celebi|Celebi|86/100
|move|p2a: Gengar|Thunderbolt|p1a: Celebi
|-resisted|p1a: Celebi
|-crit|p1a: Celebi
|-damage|p1a: Celebi|53/100
|-status|p1a: Celebi|par
|
|-weather|Sandstorm|[upkeep]
|-damage|p2a: Gengar|7/100|[from] Sandstorm
|-damage|p1a: Celebi|47/100 par|[from] Sandstorm
|-heal|p2a: Gengar|13/100|[from] item: Leftovers
|-heal|p1a: Celebi|53/100 par|[from] item: Leftovers
|upkeep
|turn|19
|
|t:|1729345951
|switch|p2a: Moltres|Moltres|87/100
|move|p1a: Celebi|Leech Seed|p2a: Moltres
|-start|p2a: Moltres|move: Leech Seed
|
|-weather|Sandstorm|[upkeep]
|-damage|p2a: Moltres|81/100|[from] Sandstorm
|-damage|p1a: Celebi|47/100 par|[from] Sandstorm
|-heal|p2a: Moltres|87/100|[from] item: Leftovers
|-damage|p2a: Moltres|75/100|[from] Leech Seed|[of] p1a: Celebi
|-heal|p1a: Celebi|58/100 par|[silent]
|-heal|p1a: Celebi|64/100 par|[from] item: Leftovers
|upkeep
|turn|20
|
|t:|1729345958
|-curestatus|p1a: Celebi|par|[from] ability: Natural Cure
|switch|p1a: Milotic|Milotic, F|51/100
|move|p2a: Moltres|Will-O-Wisp|p1a: Milotic
|-status|p1a: Milotic|brn
|
|-weather|Sandstorm|[upkeep]
|-damage|p2a: Moltres|68/100|[from] Sandstorm
|-damage|p1a: Milotic|45/100 brn|[from] Sandstorm
|-heal|p2a: Moltres|75/100|[from] item: Leftovers
|-damage|p2a: Moltres|62/100|[from] Leech Seed|[of] p1a: Milotic
|-heal|p1a: Milotic|55/100 brn|[silent]
|-heal|p1a: Milotic|61/100 brn|[from] item: Leftovers
|-damage|p1a: Milotic|49/100 brn|[from] brn
|upkeep
|turn|21
|
|t:|1729345968
|switch|p2a: Suicune|Suicune|61/100 tox
|move|p1a: Milotic|Recover|p1a: Milotic
|-heal|p1a: Milotic|99/100 brn
|
|-weather|Sandstorm|[upkeep]
|-damage|p2a: Suicune|55/100 tox|[from] Sandstorm
|-damage|p1a: Milotic|93/100 brn|[from] Sandstorm
|-heal|p2a: Suicune|61/100 tox|[from] item: Leftovers
|-damage|p2a: Suicune|55/100 tox|[from] psn
|-heal|p1a: Milotic|99/100 brn|[from] item: Leftovers
|-damage|p1a: Milotic|86/100 brn|[from] brn
|upkeep
|turn|22
|
|t:|1729345976
|switch|p1a: Skarmory|Skarmory, F|100/100
|move|p2a: Suicune|Hydro Pump|p1a: Skarmory
|-damage|p1a: Skarmory|45/100
|
|-weather|Sandstorm|[upkeep]
|-damage|p2a: Suicune|48/100 tox|[from] Sandstorm
|-heal|p2a: Suicune|55/100 tox|[from] item: Leftovers
|-damage|p2a: Suicune|42/100 tox|[from] psn
|-heal|p1a: Skarmory|51/100|[from] item: Leftovers
|upkeep
|turn|23
|
|t:|1729345989
|switch|p2a: Moltres|Moltres|62/100
|move|p1a: Skarmory|Spikes|p2a: Moltres
|-sidestart|p2: Levy's Chair|Spikes
|
|-weather|Sandstorm|[upkeep]
|-damage|p2a: Moltres|56/100|[from] Sandstorm
|-heal|p2a: Moltres|62/100|[from] item: Leftovers
|-heal|p1a: Skarmory|57/100|[from] item: Leftovers
|upkeep
|turn|24
|
|t:|1729346001
|switch|p1a: Milotic|Milotic, F|86/100 brn
|move|p2a: Moltres|Overheat|p1a: Milotic
|-resisted|p1a: Milotic
|-damage|p1a: Milotic|57/100 brn
|-unboost|p2a: Moltres|spa|2
|
|-weather|Sandstorm|[upkeep]
|-damage|p2a: Moltres|56/100|[from] Sandstorm
|-damage|p1a: Milotic|51/100 brn|[from] Sandstorm
|-heal|p2a: Moltres|62/100|[from] item: Leftovers
|-heal|p1a: Milotic|57/100 brn|[from] item: Leftovers
|-damage|p1a: Milotic|45/100 brn|[from] brn
|upkeep
|turn|25
|
|t:|1729346020
|switch|p2a: Gengar|Gengar, F|13/100
|move|p1a: Milotic|Recover|p1a: Milotic
|-heal|p1a: Milotic|95/100 brn
|
|-weather|Sandstorm|[upkeep]
|-damage|p2a: Gengar|7/100|[from] Sandstorm
|-damage|p1a: Milotic|89/100 brn|[from] Sandstorm
|-heal|p2a: Gengar|13/100|[from] item: Leftovers
|-heal|p1a: Milotic|95/100 brn|[from] item: Leftovers
|-damage|p1a: Milotic|82/100 brn|[from] brn
|upkeep
|turn|26
|
|t:|1729346027
|move|p2a: Gengar|Explosion|p1a: Milotic
|-damage|p1a: Milotic|31/100 brn
|faint|p2a: Gengar
|
|t:|1729346032
|switch|p2a: Dugtrio|Dugtrio, M|100/100
|-damage|p2a: Dugtrio|88/100|[from] Spikes
|
|-weather|Sandstorm|[upkeep]
|-damage|p1a: Milotic|25/100 brn|[from] Sandstorm
|-heal|p1a: Milotic|31/100 brn|[from] item: Leftovers
|-damage|p1a: Milotic|18/100 brn|[from] brn
|upkeep
|turn|27
|
|t:|1729346043
|move|p2a: Dugtrio|Earthquake|p1a: Milotic
|-damage|p1a: Milotic|0 fnt
|faint|p1a: Milotic
|
|t:|1729346062
|switch|p1a: Aerodactyl|Aerodactyl, F|100/100
|
|-weather|Sandstorm|[upkeep]
|upkeep
|turn|28
|
|t:|1729346069
|switch|p2a: Suicune|Suicune|42/100 tox
|-damage|p2a: Suicune|30/100 tox|[from] Spikes
|move|p1a: Aerodactyl|Rock Slide|p2a: Suicune
|-damage|p2a: Suicune|0 fnt
|faint|p2a: Suicune
|
|t:|1729346093
|switch|p2a: Jynx|Jynx, F|65/100
|-damage|p2a: Jynx|53/100|[from] Spikes
|
|-weather|Sandstorm|[upkeep]
|-damage|p2a: Jynx|47/100|[from] Sandstorm
|-heal|p2a: Jynx|53/100|[from] item: Leftovers
|upkeep
|turn|29
|
|t:|1729346098
|move|p1a: Aerodactyl|Rock Slide|p2a: Jynx
|-supereffective|p2a: Jynx
|-damage|p2a: Jynx|0 fnt
|faint|p2a: Jynx
|
|t:|1729346104
|switch|p2a: Jirachi|Jirachi|30/100
|-damage|p2a: Jirachi|18/100|[from] Spikes
|
|-weather|Sandstorm|[upkeep]
|-heal|p2a: Jirachi|24/100|[from] item: Leftovers
|upkeep
|turn|30
|
|t:|1729346124
|switch|p1a: Flygon|Flygon, M|90/100
|move|p2a: Jirachi|Wish|p2a: Jirachi
|
|-weather|Sandstorm|[upkeep]
|-heal|p2a: Jirachi|30/100|[from] item: Leftovers
|-heal|p1a: Flygon|96/100|[from] item: Leftovers
|upkeep
|turn|31
|
|t:|1729346131
|switch|p2a: Moltres|Moltres|62/100
|move|p1a: Flygon|Earthquake|p2a: Moltres
|-immune|p2a: Moltres
|
|-heal|p2a: Moltres|100/100|[from] move: Wish|[wisher] Jirachi
|-weather|Sandstorm|[upkeep]
|-damage|p2a: Moltres|94/100|[from] Sandstorm
|-heal|p2a: Moltres|100/100|[from] item: Leftovers
|-heal|p1a: Flygon|100/100|[from] item: Leftovers
|upkeep
|turn|32
|
|t:|1729346139
|move|p2a: Moltres|Will-O-Wisp|p1a: Flygon
|-status|p1a: Flygon|brn
|move|p1a: Flygon|Toxic|p2a: Moltres
|-status|p2a: Moltres|tox
|
|-weather|Sandstorm|[upkeep]
|-damage|p2a: Moltres|94/100 tox|[from] Sandstorm
|-heal|p2a: Moltres|100/100 tox|[from] item: Leftovers
|-damage|p2a: Moltres|94/100 tox|[from] psn
|-damage|p1a: Flygon|88/100 brn|[from] brn
|upkeep
|turn|33
|
|t:|1729346152
|move|p2a: Moltres|Flamethrower|p1a: Flygon
|-resisted|p1a: Flygon
|-damage|p1a: Flygon|58/100 brn
|move|p1a: Flygon|Rock Slide|p2a: Moltres
|-supereffective|p2a: Moltres
|-damage|p2a: Moltres|56/100 tox
|
|-weather|Sandstorm|[upkeep]
|-damage|p2a: Moltres|50/100 tox|[from] Sandstorm
|-heal|p2a: Moltres|56/100 tox|[from] item: Leftovers
|-damage|p2a: Moltres|43/100 tox|[from] psn
|-heal|p1a: Flygon|64/100 brn|[from] item: Leftovers
|-damage|p1a: Flygon|52/100 brn|[from] brn
|upkeep
|turn|34
|
|t:|1729346169
|switch|p2a: Jirachi|Jirachi|30/100
|-damage|p2a: Jirachi|18/100|[from] Spikes
|move|p1a: Flygon|Rock Slide|p2a: Jirachi
|-resisted|p2a: Jirachi
|-damage|p2a: Jirachi|15/100
|
|-weather|Sandstorm|[upkeep]
|-heal|p2a: Jirachi|21/100|[from] item: Leftovers
|-heal|p1a: Flygon|58/100 brn|[from] item: Leftovers
|-damage|p1a: Flygon|46/100 brn|[from] brn
|upkeep
|turn|35
|
|t:|1729346178
|move|p2a: Jirachi|Wish|p2a: Jirachi
|move|p1a: Flygon|Earthquake|p2a: Jirachi
|-supereffective|p2a: Jirachi
|-damage|p2a: Jirachi|1/100
|
|-weather|Sandstorm|[upkeep]
|-heal|p2a: Jirachi|7/100|[from] item: Leftovers
|-heal|p1a: Flygon|52/100 brn|[from] item: Leftovers
|-damage|p1a: Flygon|39/100 brn|[from] brn
|upkeep
|turn|36
|
|t:|1729346185
|move|p2a: Jirachi|Ice Punch|p1a: Flygon
|-supereffective|p1a: Flygon
|-damage|p1a: Flygon|0 fnt
|faint|p1a: Flygon
|
|t:|1729346201
|switch|p1a: Celebi|Celebi|64/100
|
|-heal|p2a: Jirachi|57/100|[from] move: Wish|[wisher] Jirachi
|-weather|Sandstorm|[upkeep]
|-damage|p1a: Celebi|58/100|[from] Sandstorm
|-heal|p1a: Celebi|64/100|[from] item: Leftovers
|-heal|p2a: Jirachi|63/100|[from] item: Leftovers
|upkeep
|turn|37
|
|t:|1729346209
|switch|p2a: Dugtrio|Dugtrio, M|88/100
|-damage|p2a: Dugtrio|76/100|[from] Spikes
|move|p1a: Celebi|Leech Seed|p2a: Dugtrio
|-start|p2a: Dugtrio|move: Leech Seed
|
|-weather|Sandstorm|[upkeep]
|-damage|p1a: Celebi|58/100|[from] Sandstorm
|-damage|p2a: Dugtrio|64/100|[from] Leech Seed|[of] p1a: Celebi
|-heal|p1a: Celebi|66/100|[silent]
|-heal|p1a: Celebi|72/100|[from] item: Leftovers
|upkeep
|turn|38
|
|t:|1729346214
|move|p2a: Dugtrio|Hidden Power|p1a: Celebi
|-supereffective|p1a: Celebi
|-damage|p1a: Celebi|0 fnt
|faint|p1a: Celebi
|
|t:|1729346221
|switch|p1a: Skarmory|Skarmory, F|57/100
|
|-weather|Sandstorm|[upkeep]
|-damage|p2a: Dugtrio|52/100|[from] Leech Seed|[of] p1a: Skarmory
|-heal|p1a: Skarmory|65/100|[silent]
|-heal|p1a: Skarmory|71/100|[from] item: Leftovers
|upkeep
|turn|39
|
|t:|1729346225
|switch|p2a: Moltres|Moltres|43/100 tox
|move|p1a: Skarmory|Spikes|p2a: Moltres
|-sidestart|p2: Levy's Chair|Spikes
|
|-weather|Sandstorm|[upkeep]
|-damage|p2a: Moltres|37/100 tox|[from] Sandstorm
|-heal|p2a: Moltres|43/100 tox|[from] item: Leftovers
|-damage|p2a: Moltres|37/100 tox|[from] psn
|-heal|p1a: Skarmory|77/100|[from] item: Leftovers
|upkeep
|turn|40
|
|t:|1729346241
|switch|p1a: Tyranitar|Tyranitar, M|100/100 slp
|move|p2a: Moltres|Will-O-Wisp||[still]
|-fail|p2a: Moltres
|
|-weather|Sandstorm|[upkeep]
|-damage|p2a: Moltres|31/100 tox|[from] Sandstorm
|-heal|p2a: Moltres|37/100 tox|[from] item: Leftovers
|-damage|p2a: Moltres|25/100 tox|[from] psn
|upkeep
|turn|41
|
|t:|1729346249
|switch|p2a: Jirachi|Jirachi|63/100
|-damage|p2a: Jirachi|47/100|[from] Spikes
|switch|p1a: Skarmory|Skarmory, F|77/100
|
|-weather|Sandstorm|[upkeep]
|-heal|p2a: Jirachi|53/100|[from] item: Leftovers
|-heal|p1a: Skarmory|83/100|[from] item: Leftovers
|upkeep
|turn|42
|
|t:|1729346255
|move|p2a: Jirachi|Thunderbolt|p1a: Skarmory
|-supereffective|p1a: Skarmory
|-damage|p1a: Skarmory|38/100
|-status|p1a: Skarmory|par
|move|p1a: Skarmory|Taunt|p2a: Jirachi
|-start|p2a: Jirachi|move: Taunt
|
|-weather|Sandstorm|[upkeep]
|-heal|p2a: Jirachi|59/100|[from] item: Leftovers
|-heal|p1a: Skarmory|44/100 par|[from] item: Leftovers
|upkeep
|turn|43
|
|t:|1729346261
|move|p2a: Jirachi|Thunderbolt|p1a: Skarmory
|-supereffective|p1a: Skarmory
|-damage|p1a: Skarmory|0 fnt
|faint|p1a: Skarmory
|
|t:|1729346267
|switch|p1a: Aerodactyl|Aerodactyl, F|100/100
|
|-weather|Sandstorm|[upkeep]
|-heal|p2a: Jirachi|65/100|[from] item: Leftovers
|-end|p2a: Jirachi|move: Taunt|[silent]
|upkeep
|turn|44
|
|t:|1729346273
|switch|p2a: Dugtrio|Dugtrio, M|52/100
|-damage|p2a: Dugtrio|35/100|[from] Spikes
|move|p1a: Aerodactyl|Earthquake|p2a: Dugtrio
|-damage|p2a: Dugtrio|0 fnt
|faint|p2a: Dugtrio
|
|t:|1729346279
|switch|p2a: Moltres|Moltres|25/100 tox
|
|-weather|Sandstorm|[upkeep]
|-damage|p2a: Moltres|19/100 tox|[from] Sandstorm
|-heal|p2a: Moltres|25/100 tox|[from] item: Leftovers
|-damage|p2a: Moltres|19/100 tox|[from] psn
|upkeep
|turn|45
|
|t:|1729346283
|switch|p1a: Tyranitar|Tyranitar, M|100/100 slp
|switch|p2a: Jirachi|Jirachi|65/100
|-damage|p2a: Jirachi|49/100|[from] Spikes
|
|-weather|Sandstorm|[upkeep]
|-heal|p2a: Jirachi|55/100|[from] item: Leftovers
|upkeep
|turn|46
|inactive|Levy's Chair has 270 seconds left.
|inactive|Levy's Chair has 240 seconds left.
|
|t:|1729346344
|move|p2a: Jirachi|Thunderbolt|p1a: Tyranitar
|-damage|p1a: Tyranitar|80/100 slp
|-curestatus|p1a: Tyranitar|slp|[msg]
|move|p1a: Tyranitar|Fire Blast|p2a: Jirachi
|-supereffective|p2a: Jirachi
|-damage|p2a: Jirachi|0 fnt
|faint|p2a: Jirachi
|inactive|Levy's Chair has 240 seconds left.
|
|t:|1729346355
|switch|p2a: Moltres|Moltres|19/100 tox
|
|-weather|Sandstorm|[upkeep]
|-damage|p2a: Moltres|12/100 tox|[from] Sandstorm
|-heal|p2a: Moltres|19/100 tox|[from] item: Leftovers
|-damage|p2a: Moltres|12/100 tox|[from] psn
|-heal|p1a: Tyranitar|86/100|[from] item: Leftovers
|upkeep
|turn|47
|
|t:|1729346358
|move|p2a: Moltres|Overheat|p1a: Tyranitar
|-resisted|p1a: Tyranitar
|-damage|p1a: Tyranitar|53/100
|-unboost|p2a: Moltres|spa|2
|move|p1a: Tyranitar|Crunch|p2a: Moltres
|-damage|p2a: Moltres|0 fnt
|faint|p2a: Moltres
|
|win|thunderousbagel
|c|☆thunderousbagel|ggs wp
|c|☆Levy's Chair|gg

</script>
<script type="application/json" class="data" id="replaydata-smogtours-gen3ou-799857">
{"id":"smogtours-gen3ou-799857","format":"[Gen 3] OU","players":["thunderousbagel","Levy's Chair"],"uploadtime":1729346358,"views":104,"formatid":"gen3ou","rating":null,"private":0,"password":null}
</script>

<script defer src="js/replays.js?9d40a366"></script>
