<!DOCTYPE html>
<meta charset="utf-8" />
<meta name="viewport" content="width=device-width" />

<title>[Gen 3] OU: valiantbattlerextr vs. kalarse - Replays - Pok&eacute;mon Showdown!</title>

<meta name="description" content="Watch a replay of a Pok&eacute;mon battle between valiantbattlerextr and kalarse! Format: [Gen 3] OU; Date: Oct 14, 2024" />
<!--

Hey, you! Looking in the source for the replay log?

You can find them in JSON format, just add `.json` at the end of a replay URL.

https://replay.pokemonshowdown.com/gen7randomdoublesbattle-865046831.json

Or, if you only need the log itself, add `.log` instead:

https://replay.pokemonshowdown.com/gen7randomdoublesbattle-865046831.log

-->

<link rel="stylesheet" href="//pokemonshowdown.com/style/global.css?0.023195364461161105" />
<link rel="stylesheet" href="//play.pokemonshowdown.com/style/font-awesome.css?0.13261647063804238" />
<link rel="stylesheet" href="//play.pokemonshowdown.com/style/battle.css?0.8753245789963631" />
<link rel="stylesheet" href="//play.pokemonshowdown.com/style/utilichart.css?0.8627959624976733" />

<!-- Global site tag (gtag.js) - Google Analytics -->
<script async src="https://www.googletagmanager.com/gtag/js?id=UA-26211653-1"></script>
<script>
  window.dataLayer = window.dataLayer || [];
  function gtag(){dataLayer.push(arguments);}
  gtag('js', new Date());

  gtag('config', 'UA-26211653-1');
</script>
<!-- End Google Analytics -->
<!-- Venatus Ad Manager - Install in <HEAD> of page -->
	<script src="https://hb.vntsm.com/v3/live/ad-manager.min.js" type="text/javascript" data-site-id="642aba63ec9a7b11c3c9c1be" data-mode="scan" async></script>
<!-- / Venatus Ad Manager -->

<style>
	@media (max-width:820px) {
		.battle {
			margin: 0 auto;
		}
		.battle-log {
			margin: 7px auto 0;
			max-width: 640px;
			height: 300px;
			position: static;
		}
	}
	.optgroup {
		display: inline-block;
		line-height: 22px;
		font-size: 10pt;
	}
	.optgroup .button {
		height: 25px;
		padding-top: 0;
		padding-bottom: 0;
	}
	.optgroup button.button {
		padding-left: 12px;
		padding-right: 12px;
	}
	.linklist {
		list-style: none;
		margin: 0.5em 0;
		padding: 0;
	}
	.linklist li {
		padding: 2px 0;
	}
	.sidebar {
		float: left;
		width: 320px;
	}
	.bar-wrapper {
		max-width: 1100px;
		margin: 0 auto;
	}
	.bar-wrapper.has-sidebar {
		max-width: 1430px;
	}
	.mainbar {
		margin: 0;
		padding-right: 1px;
	}
	.mainbar.has-sidebar {
		margin-left: 330px;
	}
	@media (min-width: 1511px) {
		.sidebar {
			width: 400px;
		}
		.bar-wrapper.has-sidebar {
			max-width: 1510px;
		}
		.mainbar.has-sidebar {
			margin-left: 410px;
		}
	}
	.section.first-section {
		margin-top: 9px;
	}
	.blocklink small {
		white-space: normal;
	}
	.button {
		vertical-align: middle;
	}
	.replay-controls {
		padding-top: 10px;
	}
	.replay-controls h1 {
		font-size: 16pt;
		font-weight: normal;
		color: #CCC;
	}
	.pagelink {
		text-align: center;
	}
	.pagelink a {
		width: 150px;
	}
	.textbox, .button {
		font-size: 11pt;
		vertical-align: middle;
	}
	@media (max-width: 450px) {
		.button {
			font-size: 9pt;
		}
	}
</style>

<div>

	<header>
		<div class="nav-wrapper"><ul class="nav">
			<li><a class="button nav-first" href="//pokemonshowdown.com/"><img src="//pokemonshowdown.com/images/pokemonshowdownbeta.png" srcset="//pokemonshowdown.com/images/pokemonshowdownbeta.png 1x, //pokemonshowdown.com/images/pokemonshowdownbeta@2x.png 2x" alt="Pok&eacute;mon Showdown" width="146" height="44" /> Home</a></li>
			<li><a class="button" href="//pokemonshowdown.com/dex/">Pok&eacute;dex</a></li>
			<li><a class="button cur" href="/">Replays</a></li>
			<li><a class="button" href="//pokemonshowdown.com/ladder/">Ladder</a></li>
			<li><a class="button nav-last" href="//pokemonshowdown.com/forums/">Forum</a></li>
			<li><a class="button greenbutton nav-first nav-last" href="//play.pokemonshowdown.com/">Play</a></li>
		</ul></div>
	</header>

	<div class="main" id="main">

		<noscript><section class="section">You need to enable JavaScript to use this page; sorry!</section></noscript>

	</div>

</div>

<script defer nomodule src="//play.pokemonshowdown.com/js/lib/ps-polyfill.js"></script>
<script defer src="//play.pokemonshowdown.com/js/lib/preact.min.js"></script>

<script defer src="//play.pokemonshowdown.com/config/config.js?2bddbc15"></script>
<script defer src="//play.pokemonshowdown.com/js/lib/jquery-1.11.0.min.js"></script>
<script defer src="//play.pokemonshowdown.com/js/lib/html-sanitizer-minified.js"></script>
<script defer src="//play.pokemonshowdown.com/js/battle-sound.js"></script>
<script defer src="//play.pokemonshowdown.com/js/battledata.js?0.7209276989879541"></script>
<script defer src="//play.pokemonshowdown.com/data/pokedex-mini.js?0.6111056340867951"></script>
<script defer src="//play.pokemonshowdown.com/data/pokedex-mini-bw.js?0.3532142036491459"></script>
<script defer src="//play.pokemonshowdown.com/data/graphics.js?0.24223875632456182"></script>
<script defer src="//play.pokemonshowdown.com/data/pokedex.js?0.38839984266356864"></script>
<script defer src="//play.pokemonshowdown.com/data/moves.js?0.21866028504024015"></script>
<script defer src="//play.pokemonshowdown.com/data/abilities.js?0.2005157953846628"></script>
<script defer src="//play.pokemonshowdown.com/data/items.js?0.9894211263848525"></script>
<script defer src="//play.pokemonshowdown.com/data/teambuilder-tables.js?0.6008791140282215"></script>
<script defer src="//play.pokemonshowdown.com/js/battle-tooltips.js?0.7580118955022959"></script>
<script defer src="//play.pokemonshowdown.com/js/battle.js?0.6057722274234274"></script>

<script defer src="js/utils.js?e31f9a17"></script>
<script defer src="js/replays-battle.js?7008c182"></script>

<!-- don't scrape this data! just add .json or .log after the URL!
Full API docs: https://github.com/smogon/pokemon-showdown-client/blob/master/WEB-API.md -->
<script type="text/plain" class="log" id="replaylog-smogtours-gen3ou-798813">
|inactive|Battle timer is ON: inactive players will automatically lose when time's up.
|t:|1728944980
|gametype|singles
|player|p1|valiantbattlerextr|170|
|player|p2|kalarse|fantina|
|teamsize|p1|6
|teamsize|p2|6
|gen|3
|tier|[Gen 3] OU
|rule|Sleep Clause Mod: Limit one foe put to sleep
|rule|Switch Priority Clause Mod: Faster Pokémon switch first
|rule|Species Clause: Limit one of each Pokémon
|rule|OHKO Clause: OHKO moves are banned
|rule|Evasion Items Clause: Evasion items are banned
|rule|Evasion Moves Clause: Evasion moves are banned
|rule|Endless Battle Clause: Forcing endless battles is banned
|rule|HP Percentage Mod: HP is shown in percentages
|rule|One Boost Passer Clause: Limit one Baton Passer that has a way to boost its stats
|rule|Freeze Clause Mod: Limit one foe frozen
|
|t:|1728944980
|start
|switch|p1a: Zapdos|Zapdos|100/100
|switch|p2a: Zapdos|Zapdos|100/100
|turn|1
|
|t:|1728945000
|move|p1a: Zapdos|Thunderbolt|p2a: Zapdos
|-damage|p2a: Zapdos|67/100
|move|p2a: Zapdos|Toxic|p1a: Zapdos
|-status|p1a: Zapdos|tox
|
|-damage|p1a: Zapdos|94/100 tox|[from] psn
|-heal|p2a: Zapdos|73/100|[from] item: Leftovers
|upkeep
|turn|2
|
|t:|1728945012
|switch|p1a: Celebi|Celebi|100/100
|move|p2a: Zapdos|Thunderbolt|p1a: Celebi
|-resisted|p1a: Celebi
|-damage|p1a: Celebi|84/100
|
|-heal|p1a: Celebi|91/100|[from] item: Leftovers
|-heal|p2a: Zapdos|79/100|[from] item: Leftovers
|upkeep
|turn|3
|
|t:|1728945025
|switch|p2a: Dugtrio|Dugtrio, M|100/100
|move|p1a: Celebi|Leech Seed|p2a: Dugtrio
|-start|p2a: Dugtrio|move: Leech Seed
|
|-damage|p2a: Dugtrio|88/100|[from] Leech Seed|[of] p1a: Celebi
|-heal|p1a: Celebi|97/100|[silent]
|-heal|p1a: Celebi|100/100|[from] item: Leftovers
|upkeep
|turn|4
|
|t:|1728945036
|move|p2a: Dugtrio|Hidden Power|p1a: Celebi
|-supereffective|p1a: Celebi
|-damage|p1a: Celebi|20/100
|move|p1a: Celebi|Giga Drain|p2a: Dugtrio
|-supereffective|p2a: Dugtrio
|-damage|p2a: Dugtrio|0 fnt
|-heal|p1a: Celebi|42/100|[from] drain|[of] p2a: Dugtrio
|faint|p2a: Dugtrio
|
|t:|1728945055
|switch|p2a: Heracross|Heracross, M|100/100
|
|-heal|p1a: Celebi|49/100|[from] item: Leftovers
|upkeep
|turn|5
|
|t:|1728945066
|switch|p1a: Zapdos|Zapdos|94/100 tox
|move|p2a: Heracross|Megahorn|p1a: Zapdos
|-resisted|p1a: Zapdos
|-damage|p1a: Zapdos|60/100 tox
|
|-heal|p1a: Zapdos|66/100 tox|[from] item: Leftovers
|-damage|p1a: Zapdos|60/100 tox|[from] psn
|upkeep
|turn|6
|
|t:|1728945082
|switch|p1a: Dugtrio|Dugtrio, M|100/100
|switch|p2a: Zapdos|Zapdos|79/100
|
|-heal|p2a: Zapdos|85/100|[from] item: Leftovers
|upkeep
|turn|7
|
|t:|1728945098
|switch|p1a: Celebi|Celebi|49/100
|move|p2a: Zapdos|Rain Dance|p2a: Zapdos
|-weather|RainDance
|
|-weather|RainDance|[upkeep]
|-heal|p1a: Celebi|55/100|[from] item: Leftovers
|-heal|p2a: Zapdos|92/100|[from] item: Leftovers
|upkeep
|turn|8
|
|t:|1728945109
|switch|p2a: Heracross|Heracross, M|100/100
|move|p1a: Celebi|Leech Seed|p2a: Heracross
|-start|p2a: Heracross|move: Leech Seed
|
|-weather|RainDance|[upkeep]
|-damage|p2a: Heracross|88/100|[from] Leech Seed|[of] p1a: Celebi
|-heal|p1a: Celebi|64/100|[silent]
|-heal|p1a: Celebi|70/100|[from] item: Leftovers
|upkeep
|turn|9
|
|t:|1728945122
|switch|p1a: Kingdra|Kingdra, M|100/100
|move|p2a: Heracross|Megahorn|p1a: Kingdra
|-damage|p1a: Kingdra|28/100
|
|-weather|RainDance|[upkeep]
|-damage|p2a: Heracross|76/100|[from] Leech Seed|[of] p1a: Kingdra
|-heal|p1a: Kingdra|40/100|[silent]
|upkeep
|turn|10
|inactive|kalarse has 270 seconds left.
|
|t:|1728945137
|switch|p2a: Suicune|Suicune|100/100
|move|p1a: Kingdra|Surf|p2a: Suicune
|-resisted|p2a: Suicune
|-damage|p2a: Suicune|77/100
|
|-weather|RainDance|[upkeep]
|-heal|p2a: Suicune|83/100|[from] item: Leftovers
|upkeep
|turn|11
|inactive|kalarse has 270 seconds left.
|
|t:|1728945161
|switch|p1a: Celebi|Celebi|70/100
|move|p2a: Suicune|Surf|p1a: Celebi
|-resisted|p1a: Celebi
|-damage|p1a: Celebi|51/100
|
|-weather|none
|-heal|p1a: Celebi|57/100|[from] item: Leftovers
|-heal|p2a: Suicune|89/100|[from] item: Leftovers
|upkeep
|turn|12
|inactive|kalarse has 270 seconds left.
|
|t:|1728945180
|switch|p2a: Heracross|Heracross, M|76/100
|move|p1a: Celebi|Baton Pass|p1a: Celebi
|
|t:|1728945183
|switch|p1a: Dugtrio|Dugtrio, M|100/100|[from] Baton Pass
|
|upkeep
|turn|13
|inactive|kalarse has 270 seconds left.
|
|t:|1728945193
|move|p2a: Heracross|Endure|p2a: Heracross
|-singleturn|p2a: Heracross|move: Endure
|move|p1a: Dugtrio|Aerial Ace|p2a: Heracross
|-supereffective|p2a: Heracross
|-activate|p2a: Heracross|move: Endure
|-damage|p2a: Heracross|1/100
|
|-enditem|p2a: Heracross|Salac Berry|[eat]
|-boost|p2a: Heracross|spe|1|[from] item: Salac Berry
|upkeep
|turn|14
|inactive|kalarse has 270 seconds left.
|
|t:|1728945207
|switch|p1a: Kingdra|Kingdra, M|40/100
|move|p2a: Heracross|Reversal|p1a: Kingdra
|-damage|p1a: Kingdra|0 fnt
|faint|p1a: Kingdra
|inactive|valiantbattlerextr has 270 seconds left.
|
|t:|1728945243
|switch|p1a: Metagross|Metagross|100/100
|
|upkeep
|turn|15
|inactive|kalarse has 270 seconds left.
|
|t:|1728945259
|move|p2a: Heracross|Endure|p2a: Heracross
|-singleturn|p2a: Heracross|move: Endure
|move|p1a: Metagross|Earthquake|p2a: Heracross
|-resisted|p2a: Heracross
|-activate|p2a: Heracross|move: Endure
|-damage|p2a: Heracross|1/100
|
|upkeep
|turn|16
|inactive|kalarse has 270 seconds left.
|
|t:|1728945274
|move|p2a: Heracross|Reversal|p1a: Metagross
|-damage|p1a: Metagross|22/100
|move|p1a: Metagross|Earthquake|p2a: Heracross
|-resisted|p2a: Heracross
|-damage|p2a: Heracross|0 fnt
|faint|p2a: Heracross
|inactive|kalarse has 270 seconds left.
|
|t:|1728945286
|switch|p2a: Zapdos|Zapdos|92/100
|
|-heal|p2a: Zapdos|98/100|[from] item: Leftovers
|upkeep
|turn|17
|inactive|kalarse has 270 seconds left.
|
|t:|1728945295
|switch|p2a: Metagross|Metagross|100/100
|switch|p1a: Celebi|Celebi|57/100
|
|-heal|p1a: Celebi|64/100|[from] item: Leftovers
|upkeep
|turn|18
|inactive|kalarse has 270 seconds left.
|
|t:|1728945313
|move|p1a: Celebi|Baton Pass|p1a: Celebi
|
|t:|1728945316
|switch|p1a: Zapdos|Zapdos|60/100 tox|[from] Baton Pass
|move|p2a: Metagross|Meteor Mash|p1a: Zapdos|[miss]
|-miss|p2a: Metagross|p1a: Zapdos
|
|-heal|p1a: Zapdos|66/100 tox|[from] item: Leftovers
|-damage|p1a: Zapdos|60/100 tox|[from] psn
|upkeep
|turn|19
|inactive|kalarse has 270 seconds left.
|
|t:|1728945328
|switch|p2a: Zapdos|Zapdos|98/100
|move|p1a: Zapdos|Thunder Wave|p2a: Zapdos
|-status|p2a: Zapdos|par
|
|-heal|p1a: Zapdos|66/100 tox|[from] item: Leftovers
|-damage|p1a: Zapdos|54/100 tox|[from] psn
|-heal|p2a: Zapdos|100/100 par|[from] item: Leftovers
|upkeep
|turn|20
|inactive|kalarse has 270 seconds left.
|
|t:|1728945347
|move|p1a: Zapdos|Thunderbolt|p2a: Zapdos
|-damage|p2a: Zapdos|66/100 par
|move|p2a: Zapdos|Rain Dance|p2a: Zapdos
|-weather|RainDance
|
|-weather|RainDance|[upkeep]
|-heal|p1a: Zapdos|60/100 tox|[from] item: Leftovers
|-damage|p1a: Zapdos|41/100 tox|[from] psn
|-heal|p2a: Zapdos|73/100 par|[from] item: Leftovers
|upkeep
|turn|21
|inactive|kalarse has 270 seconds left.
|
|t:|1728945366
|switch|p1a: Suicune|Suicune|100/100
|move|p2a: Zapdos|Thunderbolt|p1a: Suicune
|-supereffective|p1a: Suicune
|-damage|p1a: Suicune|39/100
|
|-weather|RainDance|[upkeep]
|-heal|p1a: Suicune|45/100|[from] item: Leftovers
|-heal|p2a: Zapdos|79/100 par|[from] item: Leftovers
|upkeep
|turn|22
|inactive|kalarse has 270 seconds left.
|
|t:|1728945383
|switch|p1a: Celebi|Celebi|64/100
|switch|p2a: Suicune|Suicune|89/100
|
|-weather|RainDance|[upkeep]
|-heal|p1a: Celebi|70/100|[from] item: Leftovers
|-heal|p2a: Suicune|95/100|[from] item: Leftovers
|upkeep
|turn|23
|inactive|kalarse has 270 seconds left.
|
|t:|1728945395
|switch|p2a: Metagross|Metagross|100/100
|move|p1a: Celebi|Leech Seed|p2a: Metagross
|-start|p2a: Metagross|move: Leech Seed
|
|-weather|RainDance|[upkeep]
|-heal|p1a: Celebi|76/100|[from] item: Leftovers
|-damage|p2a: Metagross|88/100|[from] Leech Seed|[of] p1a: Celebi
|-heal|p1a: Celebi|87/100|[silent]
|upkeep
|turn|24
|inactive|kalarse has 270 seconds left.
|
|t:|1728945409
|move|p1a: Celebi|Calm Mind|p1a: Celebi
|-boost|p1a: Celebi|spa|1
|-boost|p1a: Celebi|spd|1
|move|p2a: Metagross|Meteor Mash|p1a: Celebi
|-damage|p1a: Celebi|50/100
|
|-weather|none
|-heal|p1a: Celebi|56/100|[from] item: Leftovers
|-heal|p2a: Metagross|94/100|[from] item: Leftovers
|-damage|p2a: Metagross|82/100|[from] Leech Seed|[of] p1a: Celebi
|-heal|p1a: Celebi|68/100|[silent]
|upkeep
|turn|25
|inactive|kalarse has 270 seconds left.
|
|t:|1728945431
|move|p1a: Celebi|Baton Pass|p1a: Celebi
|
|t:|1728945433
|switch|p1a: Zapdos|Zapdos|41/100 tox|[from] Baton Pass
|move|p2a: Metagross|Explosion|p1a: Zapdos
|-damage|p1a: Zapdos|0 fnt
|faint|p2a: Metagross
|faint|p1a: Zapdos
|
|t:|1728945452
|switch|p1a: Celebi|Celebi|68/100
|switch|p2a: Kingdra|Kingdra, M|100/100
|
|-heal|p1a: Celebi|74/100|[from] item: Leftovers
|upkeep
|turn|26
|
|t:|1728945462
|move|p1a: Celebi|Leech Seed|p2a: Kingdra
|-start|p2a: Kingdra|move: Leech Seed
|move|p2a: Kingdra|Ice Beam|p1a: Celebi
|-supereffective|p1a: Celebi
|-damage|p1a: Celebi|27/100
|
|-heal|p1a: Celebi|33/100|[from] item: Leftovers
|-damage|p2a: Kingdra|88/100|[from] Leech Seed|[of] p1a: Celebi
|-heal|p1a: Celebi|44/100|[silent]
|upkeep
|turn|27
|
|t:|1728945474
|switch|p1a: Suicune|Suicune|45/100
|move|p2a: Kingdra|Ice Beam|p1a: Suicune
|-resisted|p1a: Suicune
|-damage|p1a: Suicune|34/100
|
|-heal|p1a: Suicune|40/100|[from] item: Leftovers
|-heal|p2a: Kingdra|94/100|[from] item: Leftovers
|-damage|p2a: Kingdra|82/100|[from] Leech Seed|[of] p1a: Suicune
|-heal|p1a: Suicune|51/100|[silent]
|upkeep
|turn|28
|
|t:|1728945488
|switch|p2a: Suicune|Suicune|95/100
|move|p1a: Suicune|Calm Mind|p1a: Suicune
|-boost|p1a: Suicune|spa|1
|-boost|p1a: Suicune|spd|1
|
|-heal|p1a: Suicune|57/100|[from] item: Leftovers
|-heal|p2a: Suicune|100/100|[from] item: Leftovers
|upkeep
|turn|29
|
|t:|1728945501
|move|p1a: Suicune|Surf|p2a: Suicune
|-resisted|p2a: Suicune
|-damage|p2a: Suicune|76/100
|move|p2a: Suicune|Roar|p1a: Suicune
|drag|p1a: Dugtrio|Dugtrio, M|100/100
|
|-heal|p2a: Suicune|83/100|[from] item: Leftovers
|upkeep
|turn|30
|
|t:|1728945513
|switch|p1a: Celebi|Celebi|44/100
|move|p2a: Suicune|Surf|p1a: Celebi
|-resisted|p1a: Celebi
|-damage|p1a: Celebi|32/100
|
|-heal|p1a: Celebi|39/100|[from] item: Leftovers
|-heal|p2a: Suicune|89/100|[from] item: Leftovers
|upkeep
|turn|31
|
|t:|1728945527
|move|p1a: Celebi|Leech Seed|p2a: Suicune|[miss]
|-miss|p1a: Celebi|p2a: Suicune
|move|p2a: Suicune|Surf|p1a: Celebi
|-resisted|p1a: Celebi
|-damage|p1a: Celebi|26/100
|
|-heal|p1a: Celebi|32/100|[from] item: Leftovers
|-heal|p2a: Suicune|95/100|[from] item: Leftovers
|upkeep
|turn|32
|
|t:|1728945540
|move|p1a: Celebi|Leech Seed|p2a: Suicune
|-start|p2a: Suicune|move: Leech Seed
|move|p2a: Suicune|Surf|p1a: Celebi
|-resisted|p1a: Celebi
|-damage|p1a: Celebi|19/100
|
|-heal|p1a: Celebi|25/100|[from] item: Leftovers
|-heal|p2a: Suicune|100/100|[from] item: Leftovers
|-damage|p2a: Suicune|88/100|[from] Leech Seed|[of] p1a: Celebi
|-heal|p1a: Celebi|37/100|[silent]
|upkeep
|turn|33
|
|t:|1728945553
|switch|p2a: Kingdra|Kingdra, M|82/100
|move|p1a: Celebi|Calm Mind|p1a: Celebi
|-boost|p1a: Celebi|spa|1
|-boost|p1a: Celebi|spd|1
|
|-heal|p1a: Celebi|44/100|[from] item: Leftovers
|-heal|p2a: Kingdra|88/100|[from] item: Leftovers
|upkeep
|turn|34
|
|t:|1728945566
|move|p1a: Celebi|Leech Seed|p2a: Kingdra
|-start|p2a: Kingdra|move: Leech Seed
|move|p2a: Kingdra|Ice Beam|p1a: Celebi
|-supereffective|p1a: Celebi
|-damage|p1a: Celebi|10/100
|
|-heal|p1a: Celebi|17/100|[from] item: Leftovers
|-heal|p2a: Kingdra|94/100|[from] item: Leftovers
|-damage|p2a: Kingdra|82/100|[from] Leech Seed|[of] p1a: Celebi
|-heal|p1a: Celebi|27/100|[silent]
|upkeep
|turn|35
|
|t:|1728945579
|switch|p2a: Zapdos|Zapdos|79/100 par
|move|p1a: Celebi|Giga Drain|p2a: Zapdos
|-resisted|p2a: Zapdos
|-damage|p2a: Zapdos|67/100 par
|-heal|p1a: Celebi|33/100|[from] drain|[of] p2a: Zapdos
|
|-heal|p1a: Celebi|39/100|[from] item: Leftovers
|-heal|p2a: Zapdos|73/100 par|[from] item: Leftovers
|upkeep
|turn|36
|
|t:|1728945593
|move|p1a: Celebi|Leech Seed|p2a: Zapdos
|-start|p2a: Zapdos|move: Leech Seed
|move|p2a: Zapdos|Toxic|p1a: Celebi
|-status|p1a: Celebi|tox
|
|-heal|p1a: Celebi|45/100 tox|[from] item: Leftovers
|-damage|p1a: Celebi|39/100 tox|[from] psn
|-heal|p2a: Zapdos|79/100 par|[from] item: Leftovers
|-damage|p2a: Zapdos|67/100 par|[from] Leech Seed|[of] p1a: Celebi
|-heal|p1a: Celebi|51/100 tox|[silent]
|upkeep
|turn|37
|
|t:|1728945607
|switch|p2a: Kingdra|Kingdra, M|82/100
|move|p1a: Celebi|Baton Pass|p1a: Celebi
|
|t:|1728945630
|-curestatus|p1a: Celebi|tox|[from] ability: Natural Cure
|switch|p1a: Suicune|Suicune|57/100|[from] Baton Pass
|
|-heal|p2a: Kingdra|88/100|[from] item: Leftovers
|-heal|p1a: Suicune|63/100|[from] item: Leftovers
|upkeep
|turn|38
|
|t:|1728945641
|switch|p2a: Suicune|Suicune|88/100
|move|p1a: Suicune|Calm Mind|p1a: Suicune
|-boost|p1a: Suicune|spa|1
|-boost|p1a: Suicune|spd|1
|
|-heal|p2a: Suicune|94/100|[from] item: Leftovers
|-heal|p1a: Suicune|69/100|[from] item: Leftovers
|upkeep
|turn|39
|
|t:|1728945654
|move|p1a: Suicune|Surf|p2a: Suicune
|-resisted|p2a: Suicune
|-damage|p2a: Suicune|65/100
|move|p2a: Suicune|Roar|p1a: Suicune
|drag|p1a: Metagross|Metagross|22/100
|
|-heal|p2a: Suicune|71/100|[from] item: Leftovers
|upkeep
|turn|40
|
|t:|1728945668
|switch|p2a: Zapdos|Zapdos|67/100 par
|switch|p1a: Suicune|Suicune|69/100
|
|-heal|p1a: Suicune|76/100|[from] item: Leftovers
|-heal|p2a: Zapdos|73/100 par|[from] item: Leftovers
|upkeep
|turn|41
|
|t:|1728945681
|switch|p1a: Celebi|Celebi|51/100
|move|p2a: Zapdos|Thunderbolt|p1a: Celebi
|-resisted|p1a: Celebi
|-damage|p1a: Celebi|35/100
|
|-heal|p1a: Celebi|41/100|[from] item: Leftovers
|-heal|p2a: Zapdos|79/100 par|[from] item: Leftovers
|upkeep
|turn|42
|
|t:|1728945693
|move|p1a: Celebi|Leech Seed|p2a: Zapdos
|-start|p2a: Zapdos|move: Leech Seed
|cant|p2a: Zapdos|par
|
|-heal|p1a: Celebi|47/100|[from] item: Leftovers
|-heal|p2a: Zapdos|86/100 par|[from] item: Leftovers
|-damage|p2a: Zapdos|73/100 par|[from] Leech Seed|[of] p1a: Celebi
|-heal|p1a: Celebi|59/100|[silent]
|upkeep
|turn|43
|
|t:|1728945706
|move|p1a: Celebi|Baton Pass|p1a: Celebi
|
|t:|1728945708
|switch|p1a: Metagross|Metagross|22/100|[from] Baton Pass
|move|p2a: Zapdos|Toxic|p1a: Metagross
|-immune|p1a: Metagross
|
|-heal|p2a: Zapdos|79/100 par|[from] item: Leftovers
|-damage|p2a: Zapdos|67/100 par|[from] Leech Seed|[of] p1a: Metagross
|-heal|p1a: Metagross|37/100|[silent]
|upkeep
|turn|44
|inactive|kalarse has 270 seconds left.
|
|t:|1728945721
|move|p1a: Metagross|Explosion|p2a: Zapdos
|-damage|p2a: Zapdos|0 fnt
|faint|p1a: Metagross
|faint|p2a: Zapdos
|inactive|kalarse has 270 seconds left.
|
|t:|1728945728
|switch|p2a: Kingdra|Kingdra, M|88/100
|switch|p1a: Celebi|Celebi|59/100
|
|-heal|p1a: Celebi|65/100|[from] item: Leftovers
|-heal|p2a: Kingdra|94/100|[from] item: Leftovers
|upkeep
|turn|45
|inactive|kalarse has 270 seconds left.
|
|t:|1728945739
|switch|p1a: Suicune|Suicune|76/100
|move|p2a: Kingdra|Ice Beam|p1a: Suicune
|-resisted|p1a: Suicune
|-damage|p1a: Suicune|66/100
|
|-heal|p1a: Suicune|72/100|[from] item: Leftovers
|-heal|p2a: Kingdra|99/100|[from] item: Leftovers
|upkeep
|turn|46
|inactive|kalarse has 270 seconds left.
|
|t:|1728945757
|switch|p2a: Suicune|Suicune|71/100
|move|p1a: Suicune|Calm Mind|p1a: Suicune
|-boost|p1a: Suicune|spa|1
|-boost|p1a: Suicune|spd|1
|
|-heal|p1a: Suicune|78/100|[from] item: Leftovers
|-heal|p2a: Suicune|78/100|[from] item: Leftovers
|upkeep
|turn|47
|inactive|kalarse has 270 seconds left.
|
|t:|1728945770
|move|p1a: Suicune|Surf|p2a: Suicune
|-resisted|p2a: Suicune
|-damage|p2a: Suicune|54/100
|move|p2a: Suicune|Calm Mind|p2a: Suicune
|-boost|p2a: Suicune|spa|1
|-boost|p2a: Suicune|spd|1
|
|-heal|p1a: Suicune|84/100|[from] item: Leftovers
|-heal|p2a: Suicune|61/100|[from] item: Leftovers
|upkeep
|turn|48
|inactive|kalarse has 270 seconds left.
|
|t:|1728945783
|move|p1a: Suicune|Surf|p2a: Suicune
|-resisted|p2a: Suicune
|-damage|p2a: Suicune|44/100
|move|p2a: Suicune|Calm Mind|p2a: Suicune
|-boost|p2a: Suicune|spa|1
|-boost|p2a: Suicune|spd|1
|
|-heal|p2a: Suicune|51/100|[from] item: Leftovers
|-heal|p1a: Suicune|91/100|[from] item: Leftovers
|upkeep
|turn|49
|inactive|kalarse has 270 seconds left.
|
|t:|1728945801
|move|p1a: Suicune|Surf|p2a: Suicune
|-resisted|p2a: Suicune
|-damage|p2a: Suicune|38/100
|move|p2a: Suicune|Calm Mind|p2a: Suicune
|-boost|p2a: Suicune|spa|1
|-boost|p2a: Suicune|spd|1
|
|-heal|p2a: Suicune|44/100|[from] item: Leftovers
|-heal|p1a: Suicune|97/100|[from] item: Leftovers
|upkeep
|turn|50
|inactive|kalarse has 270 seconds left.
|
|t:|1728945814
|move|p2a: Suicune|Calm Mind|p2a: Suicune
|-boost|p2a: Suicune|spa|1
|-boost|p2a: Suicune|spd|1
|move|p1a: Suicune|Calm Mind|p1a: Suicune
|-boost|p1a: Suicune|spa|1
|-boost|p1a: Suicune|spd|1
|
|-heal|p1a: Suicune|100/100|[from] item: Leftovers
|-heal|p2a: Suicune|51/100|[from] item: Leftovers
|upkeep
|turn|51
|inactive|kalarse has 270 seconds left.
|
|t:|1728945827
|move|p2a: Suicune|Calm Mind|p2a: Suicune
|-boost|p2a: Suicune|spa|1
|-boost|p2a: Suicune|spd|1
|move|p1a: Suicune|Surf|p2a: Suicune
|-resisted|p2a: Suicune
|-damage|p2a: Suicune|41/100
|
|-heal|p2a: Suicune|47/100|[from] item: Leftovers
|upkeep
|turn|52
|inactive|kalarse has 270 seconds left.
|
|t:|1728945854
|move|p2a: Suicune|Calm Mind|p2a: Suicune
|-boost|p2a: Suicune|spa|1
|-boost|p2a: Suicune|spd|1
|move|p1a: Suicune|Calm Mind|p1a: Suicune
|-boost|p1a: Suicune|spa|1
|-boost|p1a: Suicune|spd|1
|
|-heal|p2a: Suicune|54/100|[from] item: Leftovers
|upkeep
|turn|53
|
|t:|1728945865
|move|p1a: Suicune|Surf|p2a: Suicune
|-resisted|p2a: Suicune
|-damage|p2a: Suicune|44/100
|move|p2a: Suicune|Roar|p1a: Suicune
|drag|p1a: Dugtrio|Dugtrio, M|100/100
|
|-heal|p2a: Suicune|50/100|[from] item: Leftovers
|upkeep
|turn|54
|
|t:|1728945883
|move|p1a: Dugtrio|Rock Slide|p2a: Suicune
|-damage|p2a: Suicune|36/100
|move|p2a: Suicune|Surf|p1a: Dugtrio
|-supereffective|p1a: Dugtrio
|-damage|p1a: Dugtrio|0 fnt
|faint|p1a: Dugtrio
|
|t:|1728945887
|switch|p1a: Celebi|Celebi|65/100
|
|-heal|p1a: Celebi|71/100|[from] item: Leftovers
|-heal|p2a: Suicune|42/100|[from] item: Leftovers
|upkeep
|turn|55
|inactive|kalarse has 270 seconds left.
|
|t:|1728945898
|move|p1a: Celebi|Leech Seed|p2a: Suicune
|-start|p2a: Suicune|move: Leech Seed
|move|p2a: Suicune|Surf|p1a: Celebi
|-resisted|p1a: Celebi
|-damage|p1a: Celebi|24/100
|
|-heal|p1a: Celebi|30/100|[from] item: Leftovers
|-heal|p2a: Suicune|48/100|[from] item: Leftovers
|-damage|p2a: Suicune|36/100|[from] Leech Seed|[of] p1a: Celebi
|-heal|p1a: Celebi|42/100|[silent]
|upkeep
|turn|56
|inactive|kalarse has 270 seconds left.
|
|t:|1728945912
|move|p1a: Celebi|Calm Mind|p1a: Celebi
|-boost|p1a: Celebi|spa|1
|-boost|p1a: Celebi|spd|1
|move|p2a: Suicune|Surf|p1a: Celebi
|-resisted|p1a: Celebi
|-damage|p1a: Celebi|10/100
|
|-heal|p1a: Celebi|16/100|[from] item: Leftovers
|-heal|p2a: Suicune|42/100|[from] item: Leftovers
|-damage|p2a: Suicune|30/100|[from] Leech Seed|[of] p1a: Celebi
|-heal|p1a: Celebi|28/100|[silent]
|upkeep
|turn|57
|inactive|kalarse has 270 seconds left.
|
|t:|1728945926
|move|p1a: Celebi|Baton Pass|p1a: Celebi
|
|t:|1728945928
|switch|p1a: Suicune|Suicune|100/100|[from] Baton Pass
|move|p2a: Suicune|Surf|p1a: Suicune
|-resisted|p1a: Suicune
|-damage|p1a: Suicune|72/100
|
|-heal|p2a: Suicune|36/100|[from] item: Leftovers
|-heal|p1a: Suicune|78/100|[from] item: Leftovers
|-damage|p2a: Suicune|23/100|[from] Leech Seed|[of] p1a: Suicune
|-heal|p1a: Suicune|91/100|[silent]
|upkeep
|turn|58
|inactive|kalarse has 270 seconds left.
|
|t:|1728945942
|move|p1a: Suicune|Calm Mind|p1a: Suicune
|-boost|p1a: Suicune|spa|1
|-boost|p1a: Suicune|spd|1
|move|p2a: Suicune|Roar|p1a: Suicune
|drag|p1a: Celebi|Celebi|28/100
|
|-heal|p1a: Celebi|34/100|[from] item: Leftovers
|-heal|p2a: Suicune|30/100|[from] item: Leftovers
|-damage|p2a: Suicune|17/100|[from] Leech Seed|[of] p1a: Celebi
|-heal|p1a: Celebi|47/100|[silent]
|upkeep
|turn|59
|inactive|kalarse has 270 seconds left.
|
|t:|1728945956
|move|p1a: Celebi|Calm Mind|p1a: Celebi
|-boost|p1a: Celebi|spa|1
|-boost|p1a: Celebi|spd|1
|move|p2a: Suicune|Surf|p1a: Celebi
|-resisted|p1a: Celebi
|-damage|p1a: Celebi|14/100
|
|-heal|p1a: Celebi|21/100|[from] item: Leftovers
|-heal|p2a: Suicune|23/100|[from] item: Leftovers
|-damage|p2a: Suicune|11/100|[from] Leech Seed|[of] p1a: Celebi
|-heal|p1a: Celebi|33/100|[silent]
|upkeep
|turn|60
|inactive|kalarse has 270 seconds left.
|
|t:|1728945973
|move|p1a: Celebi|Giga Drain|p2a: Suicune
|-supereffective|p2a: Suicune
|-damage|p2a: Suicune|0 fnt
|-heal|p1a: Celebi|38/100|[from] drain|[of] p2a: Suicune
|faint|p2a: Suicune
|
|t:|1728945978
|switch|p2a: Kingdra|Kingdra, M|99/100
|
|-heal|p1a: Celebi|44/100|[from] item: Leftovers
|-heal|p2a: Kingdra|100/100|[from] item: Leftovers
|upkeep
|turn|61
|
|t:|1728945995
|move|p1a: Celebi|Leech Seed|p2a: Kingdra
|-start|p2a: Kingdra|move: Leech Seed
|move|p2a: Kingdra|Ice Beam|p1a: Celebi
|-supereffective|p1a: Celebi
|-damage|p1a: Celebi|11/100
|
|-heal|p1a: Celebi|18/100|[from] item: Leftovers
|-damage|p2a: Kingdra|88/100|[from] Leech Seed|[of] p1a: Celebi
|-heal|p1a: Celebi|28/100|[silent]
|upkeep
|turn|62
|
|t:|1728946007
|move|p1a: Celebi|Baton Pass|p1a: Celebi
|
|t:|1728946009
|switch|p1a: Suicune|Suicune|91/100|[from] Baton Pass
|move|p2a: Kingdra|Ice Beam|p1a: Suicune
|-resisted|p1a: Suicune
|-damage|p1a: Suicune|83/100
|
|-heal|p1a: Suicune|89/100|[from] item: Leftovers
|-heal|p2a: Kingdra|94/100|[from] item: Leftovers
|-damage|p2a: Kingdra|82/100|[from] Leech Seed|[of] p1a: Suicune
|-heal|p1a: Suicune|99/100|[silent]
|upkeep
|turn|63
|-message|kalarse forfeited.
|
|win|valiantbattlerextr

</script>
<script type="application/json" class="data" id="replaydata-smogtours-gen3ou-798813">
{"id":"smogtours-gen3ou-798813","format":"[Gen 3] OU","players":["valiantbattlerextr","kalarse"],"uploadtime":1728946015,"views":81,"formatid":"gen3ou","rating":null,"private":0,"password":null}
</script>

<script defer src="js/replays.js?9d40a366"></script>
