<!DOCTYPE html>
<meta charset="utf-8" />
<meta name="viewport" content="width=device-width" />

<title>[Gen 3] OU: WraxiusGaming vs. PinjarraPanther - Replays - Pok&eacute;mon Showdown!</title>

<meta name="description" content="Watch a replay of a Pok&eacute;mon battle between WraxiusGaming and PinjarraPanther! Format: [Gen 3] OU; Date: Oct 26, 2024" />
<!--

Hey, you! Looking in the source for the replay log?

You can find them in JSON format, just add `.json` at the end of a replay URL.

https://replay.pokemonshowdown.com/gen7randomdoublesbattle-865046831.json

Or, if you only need the log itself, add `.log` instead:

https://replay.pokemonshowdown.com/gen7randomdoublesbattle-865046831.log

-->

<link rel="stylesheet" href="//pokemonshowdown.com/style/global.css?0.023195364461161105" />
<link rel="stylesheet" href="//play.pokemonshowdown.com/style/font-awesome.css?0.13261647063804238" />
<link rel="stylesheet" href="//play.pokemonshowdown.com/style/battle.css?0.8753245789963631" />
<link rel="stylesheet" href="//play.pokemonshowdown.com/style/utilichart.css?0.8627959624976733" />

<!-- Global site tag (gtag.js) - Google Analytics -->
<script async src="https://www.googletagmanager.com/gtag/js?id=UA-26211653-1"></script>
<script>
  window.dataLayer = window.dataLayer || [];
  function gtag(){dataLayer.push(arguments);}
  gtag('js', new Date());

  gtag('config', 'UA-26211653-1');
</script>
<!-- End Google Analytics -->
<!-- Venatus Ad Manager - Install in <HEAD> of page -->
	<script src="https://hb.vntsm.com/v3/live/ad-manager.min.js" type="text/javascript" data-site-id="642aba63ec9a7b11c3c9c1be" data-mode="scan" async></script>
<!-- / Venatus Ad Manager -->

<style>
	@media (max-width:820px) {
		.battle {
			margin: 0 auto;
		}
		.battle-log {
			margin: 7px auto 0;
			max-width: 640px;
			height: 300px;
			position: static;
		}
	}
	.optgroup {
		display: inline-block;
		line-height: 22px;
		font-size: 10pt;
	}
	.optgroup .button {
		height: 25px;
		padding-top: 0;
		padding-bottom: 0;
	}
	.optgroup button.button {
		padding-left: 12px;
		padding-right: 12px;
	}
	.linklist {
		list-style: none;
		margin: 0.5em 0;
		padding: 0;
	}
	.linklist li {
		padding: 2px 0;
	}
	.sidebar {
		float: left;
		width: 320px;
	}
	.bar-wrapper {
		max-width: 1100px;
		margin: 0 auto;
	}
	.bar-wrapper.has-sidebar {
		max-width: 1430px;
	}
	.mainbar {
		margin: 0;
		padding-right: 1px;
	}
	.mainbar.has-sidebar {
		margin-left: 330px;
	}
	@media (min-width: 1511px) {
		.sidebar {
			width: 400px;
		}
		.bar-wrapper.has-sidebar {
			max-width: 1510px;
		}
		.mainbar.has-sidebar {
			margin-left: 410px;
		}
	}
	.section.first-section {
		margin-top: 9px;
	}
	.blocklink small {
		white-space: normal;
	}
	.button {
		vertical-align: middle;
	}
	.replay-controls {
		padding-top: 10px;
	}
	.replay-controls h1 {
		font-size: 16pt;
		font-weight: normal;
		color: #CCC;
	}
	.pagelink {
		text-align: center;
	}
	.pagelink a {
		width: 150px;
	}
	.textbox, .button {
		font-size: 11pt;
		vertical-align: middle;
	}
	@media (max-width: 450px) {
		.button {
			font-size: 9pt;
		}
	}
</style>

<div>

	<header>
		<div class="nav-wrapper"><ul class="nav">
			<li><a class="button nav-first" href="//pokemonshowdown.com/"><img src="//pokemonshowdown.com/images/pokemonshowdownbeta.png" srcset="//pokemonshowdown.com/images/pokemonshowdownbeta.png 1x, //pokemonshowdown.com/images/pokemonshowdownbeta@2x.png 2x" alt="Pok&eacute;mon Showdown" width="146" height="44" /> Home</a></li>
			<li><a class="button" href="//pokemonshowdown.com/dex/">Pok&eacute;dex</a></li>
			<li><a class="button cur" href="/">Replays</a></li>
			<li><a class="button" href="//pokemonshowdown.com/ladder/">Ladder</a></li>
			<li><a class="button nav-last" href="//pokemonshowdown.com/forums/">Forum</a></li>
			<li><a class="button greenbutton nav-first nav-last" href="//play.pokemonshowdown.com/">Play</a></li>
		</ul></div>
	</header>

	<div class="main" id="main">

		<noscript><section class="section">You need to enable JavaScript to use this page; sorry!</section></noscript>

	</div>

</div>

<script defer nomodule src="//play.pokemonshowdown.com/js/lib/ps-polyfill.js"></script>
<script defer src="//play.pokemonshowdown.com/js/lib/preact.min.js"></script>

<script defer src="//play.pokemonshowdown.com/config/config.js?2bddbc15"></script>
<script defer src="//play.pokemonshowdown.com/js/lib/jquery-1.11.0.min.js"></script>
<script defer src="//play.pokemonshowdown.com/js/lib/html-sanitizer-minified.js"></script>
<script defer src="//play.pokemonshowdown.com/js/battle-sound.js"></script>
<script defer src="//play.pokemonshowdown.com/js/battledata.js?0.7209276989879541"></script>
<script defer src="//play.pokemonshowdown.com/data/pokedex-mini.js?0.6111056340867951"></script>
<script defer src="//play.pokemonshowdown.com/data/pokedex-mini-bw.js?0.3532142036491459"></script>
<script defer src="//play.pokemonshowdown.com/data/graphics.js?0.24223875632456182"></script>
<script defer src="//play.pokemonshowdown.com/data/pokedex.js?0.38839984266356864"></script>
<script defer src="//play.pokemonshowdown.com/data/moves.js?0.21866028504024015"></script>
<script defer src="//play.pokemonshowdown.com/data/abilities.js?0.2005157953846628"></script>
<script defer src="//play.pokemonshowdown.com/data/items.js?0.9894211263848525"></script>
<script defer src="//play.pokemonshowdown.com/data/teambuilder-tables.js?0.6008791140282215"></script>
<script defer src="//play.pokemonshowdown.com/js/battle-tooltips.js?0.7580118955022959"></script>
<script defer src="//play.pokemonshowdown.com/js/battle.js?0.6057722274234274"></script>

<script defer src="js/utils.js?e31f9a17"></script>
<script defer src="js/replays-battle.js?7008c182"></script>

<!-- don't scrape this data! just add .json or .log after the URL!
Full API docs: https://github.com/smogon/pokemon-showdown-client/blob/master/WEB-API.md -->
<script type="text/plain" class="log" id="replaylog-smogtours-gen3ou-801991">
|inactive|Battle timer is ON: inactive players will automatically lose when time's up.
|t:|1729901076
|gametype|singles
|player|p1|WraxiusGaming|marley|
|player|p2|PinjarraPanther|265|
|teamsize|p1|6
|teamsize|p2|6
|gen|3
|tier|[Gen 3] OU
|rule|Sleep Clause Mod: Limit one foe put to sleep
|rule|Switch Priority Clause Mod: Faster Pokémon switch first
|rule|Species Clause: Limit one of each Pokémon
|rule|OHKO Clause: OHKO moves are banned
|rule|Evasion Items Clause: Evasion items are banned
|rule|Evasion Moves Clause: Evasion moves are banned
|rule|Endless Battle Clause: Forcing endless battles is banned
|rule|HP Percentage Mod: HP is shown in percentages
|rule|One Boost Passer Clause: Limit one Baton Passer that has a way to boost its stats
|rule|Freeze Clause Mod: Limit one foe frozen
|
|t:|1729901076
|start
|switch|p1a: Salamence|Salamence, F|100/100
|switch|p2a: Once|Zapdos|100/100
|-ability|p1a: Salamence|Intimidate|boost
|-unboost|p2a: Once|atk|1
|turn|1
|inactive|WraxiusGaming also wants the timer to be on.
|c|☆PinjarraPanther|good luck
|c|☆WraxiusGaming|=
|
|t:|1729901100
|switch|p1a: Swampert|Swampert, M|100/100
|move|p2a: Once|Thunder Wave|p1a: Swampert
|-immune|p1a: Swampert
|
|upkeep
|turn|2
|c|+xtina xendrix|GO WRAX WOOO
|
|t:|1729901123
|switch|p2a: Even Flow|Swampert, F, shiny|100/100
|switch|p1a: Skarmory|Skarmory, M|100/100
|
|upkeep
|turn|3
|
|t:|1729901136
|switch|p2a: Release|Magneton, shiny|100/100
|move|p1a: Skarmory|Spikes|p2a: Release
|-sidestart|p2: PinjarraPanther|Spikes
|
|upkeep
|turn|4
|
|t:|1729901138
|move|p2a: Release|Thunderbolt|p1a: Skarmory
|-supereffective|p1a: Skarmory
|-damage|p1a: Skarmory|0 fnt
|faint|p1a: Skarmory
|
|t:|1729901145
|switch|p1a: Salamence|Salamence, F|100/100
|-ability|p1a: Salamence|Intimidate|boost
|-unboost|p2a: Release|atk|1
|
|upkeep
|turn|5
|
|t:|1729901151
|switch|p2a: Black|Salamence, M|100/100
|-ability|p2a: Black|Intimidate|boost
|-unboost|p1a: Salamence|atk|1
|move|p1a: Salamence|Fire Blast|p2a: Black
|-resisted|p2a: Black
|-damage|p2a: Black|77/100
|-status|p2a: Black|brn
|
|-heal|p2a: Black|83/100 brn|[from] item: Leftovers
|-damage|p2a: Black|71/100 brn|[from] brn
|upkeep
|turn|6
|
|t:|1729901157
|move|p1a: Salamence|Dragon Claw|p2a: Black
|-supereffective|p2a: Black
|-damage|p2a: Black|0 fnt
|faint|p2a: Black
|
|t:|1729901177
|switch|p2a: Once|Zapdos|100/100
|
|upkeep
|turn|7
|
|t:|1729901192
|switch|p1a: Zapdos|Zapdos|100/100
|move|p2a: Once|Drill Peck|p1a: Zapdos
|-resisted|p1a: Zapdos
|-damage|p1a: Zapdos|73/100
|
|-heal|p1a: Zapdos|79/100|[from] item: Leftovers
|upkeep
|turn|8
|
|t:|1729901200
|switch|p2a: Alive|Snorlax, M, shiny|100/100
|-damage|p2a: Alive|88/100|[from] Spikes
|move|p1a: Zapdos|Toxic|p2a: Alive
|-immune|p2a: Alive|[from] ability: Immunity
|
|-heal|p1a: Zapdos|85/100|[from] item: Leftovers
|-heal|p2a: Alive|94/100|[from] item: Leftovers
|upkeep
|turn|9
|
|t:|1729901209
|switch|p1a: Tyranitar|Tyranitar, F|100/100
|-weather|Sandstorm|[from] ability: Sand Stream|[of] p1a: Tyranitar
|move|p2a: Alive|Return|p1a: Tyranitar
|-resisted|p1a: Tyranitar
|-damage|p1a: Tyranitar|83/100
|
|-weather|Sandstorm|[upkeep]
|-damage|p2a: Alive|88/100|[from] Sandstorm
|-heal|p1a: Tyranitar|89/100|[from] item: Leftovers
|-heal|p2a: Alive|94/100|[from] item: Leftovers
|upkeep
|turn|10
|
|t:|1729901220
|switch|p1a: Salamence|Salamence, F|100/100
|-ability|p1a: Salamence|Intimidate|boost
|-unboost|p2a: Alive|atk|1
|switch|p2a: Even Flow|Swampert, F, shiny|100/100
|-damage|p2a: Even Flow|88/100|[from] Spikes
|
|-weather|Sandstorm|[upkeep]
|-damage|p1a: Salamence|94/100|[from] Sandstorm
|-heal|p1a: Salamence|100/100|[from] item: Leftovers
|-heal|p2a: Even Flow|94/100|[from] item: Leftovers
|upkeep
|turn|11
|
|t:|1729901235
|switch|p1a: Swampert|Swampert, M|100/100
|move|p2a: Even Flow|Protect||[still]
|-fail|p2a: Even Flow
|
|-weather|Sandstorm|[upkeep]
|-heal|p2a: Even Flow|100/100|[from] item: Leftovers
|upkeep
|turn|12
|
|t:|1729901241
|move|p2a: Even Flow|Toxic|p1a: Swampert
|-status|p1a: Swampert|tox
|move|p1a: Swampert|Hydro Pump|p2a: Even Flow
|-damage|p2a: Even Flow|57/100
|
|-weather|Sandstorm|[upkeep]
|-heal|p2a: Even Flow|63/100|[from] item: Leftovers
|-damage|p1a: Swampert|94/100 tox|[from] psn
|upkeep
|turn|13
|
|t:|1729901261
|move|p2a: Even Flow|Protect|p2a: Even Flow
|-singleturn|p2a: Even Flow|Protect
|move|p1a: Swampert|Hydro Pump|p2a: Even Flow
|-activate|p2a: Even Flow|Protect
|
|-weather|Sandstorm|[upkeep]
|-heal|p2a: Even Flow|69/100|[from] item: Leftovers
|-heal|p1a: Swampert|100/100 tox|[from] item: Leftovers
|-damage|p1a: Swampert|88/100 tox|[from] psn
|upkeep
|turn|14
|
|t:|1729901282
|switch|p2a: Alive|Snorlax, M, shiny|94/100
|-damage|p2a: Alive|82/100|[from] Spikes
|move|p1a: Swampert|Hydro Pump|p2a: Alive
|-damage|p2a: Alive|57/100
|
|-weather|Sandstorm|[upkeep]
|-damage|p2a: Alive|51/100|[from] Sandstorm
|-heal|p1a: Swampert|94/100 tox|[from] item: Leftovers
|-damage|p1a: Swampert|76/100 tox|[from] psn
|-heal|p2a: Alive|57/100|[from] item: Leftovers
|upkeep
|turn|15
|
|t:|1729901301
|switch|p1a: Tyranitar|Tyranitar, F|89/100
|move|p2a: Alive|Rest|p2a: Alive
|-status|p2a: Alive|slp|[from] move: Rest
|-heal|p2a: Alive|100/100 slp|[silent]
|
|-weather|Sandstorm|[upkeep]
|-damage|p2a: Alive|94/100 slp|[from] Sandstorm
|-heal|p1a: Tyranitar|95/100|[from] item: Leftovers
|-heal|p2a: Alive|100/100 slp|[from] item: Leftovers
|upkeep
|turn|16
|
|t:|1729901311
|switch|p2a: Even Flow|Swampert, F, shiny|69/100
|-damage|p2a: Even Flow|57/100|[from] Spikes
|move|p1a: Tyranitar|Hidden Power|p2a: Even Flow
|-supereffective|p2a: Even Flow
|-damage|p2a: Even Flow|0 fnt
|faint|p2a: Even Flow
|inactive|PinjarraPanther has 270 seconds left.
|
|t:|1729901339
|switch|p2a: Jeremy|Metagross|100/100
|-damage|p2a: Jeremy|88/100|[from] Spikes
|
|-weather|Sandstorm|[upkeep]
|-heal|p1a: Tyranitar|100/100|[from] item: Leftovers
|-heal|p2a: Jeremy|94/100|[from] item: Leftovers
|upkeep
|turn|17
|
|t:|1729901350
|switch|p1a: Swampert|Swampert, M|76/100 tox
|move|p2a: Jeremy|Protect||[still]
|-fail|p2a: Jeremy
|
|-weather|Sandstorm|[upkeep]
|-heal|p2a: Jeremy|99/100|[from] item: Leftovers
|-heal|p1a: Swampert|82/100 tox|[from] item: Leftovers
|-damage|p1a: Swampert|76/100 tox|[from] psn
|upkeep
|turn|18
|
|t:|1729901358
|move|p2a: Jeremy|Earthquake|p1a: Swampert
|-damage|p1a: Swampert|43/100 tox
|move|p1a: Swampert|Hydro Pump|p2a: Jeremy
|-damage|p2a: Jeremy|53/100
|
|-weather|Sandstorm|[upkeep]
|-heal|p2a: Jeremy|59/100|[from] item: Leftovers
|-heal|p1a: Swampert|49/100 tox|[from] item: Leftovers
|-damage|p1a: Swampert|37/100 tox|[from] psn
|upkeep
|turn|19
|
|t:|1729901364
|move|p2a: Jeremy|Protect|p2a: Jeremy
|-singleturn|p2a: Jeremy|Protect
|move|p1a: Swampert|Hydro Pump|p2a: Jeremy
|-activate|p2a: Jeremy|Protect
|
|-weather|Sandstorm|[upkeep]
|-heal|p2a: Jeremy|65/100|[from] item: Leftovers
|-heal|p1a: Swampert|43/100 tox|[from] item: Leftovers
|-damage|p1a: Swampert|24/100 tox|[from] psn
|upkeep
|turn|20
|
|t:|1729901382
|switch|p2a: Once|Zapdos|100/100
|move|p1a: Swampert|Hydro Pump|p2a: Once
|-damage|p2a: Once|18/100
|
|-weather|Sandstorm|[upkeep]
|-damage|p2a: Once|12/100|[from] Sandstorm
|-heal|p1a: Swampert|31/100 tox|[from] item: Leftovers
|-damage|p1a: Swampert|6/100 tox|[from] psn
|upkeep
|turn|21
|
|t:|1729901392
|move|p2a: Once|Hidden Power|p1a: Swampert
|-damage|p1a: Swampert|0 fnt
|faint|p1a: Swampert
|
|t:|1729901394
|switch|p1a: Salamence|Salamence, F|100/100
|-ability|p1a: Salamence|Intimidate|boost
|-unboost|p2a: Once|atk|1
|
|-weather|Sandstorm|[upkeep]
|-damage|p1a: Salamence|94/100|[from] Sandstorm
|-damage|p2a: Once|6/100|[from] Sandstorm
|-heal|p1a: Salamence|100/100|[from] item: Leftovers
|upkeep
|turn|22
|
|t:|1729901401
|move|p1a: Salamence|Dragon Claw|p2a: Once
|-damage|p2a: Once|0 fnt
|faint|p2a: Once
|
|t:|1729901409
|switch|p2a: Alive|Snorlax, M, shiny|100/100 slp
|-damage|p2a: Alive|88/100 slp|[from] Spikes
|
|-weather|Sandstorm|[upkeep]
|-damage|p1a: Salamence|94/100|[from] Sandstorm
|-damage|p2a: Alive|82/100 slp|[from] Sandstorm
|-heal|p1a: Salamence|100/100|[from] item: Leftovers
|-heal|p2a: Alive|88/100 slp|[from] item: Leftovers
|upkeep
|turn|23
|
|t:|1729901413
|move|p1a: Salamence|Brick Break|p2a: Alive
|-supereffective|p2a: Alive
|-damage|p2a: Alive|54/100 slp
|cant|p2a: Alive|slp
|
|-weather|Sandstorm|[upkeep]
|-damage|p1a: Salamence|94/100|[from] Sandstorm
|-damage|p2a: Alive|48/100 slp|[from] Sandstorm
|-heal|p1a: Salamence|100/100|[from] item: Leftovers
|-heal|p2a: Alive|54/100 slp|[from] item: Leftovers
|upkeep
|turn|24
|
|t:|1729901424
|switch|p2a: Release|Magneton, shiny|100/100
|-damage|p2a: Release|88/100|[from] Spikes
|move|p1a: Salamence|Brick Break|p2a: Release
|-supereffective|p2a: Release
|-damage|p2a: Release|24/100
|
|-weather|Sandstorm|[upkeep]
|-damage|p1a: Salamence|94/100|[from] Sandstorm
|-heal|p1a: Salamence|100/100|[from] item: Leftovers
|upkeep
|turn|25
|
|t:|1729901428
|move|p1a: Salamence|Brick Break|p2a: Release
|-supereffective|p2a: Release
|-damage|p2a: Release|0 fnt
|faint|p2a: Release
|
|t:|1729901429
|switch|p2a: Jeremy|Metagross|65/100
|-damage|p2a: Jeremy|53/100|[from] Spikes
|
|-weather|Sandstorm|[upkeep]
|-damage|p1a: Salamence|94/100|[from] Sandstorm
|-heal|p1a: Salamence|100/100|[from] item: Leftovers
|-heal|p2a: Jeremy|59/100|[from] item: Leftovers
|upkeep
|turn|26
|
|t:|1729901431
|move|p1a: Salamence|Fire Blast|p2a: Jeremy
|-supereffective|p2a: Jeremy
|-damage|p2a: Jeremy|0 fnt
|faint|p2a: Jeremy
|
|t:|1729901433
|switch|p2a: Alive|Snorlax, M, shiny|54/100 slp
|-damage|p2a: Alive|42/100 slp|[from] Spikes
|
|-weather|Sandstorm|[upkeep]
|-damage|p1a: Salamence|94/100|[from] Sandstorm
|-damage|p2a: Alive|36/100 slp|[from] Sandstorm
|-heal|p1a: Salamence|100/100|[from] item: Leftovers
|-heal|p2a: Alive|42/100 slp|[from] item: Leftovers
|upkeep
|turn|27
|
|t:|1729901435
|move|p1a: Salamence|Brick Break|p2a: Alive
|-supereffective|p2a: Alive
|-damage|p2a: Alive|8/100 slp
|cant|p2a: Alive|slp
|
|-weather|Sandstorm|[upkeep]
|-damage|p1a: Salamence|94/100|[from] Sandstorm
|-damage|p2a: Alive|2/100 slp|[from] Sandstorm
|-heal|p1a: Salamence|100/100|[from] item: Leftovers
|-heal|p2a: Alive|8/100 slp|[from] item: Leftovers
|upkeep
|turn|28
|
|t:|1729901437
|move|p1a: Salamence|Brick Break|p2a: Alive
|-supereffective|p2a: Alive
|-damage|p2a: Alive|0 fnt
|faint|p2a: Alive
|
|win|WraxiusGaming

</script>
<script type="application/json" class="data" id="replaydata-smogtours-gen3ou-801991">
{"id":"smogtours-gen3ou-801991","format":"[Gen 3] OU","players":["WraxiusGaming","PinjarraPanther"],"uploadtime":1729901437,"views":82,"formatid":"gen3ou","rating":null,"private":0,"password":null}
</script>

<script defer src="js/replays.js?9d40a366"></script>
