<!DOCTYPE html>
<meta charset="utf-8" />
<meta name="viewport" content="width=device-width" />

<title>[Gen 3] OU: ComSeal vs. adv pride - Replays - Pok&eacute;mon Showdown!</title>

<meta name="description" content="Watch a replay of a Pok&eacute;mon battle between ComSeal and adv pride! Format: [Gen 3] OU; Date: Oct 28, 2024" />
<!--

Hey, you! Looking in the source for the replay log?

You can find them in JSON format, just add `.json` at the end of a replay URL.

https://replay.pokemonshowdown.com/gen7randomdoublesbattle-865046831.json

Or, if you only need the log itself, add `.log` instead:

https://replay.pokemonshowdown.com/gen7randomdoublesbattle-865046831.log

-->

<link rel="stylesheet" href="//pokemonshowdown.com/style/global.css?0.023195364461161105" />
<link rel="stylesheet" href="//play.pokemonshowdown.com/style/font-awesome.css?0.13261647063804238" />
<link rel="stylesheet" href="//play.pokemonshowdown.com/style/battle.css?0.8753245789963631" />
<link rel="stylesheet" href="//play.pokemonshowdown.com/style/utilichart.css?0.8627959624976733" />

<!-- Global site tag (gtag.js) - Google Analytics -->
<script async src="https://www.googletagmanager.com/gtag/js?id=UA-26211653-1"></script>
<script>
  window.dataLayer = window.dataLayer || [];
  function gtag(){dataLayer.push(arguments);}
  gtag('js', new Date());

  gtag('config', 'UA-26211653-1');
</script>
<!-- End Google Analytics -->
<!-- Venatus Ad Manager - Install in <HEAD> of page -->
	<script src="https://hb.vntsm.com/v3/live/ad-manager.min.js" type="text/javascript" data-site-id="642aba63ec9a7b11c3c9c1be" data-mode="scan" async></script>
<!-- / Venatus Ad Manager -->

<style>
	@media (max-width:820px) {
		.battle {
			margin: 0 auto;
		}
		.battle-log {
			margin: 7px auto 0;
			max-width: 640px;
			height: 300px;
			position: static;
		}
	}
	.optgroup {
		display: inline-block;
		line-height: 22px;
		font-size: 10pt;
	}
	.optgroup .button {
		height: 25px;
		padding-top: 0;
		padding-bottom: 0;
	}
	.optgroup button.button {
		padding-left: 12px;
		padding-right: 12px;
	}
	.linklist {
		list-style: none;
		margin: 0.5em 0;
		padding: 0;
	}
	.linklist li {
		padding: 2px 0;
	}
	.sidebar {
		float: left;
		width: 320px;
	}
	.bar-wrapper {
		max-width: 1100px;
		margin: 0 auto;
	}
	.bar-wrapper.has-sidebar {
		max-width: 1430px;
	}
	.mainbar {
		margin: 0;
		padding-right: 1px;
	}
	.mainbar.has-sidebar {
		margin-left: 330px;
	}
	@media (min-width: 1511px) {
		.sidebar {
			width: 400px;
		}
		.bar-wrapper.has-sidebar {
			max-width: 1510px;
		}
		.mainbar.has-sidebar {
			margin-left: 410px;
		}
	}
	.section.first-section {
		margin-top: 9px;
	}
	.blocklink small {
		white-space: normal;
	}
	.button {
		vertical-align: middle;
	}
	.replay-controls {
		padding-top: 10px;
	}
	.replay-controls h1 {
		font-size: 16pt;
		font-weight: normal;
		color: #CCC;
	}
	.pagelink {
		text-align: center;
	}
	.pagelink a {
		width: 150px;
	}
	.textbox, .button {
		font-size: 11pt;
		vertical-align: middle;
	}
	@media (max-width: 450px) {
		.button {
			font-size: 9pt;
		}
	}
</style>

<div>

	<header>
		<div class="nav-wrapper"><ul class="nav">
			<li><a class="button nav-first" href="//pokemonshowdown.com/"><img src="//pokemonshowdown.com/images/pokemonshowdownbeta.png" srcset="//pokemonshowdown.com/images/pokemonshowdownbeta.png 1x, //pokemonshowdown.com/images/pokemonshowdownbeta@2x.png 2x" alt="Pok&eacute;mon Showdown" width="146" height="44" /> Home</a></li>
			<li><a class="button" href="//pokemonshowdown.com/dex/">Pok&eacute;dex</a></li>
			<li><a class="button cur" href="/">Replays</a></li>
			<li><a class="button" href="//pokemonshowdown.com/ladder/">Ladder</a></li>
			<li><a class="button nav-last" href="//pokemonshowdown.com/forums/">Forum</a></li>
			<li><a class="button greenbutton nav-first nav-last" href="//play.pokemonshowdown.com/">Play</a></li>
		</ul></div>
	</header>

	<div class="main" id="main">

		<noscript><section class="section">You need to enable JavaScript to use this page; sorry!</section></noscript>

	</div>

</div>

<script defer nomodule src="//play.pokemonshowdown.com/js/lib/ps-polyfill.js"></script>
<script defer src="//play.pokemonshowdown.com/js/lib/preact.min.js"></script>

<script defer src="//play.pokemonshowdown.com/config/config.js?2bddbc15"></script>
<script defer src="//play.pokemonshowdown.com/js/lib/jquery-1.11.0.min.js"></script>
<script defer src="//play.pokemonshowdown.com/js/lib/html-sanitizer-minified.js"></script>
<script defer src="//play.pokemonshowdown.com/js/battle-sound.js"></script>
<script defer src="//play.pokemonshowdown.com/js/battledata.js?0.7209276989879541"></script>
<script defer src="//play.pokemonshowdown.com/data/pokedex-mini.js?0.6111056340867951"></script>
<script defer src="//play.pokemonshowdown.com/data/pokedex-mini-bw.js?0.3532142036491459"></script>
<script defer src="//play.pokemonshowdown.com/data/graphics.js?0.24223875632456182"></script>
<script defer src="//play.pokemonshowdown.com/data/pokedex.js?0.38839984266356864"></script>
<script defer src="//play.pokemonshowdown.com/data/moves.js?0.21866028504024015"></script>
<script defer src="//play.pokemonshowdown.com/data/abilities.js?0.2005157953846628"></script>
<script defer src="//play.pokemonshowdown.com/data/items.js?0.9894211263848525"></script>
<script defer src="//play.pokemonshowdown.com/data/teambuilder-tables.js?0.6008791140282215"></script>
<script defer src="//play.pokemonshowdown.com/js/battle-tooltips.js?0.7580118955022959"></script>
<script defer src="//play.pokemonshowdown.com/js/battle.js?0.6057722274234274"></script>

<script defer src="js/utils.js?e31f9a17"></script>
<script defer src="js/replays-battle.js?7008c182"></script>

<!-- don't scrape this data! just add .json or .log after the URL!
Full API docs: https://github.com/smogon/pokemon-showdown-client/blob/master/WEB-API.md -->
<script type="text/plain" class="log" id="replaylog-smogtours-gen3ou-803183">
|inactive|Battle timer is ON: inactive players will automatically lose when time's up.
|t:|1730157275
|gametype|singles
|player|p1|ComSeal|pokemonrangerf|
|player|p2|adv pride|266|
|teamsize|p1|6
|teamsize|p2|6
|gen|3
|tier|[Gen 3] OU
|rule|Sleep Clause Mod: Limit one foe put to sleep
|rule|Switch Priority Clause Mod: Faster Pokémon switch first
|rule|Species Clause: Limit one of each Pokémon
|rule|OHKO Clause: OHKO moves are banned
|rule|Evasion Items Clause: Evasion items are banned
|rule|Evasion Moves Clause: Evasion moves are banned
|rule|Endless Battle Clause: Forcing endless battles is banned
|rule|HP Percentage Mod: HP is shown in percentages
|rule|One Boost Passer Clause: Limit one Baton Passer that has a way to boost its stats
|rule|Freeze Clause Mod: Limit one foe frozen
|
|t:|1730157275
|start
|switch|p1a: Tyranitar|Tyranitar, F|100/100
|switch|p2a: Tyranitar|Tyranitar, F, shiny|100/100
|-weather|Sandstorm|[from] ability: Sand Stream|[of] p2a: Tyranitar
|turn|1
|
|t:|1730157281
|move|p2a: Tyranitar|Brick Break|p1a: Tyranitar
|-supereffective|p1a: Tyranitar
|-damage|p1a: Tyranitar|0 fnt
|faint|p1a: Tyranitar
|
|t:|1730157299
|switch|p1a: Swampert|Swampert, F|100/100
|
|-weather|Sandstorm|[upkeep]
|upkeep
|turn|2
|
|t:|1730157304
|switch|p2a: Articuno|Articuno|100/100
|move|p1a: Swampert|Earthquake|p2a: Articuno
|-immune|p2a: Articuno
|
|-weather|Sandstorm|[upkeep]
|-damage|p2a: Articuno|94/100|[from] Sandstorm
|-heal|p2a: Articuno|100/100|[from] item: Leftovers
|upkeep
|turn|3
|
|t:|1730157310
|switch|p1a: Forretress|Forretress, M|100/100
|move|p2a: Articuno|Ice Beam|p1a: Forretress
|-resisted|p1a: Forretress
|-damage|p1a: Forretress|85/100
|
|-weather|Sandstorm|[upkeep]
|-damage|p2a: Articuno|94/100|[from] Sandstorm
|-heal|p2a: Articuno|100/100|[from] item: Leftovers
|-heal|p1a: Forretress|91/100|[from] item: Leftovers
|upkeep
|turn|4
|
|t:|1730157317
|move|p2a: Articuno|Ice Beam|p1a: Forretress
|-resisted|p1a: Forretress
|-damage|p1a: Forretress|78/100
|move|p1a: Forretress|Spikes|p2a: Articuno
|-sidestart|p2: adv pride|Spikes
|
|-weather|Sandstorm|[upkeep]
|-damage|p2a: Articuno|94/100|[from] Sandstorm
|-heal|p2a: Articuno|100/100|[from] item: Leftovers
|-heal|p1a: Forretress|84/100|[from] item: Leftovers
|upkeep
|turn|5
|
|t:|1730157347
|switch|p2a: Flygon|Flygon, F, shiny|100/100
|switch|p1a: Dog|Houndoom, M|100/100
|
|-weather|Sandstorm|[upkeep]
|-damage|p1a: Dog|94/100|[from] Sandstorm
|-heal|p1a: Dog|100/100|[from] item: Leftovers
|upkeep
|turn|6
|
|t:|1730157354
|switch|p1a: Gengar|Gengar, M|100/100
|move|p2a: Flygon|Earthquake|p1a: Gengar
|-immune|p1a: Gengar
|
|-weather|Sandstorm|[upkeep]
|-damage|p1a: Gengar|94/100|[from] Sandstorm
|-heal|p1a: Gengar|100/100|[from] item: Leftovers
|upkeep
|turn|7
|
|t:|1730157372
|switch|p2a: Articuno|Articuno|100/100
|move|p1a: Gengar|Will-O-Wisp|p2a: Articuno
|-status|p2a: Articuno|brn
|
|-weather|Sandstorm|[upkeep]
|-damage|p1a: Gengar|94/100|[from] Sandstorm
|-damage|p2a: Articuno|94/100 brn|[from] Sandstorm
|-heal|p1a: Gengar|100/100|[from] item: Leftovers
|-heal|p2a: Articuno|100/100 brn|[from] item: Leftovers
|-damage|p2a: Articuno|88/100 brn|[from] brn
|upkeep
|turn|8
|
|t:|1730157384
|move|p1a: Gengar|Thunderbolt|p2a: Articuno
|-supereffective|p2a: Articuno
|-crit|p2a: Articuno
|-damage|p2a: Articuno|27/100 brn
|move|p2a: Articuno|Heal Bell|p2a: Articuno
|-activate|p2a: Articuno|move: Heal Bell
|-curestatus|p2a: Articuno|brn|[silent]
|
|-weather|Sandstorm|[upkeep]
|-damage|p1a: Gengar|94/100|[from] Sandstorm
|-damage|p2a: Articuno|21/100|[from] Sandstorm
|-heal|p1a: Gengar|100/100|[from] item: Leftovers
|-heal|p2a: Articuno|27/100|[from] item: Leftovers
|upkeep
|turn|9
|
|t:|1730157389
|switch|p2a: Jirachi|Jirachi|100/100
|-damage|p2a: Jirachi|88/100|[from] Spikes
|move|p1a: Gengar|Thunderbolt|p2a: Jirachi
|-damage|p2a: Jirachi|65/100
|
|-weather|Sandstorm|[upkeep]
|-damage|p1a: Gengar|94/100|[from] Sandstorm
|-heal|p1a: Gengar|100/100|[from] item: Leftovers
|-heal|p2a: Jirachi|71/100|[from] item: Leftovers
|upkeep
|turn|10
|
|t:|1730157397
|move|p1a: Gengar|Will-O-Wisp|p2a: Jirachi|[miss]
|-miss|p1a: Gengar|p2a: Jirachi
|move|p2a: Jirachi|Wish|p2a: Jirachi
|
|-weather|Sandstorm|[upkeep]
|-damage|p1a: Gengar|94/100|[from] Sandstorm
|-heal|p1a: Gengar|100/100|[from] item: Leftovers
|-heal|p2a: Jirachi|77/100|[from] item: Leftovers
|upkeep
|turn|11
|
|t:|1730157407
|move|p1a: Gengar|Thunderbolt|p2a: Jirachi
|-damage|p2a: Jirachi|55/100
|move|p2a: Jirachi|Toxic|p1a: Gengar|[miss]
|-miss|p2a: Jirachi|p1a: Gengar
|
|-heal|p2a: Jirachi|100/100|[from] move: Wish|[wisher] Jirachi
|-weather|Sandstorm|[upkeep]
|-damage|p1a: Gengar|94/100|[from] Sandstorm
|-heal|p1a: Gengar|100/100|[from] item: Leftovers
|upkeep
|turn|12
|
|t:|1730157415
|move|p2a: Jirachi|Protect|p2a: Jirachi
|-singleturn|p2a: Jirachi|Protect
|move|p1a: Gengar|Will-O-Wisp|p2a: Jirachi
|-activate|p2a: Jirachi|Protect
|
|-weather|Sandstorm|[upkeep]
|-damage|p1a: Gengar|94/100|[from] Sandstorm
|-heal|p1a: Gengar|100/100|[from] item: Leftovers
|upkeep
|turn|13
|
|t:|1730157418
|move|p1a: Gengar|Will-O-Wisp|p2a: Jirachi
|-status|p2a: Jirachi|brn
|move|p2a: Jirachi|Fire Punch|p1a: Gengar
|-damage|p1a: Gengar|79/100
|
|-weather|Sandstorm|[upkeep]
|-damage|p1a: Gengar|73/100|[from] Sandstorm
|-heal|p1a: Gengar|79/100|[from] item: Leftovers
|-damage|p2a: Jirachi|88/100 brn|[from] brn
|upkeep
|turn|14
|
|t:|1730157431
|switch|p2a: Flygon|Flygon, F, shiny|100/100
|move|p1a: Gengar|Thunderbolt|p2a: Flygon
|-immune|p2a: Flygon
|
|-weather|Sandstorm|[upkeep]
|-damage|p1a: Gengar|73/100|[from] Sandstorm
|-heal|p1a: Gengar|79/100|[from] item: Leftovers
|upkeep
|turn|15
|
|t:|1730157439
|move|p2a: Flygon|Protect|p2a: Flygon
|-singleturn|p2a: Flygon|Protect
|move|p1a: Gengar|Ice Punch|p2a: Flygon
|-activate|p2a: Flygon|Protect
|
|-weather|Sandstorm|[upkeep]
|-damage|p1a: Gengar|73/100|[from] Sandstorm
|-heal|p1a: Gengar|79/100|[from] item: Leftovers
|upkeep
|turn|16
|
|t:|1730157446
|switch|p2a: Tyranitar|Tyranitar, F, shiny|100/100
|-damage|p2a: Tyranitar|88/100|[from] Spikes
|move|p1a: Gengar|Thunderbolt|p2a: Tyranitar
|-damage|p2a: Tyranitar|60/100
|
|-weather|Sandstorm|[upkeep]
|-damage|p1a: Gengar|73/100|[from] Sandstorm
|-heal|p1a: Gengar|79/100|[from] item: Leftovers
|upkeep
|turn|17
|
|t:|1730157472
|-singleturn|p2a: Tyranitar|move: Focus Punch
|switch|p1a: Swampert|Swampert, F|100/100
|move|p2a: Tyranitar|Focus Punch|p1a: Swampert
|-damage|p1a: Swampert|48/100
|
|-weather|Sandstorm|[upkeep]
|-heal|p1a: Swampert|54/100|[from] item: Leftovers
|upkeep
|turn|18
|
|t:|1730157480
|switch|p2a: Skarmory|Skarmory, F, shiny|100/100
|switch|p1a: Gengar|Gengar, M|79/100
|
|-weather|Sandstorm|[upkeep]
|-damage|p1a: Gengar|73/100|[from] Sandstorm
|-heal|p1a: Gengar|79/100|[from] item: Leftovers
|upkeep
|turn|19
|
|t:|1730157486
|move|p2a: Skarmory|Protect|p2a: Skarmory
|-singleturn|p2a: Skarmory|Protect
|move|p1a: Gengar|Will-O-Wisp|p2a: Skarmory|[miss]
|-miss|p1a: Gengar|p2a: Skarmory
|
|-weather|Sandstorm|[upkeep]
|-damage|p1a: Gengar|73/100|[from] Sandstorm
|-heal|p1a: Gengar|79/100|[from] item: Leftovers
|upkeep
|turn|20
|
|t:|1730157492
|move|p1a: Gengar|Thunderbolt|p2a: Skarmory
|-supereffective|p2a: Skarmory
|-damage|p2a: Skarmory|48/100
|move|p2a: Skarmory|Spikes|p1a: Gengar
|-sidestart|p1: ComSeal|Spikes
|
|-weather|Sandstorm|[upkeep]
|-damage|p1a: Gengar|73/100|[from] Sandstorm
|-heal|p1a: Gengar|79/100|[from] item: Leftovers
|-heal|p2a: Skarmory|54/100|[from] item: Leftovers
|upkeep
|turn|21
|
|t:|1730157498
|move|p2a: Skarmory|Protect|p2a: Skarmory
|-singleturn|p2a: Skarmory|Protect
|move|p1a: Gengar|Will-O-Wisp|p2a: Skarmory|[miss]
|-miss|p1a: Gengar|p2a: Skarmory
|
|-weather|Sandstorm|[upkeep]
|-damage|p1a: Gengar|73/100|[from] Sandstorm
|-heal|p1a: Gengar|79/100|[from] item: Leftovers
|-heal|p2a: Skarmory|60/100|[from] item: Leftovers
|upkeep
|turn|22
|
|t:|1730157503
|switch|p2a: Jirachi|Jirachi|88/100 brn
|-damage|p2a: Jirachi|76/100 brn|[from] Spikes
|move|p1a: Gengar|Will-O-Wisp|p2a: Jirachi
|-fail|p2a: Jirachi|brn
|
|-weather|Sandstorm|[upkeep]
|-damage|p1a: Gengar|73/100|[from] Sandstorm
|-heal|p1a: Gengar|79/100|[from] item: Leftovers
|-heal|p2a: Jirachi|82/100 brn|[from] item: Leftovers
|-damage|p2a: Jirachi|70/100 brn|[from] brn
|upkeep
|turn|23
|
|t:|1730157508
|move|p1a: Gengar|Thunderbolt|p2a: Jirachi
|-damage|p2a: Jirachi|47/100 brn
|move|p2a: Jirachi|Wish|p2a: Jirachi
|
|-weather|Sandstorm|[upkeep]
|-damage|p1a: Gengar|73/100|[from] Sandstorm
|-heal|p1a: Gengar|79/100|[from] item: Leftovers
|-heal|p2a: Jirachi|53/100 brn|[from] item: Leftovers
|-damage|p2a: Jirachi|41/100 brn|[from] brn
|upkeep
|turn|24
|
|t:|1730157515
|move|p1a: Gengar|Thunderbolt|p2a: Jirachi
|-crit|p2a: Jirachi
|-damage|p2a: Jirachi|0 fnt
|faint|p2a: Jirachi
|
|t:|1730157520
|switch|p2a: Articuno|Articuno|27/100
|
|-heal|p2a: Articuno|77/100|[from] move: Wish|[wisher] Jirachi
|-weather|Sandstorm|[upkeep]
|-damage|p1a: Gengar|73/100|[from] Sandstorm
|-damage|p2a: Articuno|71/100|[from] Sandstorm
|-heal|p1a: Gengar|79/100|[from] item: Leftovers
|-heal|p2a: Articuno|77/100|[from] item: Leftovers
|upkeep
|turn|25
|
|t:|1730157524
|move|p1a: Gengar|Thunderbolt|p2a: Articuno
|-supereffective|p2a: Articuno
|-damage|p2a: Articuno|47/100
|-status|p2a: Articuno|par
|cant|p2a: Articuno|par
|
|-weather|Sandstorm|[upkeep]
|-damage|p1a: Gengar|73/100|[from] Sandstorm
|-damage|p2a: Articuno|41/100 par|[from] Sandstorm
|-heal|p1a: Gengar|79/100|[from] item: Leftovers
|-heal|p2a: Articuno|47/100 par|[from] item: Leftovers
|upkeep
|turn|26
|
|t:|1730157529
|move|p1a: Gengar|Thunderbolt|p2a: Articuno
|-supereffective|p2a: Articuno
|-damage|p2a: Articuno|15/100 par
|move|p2a: Articuno|Rest|p2a: Articuno
|-status|p2a: Articuno|slp|[from] move: Rest
|-heal|p2a: Articuno|100/100 slp|[silent]
|
|-weather|Sandstorm|[upkeep]
|-damage|p1a: Gengar|73/100|[from] Sandstorm
|-damage|p2a: Articuno|94/100 slp|[from] Sandstorm
|-heal|p1a: Gengar|79/100|[from] item: Leftovers
|-heal|p2a: Articuno|100/100 slp|[from] item: Leftovers
|upkeep
|turn|27
|
|t:|1730157540
|move|p1a: Gengar|Thunderbolt|p2a: Articuno
|-supereffective|p2a: Articuno
|-damage|p2a: Articuno|72/100 slp
|cant|p2a: Articuno|slp
|
|-weather|Sandstorm|[upkeep]
|-damage|p1a: Gengar|73/100|[from] Sandstorm
|-damage|p2a: Articuno|66/100 slp|[from] Sandstorm
|-heal|p1a: Gengar|79/100|[from] item: Leftovers
|-heal|p2a: Articuno|72/100 slp|[from] item: Leftovers
|upkeep
|turn|28
|
|t:|1730157543
|move|p1a: Gengar|Thunderbolt|p2a: Articuno
|-supereffective|p2a: Articuno
|-damage|p2a: Articuno|41/100 slp
|cant|p2a: Articuno|slp
|
|-weather|Sandstorm|[upkeep]
|-damage|p1a: Gengar|73/100|[from] Sandstorm
|-damage|p2a: Articuno|34/100 slp|[from] Sandstorm
|-heal|p1a: Gengar|79/100|[from] item: Leftovers
|-heal|p2a: Articuno|41/100 slp|[from] item: Leftovers
|upkeep
|turn|29
|
|t:|1730157547
|move|p1a: Gengar|Thunderbolt|p2a: Articuno
|-supereffective|p2a: Articuno
|-damage|p2a: Articuno|12/100 slp
|-curestatus|p2a: Articuno|slp|[msg]
|move|p2a: Articuno|Rest|p2a: Articuno
|-status|p2a: Articuno|slp|[from] move: Rest
|-heal|p2a: Articuno|100/100 slp|[silent]
|
|-weather|Sandstorm|[upkeep]
|-damage|p1a: Gengar|73/100|[from] Sandstorm
|-damage|p2a: Articuno|94/100 slp|[from] Sandstorm
|-heal|p1a: Gengar|79/100|[from] item: Leftovers
|-heal|p2a: Articuno|100/100 slp|[from] item: Leftovers
|upkeep
|turn|30
|
|t:|1730157556
|switch|p2a: Flygon|Flygon, F, shiny|100/100
|move|p1a: Gengar|Thunderbolt|p2a: Flygon
|-immune|p2a: Flygon
|
|-weather|Sandstorm|[upkeep]
|-damage|p1a: Gengar|73/100|[from] Sandstorm
|-heal|p1a: Gengar|79/100|[from] item: Leftovers
|upkeep
|turn|31
|
|t:|1730157560
|switch|p2a: Articuno|Articuno|100/100 slp
|move|p1a: Gengar|Will-O-Wisp||[still]
|-fail|p1a: Gengar
|
|-weather|Sandstorm|[upkeep]
|-damage|p1a: Gengar|73/100|[from] Sandstorm
|-damage|p2a: Articuno|94/100 slp|[from] Sandstorm
|-heal|p1a: Gengar|79/100|[from] item: Leftovers
|-heal|p2a: Articuno|100/100 slp|[from] item: Leftovers
|upkeep
|turn|32
|
|t:|1730157577
|switch|p1a: Forretress|Forretress, M|84/100
|-damage|p1a: Forretress|71/100|[from] Spikes
|cant|p2a: Articuno|slp
|
|-weather|Sandstorm|[upkeep]
|-damage|p2a: Articuno|94/100 slp|[from] Sandstorm
|-heal|p2a: Articuno|100/100 slp|[from] item: Leftovers
|-heal|p1a: Forretress|78/100|[from] item: Leftovers
|upkeep
|turn|33
|
|t:|1730157595
|switch|p2a: Flygon|Flygon, F, shiny|100/100
|move|p1a: Forretress|Rapid Spin|p2a: Flygon
|-damage|p2a: Flygon|97/100
|-sideend|p1: ComSeal|Spikes|[from] move: Rapid Spin|[of] p1a: Forretress
|
|-weather|Sandstorm|[upkeep]
|-heal|p2a: Flygon|100/100|[from] item: Leftovers
|-heal|p1a: Forretress|84/100|[from] item: Leftovers
|upkeep
|turn|34
|
|t:|1730157611
|switch|p2a: Skarmory|Skarmory, F, shiny|60/100
|switch|p1a: Swampert|Swampert, F|54/100
|
|-weather|Sandstorm|[upkeep]
|-heal|p2a: Skarmory|66/100|[from] item: Leftovers
|-heal|p1a: Swampert|61/100|[from] item: Leftovers
|upkeep
|turn|35
|
|t:|1730157619
|switch|p1a: Forretress|Forretress, M|84/100
|move|p2a: Skarmory|Toxic|p1a: Forretress
|-immune|p1a: Forretress
|
|-weather|Sandstorm|[upkeep]
|-heal|p2a: Skarmory|72/100|[from] item: Leftovers
|-heal|p1a: Forretress|90/100|[from] item: Leftovers
|upkeep
|turn|36
|
|t:|1730157632
|move|p2a: Skarmory|Spikes|p1a: Forretress
|-sidestart|p1: ComSeal|Spikes
|move|p1a: Forretress|Spikes|p2a: Skarmory
|-sidestart|p2: adv pride|Spikes
|
|-weather|Sandstorm|[upkeep]
|-heal|p2a: Skarmory|78/100|[from] item: Leftovers
|-heal|p1a: Forretress|96/100|[from] item: Leftovers
|upkeep
|turn|37
|
|t:|1730157641
|switch|p2a: Tyranitar|Tyranitar, F, shiny|60/100
|-damage|p2a: Tyranitar|43/100|[from] Spikes
|move|p1a: Forretress|Rapid Spin|p2a: Tyranitar
|-resisted|p2a: Tyranitar
|-damage|p2a: Tyranitar|41/100
|-sideend|p1: ComSeal|Spikes|[from] move: Rapid Spin|[of] p1a: Forretress
|
|-weather|Sandstorm|[upkeep]
|-heal|p1a: Forretress|100/100|[from] item: Leftovers
|upkeep
|turn|38
|
|t:|1730157665
|switch|p1a: Swampert|Swampert, F|61/100
|move|p2a: Tyranitar|Rock Slide|p1a: Swampert
|-resisted|p1a: Swampert
|-damage|p1a: Swampert|40/100
|
|-weather|Sandstorm|[upkeep]
|-heal|p1a: Swampert|46/100|[from] item: Leftovers
|upkeep
|turn|39
|
|t:|1730157676
|switch|p2a: Articuno|Articuno|100/100 slp
|switch|p1a: Gengar|Gengar, M|79/100
|
|-weather|Sandstorm|[upkeep]
|-damage|p1a: Gengar|73/100|[from] Sandstorm
|-damage|p2a: Articuno|94/100 slp|[from] Sandstorm
|-heal|p1a: Gengar|79/100|[from] item: Leftovers
|-heal|p2a: Articuno|100/100 slp|[from] item: Leftovers
|upkeep
|turn|40
|
|t:|1730157681
|switch|p1a: Celebi|Celebi|100/100
|cant|p2a: Articuno|slp
|
|-weather|Sandstorm|[upkeep]
|-damage|p1a: Celebi|94/100|[from] Sandstorm
|-damage|p2a: Articuno|94/100 slp|[from] Sandstorm
|-heal|p1a: Celebi|100/100|[from] item: Leftovers
|-heal|p2a: Articuno|100/100 slp|[from] item: Leftovers
|upkeep
|turn|41
|
|t:|1730157690
|move|p1a: Celebi|Light Screen|p1a: Celebi
|-sidestart|p1: ComSeal|Light Screen
|-curestatus|p2a: Articuno|slp|[msg]
|move|p2a: Articuno|Ice Beam|p1a: Celebi
|-supereffective|p1a: Celebi
|-damage|p1a: Celebi|73/100
|
|-weather|Sandstorm|[upkeep]
|-damage|p1a: Celebi|67/100|[from] Sandstorm
|-damage|p2a: Articuno|94/100|[from] Sandstorm
|-heal|p1a: Celebi|73/100|[from] item: Leftovers
|-heal|p2a: Articuno|100/100|[from] item: Leftovers
|upkeep
|turn|42
|
|t:|1730157698
|switch|p2a: Flygon|Flygon, F, shiny|100/100
|move|p1a: Celebi|Leech Seed|p2a: Flygon|[miss]
|-miss|p1a: Celebi|p2a: Flygon
|
|-weather|Sandstorm|[upkeep]
|-damage|p1a: Celebi|67/100|[from] Sandstorm
|-heal|p1a: Celebi|73/100|[from] item: Leftovers
|upkeep
|turn|43
|
|t:|1730157712
|switch|p1a: Gengar|Gengar, M|79/100
|switch|p2a: Articuno|Articuno|100/100
|
|-weather|Sandstorm|[upkeep]
|-damage|p1a: Gengar|73/100|[from] Sandstorm
|-damage|p2a: Articuno|94/100|[from] Sandstorm
|-heal|p1a: Gengar|79/100|[from] item: Leftovers
|-heal|p2a: Articuno|100/100|[from] item: Leftovers
|upkeep
|turn|44
|
|t:|1730157724
|move|p1a: Gengar|Thunderbolt|p2a: Articuno
|-supereffective|p2a: Articuno
|-damage|p2a: Articuno|69/100
|move|p2a: Articuno|Ice Beam|p1a: Gengar
|-damage|p1a: Gengar|61/100
|
|-weather|Sandstorm|[upkeep]
|-damage|p1a: Gengar|55/100|[from] Sandstorm
|-damage|p2a: Articuno|62/100|[from] Sandstorm
|-heal|p1a: Gengar|61/100|[from] item: Leftovers
|-heal|p2a: Articuno|69/100|[from] item: Leftovers
|upkeep
|turn|45
|
|t:|1730157730
|move|p1a: Gengar|Thunderbolt|p2a: Articuno
|-supereffective|p2a: Articuno
|-crit|p2a: Articuno
|-damage|p2a: Articuno|4/100
|move|p2a: Articuno|Ice Beam|p1a: Gengar
|-damage|p1a: Gengar|42/100
|
|-sideend|p1: ComSeal|Light Screen
|-weather|Sandstorm|[upkeep]
|-damage|p1a: Gengar|36/100|[from] Sandstorm
|-damage|p2a: Articuno|0 fnt|[from] Sandstorm
|faint|p2a: Articuno
|-heal|p1a: Gengar|42/100|[from] item: Leftovers
|upkeep
|
|t:|1730157748
|switch|p2a: Aerodactyl|Aerodactyl, F|100/100
|turn|46
|inactive|ComSeal has 270 seconds left.
|
|t:|1730157778
|switch|p1a: Forretress|Forretress, M|100/100
|move|p2a: Aerodactyl|Rock Slide|p1a: Forretress
|-damage|p1a: Forretress|66/100
|
|-weather|Sandstorm|[upkeep]
|-heal|p1a: Forretress|72/100|[from] item: Leftovers
|upkeep
|turn|47
|
|t:|1730157794
|switch|p2a: Skarmory|Skarmory, F, shiny|78/100
|move|p1a: Forretress|Explosion|p2a: Skarmory
|-resisted|p2a: Skarmory
|-damage|p2a: Skarmory|37/100
|faint|p1a: Forretress
|
|t:|1730157804
|switch|p1a: Dog|Houndoom, M|100/100
|
|-weather|Sandstorm|[upkeep]
|-damage|p1a: Dog|94/100|[from] Sandstorm
|-heal|p1a: Dog|100/100|[from] item: Leftovers
|-heal|p2a: Skarmory|43/100|[from] item: Leftovers
|upkeep
|turn|48
|
|t:|1730157807
|move|p2a: Skarmory|Protect|p2a: Skarmory
|-singleturn|p2a: Skarmory|Protect
|move|p1a: Dog|Fire Blast|p2a: Skarmory
|-activate|p2a: Skarmory|Protect
|
|-weather|Sandstorm|[upkeep]
|-damage|p1a: Dog|94/100|[from] Sandstorm
|-heal|p1a: Dog|100/100|[from] item: Leftovers
|-heal|p2a: Skarmory|49/100|[from] item: Leftovers
|upkeep
|turn|49
|
|t:|1730157812
|switch|p2a: Tyranitar|Tyranitar, F, shiny|41/100
|-damage|p2a: Tyranitar|24/100|[from] Spikes
|move|p1a: Dog|Fire Blast|p2a: Tyranitar
|-resisted|p2a: Tyranitar
|-damage|p2a: Tyranitar|0 fnt
|faint|p2a: Tyranitar
|
|t:|1730157815
|switch|p2a: Aerodactyl|Aerodactyl, F|100/100
|
|-weather|Sandstorm|[upkeep]
|-damage|p1a: Dog|94/100|[from] Sandstorm
|-heal|p1a: Dog|100/100|[from] item: Leftovers
|upkeep
|turn|50
|
|t:|1730157845
|switch|p1a: Gengar|Gengar, M|42/100
|move|p2a: Aerodactyl|Double-Edge|p1a: Gengar
|-immune|p1a: Gengar
|
|-weather|Sandstorm|[upkeep]
|-damage|p1a: Gengar|36/100|[from] Sandstorm
|-heal|p1a: Gengar|42/100|[from] item: Leftovers
|upkeep
|turn|51
|c|☆adv pride|I really thought the bird was gonna win this for me
|
|t:|1730157866
|switch|p2a: Skarmory|Skarmory, F, shiny|49/100
|move|p1a: Gengar|Will-O-Wisp|p2a: Skarmory|[miss]
|-miss|p1a: Gengar|p2a: Skarmory
|
|-weather|Sandstorm|[upkeep]
|-damage|p1a: Gengar|36/100|[from] Sandstorm
|-heal|p1a: Gengar|42/100|[from] item: Leftovers
|-heal|p2a: Skarmory|55/100|[from] item: Leftovers
|upkeep
|turn|52
|
|t:|1730157874
|move|p2a: Skarmory|Protect|p2a: Skarmory
|-singleturn|p2a: Skarmory|Protect
|move|p1a: Gengar|Will-O-Wisp|p2a: Skarmory
|-activate|p2a: Skarmory|Protect
|
|-weather|Sandstorm|[upkeep]
|-damage|p1a: Gengar|36/100|[from] Sandstorm
|-heal|p1a: Gengar|42/100|[from] item: Leftovers
|-heal|p2a: Skarmory|61/100|[from] item: Leftovers
|upkeep
|turn|53
|c|☆ComSeal|still might
|
|t:|1730157877
|move|p1a: Gengar|Will-O-Wisp|p2a: Skarmory
|-status|p2a: Skarmory|brn
|move|p2a: Skarmory|Spikes|p1a: Gengar
|-sidestart|p1: ComSeal|Spikes
|
|-weather|Sandstorm|[upkeep]
|-damage|p1a: Gengar|36/100|[from] Sandstorm
|-heal|p1a: Gengar|42/100|[from] item: Leftovers
|-heal|p2a: Skarmory|67/100 brn|[from] item: Leftovers
|-damage|p2a: Skarmory|55/100 brn|[from] brn
|upkeep
|turn|54
|
|t:|1730157892
|switch|p1a: Dog|Houndoom, M|100/100
|-damage|p1a: Dog|88/100|[from] Spikes
|move|p2a: Skarmory|Spikes|p1a: Dog
|-sidestart|p1: ComSeal|Spikes
|
|-weather|Sandstorm|[upkeep]
|-damage|p1a: Dog|82/100|[from] Sandstorm
|-heal|p1a: Dog|88/100|[from] item: Leftovers
|-heal|p2a: Skarmory|61/100 brn|[from] item: Leftovers
|-damage|p2a: Skarmory|49/100 brn|[from] brn
|upkeep
|turn|55
|
|t:|1730157906
|switch|p2a: Aerodactyl|Aerodactyl, F|100/100
|move|p1a: Dog|Fire Blast|p2a: Aerodactyl
|-resisted|p2a: Aerodactyl
|-damage|p2a: Aerodactyl|67/100
|
|-weather|Sandstorm|[upkeep]
|-damage|p1a: Dog|82/100|[from] Sandstorm
|-heal|p1a: Dog|88/100|[from] item: Leftovers
|upkeep
|turn|56
|
|t:|1730157935
|move|p2a: Aerodactyl|Rock Slide|p1a: Dog
|-supereffective|p1a: Dog
|-damage|p1a: Dog|0 fnt
|faint|p1a: Dog
|
|t:|1730157938
|switch|p1a: Swampert|Swampert, F|46/100
|-damage|p1a: Swampert|30/100|[from] Spikes
|
|-weather|Sandstorm|[upkeep]
|-heal|p1a: Swampert|36/100|[from] item: Leftovers
|upkeep
|turn|57
|
|t:|1730157955
|switch|p2a: Skarmory|Skarmory, F, shiny|49/100 brn
|move|p1a: Swampert|Ice Beam|p2a: Skarmory
|-damage|p2a: Skarmory|31/100 brn
|
|-weather|Sandstorm|[upkeep]
|-heal|p2a: Skarmory|37/100 brn|[from] item: Leftovers
|-damage|p2a: Skarmory|24/100 brn|[from] brn
|-heal|p1a: Swampert|42/100|[from] item: Leftovers
|upkeep
|turn|58
|
|t:|1730157963
|move|p1a: Swampert|Protect|p1a: Swampert
|-singleturn|p1a: Swampert|Protect
|move|p2a: Skarmory|Toxic|p1a: Swampert
|-activate|p1a: Swampert|Protect
|
|-weather|Sandstorm|[upkeep]
|-heal|p2a: Skarmory|30/100 brn|[from] item: Leftovers
|-damage|p2a: Skarmory|18/100 brn|[from] brn
|-heal|p1a: Swampert|48/100|[from] item: Leftovers
|upkeep
|turn|59
|
|t:|1730157971
|move|p2a: Skarmory|Toxic|p1a: Swampert
|-status|p1a: Swampert|tox
|move|p1a: Swampert|Ice Beam|p2a: Skarmory
|-damage|p2a: Skarmory|0 fnt
|faint|p2a: Skarmory
|
|t:|1730157973
|switch|p2a: Flygon|Flygon, F, shiny|100/100
|
|-weather|Sandstorm|[upkeep]
|-heal|p1a: Swampert|55/100 tox|[from] item: Leftovers
|-damage|p1a: Swampert|48/100 tox|[from] psn
|upkeep
|turn|60
|
|t:|1730157986
|switch|p1a: Gengar|Gengar, M|42/100
|move|p2a: Flygon|Protect||[still]
|-fail|p2a: Flygon
|
|-weather|Sandstorm|[upkeep]
|-damage|p1a: Gengar|36/100|[from] Sandstorm
|-heal|p1a: Gengar|42/100|[from] item: Leftovers
|upkeep
|turn|61
|
|t:|1730157992
|move|p1a: Gengar|Ice Punch|p2a: Flygon
|-supereffective|p2a: Flygon
|-damage|p2a: Flygon|0 fnt
|faint|p2a: Flygon
|
|t:|1730157994
|switch|p2a: Aerodactyl|Aerodactyl, F|67/100
|
|-weather|Sandstorm|[upkeep]
|-damage|p1a: Gengar|36/100|[from] Sandstorm
|-heal|p1a: Gengar|42/100|[from] item: Leftovers
|upkeep
|turn|62
|
|t:|1730157997
|move|p2a: Aerodactyl|Rock Slide|p1a: Gengar
|-damage|p1a: Gengar|0 fnt
|faint|p1a: Gengar
|
|t:|1730158003
|switch|p1a: Swampert|Swampert, F|48/100 tox
|-damage|p1a: Swampert|32/100 tox|[from] Spikes
|
|-weather|Sandstorm|[upkeep]
|-heal|p1a: Swampert|38/100 tox|[from] item: Leftovers
|-damage|p1a: Swampert|32/100 tox|[from] psn
|upkeep
|turn|63
|
|t:|1730158006
|move|p2a: Aerodactyl|Rock Slide|p1a: Swampert
|-resisted|p1a: Swampert
|-damage|p1a: Swampert|15/100 tox
|cant|p1a: Swampert|flinch
|
|-weather|Sandstorm|[upkeep]
|-heal|p1a: Swampert|21/100 tox|[from] item: Leftovers
|-damage|p1a: Swampert|9/100 tox|[from] psn
|upkeep
|turn|64
|
|t:|1730158012
|move|p2a: Aerodactyl|Rock Slide|p1a: Swampert
|-resisted|p1a: Swampert
|-damage|p1a: Swampert|0 fnt
|faint|p1a: Swampert
|c|☆ComSeal|damn
|
|t:|1730158017
|switch|p1a: Celebi|Celebi|73/100
|-damage|p1a: Celebi|57/100|[from] Spikes
|
|-weather|Sandstorm|[upkeep]
|-damage|p1a: Celebi|50/100|[from] Sandstorm
|-heal|p1a: Celebi|57/100|[from] item: Leftovers
|upkeep
|turn|65
|
|t:|1730158021
|move|p2a: Aerodactyl|Rock Slide|p1a: Celebi
|-damage|p1a: Celebi|23/100
|cant|p1a: Celebi|flinch
|
|-weather|Sandstorm|[upkeep]
|-damage|p1a: Celebi|17/100|[from] Sandstorm
|-heal|p1a: Celebi|23/100|[from] item: Leftovers
|upkeep
|turn|66
|
|t:|1730158025
|move|p2a: Aerodactyl|Rock Slide|p1a: Celebi
|-damage|p1a: Celebi|0 fnt
|faint|p1a: Celebi
|
|win|adv pride
|c|☆ComSeal|wp
|c|☆adv pride|Sorry
|c|☆adv pride|ggwp

</script>
<script type="application/json" class="data" id="replaydata-smogtours-gen3ou-803183">
{"id":"smogtours-gen3ou-803183","format":"[Gen 3] OU","players":["ComSeal","adv pride"],"uploadtime":1730158025,"views":66,"formatid":"gen3ou","rating":null,"private":0,"password":null}
</script>

<script defer src="js/replays.js?9d40a366"></script>
