<!DOCTYPE html>
<meta charset="utf-8" />
<meta name="viewport" content="width=device-width" />

<title>[Gen 3] OU: DraykOP vs. msoft_j - Replays - Pok&eacute;mon Showdown!</title>

<meta name="description" content="Watch a replay of a Pok&eacute;mon battle between DraykOP and msoft_j! Format: [Gen 3] OU; Date: Oct 19, 2024" />
<!--

Hey, you! Looking in the source for the replay log?

You can find them in JSON format, just add `.json` at the end of a replay URL.

https://replay.pokemonshowdown.com/gen7randomdoublesbattle-865046831.json

Or, if you only need the log itself, add `.log` instead:

https://replay.pokemonshowdown.com/gen7randomdoublesbattle-865046831.log

-->

<link rel="stylesheet" href="//pokemonshowdown.com/style/global.css?0.023195364461161105" />
<link rel="stylesheet" href="//play.pokemonshowdown.com/style/font-awesome.css?0.13261647063804238" />
<link rel="stylesheet" href="//play.pokemonshowdown.com/style/battle.css?0.8753245789963631" />
<link rel="stylesheet" href="//play.pokemonshowdown.com/style/utilichart.css?0.8627959624976733" />

<!-- Global site tag (gtag.js) - Google Analytics -->
<script async src="https://www.googletagmanager.com/gtag/js?id=UA-26211653-1"></script>
<script>
  window.dataLayer = window.dataLayer || [];
  function gtag(){dataLayer.push(arguments);}
  gtag('js', new Date());

  gtag('config', 'UA-26211653-1');
</script>
<!-- End Google Analytics -->
<!-- Venatus Ad Manager - Install in <HEAD> of page -->
	<script src="https://hb.vntsm.com/v3/live/ad-manager.min.js" type="text/javascript" data-site-id="642aba63ec9a7b11c3c9c1be" data-mode="scan" async></script>
<!-- / Venatus Ad Manager -->

<style>
	@media (max-width:820px) {
		.battle {
			margin: 0 auto;
		}
		.battle-log {
			margin: 7px auto 0;
			max-width: 640px;
			height: 300px;
			position: static;
		}
	}
	.optgroup {
		display: inline-block;
		line-height: 22px;
		font-size: 10pt;
	}
	.optgroup .button {
		height: 25px;
		padding-top: 0;
		padding-bottom: 0;
	}
	.optgroup button.button {
		padding-left: 12px;
		padding-right: 12px;
	}
	.linklist {
		list-style: none;
		margin: 0.5em 0;
		padding: 0;
	}
	.linklist li {
		padding: 2px 0;
	}
	.sidebar {
		float: left;
		width: 320px;
	}
	.bar-wrapper {
		max-width: 1100px;
		margin: 0 auto;
	}
	.bar-wrapper.has-sidebar {
		max-width: 1430px;
	}
	.mainbar {
		margin: 0;
		padding-right: 1px;
	}
	.mainbar.has-sidebar {
		margin-left: 330px;
	}
	@media (min-width: 1511px) {
		.sidebar {
			width: 400px;
		}
		.bar-wrapper.has-sidebar {
			max-width: 1510px;
		}
		.mainbar.has-sidebar {
			margin-left: 410px;
		}
	}
	.section.first-section {
		margin-top: 9px;
	}
	.blocklink small {
		white-space: normal;
	}
	.button {
		vertical-align: middle;
	}
	.replay-controls {
		padding-top: 10px;
	}
	.replay-controls h1 {
		font-size: 16pt;
		font-weight: normal;
		color: #CCC;
	}
	.pagelink {
		text-align: center;
	}
	.pagelink a {
		width: 150px;
	}
	.textbox, .button {
		font-size: 11pt;
		vertical-align: middle;
	}
	@media (max-width: 450px) {
		.button {
			font-size: 9pt;
		}
	}
</style>

<div>

	<header>
		<div class="nav-wrapper"><ul class="nav">
			<li><a class="button nav-first" href="//pokemonshowdown.com/"><img src="//pokemonshowdown.com/images/pokemonshowdownbeta.png" srcset="//pokemonshowdown.com/images/pokemonshowdownbeta.png 1x, //pokemonshowdown.com/images/pokemonshowdownbeta@2x.png 2x" alt="Pok&eacute;mon Showdown" width="146" height="44" /> Home</a></li>
			<li><a class="button" href="//pokemonshowdown.com/dex/">Pok&eacute;dex</a></li>
			<li><a class="button cur" href="/">Replays</a></li>
			<li><a class="button" href="//pokemonshowdown.com/ladder/">Ladder</a></li>
			<li><a class="button nav-last" href="//pokemonshowdown.com/forums/">Forum</a></li>
			<li><a class="button greenbutton nav-first nav-last" href="//play.pokemonshowdown.com/">Play</a></li>
		</ul></div>
	</header>

	<div class="main" id="main">

		<noscript><section class="section">You need to enable JavaScript to use this page; sorry!</section></noscript>

	</div>

</div>

<script defer nomodule src="//play.pokemonshowdown.com/js/lib/ps-polyfill.js"></script>
<script defer src="//play.pokemonshowdown.com/js/lib/preact.min.js"></script>

<script defer src="//play.pokemonshowdown.com/config/config.js?2bddbc15"></script>
<script defer src="//play.pokemonshowdown.com/js/lib/jquery-1.11.0.min.js"></script>
<script defer src="//play.pokemonshowdown.com/js/lib/html-sanitizer-minified.js"></script>
<script defer src="//play.pokemonshowdown.com/js/battle-sound.js"></script>
<script defer src="//play.pokemonshowdown.com/js/battledata.js?0.7209276989879541"></script>
<script defer src="//play.pokemonshowdown.com/data/pokedex-mini.js?0.6111056340867951"></script>
<script defer src="//play.pokemonshowdown.com/data/pokedex-mini-bw.js?0.3532142036491459"></script>
<script defer src="//play.pokemonshowdown.com/data/graphics.js?0.24223875632456182"></script>
<script defer src="//play.pokemonshowdown.com/data/pokedex.js?0.38839984266356864"></script>
<script defer src="//play.pokemonshowdown.com/data/moves.js?0.21866028504024015"></script>
<script defer src="//play.pokemonshowdown.com/data/abilities.js?0.2005157953846628"></script>
<script defer src="//play.pokemonshowdown.com/data/items.js?0.9894211263848525"></script>
<script defer src="//play.pokemonshowdown.com/data/teambuilder-tables.js?0.6008791140282215"></script>
<script defer src="//play.pokemonshowdown.com/js/battle-tooltips.js?0.7580118955022959"></script>
<script defer src="//play.pokemonshowdown.com/js/battle.js?0.6057722274234274"></script>

<script defer src="js/utils.js?e31f9a17"></script>
<script defer src="js/replays-battle.js?7008c182"></script>

<!-- don't scrape this data! just add .json or .log after the URL!
Full API docs: https://github.com/smogon/pokemon-showdown-client/blob/master/WEB-API.md -->
<script type="text/plain" class="log" id="replaylog-smogtours-gen3ou-799812">
|inactive|Battle timer is ON: inactive players will automatically lose when time's up.
|t:|1729331537
|gametype|singles
|player|p1|DraykOP|hexmaniac-gen3|
|player|p2|msoft_j|supernerd|
|teamsize|p1|6
|teamsize|p2|6
|gen|3
|tier|[Gen 3] OU
|rule|Sleep Clause Mod: Limit one foe put to sleep
|rule|Switch Priority Clause Mod: Faster Pokémon switch first
|rule|Species Clause: Limit one of each Pokémon
|rule|OHKO Clause: OHKO moves are banned
|rule|Evasion Items Clause: Evasion items are banned
|rule|Evasion Moves Clause: Evasion moves are banned
|rule|Endless Battle Clause: Forcing endless battles is banned
|rule|HP Percentage Mod: HP is shown in percentages
|rule|One Boost Passer Clause: Limit one Baton Passer that has a way to boost its stats
|rule|Freeze Clause Mod: Limit one foe frozen
|
|t:|1729331537
|start
|switch|p1a: The Zappening|Zapdos|100/100
|switch|p2a: Tyranitar|Tyranitar, F|100/100
|-weather|Sandstorm|[from] ability: Sand Stream|[of] p2a: Tyranitar
|turn|1
|
|t:|1729331546
|move|p1a: The Zappening|Baton Pass|p1a: The Zappening
|
|t:|1729331549
|switch|p1a: :3|Heracross, F|100/100|[from] Baton Pass
|move|p2a: Tyranitar|Rock Slide|p1a: :3
|-damage|p1a: :3|59/100
|
|-weather|Sandstorm|[upkeep]
|-damage|p1a: :3|53/100|[from] Sandstorm
|upkeep
|turn|2
|
|t:|1729331562
|switch|p2a: Skarmory|Skarmory, M|100/100
|move|p1a: :3|Rock Slide|p2a: Skarmory
|-damage|p2a: Skarmory|81/100
|
|-weather|Sandstorm|[upkeep]
|-damage|p1a: :3|47/100|[from] Sandstorm
|-heal|p2a: Skarmory|87/100|[from] item: Leftovers
|upkeep
|turn|3
|
|t:|1729331566
|switch|p1a: The Zappening|Zapdos|100/100
|move|p2a: Skarmory|Spikes|p1a: The Zappening
|-sidestart|p1: DraykOP|Spikes
|
|-weather|Sandstorm|[upkeep]
|-damage|p1a: The Zappening|94/100|[from] Sandstorm
|-heal|p1a: The Zappening|100/100|[from] item: Leftovers
|-heal|p2a: Skarmory|93/100|[from] item: Leftovers
|upkeep
|turn|4
|
|t:|1729331570
|switch|p2a: Blissey|Blissey, F|100/100
|move|p1a: The Zappening|Agility|p1a: The Zappening
|-boost|p1a: The Zappening|spe|2
|
|-weather|Sandstorm|[upkeep]
|-damage|p1a: The Zappening|94/100|[from] Sandstorm
|-damage|p2a: Blissey|94/100|[from] Sandstorm
|-heal|p1a: The Zappening|100/100|[from] item: Leftovers
|-heal|p2a: Blissey|100/100|[from] item: Leftovers
|upkeep
|turn|5
|
|t:|1729331589
|move|p1a: The Zappening|Baton Pass|p1a: The Zappening
|
|t:|1729331592
|switch|p1a: RU looks different|Tyranitar, M|100/100|[from] Baton Pass
|-damage|p1a: RU looks different|88/100|[from] Spikes
|move|p2a: Blissey|Toxic|p1a: RU looks different|[miss]
|-miss|p2a: Blissey|p1a: RU looks different
|
|-weather|Sandstorm|[upkeep]
|-damage|p2a: Blissey|94/100|[from] Sandstorm
|-heal|p2a: Blissey|100/100|[from] item: Leftovers
|upkeep
|turn|6
|
|t:|1729331607
|-singleturn|p1a: RU looks different|move: Focus Punch
|switch|p2a: Skarmory|Skarmory, M|93/100
|move|p1a: RU looks different|Focus Punch|p2a: Skarmory
|-damage|p2a: Skarmory|24/100
|
|-weather|Sandstorm|[upkeep]
|-heal|p2a: Skarmory|30/100|[from] item: Leftovers
|upkeep
|turn|7
|
|t:|1729331620
|-singleturn|p1a: RU looks different|move: Focus Punch
|move|p2a: Skarmory|Protect|p2a: Skarmory
|-singleturn|p2a: Skarmory|Protect
|move|p1a: RU looks different|Focus Punch|p2a: Skarmory
|-activate|p2a: Skarmory|Protect
|
|-weather|Sandstorm|[upkeep]
|-heal|p2a: Skarmory|36/100|[from] item: Leftovers
|upkeep
|turn|8
|
|t:|1729331623
|-singleturn|p1a: RU looks different|move: Focus Punch
|switch|p2a: Swampert|Swampert, F|100/100
|move|p1a: RU looks different|Focus Punch|p2a: Swampert
|-damage|p2a: Swampert|44/100
|
|-weather|Sandstorm|[upkeep]
|-heal|p2a: Swampert|51/100|[from] item: Leftovers
|upkeep
|turn|9
|
|t:|1729331630
|switch|p1a: Breakdown!|Starmie|100/100
|-damage|p1a: Breakdown!|88/100|[from] Spikes
|move|p2a: Swampert|Protect||[still]
|-fail|p2a: Swampert
|
|-weather|Sandstorm|[upkeep]
|-damage|p1a: Breakdown!|82/100|[from] Sandstorm
|-heal|p1a: Breakdown!|88/100|[from] item: Leftovers
|-heal|p2a: Swampert|57/100|[from] item: Leftovers
|upkeep
|turn|10
|
|t:|1729331637
|move|p2a: Swampert|Protect|p2a: Swampert
|-singleturn|p2a: Swampert|Protect
|move|p1a: Breakdown!|Rapid Spin|p2a: Swampert
|-activate|p2a: Swampert|Protect
|
|-weather|Sandstorm|[upkeep]
|-damage|p1a: Breakdown!|82/100|[from] Sandstorm
|-heal|p1a: Breakdown!|88/100|[from] item: Leftovers
|-heal|p2a: Swampert|63/100|[from] item: Leftovers
|upkeep
|turn|11
|
|t:|1729331641
|switch|p2a: Gengar|Gengar, F|100/100
|move|p1a: Breakdown!|Hydro Pump|p2a: Gengar
|-damage|p2a: Gengar|19/100
|
|-weather|Sandstorm|[upkeep]
|-damage|p1a: Breakdown!|82/100|[from] Sandstorm
|-damage|p2a: Gengar|12/100|[from] Sandstorm
|-heal|p1a: Breakdown!|88/100|[from] item: Leftovers
|-heal|p2a: Gengar|19/100|[from] item: Leftovers
|upkeep
|turn|12
|
|t:|1729331644
|move|p1a: Breakdown!|Thunderbolt|p2a: Gengar
|-damage|p2a: Gengar|0 fnt
|faint|p2a: Gengar
|
|t:|1729331649
|switch|p2a: Blissey|Blissey, F|100/100
|
|-weather|Sandstorm|[upkeep]
|-damage|p1a: Breakdown!|82/100|[from] Sandstorm
|-damage|p2a: Blissey|94/100|[from] Sandstorm
|-heal|p1a: Breakdown!|88/100|[from] item: Leftovers
|-heal|p2a: Blissey|100/100|[from] item: Leftovers
|upkeep
|turn|13
|
|t:|1729331655
|move|p1a: Breakdown!|Rapid Spin|p2a: Blissey
|-damage|p2a: Blissey|98/100
|-sideend|p1: DraykOP|Spikes|[from] move: Rapid Spin|[of] p1a: Breakdown!
|move|p2a: Blissey|Thunderbolt|p1a: Breakdown!
|-supereffective|p1a: Breakdown!
|-damage|p1a: Breakdown!|16/100
|
|-weather|Sandstorm|[upkeep]
|-damage|p1a: Breakdown!|10/100|[from] Sandstorm
|-damage|p2a: Blissey|92/100|[from] Sandstorm
|-heal|p1a: Breakdown!|16/100|[from] item: Leftovers
|-heal|p2a: Blissey|98/100|[from] item: Leftovers
|upkeep
|turn|14
|
|t:|1729331663
|move|p1a: Breakdown!|Thunderbolt|p2a: Blissey
|-damage|p2a: Blissey|87/100
|move|p2a: Blissey|Toxic|p1a: Breakdown!
|-status|p1a: Breakdown!|tox
|
|-weather|Sandstorm|[upkeep]
|-damage|p1a: Breakdown!|10/100 tox|[from] Sandstorm
|-damage|p2a: Blissey|81/100|[from] Sandstorm
|-heal|p1a: Breakdown!|16/100 tox|[from] item: Leftovers
|-damage|p1a: Breakdown!|10/100 tox|[from] psn
|-heal|p2a: Blissey|87/100|[from] item: Leftovers
|upkeep
|turn|15
|
|t:|1729331668
|move|p1a: Breakdown!|Hydro Pump|p2a: Blissey
|-damage|p2a: Blissey|64/100
|move|p2a: Blissey|Ice Beam|p1a: Breakdown!
|-resisted|p1a: Breakdown!
|-damage|p1a: Breakdown!|0 fnt
|faint|p1a: Breakdown!
|
|t:|1729331676
|switch|p1a: :3|Heracross, F|47/100
|
|-weather|Sandstorm|[upkeep]
|-damage|p1a: :3|41/100|[from] Sandstorm
|-damage|p2a: Blissey|58/100|[from] Sandstorm
|-heal|p2a: Blissey|64/100|[from] item: Leftovers
|upkeep
|turn|16
|
|t:|1729331687
|switch|p2a: Swampert|Swampert, F|63/100
|move|p1a: :3|Brick Break|p2a: Swampert
|-damage|p2a: Swampert|35/100
|
|-weather|Sandstorm|[upkeep]
|-damage|p1a: :3|35/100|[from] Sandstorm
|-heal|p2a: Swampert|41/100|[from] item: Leftovers
|upkeep
|turn|17
|
|t:|1729331692
|move|p1a: :3|Megahorn|p2a: Swampert
|-damage|p2a: Swampert|0 fnt
|faint|p2a: Swampert
|
|t:|1729331695
|switch|p2a: Charizard|Charizard, F|100/100
|
|-weather|Sandstorm|[upkeep]
|-damage|p2a: Charizard|94/100|[from] Sandstorm
|-damage|p1a: :3|29/100|[from] Sandstorm
|-heal|p2a: Charizard|100/100|[from] item: Leftovers
|upkeep
|turn|18
|
|t:|1729331718
|move|p2a: Charizard|Fire Blast|p1a: :3
|-supereffective|p1a: :3
|-damage|p1a: :3|0 fnt
|faint|p1a: :3
|
|t:|1729331729
|switch|p1a: The Zappening|Zapdos|100/100
|
|-weather|Sandstorm|[upkeep]
|-damage|p2a: Charizard|94/100|[from] Sandstorm
|-damage|p1a: The Zappening|94/100|[from] Sandstorm
|-heal|p2a: Charizard|100/100|[from] item: Leftovers
|-heal|p1a: The Zappening|100/100|[from] item: Leftovers
|upkeep
|turn|19
|
|t:|1729331732
|switch|p2a: Blissey|Blissey, F|64/100
|move|p1a: The Zappening|Thunderbolt|p2a: Blissey
|-damage|p2a: Blissey|43/100
|
|-weather|Sandstorm|[upkeep]
|-damage|p1a: The Zappening|94/100|[from] Sandstorm
|-damage|p2a: Blissey|37/100|[from] Sandstorm
|-heal|p1a: The Zappening|100/100|[from] item: Leftovers
|-heal|p2a: Blissey|43/100|[from] item: Leftovers
|upkeep
|turn|20
|
|t:|1729331734
|move|p1a: The Zappening|Agility|p1a: The Zappening
|-boost|p1a: The Zappening|spe|2
|move|p2a: Blissey|Soft-Boiled|p2a: Blissey
|-heal|p2a: Blissey|93/100
|
|-weather|Sandstorm|[upkeep]
|-damage|p1a: The Zappening|94/100|[from] Sandstorm
|-damage|p2a: Blissey|87/100|[from] Sandstorm
|-heal|p1a: The Zappening|100/100|[from] item: Leftovers
|-heal|p2a: Blissey|93/100|[from] item: Leftovers
|upkeep
|turn|21
|
|t:|1729331740
|move|p1a: The Zappening|Baton Pass|p1a: The Zappening
|
|t:|1729331742
|switch|p1a: How was the fall?|Marowak, M, shiny|100/100|[from] Baton Pass
|move|p2a: Blissey|Toxic|p1a: How was the fall?
|-status|p1a: How was the fall?|tox
|
|-weather|Sandstorm|[upkeep]
|-damage|p2a: Blissey|87/100|[from] Sandstorm
|-damage|p1a: How was the fall?|94/100 tox|[from] psn
|-heal|p2a: Blissey|93/100|[from] item: Leftovers
|upkeep
|turn|22
|
|t:|1729331750
|move|p1a: How was the fall?|Double-Edge|p2a: Blissey
|-damage|p2a: Blissey|31/100
|move|p2a: Blissey|Ice Beam|p1a: How was the fall?
|-supereffective|p1a: How was the fall?
|-damage|p1a: How was the fall?|17/100 tox
|
|-weather|Sandstorm|[upkeep]
|-damage|p2a: Blissey|25/100|[from] Sandstorm
|-damage|p1a: How was the fall?|5/100 tox|[from] psn
|-heal|p2a: Blissey|31/100|[from] item: Leftovers
|upkeep
|turn|23
|inactive|msoft_j has 270 seconds left.
|
|t:|1729331807
|switch|p2a: Skarmory|Skarmory, M|36/100
|move|p1a: How was the fall?|Double-Edge|p2a: Skarmory
|-resisted|p2a: Skarmory
|-damage|p2a: Skarmory|13/100
|
|-weather|Sandstorm|[upkeep]
|-damage|p1a: How was the fall?|0 fnt|[from] psn
|faint|p1a: How was the fall?
|-heal|p2a: Skarmory|19/100|[from] item: Leftovers
|upkeep
|
|t:|1729331812
|switch|p1a: The Zappening|Zapdos|100/100
|turn|24
|
|t:|1729331819
|move|p1a: The Zappening|Baton Pass|p1a: The Zappening
|
|t:|1729331825
|switch|p1a: Chill dude|Regice, shiny|100/100|[from] Baton Pass
|move|p2a: Skarmory|Toxic|p1a: Chill dude|[miss]
|-miss|p2a: Skarmory|p1a: Chill dude
|
|-weather|Sandstorm|[upkeep]
|-damage|p1a: Chill dude|94/100|[from] Sandstorm
|-heal|p2a: Skarmory|25/100|[from] item: Leftovers
|-heal|p1a: Chill dude|100/100|[from] item: Leftovers
|upkeep
|turn|25
|inactive|msoft_j has 270 seconds left.
|
|t:|1729331832
|move|p2a: Skarmory|Protect|p2a: Skarmory
|-singleturn|p2a: Skarmory|Protect
|move|p1a: Chill dude|Thunderbolt|p2a: Skarmory
|-activate|p2a: Skarmory|Protect
|
|-weather|Sandstorm|[upkeep]
|-damage|p1a: Chill dude|94/100|[from] Sandstorm
|-heal|p2a: Skarmory|31/100|[from] item: Leftovers
|-heal|p1a: Chill dude|100/100|[from] item: Leftovers
|upkeep
|turn|26
|
|t:|1729331835
|switch|p2a: Tyranitar|Tyranitar, F|100/100
|move|p1a: Chill dude|Thunderbolt|p2a: Tyranitar
|-damage|p2a: Tyranitar|68/100
|
|-weather|Sandstorm|[upkeep]
|-damage|p1a: Chill dude|94/100|[from] Sandstorm
|-heal|p1a: Chill dude|100/100|[from] item: Leftovers
|upkeep
|turn|27
|
|t:|1729331841
|switch|p1a: RU looks different|Tyranitar, M|88/100
|move|p2a: Tyranitar|Rock Slide|p1a: RU looks different
|-damage|p1a: RU looks different|58/100
|
|-weather|Sandstorm|[upkeep]
|upkeep
|turn|28
|
|t:|1729331847
|move|p2a: Tyranitar|Brick Break|p1a: RU looks different
|-supereffective|p1a: RU looks different
|-damage|p1a: RU looks different|0 fnt
|faint|p1a: RU looks different
|
|t:|1729331851
|switch|p1a: The Zappening|Zapdos|100/100
|
|-weather|Sandstorm|[upkeep]
|-damage|p1a: The Zappening|94/100|[from] Sandstorm
|-heal|p1a: The Zappening|100/100|[from] item: Leftovers
|upkeep
|turn|29
|
|t:|1729331857
|move|p1a: The Zappening|Thunderbolt|p2a: Tyranitar
|-damage|p2a: Tyranitar|16/100
|move|p2a: Tyranitar|Rock Slide|p1a: The Zappening
|-supereffective|p1a: The Zappening
|-damage|p1a: The Zappening|24/100
|
|-weather|Sandstorm|[upkeep]
|-damage|p1a: The Zappening|17/100|[from] Sandstorm
|-heal|p1a: The Zappening|24/100|[from] item: Leftovers
|upkeep
|turn|30
|
|t:|1729331865
|switch|p2a: Skarmory|Skarmory, M|31/100
|move|p1a: The Zappening|Thunderbolt|p2a: Skarmory
|-supereffective|p2a: Skarmory
|-damage|p2a: Skarmory|0 fnt
|faint|p2a: Skarmory
|
|t:|1729331869
|switch|p2a: Blissey|Blissey, F|31/100
|
|-weather|Sandstorm|[upkeep]
|-damage|p1a: The Zappening|17/100|[from] Sandstorm
|-damage|p2a: Blissey|25/100|[from] Sandstorm
|-heal|p1a: The Zappening|24/100|[from] item: Leftovers
|-heal|p2a: Blissey|31/100|[from] item: Leftovers
|upkeep
|turn|31
|
|t:|1729331872
|move|p1a: The Zappening|Baton Pass|p1a: The Zappening
|
|t:|1729331874
|switch|p1a: Chill dude|Regice, shiny|100/100|[from] Baton Pass
|move|p2a: Blissey|Thunderbolt|p1a: Chill dude
|-damage|p1a: Chill dude|87/100
|
|-weather|Sandstorm|[upkeep]
|-damage|p2a: Blissey|25/100|[from] Sandstorm
|-damage|p1a: Chill dude|81/100|[from] Sandstorm
|-heal|p2a: Blissey|31/100|[from] item: Leftovers
|-heal|p1a: Chill dude|87/100|[from] item: Leftovers
|upkeep
|turn|32
|
|t:|1729331885
|switch|p2a: Tyranitar|Tyranitar, F|16/100
|move|p1a: Chill dude|Thunderbolt|p2a: Tyranitar
|-damage|p2a: Tyranitar|0 fnt
|faint|p2a: Tyranitar
|
|t:|1729331891
|switch|p2a: Blissey|Blissey, F|31/100
|
|-weather|Sandstorm|[upkeep]
|-damage|p2a: Blissey|25/100|[from] Sandstorm
|-damage|p1a: Chill dude|81/100|[from] Sandstorm
|-heal|p2a: Blissey|31/100|[from] item: Leftovers
|-heal|p1a: Chill dude|87/100|[from] item: Leftovers
|upkeep
|turn|33
|
|t:|1729331899
|move|p2a: Blissey|Soft-Boiled|p2a: Blissey
|-heal|p2a: Blissey|81/100
|move|p1a: Chill dude|Ice Beam|p2a: Blissey
|-damage|p2a: Blissey|62/100
|
|-weather|Sandstorm|[upkeep]
|-damage|p2a: Blissey|56/100|[from] Sandstorm
|-damage|p1a: Chill dude|81/100|[from] Sandstorm
|-heal|p2a: Blissey|62/100|[from] item: Leftovers
|-heal|p1a: Chill dude|87/100|[from] item: Leftovers
|upkeep
|turn|34
|
|t:|1729331913
|move|p2a: Blissey|Toxic|p1a: Chill dude|[miss]
|-miss|p2a: Blissey|p1a: Chill dude
|move|p1a: Chill dude|Thunderbolt|p2a: Blissey
|-damage|p2a: Blissey|50/100
|
|-weather|Sandstorm|[upkeep]
|-damage|p2a: Blissey|44/100|[from] Sandstorm
|-damage|p1a: Chill dude|81/100|[from] Sandstorm
|-heal|p2a: Blissey|50/100|[from] item: Leftovers
|-heal|p1a: Chill dude|87/100|[from] item: Leftovers
|upkeep
|turn|35
|
|t:|1729331917
|move|p2a: Blissey|Soft-Boiled|p2a: Blissey
|-heal|p2a: Blissey|99/100
|move|p1a: Chill dude|Thunderbolt|p2a: Blissey
|-damage|p2a: Blissey|88/100
|
|-weather|Sandstorm|[upkeep]
|-damage|p2a: Blissey|82/100|[from] Sandstorm
|-damage|p1a: Chill dude|81/100|[from] Sandstorm
|-heal|p2a: Blissey|88/100|[from] item: Leftovers
|-heal|p1a: Chill dude|87/100|[from] item: Leftovers
|upkeep
|turn|36
|
|t:|1729331921
|move|p2a: Blissey|Toxic|p1a: Chill dude
|-status|p1a: Chill dude|tox
|move|p1a: Chill dude|Explosion|p2a: Blissey
|-damage|p2a: Blissey|23/100
|faint|p1a: Chill dude
|
|t:|1729331924
|switch|p1a: The Zappening|Zapdos|24/100
|
|-weather|Sandstorm|[upkeep]
|-damage|p1a: The Zappening|17/100|[from] Sandstorm
|-damage|p2a: Blissey|17/100|[from] Sandstorm
|-heal|p1a: The Zappening|24/100|[from] item: Leftovers
|-heal|p2a: Blissey|23/100|[from] item: Leftovers
|upkeep
|turn|37
|
|t:|1729331929
|move|p1a: The Zappening|Thunderbolt|p2a: Blissey
|-damage|p2a: Blissey|1/100
|move|p2a: Blissey|Ice Beam|p1a: The Zappening
|-supereffective|p1a: The Zappening
|-damage|p1a: The Zappening|0 fnt
|faint|p1a: The Zappening
|
|win|msoft_j
|c|☆msoft_j|ggs

</script>
<script type="application/json" class="data" id="replaydata-smogtours-gen3ou-799812">
{"id":"smogtours-gen3ou-799812","format":"[Gen 3] OU","players":["DraykOP","msoft_j"],"uploadtime":1729331929,"views":76,"formatid":"gen3ou","rating":null,"private":0,"password":null}
</script>

<script defer src="js/replays.js?9d40a366"></script>
