<!DOCTYPE html>
<meta charset="utf-8" />
<meta name="viewport" content="width=device-width" />

<title>[Gen 3] OU: bydy2 vs. big will 2024 - Replays - Pok&eacute;mon Showdown!</title>

<meta name="description" content="Watch a replay of a Pok&eacute;mon battle between bydy2 and big will 2024! Format: [Gen 3] OU; Date: Oct 3, 2024" />
<!--

Hey, you! Looking in the source for the replay log?

You can find them in JSON format, just add `.json` at the end of a replay URL.

https://replay.pokemonshowdown.com/gen7randomdoublesbattle-865046831.json

Or, if you only need the log itself, add `.log` instead:

https://replay.pokemonshowdown.com/gen7randomdoublesbattle-865046831.log

-->

<link rel="stylesheet" href="//pokemonshowdown.com/style/global.css?0.767286132409787" />
<link rel="stylesheet" href="//play.pokemonshowdown.com/style/font-awesome.css?0.9266228007934947" />
<link rel="stylesheet" href="//play.pokemonshowdown.com/style/battle.css?0.7924700842790926" />
<link rel="stylesheet" href="//play.pokemonshowdown.com/style/utilichart.css?0.8777417872839479" />

<!-- Global site tag (gtag.js) - Google Analytics -->
<script async src="https://www.googletagmanager.com/gtag/js?id=UA-26211653-1"></script>
<script>
  window.dataLayer = window.dataLayer || [];
  function gtag(){dataLayer.push(arguments);}
  gtag('js', new Date());

  gtag('config', 'UA-26211653-1');
</script>
<!-- End Google Analytics -->
<!-- Venatus Ad Manager - Install in <HEAD> of page -->
	<script src="https://hb.vntsm.com/v3/live/ad-manager.min.js" type="text/javascript" data-site-id="642aba63ec9a7b11c3c9c1be" data-mode="scan" async></script>
<!-- / Venatus Ad Manager -->

<style>
	@media (max-width:820px) {
		.battle {
			margin: 0 auto;
		}
		.battle-log {
			margin: 7px auto 0;
			max-width: 640px;
			height: 300px;
			position: static;
		}
	}
	.optgroup {
		display: inline-block;
		line-height: 22px;
		font-size: 10pt;
	}
	.optgroup .button {
		height: 25px;
		padding-top: 0;
		padding-bottom: 0;
	}
	.optgroup button.button {
		padding-left: 12px;
		padding-right: 12px;
	}
	.linklist {
		list-style: none;
		margin: 0.5em 0;
		padding: 0;
	}
	.linklist li {
		padding: 2px 0;
	}
	.sidebar {
		float: left;
		width: 320px;
	}
	.bar-wrapper {
		max-width: 1100px;
		margin: 0 auto;
	}
	.bar-wrapper.has-sidebar {
		max-width: 1430px;
	}
	.mainbar {
		margin: 0;
		padding-right: 1px;
	}
	.mainbar.has-sidebar {
		margin-left: 330px;
	}
	@media (min-width: 1511px) {
		.sidebar {
			width: 400px;
		}
		.bar-wrapper.has-sidebar {
			max-width: 1510px;
		}
		.mainbar.has-sidebar {
			margin-left: 410px;
		}
	}
	.section.first-section {
		margin-top: 9px;
	}
	.blocklink small {
		white-space: normal;
	}
	.button {
		vertical-align: middle;
	}
	.replay-controls {
		padding-top: 10px;
	}
	.replay-controls h1 {
		font-size: 16pt;
		font-weight: normal;
		color: #CCC;
	}
	.pagelink {
		text-align: center;
	}
	.pagelink a {
		width: 150px;
	}
	.textbox, .button {
		font-size: 11pt;
		vertical-align: middle;
	}
	@media (max-width: 450px) {
		.button {
			font-size: 9pt;
		}
	}
</style>

<div>

	<header>
		<div class="nav-wrapper"><ul class="nav">
			<li><a class="button nav-first" href="//pokemonshowdown.com/"><img src="//pokemonshowdown.com/images/pokemonshowdownbeta.png" srcset="//pokemonshowdown.com/images/pokemonshowdownbeta.png 1x, //pokemonshowdown.com/images/pokemonshowdownbeta@2x.png 2x" alt="Pok&eacute;mon Showdown" width="146" height="44" /> Home</a></li>
			<li><a class="button" href="//pokemonshowdown.com/dex/">Pok&eacute;dex</a></li>
			<li><a class="button cur" href="/">Replays</a></li>
			<li><a class="button" href="//pokemonshowdown.com/ladder/">Ladder</a></li>
			<li><a class="button nav-last" href="//pokemonshowdown.com/forums/">Forum</a></li>
			<li><a class="button greenbutton nav-first nav-last" href="//play.pokemonshowdown.com/">Play</a></li>
		</ul></div>
	</header>

	<div class="main" id="main">

		<noscript><section class="section">You need to enable JavaScript to use this page; sorry!</section></noscript>

	</div>

</div>

<script defer nomodule src="//play.pokemonshowdown.com/js/lib/ps-polyfill.js"></script>
<script defer src="//play.pokemonshowdown.com/js/lib/preact.min.js"></script>

<script defer src="//play.pokemonshowdown.com/config/config.js?6dec07f6"></script>
<script defer src="//play.pokemonshowdown.com/js/lib/jquery-1.11.0.min.js"></script>
<script defer src="//play.pokemonshowdown.com/js/lib/html-sanitizer-minified.js"></script>
<script defer src="//play.pokemonshowdown.com/js/battle-sound.js"></script>
<script defer src="//play.pokemonshowdown.com/js/battledata.js?0.6315294753075389"></script>
<script defer src="//play.pokemonshowdown.com/data/pokedex-mini.js?0.7603743185311358"></script>
<script defer src="//play.pokemonshowdown.com/data/pokedex-mini-bw.js?0.030888842834281283"></script>
<script defer src="//play.pokemonshowdown.com/data/graphics.js?0.05593094747507488"></script>
<script defer src="//play.pokemonshowdown.com/data/pokedex.js?0.47064822249611904"></script>
<script defer src="//play.pokemonshowdown.com/data/moves.js?0.8583693120512459"></script>
<script defer src="//play.pokemonshowdown.com/data/abilities.js?0.16017181182386842"></script>
<script defer src="//play.pokemonshowdown.com/data/items.js?0.4163379185673943"></script>
<script defer src="//play.pokemonshowdown.com/data/teambuilder-tables.js?0.31075597372830477"></script>
<script defer src="//play.pokemonshowdown.com/js/battle-tooltips.js?0.6536193500708172"></script>
<script defer src="//play.pokemonshowdown.com/js/battle.js?0.1916591943277901"></script>

<script defer src="js/utils.js?e31f9a17"></script>
<script defer src="js/replays-battle.js?7008c182"></script>

<!-- don't scrape this data! just add .json or .log after the URL!
Full API docs: https://github.com/smogon/pokemon-showdown-client/blob/master/WEB-API.md -->
<script type="text/plain" class="log" id="replaylog-gen3ou-2215295236-efk0tn8opgqoqr13vig89fbhiahgqz1pw">
|j|☆bydy2
|j|☆big will 2024
|t:|1727985988
|gametype|singles
|player|p1|bydy2|barry|
|player|p2|big will 2024|morty-gen2|
|teamsize|p1|6
|teamsize|p2|6
|gen|3
|tier|[Gen 3] OU
|rule|Sleep Clause Mod: Limit one foe put to sleep
|rule|Switch Priority Clause Mod: Faster Pokémon switch first
|rule|Species Clause: Limit one of each Pokémon
|rule|OHKO Clause: OHKO moves are banned
|rule|Evasion Items Clause: Evasion items are banned
|rule|Evasion Moves Clause: Evasion moves are banned
|rule|Endless Battle Clause: Forcing endless battles is banned
|rule|HP Percentage Mod: HP is shown in percentages
|rule|One Boost Passer Clause: Limit one Baton Passer that has a way to boost its stats
|rule|Freeze Clause Mod: Limit one foe frozen
|
|t:|1727985988
|start
|switch|p1a: Tyranitar|Tyranitar, M|100/100
|switch|p2a: Tyranitar|Tyranitar, M|100/100
|-weather|Sandstorm|[from] ability: Sand Stream|[of] p1a: Tyranitar
|turn|1
|inactive|Battle timer is ON: inactive players will automatically lose when time's up. (requested by big will 2024)
|c|☆big will 2024|hf
|c|☆bydy2|glhf
|
|t:|1727986007
|-singleturn|p1a: Tyranitar|move: Focus Punch
|switch|p2a: Skarmory|Skarmory, F|100/100
|move|p1a: Tyranitar|Focus Punch|p2a: Skarmory
|-damage|p2a: Skarmory|68/100
|
|-weather|Sandstorm|[upkeep]
|-heal|p2a: Skarmory|74/100|[from] item: Leftovers
|upkeep
|turn|2
|inactive|big will 2024 has 270 seconds left.
|
|t:|1727986039
|switch|p2a: Zapdos|Zapdos|100/100
|move|p1a: Tyranitar|Fire Blast|p2a: Zapdos
|-damage|p2a: Zapdos|77/100
|
|-weather|Sandstorm|[upkeep]
|-damage|p2a: Zapdos|71/100|[from] Sandstorm
|-heal|p2a: Zapdos|77/100|[from] item: Leftovers
|upkeep
|turn|3
|inactive|big will 2024 has 270 seconds left.
|
|t:|1727986050
|switch|p2a: Jirachi|Jirachi|100/100
|move|p1a: Tyranitar|Rock Slide|p2a: Jirachi|[miss]
|-miss|p1a: Tyranitar|p2a: Jirachi
|
|-weather|Sandstorm|[upkeep]
|upkeep
|turn|4
|inactive|big will 2024 has 270 seconds left.
|inactive|bydy2 has 270 seconds left.
|
|t:|1727986081
|move|p1a: Tyranitar|Fire Blast|p2a: Jirachi
|-supereffective|p2a: Jirachi
|-damage|p2a: Jirachi|59/100
|move|p2a: Jirachi|Wish|p2a: Jirachi
|
|-weather|Sandstorm|[upkeep]
|-heal|p2a: Jirachi|65/100|[from] item: Leftovers
|upkeep
|turn|5
|inactive|bydy2 has 270 seconds left.
|inactive|big will 2024 has 270 seconds left.
|
|t:|1727986116
|-singleturn|p1a: Tyranitar|move: Focus Punch
|move|p2a: Jirachi|Toxic|p1a: Tyranitar|[miss]
|-miss|p2a: Jirachi|p1a: Tyranitar
|move|p1a: Tyranitar|Focus Punch|p2a: Jirachi
|-damage|p2a: Jirachi|29/100
|
|-heal|p2a: Jirachi|79/100|[from] move: Wish|[wisher] Jirachi
|-weather|Sandstorm|[upkeep]
|-heal|p2a: Jirachi|85/100|[from] item: Leftovers
|upkeep
|turn|6
|
|t:|1727986128
|switch|p1a: Skarmory|Skarmory, M|100/100
|move|p2a: Jirachi|Protect||[still]
|-fail|p2a: Jirachi
|
|-weather|Sandstorm|[upkeep]
|-heal|p2a: Jirachi|91/100|[from] item: Leftovers
|upkeep
|turn|7
|
|t:|1727986132
|move|p2a: Jirachi|Fire Punch|p1a: Skarmory
|-supereffective|p1a: Skarmory
|-damage|p1a: Skarmory|68/100
|move|p1a: Skarmory|Spikes|p2a: Jirachi
|-sidestart|p2: big will 2024|Spikes
|
|-weather|Sandstorm|[upkeep]
|-heal|p2a: Jirachi|98/100|[from] item: Leftovers
|-heal|p1a: Skarmory|74/100|[from] item: Leftovers
|upkeep
|turn|8
|
|t:|1727986142
|move|p2a: Jirachi|Fire Punch|p1a: Skarmory
|-supereffective|p1a: Skarmory
|-damage|p1a: Skarmory|43/100
|-status|p1a: Skarmory|brn
|move|p1a: Skarmory|Spikes|p2a: Jirachi
|-sidestart|p2: big will 2024|Spikes
|
|-weather|Sandstorm|[upkeep]
|-heal|p2a: Jirachi|100/100|[from] item: Leftovers
|-heal|p1a: Skarmory|49/100 brn|[from] item: Leftovers
|-damage|p1a: Skarmory|37/100 brn|[from] brn
|upkeep
|turn|9
|inactive|bydy2 has 270 seconds left.
|
|t:|1727986147
|move|p2a: Jirachi|Fire Punch|p1a: Skarmory
|-supereffective|p1a: Skarmory
|-damage|p1a: Skarmory|6/100 brn
|move|p1a: Skarmory|Spikes|p2a: Jirachi
|-sidestart|p2: big will 2024|Spikes
|
|-weather|Sandstorm|[upkeep]
|-heal|p1a: Skarmory|12/100 brn|[from] item: Leftovers
|-damage|p1a: Skarmory|0 fnt|[from] brn
|faint|p1a: Skarmory
|upkeep
|inactive|bydy2 has 270 seconds left.
|
|t:|1727986156
|switch|p1a: Swampert|Swampert, F|100/100
|turn|10
|
|t:|1727986169
|move|p2a: Jirachi|Protect|p2a: Jirachi
|-singleturn|p2a: Jirachi|Protect
|move|p1a: Swampert|Hydro Pump|p2a: Jirachi
|-activate|p2a: Jirachi|Protect
|
|-weather|Sandstorm|[upkeep]
|upkeep
|turn|11
|
|t:|1727986194
|move|p2a: Jirachi|Toxic|p1a: Swampert|[miss]
|-miss|p2a: Jirachi|p1a: Swampert
|move|p1a: Swampert|Earthquake|p2a: Jirachi
|-supereffective|p2a: Jirachi
|-damage|p2a: Jirachi|41/100
|
|-weather|Sandstorm|[upkeep]
|-heal|p2a: Jirachi|47/100|[from] item: Leftovers
|upkeep
|turn|12
|
|t:|1727986199
|move|p2a: Jirachi|Protect|p2a: Jirachi
|-singleturn|p2a: Jirachi|Protect
|move|p1a: Swampert|Earthquake|p2a: Jirachi
|-activate|p2a: Jirachi|Protect
|
|-weather|Sandstorm|[upkeep]
|-heal|p2a: Jirachi|53/100|[from] item: Leftovers
|upkeep
|turn|13
|
|t:|1727986202
|switch|p2a: Skarmory|Skarmory, F|74/100
|move|p1a: Swampert|Earthquake|p2a: Skarmory
|-immune|p2a: Skarmory
|
|-weather|Sandstorm|[upkeep]
|-heal|p2a: Skarmory|80/100|[from] item: Leftovers
|upkeep
|turn|14
|
|t:|1727986223
|switch|p1a: Tyranitar|Tyranitar, M|100/100
|move|p2a: Skarmory|Toxic|p1a: Tyranitar
|-status|p1a: Tyranitar|tox
|-enditem|p1a: Tyranitar|Lum Berry|[eat]
|-curestatus|p1a: Tyranitar|tox|[msg]
|
|-weather|Sandstorm|[upkeep]
|-heal|p2a: Skarmory|86/100|[from] item: Leftovers
|upkeep
|turn|15
|
|t:|1727986226
|move|p2a: Skarmory|Protect|p2a: Skarmory
|-singleturn|p2a: Skarmory|Protect
|move|p1a: Tyranitar|Fire Blast|p2a: Skarmory
|-activate|p2a: Skarmory|Protect
|
|-weather|Sandstorm|[upkeep]
|-heal|p2a: Skarmory|92/100|[from] item: Leftovers
|upkeep
|turn|16
|
|t:|1727986233
|move|p1a: Tyranitar|Fire Blast|p2a: Skarmory
|-supereffective|p2a: Skarmory
|-damage|p2a: Skarmory|28/100
|move|p2a: Skarmory|Spikes|p1a: Tyranitar
|-sidestart|p1: bydy2|Spikes
|
|-weather|Sandstorm|[upkeep]
|-heal|p2a: Skarmory|34/100|[from] item: Leftovers
|upkeep
|turn|17
|
|t:|1727986240
|-singleturn|p1a: Tyranitar|move: Focus Punch
|move|p2a: Skarmory|Protect|p2a: Skarmory
|-singleturn|p2a: Skarmory|Protect
|move|p1a: Tyranitar|Focus Punch|p2a: Skarmory
|-activate|p2a: Skarmory|Protect
|
|-weather|Sandstorm|[upkeep]
|-heal|p2a: Skarmory|40/100|[from] item: Leftovers
|upkeep
|turn|18
|
|t:|1727986244
|switch|p2a: Flygon|Flygon, M|100/100
|move|p1a: Tyranitar|Fire Blast|p2a: Flygon
|-resisted|p2a: Flygon
|-damage|p2a: Flygon|80/100
|
|-weather|Sandstorm|[upkeep]
|-heal|p2a: Flygon|86/100|[from] item: Leftovers
|upkeep
|turn|19
|
|t:|1727986252
|switch|p1a: Swampert|Swampert, F|100/100
|-damage|p1a: Swampert|88/100|[from] Spikes
|move|p2a: Flygon|Toxic|p1a: Swampert|[miss]
|-miss|p2a: Flygon|p1a: Swampert
|
|-weather|Sandstorm|[upkeep]
|-heal|p2a: Flygon|92/100|[from] item: Leftovers
|-heal|p1a: Swampert|94/100|[from] item: Leftovers
|upkeep
|turn|20
|
|t:|1727986261
|switch|p2a: Zapdos|Zapdos|77/100
|move|p1a: Swampert|Hydro Pump|p2a: Zapdos
|-damage|p2a: Zapdos|52/100
|
|-weather|Sandstorm|[upkeep]
|-damage|p2a: Zapdos|46/100|[from] Sandstorm
|-heal|p2a: Zapdos|52/100|[from] item: Leftovers
|-heal|p1a: Swampert|100/100|[from] item: Leftovers
|upkeep
|turn|21
|
|t:|1727986266
|switch|p1a: Blissey|Blissey, F|100/100
|-damage|p1a: Blissey|88/100|[from] Spikes
|move|p2a: Zapdos|Rest|p2a: Zapdos
|-status|p2a: Zapdos|slp|[from] move: Rest
|-heal|p2a: Zapdos|100/100 slp|[silent]
|
|-weather|Sandstorm|[upkeep]
|-damage|p2a: Zapdos|94/100 slp|[from] Sandstorm
|-damage|p1a: Blissey|82/100|[from] Sandstorm
|-heal|p2a: Zapdos|100/100 slp|[from] item: Leftovers
|-heal|p1a: Blissey|88/100|[from] item: Leftovers
|upkeep
|turn|22
|
|t:|1727986273
|cant|p2a: Zapdos|slp
|move|p2a: Zapdos|Sleep Talk|p2a: Zapdos
|move|p2a: Zapdos|Rest|p2a: Zapdos|[from]Sleep Talk
|move|p1a: Blissey|Ice Beam|p2a: Zapdos
|-supereffective|p2a: Zapdos
|-crit|p2a: Zapdos
|-damage|p2a: Zapdos|42/100 slp
|
|-weather|Sandstorm|[upkeep]
|-damage|p2a: Zapdos|35/100 slp|[from] Sandstorm
|-damage|p1a: Blissey|82/100|[from] Sandstorm
|-heal|p2a: Zapdos|42/100 slp|[from] item: Leftovers
|-heal|p1a: Blissey|88/100|[from] item: Leftovers
|upkeep
|turn|23
|
|t:|1727986282
|cant|p2a: Zapdos|slp
|move|p2a: Zapdos|Sleep Talk|p2a: Zapdos
|move|p2a: Zapdos|Thunderbolt|p1a: Blissey|[from]Sleep Talk
|-damage|p1a: Blissey|72/100
|move|p1a: Blissey|Ice Beam|p2a: Zapdos
|-supereffective|p2a: Zapdos
|-damage|p2a: Zapdos|13/100 slp
|
|-weather|Sandstorm|[upkeep]
|-damage|p2a: Zapdos|6/100 slp|[from] Sandstorm
|-damage|p1a: Blissey|66/100|[from] Sandstorm
|-heal|p2a: Zapdos|13/100 slp|[from] item: Leftovers
|-heal|p1a: Blissey|72/100|[from] item: Leftovers
|upkeep
|turn|24
|
|t:|1727986311
|-curestatus|p2a: Zapdos|slp|[msg]
|move|p2a: Zapdos|Rest|p2a: Zapdos
|-status|p2a: Zapdos|slp|[from] move: Rest
|-heal|p2a: Zapdos|100/100 slp|[silent]
|move|p1a: Blissey|Ice Beam|p2a: Zapdos
|-supereffective|p2a: Zapdos
|-crit|p2a: Zapdos
|-damage|p2a: Zapdos|38/100 slp
|
|-weather|Sandstorm|[upkeep]
|-damage|p2a: Zapdos|32/100 slp|[from] Sandstorm
|-damage|p1a: Blissey|66/100|[from] Sandstorm
|-heal|p2a: Zapdos|38/100 slp|[from] item: Leftovers
|-heal|p1a: Blissey|72/100|[from] item: Leftovers
|upkeep
|turn|25
|
|t:|1727986325
|switch|p2a: Jirachi|Jirachi|53/100
|-damage|p2a: Jirachi|28/100|[from] Spikes
|move|p1a: Blissey|Ice Beam|p2a: Jirachi
|-resisted|p2a: Jirachi
|-damage|p2a: Jirachi|21/100
|
|-weather|Sandstorm|[upkeep]
|-damage|p1a: Blissey|66/100|[from] Sandstorm
|-heal|p2a: Jirachi|27/100|[from] item: Leftovers
|-heal|p1a: Blissey|72/100|[from] item: Leftovers
|upkeep
|turn|26
|
|t:|1727986333
|move|p2a: Jirachi|Wish|p2a: Jirachi
|move|p1a: Blissey|Seismic Toss|p2a: Jirachi
|-damage|p2a: Jirachi|2/100
|
|-weather|Sandstorm|[upkeep]
|-damage|p1a: Blissey|66/100|[from] Sandstorm
|-heal|p2a: Jirachi|8/100|[from] item: Leftovers
|-heal|p1a: Blissey|72/100|[from] item: Leftovers
|upkeep
|turn|27
|
|t:|1727986348
|move|p2a: Jirachi|Protect|p2a: Jirachi
|-singleturn|p2a: Jirachi|Protect
|move|p1a: Blissey|Soft-Boiled|p1a: Blissey
|-heal|p1a: Blissey|100/100
|
|-heal|p2a: Jirachi|58/100|[from] move: Wish|[wisher] Jirachi
|-weather|Sandstorm|[upkeep]
|-damage|p1a: Blissey|94/100|[from] Sandstorm
|-heal|p2a: Jirachi|65/100|[from] item: Leftovers
|-heal|p1a: Blissey|100/100|[from] item: Leftovers
|upkeep
|turn|28
|
|t:|1727986351
|move|p2a: Jirachi|Toxic|p1a: Blissey
|-status|p1a: Blissey|tox
|move|p1a: Blissey|Thunder Wave|p2a: Jirachi
|-status|p2a: Jirachi|par
|
|-weather|Sandstorm|[upkeep]
|-damage|p1a: Blissey|94/100 tox|[from] Sandstorm
|-heal|p1a: Blissey|100/100 tox|[from] item: Leftovers
|-damage|p1a: Blissey|94/100 tox|[from] psn
|-heal|p2a: Jirachi|71/100 par|[from] item: Leftovers
|upkeep
|turn|29
|
|t:|1727986358
|-curestatus|p1a: Blissey|tox|[from] ability: Natural Cure
|switch|p1a: Starmie|Starmie|100/100
|-damage|p1a: Starmie|88/100|[from] Spikes
|cant|p2a: Jirachi|par
|
|-weather|Sandstorm|[upkeep]
|-damage|p1a: Starmie|82/100|[from] Sandstorm
|-heal|p1a: Starmie|88/100|[from] item: Leftovers
|-heal|p2a: Jirachi|77/100 par|[from] item: Leftovers
|upkeep
|turn|30
|
|t:|1727986364
|switch|p2a: Gengar|Gengar, M|100/100
|move|p1a: Starmie|Rapid Spin|p2a: Gengar
|-immune|p2a: Gengar
|
|-weather|Sandstorm|[upkeep]
|-damage|p1a: Starmie|82/100|[from] Sandstorm
|-damage|p2a: Gengar|95/100|[from] Sandstorm
|-heal|p1a: Starmie|88/100|[from] item: Leftovers
|-heal|p2a: Gengar|100/100|[from] item: Leftovers
|upkeep
|turn|31
|
|t:|1727986371
|switch|p1a: Blissey|Blissey, F|94/100
|-damage|p1a: Blissey|82/100|[from] Spikes
|move|p2a: Gengar|Will-O-Wisp|p1a: Blissey
|-status|p1a: Blissey|brn
|
|-weather|Sandstorm|[upkeep]
|-damage|p2a: Gengar|95/100|[from] Sandstorm
|-damage|p1a: Blissey|76/100 brn|[from] Sandstorm
|-heal|p2a: Gengar|100/100|[from] item: Leftovers
|-heal|p1a: Blissey|82/100 brn|[from] item: Leftovers
|-damage|p1a: Blissey|70/100 brn|[from] brn
|upkeep
|turn|32
|
|t:|1727986382
|switch|p2a: Jirachi|Jirachi|77/100 par
|-damage|p2a: Jirachi|52/100 par|[from] Spikes
|move|p1a: Blissey|Ice Beam|p2a: Jirachi
|-resisted|p2a: Jirachi
|-damage|p2a: Jirachi|44/100 par
|
|-weather|Sandstorm|[upkeep]
|-damage|p1a: Blissey|63/100 brn|[from] Sandstorm
|-heal|p1a: Blissey|70/100 brn|[from] item: Leftovers
|-damage|p1a: Blissey|57/100 brn|[from] brn
|-heal|p2a: Jirachi|50/100 par|[from] item: Leftovers
|upkeep
|turn|33
|
|t:|1727986386
|move|p1a: Blissey|Soft-Boiled|p1a: Blissey
|-heal|p1a: Blissey|100/100 brn
|move|p2a: Jirachi|Wish|p2a: Jirachi
|
|-weather|Sandstorm|[upkeep]
|-damage|p1a: Blissey|94/100 brn|[from] Sandstorm
|-heal|p1a: Blissey|100/100 brn|[from] item: Leftovers
|-damage|p1a: Blissey|88/100 brn|[from] brn
|-heal|p2a: Jirachi|57/100 par|[from] item: Leftovers
|upkeep
|turn|34
|
|t:|1727986389
|-curestatus|p1a: Blissey|brn|[from] ability: Natural Cure
|switch|p1a: Swampert|Swampert, F|100/100
|-damage|p1a: Swampert|88/100|[from] Spikes
|switch|p2a: Skarmory|Skarmory, F|40/100
|
|-heal|p2a: Skarmory|90/100|[from] move: Wish|[wisher] Jirachi
|-weather|Sandstorm|[upkeep]
|-heal|p2a: Skarmory|96/100|[from] item: Leftovers
|-heal|p1a: Swampert|94/100|[from] item: Leftovers
|upkeep
|turn|35
|
|t:|1727986396
|switch|p1a: Starmie|Starmie|88/100
|-damage|p1a: Starmie|76/100|[from] Spikes
|move|p2a: Skarmory|Spikes|p1a: Starmie
|-sidestart|p1: bydy2|Spikes
|
|-weather|Sandstorm|[upkeep]
|-damage|p1a: Starmie|70/100|[from] Sandstorm
|-heal|p1a: Starmie|76/100|[from] item: Leftovers
|-heal|p2a: Skarmory|100/100|[from] item: Leftovers
|upkeep
|turn|36
|
|t:|1727986402
|move|p1a: Starmie|Hydro Pump|p2a: Skarmory
|-damage|p2a: Skarmory|48/100
|move|p2a: Skarmory|Toxic|p1a: Starmie
|-status|p1a: Starmie|tox
|
|-weather|Sandstorm|[upkeep]
|-damage|p1a: Starmie|70/100 tox|[from] Sandstorm
|-heal|p1a: Starmie|76/100 tox|[from] item: Leftovers
|-damage|p1a: Starmie|70/100 tox|[from] psn
|-heal|p2a: Skarmory|54/100|[from] item: Leftovers
|upkeep
|turn|37
|
|t:|1727986410
|move|p2a: Skarmory|Protect|p2a: Skarmory
|-singleturn|p2a: Skarmory|Protect
|move|p1a: Starmie|Hydro Pump|p2a: Skarmory|[miss]
|-miss|p1a: Starmie|p2a: Skarmory
|
|-weather|Sandstorm|[upkeep]
|-damage|p1a: Starmie|64/100 tox|[from] Sandstorm
|-heal|p1a: Starmie|70/100 tox|[from] item: Leftovers
|-damage|p1a: Starmie|58/100 tox|[from] psn
|-heal|p2a: Skarmory|60/100|[from] item: Leftovers
|upkeep
|turn|38
|
|t:|1727986415
|move|p1a: Starmie|Thunderbolt|p2a: Skarmory
|-supereffective|p2a: Skarmory
|-damage|p2a: Skarmory|11/100
|move|p2a: Skarmory|Spikes|p1a: Starmie
|-sidestart|p1: bydy2|Spikes
|
|-weather|Sandstorm|[upkeep]
|-damage|p1a: Starmie|52/100 tox|[from] Sandstorm
|-heal|p1a: Starmie|58/100 tox|[from] item: Leftovers
|-damage|p1a: Starmie|39/100 tox|[from] psn
|-heal|p2a: Skarmory|17/100|[from] item: Leftovers
|upkeep
|turn|39
|
|t:|1727986423
|-curestatus|p1a: Starmie|tox|[from] ability: Natural Cure
|switch|p1a: Tyranitar|Tyranitar, M|100/100
|-damage|p1a: Tyranitar|76/100|[from] Spikes
|move|p2a: Skarmory|Protect||[still]
|-fail|p2a: Skarmory
|
|-weather|Sandstorm|[upkeep]
|-heal|p2a: Skarmory|23/100|[from] item: Leftovers
|upkeep
|turn|40
|
|t:|1727986434
|-singleturn|p1a: Tyranitar|move: Focus Punch
|switch|p2a: Flygon|Flygon, M|92/100
|move|p1a: Tyranitar|Focus Punch|p2a: Flygon
|-damage|p2a: Flygon|53/100
|
|-weather|Sandstorm|[upkeep]
|-heal|p2a: Flygon|59/100|[from] item: Leftovers
|upkeep
|turn|41
|
|t:|1727986446
|switch|p1a: Swampert|Swampert, F|94/100
|-damage|p1a: Swampert|69/100|[from] Spikes
|move|p2a: Flygon|Earthquake|p1a: Swampert
|-damage|p1a: Swampert|45/100
|
|-weather|Sandstorm|[upkeep]
|-heal|p2a: Flygon|65/100|[from] item: Leftovers
|-heal|p1a: Swampert|51/100|[from] item: Leftovers
|upkeep
|turn|42
|
|t:|1727986466
|switch|p2a: Zapdos|Zapdos|38/100 slp
|move|p1a: Swampert|Ice Beam|p2a: Zapdos
|-supereffective|p2a: Zapdos
|-damage|p2a: Zapdos|10/100 slp
|
|-weather|Sandstorm|[upkeep]
|-damage|p2a: Zapdos|4/100 slp|[from] Sandstorm
|-heal|p2a: Zapdos|10/100 slp|[from] item: Leftovers
|-heal|p1a: Swampert|57/100|[from] item: Leftovers
|upkeep
|turn|43
|
|t:|1727986472
|cant|p2a: Zapdos|slp
|move|p2a: Zapdos|Sleep Talk|p2a: Zapdos
|move|p2a: Zapdos|Rest|p2a: Zapdos|[from]Sleep Talk
|move|p1a: Swampert|Ice Beam|p2a: Zapdos
|-supereffective|p2a: Zapdos
|-damage|p2a: Zapdos|0 fnt
|faint|p2a: Zapdos
|
|t:|1727986476
|switch|p2a: Skarmory|Skarmory, F|23/100
|
|-weather|Sandstorm|[upkeep]
|-heal|p2a: Skarmory|29/100|[from] item: Leftovers
|-heal|p1a: Swampert|64/100|[from] item: Leftovers
|upkeep
|turn|44
|
|t:|1727986486
|move|p2a: Skarmory|Toxic|p1a: Swampert
|-status|p1a: Swampert|tox
|move|p1a: Swampert|Hydro Pump|p2a: Skarmory
|-damage|p2a: Skarmory|0 fnt
|faint|p2a: Skarmory
|
|t:|1727986492
|switch|p2a: Flygon|Flygon, M|65/100
|
|-weather|Sandstorm|[upkeep]
|-heal|p2a: Flygon|71/100|[from] item: Leftovers
|-heal|p1a: Swampert|70/100 tox|[from] item: Leftovers
|-damage|p1a: Swampert|64/100 tox|[from] psn
|upkeep
|turn|45
|
|t:|1727986499
|move|p2a: Flygon|Protect|p2a: Flygon
|-singleturn|p2a: Flygon|Protect
|move|p1a: Swampert|Ice Beam|p2a: Flygon
|-activate|p2a: Flygon|Protect
|
|-weather|Sandstorm|[upkeep]
|-heal|p2a: Flygon|77/100|[from] item: Leftovers
|-heal|p1a: Swampert|70/100 tox|[from] item: Leftovers
|-damage|p1a: Swampert|57/100 tox|[from] psn
|upkeep
|turn|46
|
|t:|1727986504
|switch|p2a: Jirachi|Jirachi|57/100 par
|-damage|p2a: Jirachi|32/100 par|[from] Spikes
|move|p1a: Swampert|Hydro Pump|p2a: Jirachi|[miss]
|-miss|p1a: Swampert|p2a: Jirachi
|
|-weather|Sandstorm|[upkeep]
|-heal|p1a: Swampert|64/100 tox|[from] item: Leftovers
|-damage|p1a: Swampert|45/100 tox|[from] psn
|-heal|p2a: Jirachi|38/100 par|[from] item: Leftovers
|upkeep
|turn|47
|
|t:|1727986512
|switch|p1a: Starmie|Starmie|39/100
|-damage|p1a: Starmie|15/100|[from] Spikes
|switch|p2a: Flygon|Flygon, M|77/100
|
|-weather|Sandstorm|[upkeep]
|-damage|p1a: Starmie|9/100|[from] Sandstorm
|-heal|p1a: Starmie|15/100|[from] item: Leftovers
|-heal|p2a: Flygon|83/100|[from] item: Leftovers
|upkeep
|turn|48
|
|t:|1727986520
|switch|p2a: Gengar|Gengar, M|100/100
|move|p1a: Starmie|Ice Beam|p2a: Gengar
|-damage|p2a: Gengar|67/100
|
|-weather|Sandstorm|[upkeep]
|-damage|p1a: Starmie|9/100|[from] Sandstorm
|-damage|p2a: Gengar|61/100|[from] Sandstorm
|-heal|p1a: Starmie|15/100|[from] item: Leftovers
|-heal|p2a: Gengar|67/100|[from] item: Leftovers
|upkeep
|turn|49
|
|t:|1727986526
|move|p1a: Starmie|Hydro Pump|p2a: Gengar
|-damage|p2a: Gengar|2/100
|move|p2a: Gengar|Thunderbolt|p1a: Starmie
|-supereffective|p1a: Starmie
|-damage|p1a: Starmie|0 fnt
|faint|p1a: Starmie
|
|t:|1727986545
|switch|p1a: Swampert|Swampert, F|45/100 tox
|-damage|p1a: Swampert|20/100 tox|[from] Spikes
|
|-weather|Sandstorm|[upkeep]
|-damage|p2a: Gengar|0 fnt|[from] Sandstorm
|faint|p2a: Gengar
|-heal|p1a: Swampert|26/100 tox|[from] item: Leftovers
|-damage|p1a: Swampert|20/100 tox|[from] psn
|upkeep
|
|t:|1727986548
|switch|p2a: Flygon|Flygon, M|83/100
|turn|50
|
|t:|1727986552
|move|p2a: Flygon|Earthquake|p1a: Swampert
|-damage|p1a: Swampert|0 fnt
|faint|p1a: Swampert
|
|t:|1727986572
|switch|p1a: Blissey|Blissey, F|88/100
|-damage|p1a: Blissey|63/100|[from] Spikes
|
|-weather|Sandstorm|[upkeep]
|-damage|p1a: Blissey|57/100|[from] Sandstorm
|-heal|p2a: Flygon|89/100|[from] item: Leftovers
|-heal|p1a: Blissey|63/100|[from] item: Leftovers
|upkeep
|turn|51
|
|t:|1727986581
|switch|p2a: Jirachi|Jirachi|38/100 par
|-damage|p2a: Jirachi|13/100 par|[from] Spikes
|move|p1a: Blissey|Ice Beam|p2a: Jirachi
|-resisted|p2a: Jirachi
|-crit|p2a: Jirachi
|-damage|p2a: Jirachi|0 fnt
|faint|p2a: Jirachi
|
|t:|1727986582
|switch|p2a: Tyranitar|Tyranitar, M|100/100
|-damage|p2a: Tyranitar|75/100|[from] Spikes
|
|-weather|Sandstorm|[upkeep]
|-damage|p1a: Blissey|57/100|[from] Sandstorm
|-heal|p2a: Tyranitar|82/100|[from] item: Leftovers
|-heal|p1a: Blissey|63/100|[from] item: Leftovers
|upkeep
|turn|52
|
|t:|1727986590
|move|p2a: Tyranitar|Rock Slide|p1a: Blissey
|-damage|p1a: Blissey|34/100
|move|p1a: Blissey|Thunder Wave|p2a: Tyranitar
|-status|p2a: Tyranitar|par
|
|-weather|Sandstorm|[upkeep]
|-damage|p1a: Blissey|28/100|[from] Sandstorm
|-heal|p1a: Blissey|34/100|[from] item: Leftovers
|-heal|p2a: Tyranitar|88/100 par|[from] item: Leftovers
|upkeep
|turn|53
|
|t:|1727986599
|move|p1a: Blissey|Soft-Boiled|p1a: Blissey
|-heal|p1a: Blissey|84/100
|move|p2a: Tyranitar|Rock Slide|p1a: Blissey
|-damage|p1a: Blissey|51/100
|
|-weather|Sandstorm|[upkeep]
|-damage|p1a: Blissey|45/100|[from] Sandstorm
|-heal|p1a: Blissey|51/100|[from] item: Leftovers
|-heal|p2a: Tyranitar|94/100 par|[from] item: Leftovers
|upkeep
|turn|54
|
|t:|1727986609
|move|p1a: Blissey|Seismic Toss|p2a: Tyranitar
|-damage|p2a: Tyranitar|69/100 par
|move|p2a: Tyranitar|Rock Slide|p1a: Blissey
|-damage|p1a: Blissey|20/100
|
|-weather|Sandstorm|[upkeep]
|-damage|p1a: Blissey|14/100|[from] Sandstorm
|-heal|p1a: Blissey|20/100|[from] item: Leftovers
|-heal|p2a: Tyranitar|75/100 par|[from] item: Leftovers
|upkeep
|turn|55
|
|t:|1727986615
|move|p1a: Blissey|Soft-Boiled|p1a: Blissey
|-heal|p1a: Blissey|70/100
|move|p2a: Tyranitar|Rock Slide|p1a: Blissey
|-damage|p1a: Blissey|41/100
|
|-weather|Sandstorm|[upkeep]
|-damage|p1a: Blissey|34/100|[from] Sandstorm
|-heal|p1a: Blissey|41/100|[from] item: Leftovers
|-heal|p2a: Tyranitar|82/100 par|[from] item: Leftovers
|upkeep
|turn|56
|
|t:|1727986618
|move|p1a: Blissey|Soft-Boiled|p1a: Blissey
|-heal|p1a: Blissey|91/100
|move|p2a: Tyranitar|Rock Slide|p1a: Blissey
|-damage|p1a: Blissey|61/100
|
|-weather|Sandstorm|[upkeep]
|-damage|p1a: Blissey|55/100|[from] Sandstorm
|-heal|p1a: Blissey|61/100|[from] item: Leftovers
|-heal|p2a: Tyranitar|88/100 par|[from] item: Leftovers
|upkeep
|turn|57
|
|t:|1727986621
|move|p1a: Blissey|Seismic Toss|p2a: Tyranitar
|-damage|p2a: Tyranitar|63/100 par
|cant|p2a: Tyranitar|par
|
|-weather|Sandstorm|[upkeep]
|-damage|p1a: Blissey|55/100|[from] Sandstorm
|-heal|p1a: Blissey|61/100|[from] item: Leftovers
|-heal|p2a: Tyranitar|69/100 par|[from] item: Leftovers
|upkeep
|turn|58
|
|t:|1727986625
|move|p1a: Blissey|Seismic Toss|p2a: Tyranitar
|-damage|p2a: Tyranitar|45/100 par
|move|p2a: Tyranitar|Rock Slide|p1a: Blissey|[miss]
|-miss|p2a: Tyranitar|p1a: Blissey
|
|-weather|Sandstorm|[upkeep]
|-damage|p1a: Blissey|55/100|[from] Sandstorm
|-heal|p1a: Blissey|61/100|[from] item: Leftovers
|-heal|p2a: Tyranitar|51/100 par|[from] item: Leftovers
|upkeep
|turn|59
|
|t:|1727986629
|move|p1a: Blissey|Seismic Toss|p2a: Tyranitar
|-damage|p2a: Tyranitar|26/100 par
|move|p2a: Tyranitar|Rock Slide|p1a: Blissey
|-damage|p1a: Blissey|27/100
|
|-weather|Sandstorm|[upkeep]
|-damage|p1a: Blissey|21/100|[from] Sandstorm
|-heal|p1a: Blissey|27/100|[from] item: Leftovers
|-heal|p2a: Tyranitar|32/100 par|[from] item: Leftovers
|upkeep
|turn|60
|
|t:|1727986633
|move|p1a: Blissey|Soft-Boiled|p1a: Blissey
|-heal|p1a: Blissey|77/100
|cant|p2a: Tyranitar|par
|
|-weather|Sandstorm|[upkeep]
|-damage|p1a: Blissey|71/100|[from] Sandstorm
|-heal|p1a: Blissey|77/100|[from] item: Leftovers
|-heal|p2a: Tyranitar|38/100 par|[from] item: Leftovers
|upkeep
|turn|61
|
|t:|1727986636
|move|p1a: Blissey|Seismic Toss|p2a: Tyranitar
|-damage|p2a: Tyranitar|14/100 par
|cant|p2a: Tyranitar|par
|
|-weather|Sandstorm|[upkeep]
|-damage|p1a: Blissey|71/100|[from] Sandstorm
|-heal|p1a: Blissey|77/100|[from] item: Leftovers
|-heal|p2a: Tyranitar|20/100 par|[from] item: Leftovers
|upkeep
|turn|62
|
|t:|1727986643
|switch|p2a: Flygon|Flygon, M|89/100
|move|p1a: Blissey|Seismic Toss|p2a: Flygon
|-damage|p2a: Flygon|62/100
|
|-weather|Sandstorm|[upkeep]
|-damage|p1a: Blissey|71/100|[from] Sandstorm
|-heal|p2a: Flygon|68/100|[from] item: Leftovers
|-heal|p1a: Blissey|77/100|[from] item: Leftovers
|upkeep
|turn|63
|
|t:|1727986645
|move|p2a: Flygon|Protect|p2a: Flygon
|-singleturn|p2a: Flygon|Protect
|move|p1a: Blissey|Ice Beam|p2a: Flygon
|-activate|p2a: Flygon|Protect
|
|-weather|Sandstorm|[upkeep]
|-damage|p1a: Blissey|71/100|[from] Sandstorm
|-heal|p2a: Flygon|74/100|[from] item: Leftovers
|-heal|p1a: Blissey|77/100|[from] item: Leftovers
|upkeep
|turn|64
|
|t:|1727986657
|switch|p2a: Tyranitar|Tyranitar, M|20/100 par
|-damage|p2a: Tyranitar|0 fnt|[from] Spikes
|faint|p2a: Tyranitar
|
|t:|1727986658
|switch|p2a: Flygon|Flygon, M|74/100
|
|-weather|Sandstorm|[upkeep]
|-damage|p1a: Blissey|71/100|[from] Sandstorm
|-heal|p2a: Flygon|80/100|[from] item: Leftovers
|-heal|p1a: Blissey|77/100|[from] item: Leftovers
|upkeep
|turn|65
|
|t:|1727986661
|move|p2a: Flygon|Protect|p2a: Flygon
|-singleturn|p2a: Flygon|Protect
|move|p1a: Blissey|Ice Beam|p2a: Flygon
|-activate|p2a: Flygon|Protect
|
|-weather|Sandstorm|[upkeep]
|-damage|p1a: Blissey|71/100|[from] Sandstorm
|-heal|p2a: Flygon|86/100|[from] item: Leftovers
|-heal|p1a: Blissey|77/100|[from] item: Leftovers
|upkeep
|turn|66
|
|t:|1727986663
|move|p2a: Flygon|Protect|p2a: Flygon
|-singleturn|p2a: Flygon|Protect
|move|p1a: Blissey|Ice Beam|p2a: Flygon
|-activate|p2a: Flygon|Protect
|
|-weather|Sandstorm|[upkeep]
|-damage|p1a: Blissey|71/100|[from] Sandstorm
|-heal|p2a: Flygon|92/100|[from] item: Leftovers
|-heal|p1a: Blissey|77/100|[from] item: Leftovers
|upkeep
|turn|67
|
|t:|1727986678
|move|p2a: Flygon|Earthquake|p1a: Blissey
|-damage|p1a: Blissey|42/100
|move|p1a: Blissey|Ice Beam|p2a: Flygon
|-supereffective|p2a: Flygon
|-damage|p2a: Flygon|0 fnt
|faint|p2a: Flygon
|
|win|bydy2
|c|☆bydy2|gg, sorry about some of that luck
|c|☆big will 2024|gg

</script>
<script type="application/json" class="data" id="replaydata-gen3ou-2215295236-efk0tn8opgqoqr13vig89fbhiahgqz1pw">
{"id":"gen3ou-2215295236","format":"[Gen 3] OU","players":["bydy2","big will 2024"],"uploadtime":1727986687,"views":118,"formatid":"gen3ou","rating":null,"private":1,"password":"efk0tn8opgqoqr13vig89fbhiahgqz1"}
</script>

<script defer src="js/replays.js?9d40a366"></script>
