<!DOCTYPE html>
<meta charset="utf-8" />
<meta name="viewport" content="width=device-width" />

<title>[Gen 3] OU: mint yerb vs. KoboldSorcerer - Replays - Pok&eacute;mon Showdown!</title>

<meta name="description" content="Watch a replay of a Pok&eacute;mon battle between mint yerb and KoboldSorcerer! Format: [Gen 3] OU; Date: Oct 1, 2024" />
<!--

Hey, you! Looking in the source for the replay log?

You can find them in JSON format, just add `.json` at the end of a replay URL.

https://replay.pokemonshowdown.com/gen7randomdoublesbattle-865046831.json

Or, if you only need the log itself, add `.log` instead:

https://replay.pokemonshowdown.com/gen7randomdoublesbattle-865046831.log

-->

<link rel="stylesheet" href="//pokemonshowdown.com/style/global.css?0.023195364461161105" />
<link rel="stylesheet" href="//play.pokemonshowdown.com/style/font-awesome.css?0.13261647063804238" />
<link rel="stylesheet" href="//play.pokemonshowdown.com/style/battle.css?0.8753245789963631" />
<link rel="stylesheet" href="//play.pokemonshowdown.com/style/utilichart.css?0.8627959624976733" />

<!-- Global site tag (gtag.js) - Google Analytics -->
<script async src="https://www.googletagmanager.com/gtag/js?id=UA-26211653-1"></script>
<script>
  window.dataLayer = window.dataLayer || [];
  function gtag(){dataLayer.push(arguments);}
  gtag('js', new Date());

  gtag('config', 'UA-26211653-1');
</script>
<!-- End Google Analytics -->
<!-- Venatus Ad Manager - Install in <HEAD> of page -->
	<script src="https://hb.vntsm.com/v3/live/ad-manager.min.js" type="text/javascript" data-site-id="642aba63ec9a7b11c3c9c1be" data-mode="scan" async></script>
<!-- / Venatus Ad Manager -->

<style>
	@media (max-width:820px) {
		.battle {
			margin: 0 auto;
		}
		.battle-log {
			margin: 7px auto 0;
			max-width: 640px;
			height: 300px;
			position: static;
		}
	}
	.optgroup {
		display: inline-block;
		line-height: 22px;
		font-size: 10pt;
	}
	.optgroup .button {
		height: 25px;
		padding-top: 0;
		padding-bottom: 0;
	}
	.optgroup button.button {
		padding-left: 12px;
		padding-right: 12px;
	}
	.linklist {
		list-style: none;
		margin: 0.5em 0;
		padding: 0;
	}
	.linklist li {
		padding: 2px 0;
	}
	.sidebar {
		float: left;
		width: 320px;
	}
	.bar-wrapper {
		max-width: 1100px;
		margin: 0 auto;
	}
	.bar-wrapper.has-sidebar {
		max-width: 1430px;
	}
	.mainbar {
		margin: 0;
		padding-right: 1px;
	}
	.mainbar.has-sidebar {
		margin-left: 330px;
	}
	@media (min-width: 1511px) {
		.sidebar {
			width: 400px;
		}
		.bar-wrapper.has-sidebar {
			max-width: 1510px;
		}
		.mainbar.has-sidebar {
			margin-left: 410px;
		}
	}
	.section.first-section {
		margin-top: 9px;
	}
	.blocklink small {
		white-space: normal;
	}
	.button {
		vertical-align: middle;
	}
	.replay-controls {
		padding-top: 10px;
	}
	.replay-controls h1 {
		font-size: 16pt;
		font-weight: normal;
		color: #CCC;
	}
	.pagelink {
		text-align: center;
	}
	.pagelink a {
		width: 150px;
	}
	.textbox, .button {
		font-size: 11pt;
		vertical-align: middle;
	}
	@media (max-width: 450px) {
		.button {
			font-size: 9pt;
		}
	}
</style>

<div>

	<header>
		<div class="nav-wrapper"><ul class="nav">
			<li><a class="button nav-first" href="//pokemonshowdown.com/"><img src="//pokemonshowdown.com/images/pokemonshowdownbeta.png" srcset="//pokemonshowdown.com/images/pokemonshowdownbeta.png 1x, //pokemonshowdown.com/images/pokemonshowdownbeta@2x.png 2x" alt="Pok&eacute;mon Showdown" width="146" height="44" /> Home</a></li>
			<li><a class="button" href="//pokemonshowdown.com/dex/">Pok&eacute;dex</a></li>
			<li><a class="button cur" href="/">Replays</a></li>
			<li><a class="button" href="//pokemonshowdown.com/ladder/">Ladder</a></li>
			<li><a class="button nav-last" href="//pokemonshowdown.com/forums/">Forum</a></li>
			<li><a class="button greenbutton nav-first nav-last" href="//play.pokemonshowdown.com/">Play</a></li>
		</ul></div>
	</header>

	<div class="main" id="main">

		<noscript><section class="section">You need to enable JavaScript to use this page; sorry!</section></noscript>

	</div>

</div>

<script defer nomodule src="//play.pokemonshowdown.com/js/lib/ps-polyfill.js"></script>
<script defer src="//play.pokemonshowdown.com/js/lib/preact.min.js"></script>

<script defer src="//play.pokemonshowdown.com/config/config.js?2bddbc15"></script>
<script defer src="//play.pokemonshowdown.com/js/lib/jquery-1.11.0.min.js"></script>
<script defer src="//play.pokemonshowdown.com/js/lib/html-sanitizer-minified.js"></script>
<script defer src="//play.pokemonshowdown.com/js/battle-sound.js"></script>
<script defer src="//play.pokemonshowdown.com/js/battledata.js?0.7209276989879541"></script>
<script defer src="//play.pokemonshowdown.com/data/pokedex-mini.js?0.6111056340867951"></script>
<script defer src="//play.pokemonshowdown.com/data/pokedex-mini-bw.js?0.3532142036491459"></script>
<script defer src="//play.pokemonshowdown.com/data/graphics.js?0.24223875632456182"></script>
<script defer src="//play.pokemonshowdown.com/data/pokedex.js?0.38839984266356864"></script>
<script defer src="//play.pokemonshowdown.com/data/moves.js?0.21866028504024015"></script>
<script defer src="//play.pokemonshowdown.com/data/abilities.js?0.2005157953846628"></script>
<script defer src="//play.pokemonshowdown.com/data/items.js?0.9894211263848525"></script>
<script defer src="//play.pokemonshowdown.com/data/teambuilder-tables.js?0.6008791140282215"></script>
<script defer src="//play.pokemonshowdown.com/js/battle-tooltips.js?0.7580118955022959"></script>
<script defer src="//play.pokemonshowdown.com/js/battle.js?0.6057722274234274"></script>

<script defer src="js/utils.js?e31f9a17"></script>
<script defer src="js/replays-battle.js?7008c182"></script>

<!-- don't scrape this data! just add .json or .log after the URL!
Full API docs: https://github.com/smogon/pokemon-showdown-client/blob/master/WEB-API.md -->
<script type="text/plain" class="log" id="replaylog-smogtours-gen3ou-793780">
|inactive|Battle timer is ON: inactive players will automatically lose when time's up.
|t:|1727802192
|gametype|singles
|player|p1|mint yerb|101|
|player|p2|KoboldSorcerer|1|
|teamsize|p1|6
|teamsize|p2|6
|gen|3
|tier|[Gen 3] OU
|rule|Sleep Clause Mod: Limit one foe put to sleep
|rule|Switch Priority Clause Mod: Faster Pokémon switch first
|rule|Species Clause: Limit one of each Pokémon
|rule|OHKO Clause: OHKO moves are banned
|rule|Evasion Items Clause: Evasion items are banned
|rule|Evasion Moves Clause: Evasion moves are banned
|rule|Endless Battle Clause: Forcing endless battles is banned
|rule|HP Percentage Mod: HP is shown in percentages
|rule|One Boost Passer Clause: Limit one Baton Passer that has a way to boost its stats
|rule|Freeze Clause Mod: Limit one foe frozen
|
|t:|1727802192
|start
|switch|p1a: Medicham|Medicham, M|100/100
|switch|p2a: Celebi|Celebi|100/100
|turn|1
|c|☆KoboldSorcerer|glhf
|inactive|mint yerb has 270 seconds left.
|inactive|KoboldSorcerer has 270 seconds left.
|c|☆mint yerb|you too! 
|
|t:|1727802247
|move|p2a: Celebi|Leech Seed|p1a: Medicham
|-start|p1a: Medicham|move: Leech Seed
|move|p1a: Medicham|Shadow Ball|p2a: Celebi
|-supereffective|p2a: Celebi
|-damage|p2a: Celebi|48/100
|
|-heal|p2a: Celebi|54/100|[from] item: Leftovers
|-damage|p1a: Medicham|88/100|[from] Leech Seed|[of] p2a: Celebi
|-heal|p2a: Celebi|62/100|[silent]
|upkeep
|turn|2
|
|t:|1727802263
|-singleturn|p1a: Medicham|move: Focus Punch
|move|p2a: Celebi|Light Screen|p2a: Celebi
|-sidestart|p2: KoboldSorcerer|Light Screen
|move|p1a: Medicham|Focus Punch|p2a: Celebi
|-resisted|p2a: Celebi
|-damage|p2a: Celebi|24/100
|
|-heal|p2a: Celebi|31/100|[from] item: Leftovers
|-damage|p1a: Medicham|76/100|[from] Leech Seed|[of] p2a: Celebi
|-heal|p2a: Celebi|39/100|[silent]
|upkeep
|turn|3
|
|t:|1727802268
|move|p2a: Celebi|Recover|p2a: Celebi
|-heal|p2a: Celebi|89/100
|move|p1a: Medicham|Shadow Ball|p2a: Celebi
|-supereffective|p2a: Celebi
|-damage|p2a: Celebi|35/100
|
|-heal|p2a: Celebi|41/100|[from] item: Leftovers
|-damage|p1a: Medicham|64/100|[from] Leech Seed|[of] p2a: Celebi
|-heal|p2a: Celebi|49/100|[silent]
|upkeep
|turn|4
|
|t:|1727802274
|switch|p1a: Salamence|Salamence, M|100/100
|-ability|p1a: Salamence|Intimidate|boost
|-unboost|p2a: Celebi|atk|1
|move|p2a: Celebi|Recover|p2a: Celebi
|-heal|p2a: Celebi|99/100
|
|-heal|p2a: Celebi|100/100|[from] item: Leftovers
|upkeep
|turn|5
|
|t:|1727802287
|switch|p2a: Tyranitar|Tyranitar, F|100/100
|-weather|Sandstorm|[from] ability: Sand Stream|[of] p2a: Tyranitar
|switch|p1a: Medicham|Medicham, M|64/100
|
|-weather|Sandstorm|[upkeep]
|-damage|p1a: Medicham|58/100|[from] Sandstorm
|upkeep
|turn|6
|
|t:|1727802306
|switch|p2a: Celebi|Celebi|100/100
|move|p1a: Medicham|Brick Break|p2a: Celebi
|-sideend|p2: KoboldSorcerer|Light Screen
|-resisted|p2a: Celebi
|-damage|p2a: Celebi|81/100
|
|-weather|Sandstorm|[upkeep]
|-damage|p2a: Celebi|75/100|[from] Sandstorm
|-damage|p1a: Medicham|52/100|[from] Sandstorm
|-heal|p2a: Celebi|81/100|[from] item: Leftovers
|upkeep
|turn|7
|
|t:|1727802315
|switch|p1a: Metagross|Metagross|100/100
|move|p2a: Celebi|Leech Seed|p1a: Metagross
|-start|p1a: Metagross|move: Leech Seed
|
|-weather|Sandstorm|[upkeep]
|-damage|p2a: Celebi|75/100|[from] Sandstorm
|-heal|p2a: Celebi|81/100|[from] item: Leftovers
|-damage|p1a: Metagross|88/100|[from] Leech Seed|[of] p2a: Celebi
|-heal|p2a: Celebi|92/100|[silent]
|upkeep
|turn|8
|
|t:|1727802331
|switch|p2a: Magneton|Magneton|100/100
|move|p1a: Metagross|Agility|p1a: Metagross
|-boost|p1a: Metagross|spe|2
|
|-weather|Sandstorm|[upkeep]
|-heal|p1a: Metagross|94/100|[from] item: Leftovers
|-damage|p1a: Metagross|82/100|[from] Leech Seed|[of] p2a: Magneton
|upkeep
|turn|9
|
|t:|1727802346
|switch|p2a: Skarmory|Skarmory, F|100/100
|move|p1a: Metagross|Meteor Mash|p2a: Skarmory
|-resisted|p2a: Skarmory
|-damage|p2a: Skarmory|79/100
|-boost|p1a: Metagross|atk|1
|
|-weather|Sandstorm|[upkeep]
|-heal|p1a: Metagross|88/100|[from] item: Leftovers
|-damage|p1a: Metagross|75/100|[from] Leech Seed|[of] p2a: Skarmory
|-heal|p2a: Skarmory|92/100|[silent]
|-heal|p2a: Skarmory|98/100|[from] item: Leftovers
|upkeep
|turn|10
|
|t:|1727802369
|switch|p1a: Magneton|Magneton|100/100
|move|p2a: Skarmory|Protect||[still]
|-fail|p2a: Skarmory
|
|-weather|Sandstorm|[upkeep]
|-heal|p2a: Skarmory|100/100|[from] item: Leftovers
|upkeep
|turn|11
|
|t:|1727802373
|move|p1a: Magneton|Thunderbolt|p2a: Skarmory
|-supereffective|p2a: Skarmory
|-damage|p2a: Skarmory|0 fnt
|faint|p2a: Skarmory
|
|t:|1727802381
|switch|p2a: Aerodactyl|Aerodactyl, M|100/100
|
|-weather|Sandstorm|[upkeep]
|upkeep
|turn|12
|
|t:|1727802408
|switch|p1a: Salamence|Salamence, M|100/100
|-ability|p1a: Salamence|Intimidate|boost
|-unboost|p2a: Aerodactyl|atk|1
|move|p2a: Aerodactyl|Rock Slide|p1a: Salamence
|-supereffective|p1a: Salamence
|-damage|p1a: Salamence|23/100
|
|-weather|Sandstorm|[upkeep]
|-damage|p1a: Salamence|17/100|[from] Sandstorm
|-heal|p1a: Salamence|23/100|[from] item: Leftovers
|upkeep
|turn|13
|
|t:|1727802421
|move|p2a: Aerodactyl|Rock Slide|p1a: Salamence
|-supereffective|p1a: Salamence
|-damage|p1a: Salamence|0 fnt
|faint|p1a: Salamence
|
|t:|1727802425
|switch|p1a: Metagross|Metagross|75/100
|
|-weather|Sandstorm|[upkeep]
|-heal|p1a: Metagross|82/100|[from] item: Leftovers
|upkeep
|turn|14
|
|t:|1727802443
|switch|p2a: Swampert|Swampert, M|100/100
|move|p1a: Metagross|Earthquake|p2a: Swampert
|-damage|p2a: Swampert|75/100
|
|-weather|Sandstorm|[upkeep]
|-heal|p1a: Metagross|88/100|[from] item: Leftovers
|-heal|p2a: Swampert|81/100|[from] item: Leftovers
|upkeep
|turn|15
|inactive|KoboldSorcerer has 270 seconds left.
|
|t:|1727802478
|switch|p1a: Snorlax|Snorlax, M|100/100
|move|p2a: Swampert|Protect||[still]
|-fail|p2a: Swampert
|
|-weather|Sandstorm|[upkeep]
|-damage|p1a: Snorlax|94/100|[from] Sandstorm
|-heal|p2a: Swampert|87/100|[from] item: Leftovers
|-heal|p1a: Snorlax|100/100|[from] item: Leftovers
|upkeep
|turn|16
|inactive|KoboldSorcerer has 270 seconds left.
|
|t:|1727802486
|switch|p2a: Celebi|Celebi|92/100
|move|p1a: Snorlax|Body Slam|p2a: Celebi
|-damage|p2a: Celebi|60/100
|-status|p2a: Celebi|par
|
|-weather|Sandstorm|[upkeep]
|-damage|p1a: Snorlax|94/100|[from] Sandstorm
|-damage|p2a: Celebi|53/100 par|[from] Sandstorm
|-heal|p1a: Snorlax|100/100|[from] item: Leftovers
|-heal|p2a: Celebi|60/100 par|[from] item: Leftovers
|upkeep
|turn|17
|
|t:|1727802499
|move|p1a: Snorlax|Shadow Ball|p2a: Celebi
|-supereffective|p2a: Celebi
|-damage|p2a: Celebi|24/100 par
|move|p2a: Celebi|Leech Seed|p1a: Snorlax
|-start|p1a: Snorlax|move: Leech Seed
|
|-weather|Sandstorm|[upkeep]
|-damage|p1a: Snorlax|94/100|[from] Sandstorm
|-damage|p2a: Celebi|17/100 par|[from] Sandstorm
|-heal|p1a: Snorlax|100/100|[from] item: Leftovers
|-damage|p1a: Snorlax|88/100|[from] Leech Seed|[of] p2a: Celebi
|-heal|p2a: Celebi|32/100 par|[silent]
|-heal|p2a: Celebi|39/100 par|[from] item: Leftovers
|upkeep
|turn|18
|
|t:|1727802514
|move|p1a: Snorlax|Earthquake|p2a: Celebi
|-resisted|p2a: Celebi
|-damage|p2a: Celebi|27/100 par
|move|p2a: Celebi|Recover|p2a: Celebi
|-heal|p2a: Celebi|77/100 par
|
|-weather|Sandstorm|[upkeep]
|-damage|p1a: Snorlax|82/100|[from] Sandstorm
|-damage|p2a: Celebi|71/100 par|[from] Sandstorm
|-heal|p1a: Snorlax|88/100|[from] item: Leftovers
|-damage|p1a: Snorlax|76/100|[from] Leech Seed|[of] p2a: Celebi
|-heal|p2a: Celebi|86/100 par|[silent]
|-heal|p2a: Celebi|92/100 par|[from] item: Leftovers
|upkeep
|turn|19
|
|t:|1727802520
|-curestatus|p2a: Celebi|par|[from] ability: Natural Cure
|switch|p2a: Aerodactyl|Aerodactyl, M|100/100
|move|p1a: Snorlax|Self-Destruct|p2a: Aerodactyl
|-resisted|p2a: Aerodactyl
|-damage|p2a: Aerodactyl|0 fnt
|faint|p1a: Snorlax
|faint|p2a: Aerodactyl
|
|t:|1727802541
|switch|p2a: Magneton|Magneton|100/100
|switch|p1a: Magneton|Magneton|100/100
|
|-weather|Sandstorm|[upkeep]
|upkeep
|turn|20
|
|t:|1727802556
|move|p1a: Magneton|Rain Dance|p1a: Magneton
|-weather|RainDance
|move|p2a: Magneton|Hidden Power|p1a: Magneton
|-supereffective|p1a: Magneton
|-damage|p1a: Magneton|50/100
|
|-weather|RainDance|[upkeep]
|upkeep
|turn|21
|
|t:|1727802559
|move|p2a: Magneton|Hidden Power|p1a: Magneton
|-supereffective|p1a: Magneton
|-damage|p1a: Magneton|1/100
|move|p1a: Magneton|Thunderbolt|p2a: Magneton
|-resisted|p2a: Magneton
|-damage|p2a: Magneton|52/100
|
|-weather|RainDance|[upkeep]
|-heal|p2a: Magneton|58/100|[from] item: Leftovers
|upkeep
|turn|22
|
|t:|1727802565
|move|p1a: Magneton|Thunderbolt|p2a: Magneton
|-resisted|p2a: Magneton
|-damage|p2a: Magneton|3/100
|move|p2a: Magneton|Thunderbolt|p1a: Magneton
|-resisted|p1a: Magneton
|-damage|p1a: Magneton|0 fnt
|faint|p1a: Magneton
|
|t:|1727802574
|switch|p1a: Medicham|Medicham, M|52/100
|
|-weather|RainDance|[upkeep]
|-heal|p2a: Magneton|9/100|[from] item: Leftovers
|upkeep
|turn|23
|
|t:|1727802585
|move|p1a: Medicham|Shadow Ball|p2a: Magneton
|-resisted|p2a: Magneton
|-damage|p2a: Magneton|0 fnt
|faint|p2a: Magneton
|
|t:|1727802588
|switch|p2a: Tyranitar|Tyranitar, F|100/100
|-weather|Sandstorm|[from] ability: Sand Stream|[of] p2a: Tyranitar
|
|-weather|Sandstorm|[upkeep]
|-damage|p1a: Medicham|46/100|[from] Sandstorm
|upkeep
|turn|24
|
|t:|1727802597
|-singleturn|p1a: Medicham|move: Focus Punch
|switch|p2a: Celebi|Celebi|92/100
|move|p1a: Medicham|Focus Punch|p2a: Celebi
|-resisted|p2a: Celebi
|-damage|p2a: Celebi|55/100
|
|-weather|Sandstorm|[upkeep]
|-damage|p2a: Celebi|49/100|[from] Sandstorm
|-damage|p1a: Medicham|39/100|[from] Sandstorm
|-heal|p2a: Celebi|55/100|[from] item: Leftovers
|upkeep
|turn|25
|
|t:|1727802603
|switch|p1a: Metagross|Metagross|88/100
|move|p2a: Celebi|Recover|p2a: Celebi
|-heal|p2a: Celebi|100/100
|
|-weather|Sandstorm|[upkeep]
|-damage|p2a: Celebi|94/100|[from] Sandstorm
|-heal|p2a: Celebi|100/100|[from] item: Leftovers
|-heal|p1a: Metagross|94/100|[from] item: Leftovers
|upkeep
|turn|26
|
|t:|1727802612
|move|p2a: Celebi|Leech Seed|p1a: Metagross
|-start|p1a: Metagross|move: Leech Seed
|move|p1a: Metagross|Agility|p1a: Metagross
|-boost|p1a: Metagross|spe|2
|
|-weather|Sandstorm|[upkeep]
|-damage|p2a: Celebi|94/100|[from] Sandstorm
|-heal|p1a: Metagross|99/100|[from] item: Leftovers
|-damage|p1a: Metagross|87/100|[from] Leech Seed|[of] p2a: Celebi
|-heal|p2a: Celebi|100/100|[silent]
|upkeep
|turn|27
|
|t:|1727802618
|move|p1a: Metagross|Meteor Mash|p2a: Celebi|[miss]
|-miss|p1a: Metagross|p2a: Celebi
|move|p2a: Celebi|Hidden Power|p1a: Metagross
|-resisted|p1a: Metagross
|-crit|p1a: Metagross
|-damage|p1a: Metagross|64/100
|
|-weather|Sandstorm|[upkeep]
|-damage|p2a: Celebi|94/100|[from] Sandstorm
|-heal|p1a: Metagross|70/100|[from] item: Leftovers
|-damage|p1a: Metagross|57/100|[from] Leech Seed|[of] p2a: Celebi
|-heal|p2a: Celebi|100/100|[silent]
|upkeep
|turn|28
|
|t:|1727802621
|move|p1a: Metagross|Explosion|p2a: Celebi
|-damage|p2a: Celebi|0 fnt
|faint|p1a: Metagross
|faint|p2a: Celebi
|
|t:|1727802627
|switch|p2a: Swampert|Swampert, M|87/100
|switch|p1a: Medicham|Medicham, M|39/100
|
|-weather|Sandstorm|[upkeep]
|-damage|p1a: Medicham|33/100|[from] Sandstorm
|-heal|p2a: Swampert|94/100|[from] item: Leftovers
|upkeep
|turn|29
|
|t:|1727802637
|move|p2a: Swampert|Protect|p2a: Swampert
|-singleturn|p2a: Swampert|Protect
|move|p1a: Medicham|Brick Break|p2a: Swampert
|-activate|p2a: Swampert|Protect
|
|-weather|Sandstorm|[upkeep]
|-damage|p1a: Medicham|27/100|[from] Sandstorm
|-heal|p2a: Swampert|99/100|[from] item: Leftovers
|upkeep
|turn|30
|
|t:|1727802644
|move|p1a: Medicham|Brick Break|p2a: Swampert
|-damage|p2a: Swampert|70/100
|move|p2a: Swampert|Surf|p1a: Medicham
|-damage|p1a: Medicham|0 fnt
|faint|p1a: Medicham
|
|t:|1727802648
|switch|p1a: Suicune|Suicune|100/100
|
|-weather|Sandstorm|[upkeep]
|-damage|p1a: Suicune|94/100|[from] Sandstorm
|-heal|p1a: Suicune|100/100|[from] item: Leftovers
|-heal|p2a: Swampert|76/100|[from] item: Leftovers
|upkeep
|turn|31
|
|t:|1727802652
|move|p1a: Suicune|Calm Mind|p1a: Suicune
|-boost|p1a: Suicune|spa|1
|-boost|p1a: Suicune|spd|1
|move|p2a: Swampert|Toxic|p1a: Suicune
|-status|p1a: Suicune|tox
|
|-weather|Sandstorm|[upkeep]
|-damage|p1a: Suicune|94/100 tox|[from] Sandstorm
|-heal|p1a: Suicune|100/100 tox|[from] item: Leftovers
|-damage|p1a: Suicune|94/100 tox|[from] psn
|-heal|p2a: Swampert|82/100|[from] item: Leftovers
|upkeep
|turn|32
|
|t:|1727802660
|switch|p2a: Tyranitar|Tyranitar, F|100/100
|move|p1a: Suicune|Calm Mind|p1a: Suicune
|-boost|p1a: Suicune|spa|1
|-boost|p1a: Suicune|spd|1
|
|-weather|Sandstorm|[upkeep]
|-damage|p1a: Suicune|88/100 tox|[from] Sandstorm
|-heal|p1a: Suicune|94/100 tox|[from] item: Leftovers
|-damage|p1a: Suicune|82/100 tox|[from] psn
|upkeep
|turn|33
|
|t:|1727802663
|move|p1a: Suicune|Surf|p2a: Tyranitar
|-supereffective|p2a: Tyranitar
|-damage|p2a: Tyranitar|0 fnt
|faint|p2a: Tyranitar
|
|t:|1727802664
|switch|p2a: Swampert|Swampert, M|82/100
|
|-weather|Sandstorm|[upkeep]
|-damage|p1a: Suicune|76/100 tox|[from] Sandstorm
|-heal|p1a: Suicune|82/100 tox|[from] item: Leftovers
|-damage|p1a: Suicune|63/100 tox|[from] psn
|-heal|p2a: Swampert|88/100|[from] item: Leftovers
|upkeep
|turn|34
|
|t:|1727802674
|move|p1a: Suicune|Calm Mind|p1a: Suicune
|-boost|p1a: Suicune|spa|1
|-boost|p1a: Suicune|spd|1
|move|p2a: Swampert|Surf|p1a: Suicune
|-resisted|p1a: Suicune
|-damage|p1a: Suicune|60/100 tox
|
|-weather|Sandstorm|[upkeep]
|-damage|p1a: Suicune|53/100 tox|[from] Sandstorm
|-heal|p1a: Suicune|60/100 tox|[from] item: Leftovers
|-damage|p1a: Suicune|35/100 tox|[from] psn
|-heal|p2a: Swampert|95/100|[from] item: Leftovers
|upkeep
|turn|35
|
|t:|1727802678
|move|p1a: Suicune|Rest|p1a: Suicune
|-status|p1a: Suicune|slp|[from] move: Rest
|-heal|p1a: Suicune|100/100 slp|[silent]
|move|p2a: Swampert|Surf|p1a: Suicune
|-resisted|p1a: Suicune
|-damage|p1a: Suicune|97/100 slp
|
|-weather|Sandstorm|[upkeep]
|-damage|p1a: Suicune|91/100 slp|[from] Sandstorm
|-heal|p1a: Suicune|97/100 slp|[from] item: Leftovers
|-heal|p2a: Swampert|100/100|[from] item: Leftovers
|upkeep
|turn|36
|-message|KoboldSorcerer forfeited.
|
|win|mint yerb
|c|☆mint yerb|ggs
|c|☆KoboldSorcerer|gg

</script>
<script type="application/json" class="data" id="replaydata-smogtours-gen3ou-793780">
{"id":"smogtours-gen3ou-793780","format":"[Gen 3] OU","players":["mint yerb","KoboldSorcerer"],"uploadtime":1727802687,"views":148,"formatid":"gen3ou","rating":null,"private":0,"password":null}
</script>

<script defer src="js/replays.js?9d40a366"></script>
