<!DOCTYPE html>
<meta charset="utf-8" />
<meta name="viewport" content="width=device-width" />

<title>[Gen 3] OU: Gonzasaurio 50 vs. pkleech - Replays - Pok&eacute;mon Showdown!</title>

<meta name="description" content="Watch a replay of a Pok&eacute;mon battle between Gonzasaurio 50 and pkleech! Format: [Gen 3] OU; Date: Oct 15, 2024" />
<!--

Hey, you! Looking in the source for the replay log?

You can find them in JSON format, just add `.json` at the end of a replay URL.

https://replay.pokemonshowdown.com/gen7randomdoublesbattle-865046831.json

Or, if you only need the log itself, add `.log` instead:

https://replay.pokemonshowdown.com/gen7randomdoublesbattle-865046831.log

-->

<link rel="stylesheet" href="//pokemonshowdown.com/style/global.css?0.023195364461161105" />
<link rel="stylesheet" href="//play.pokemonshowdown.com/style/font-awesome.css?0.13261647063804238" />
<link rel="stylesheet" href="//play.pokemonshowdown.com/style/battle.css?0.8753245789963631" />
<link rel="stylesheet" href="//play.pokemonshowdown.com/style/utilichart.css?0.8627959624976733" />

<!-- Global site tag (gtag.js) - Google Analytics -->
<script async src="https://www.googletagmanager.com/gtag/js?id=UA-26211653-1"></script>
<script>
  window.dataLayer = window.dataLayer || [];
  function gtag(){dataLayer.push(arguments);}
  gtag('js', new Date());

  gtag('config', 'UA-26211653-1');
</script>
<!-- End Google Analytics -->
<!-- Venatus Ad Manager - Install in <HEAD> of page -->
	<script src="https://hb.vntsm.com/v3/live/ad-manager.min.js" type="text/javascript" data-site-id="642aba63ec9a7b11c3c9c1be" data-mode="scan" async></script>
<!-- / Venatus Ad Manager -->

<style>
	@media (max-width:820px) {
		.battle {
			margin: 0 auto;
		}
		.battle-log {
			margin: 7px auto 0;
			max-width: 640px;
			height: 300px;
			position: static;
		}
	}
	.optgroup {
		display: inline-block;
		line-height: 22px;
		font-size: 10pt;
	}
	.optgroup .button {
		height: 25px;
		padding-top: 0;
		padding-bottom: 0;
	}
	.optgroup button.button {
		padding-left: 12px;
		padding-right: 12px;
	}
	.linklist {
		list-style: none;
		margin: 0.5em 0;
		padding: 0;
	}
	.linklist li {
		padding: 2px 0;
	}
	.sidebar {
		float: left;
		width: 320px;
	}
	.bar-wrapper {
		max-width: 1100px;
		margin: 0 auto;
	}
	.bar-wrapper.has-sidebar {
		max-width: 1430px;
	}
	.mainbar {
		margin: 0;
		padding-right: 1px;
	}
	.mainbar.has-sidebar {
		margin-left: 330px;
	}
	@media (min-width: 1511px) {
		.sidebar {
			width: 400px;
		}
		.bar-wrapper.has-sidebar {
			max-width: 1510px;
		}
		.mainbar.has-sidebar {
			margin-left: 410px;
		}
	}
	.section.first-section {
		margin-top: 9px;
	}
	.blocklink small {
		white-space: normal;
	}
	.button {
		vertical-align: middle;
	}
	.replay-controls {
		padding-top: 10px;
	}
	.replay-controls h1 {
		font-size: 16pt;
		font-weight: normal;
		color: #CCC;
	}
	.pagelink {
		text-align: center;
	}
	.pagelink a {
		width: 150px;
	}
	.textbox, .button {
		font-size: 11pt;
		vertical-align: middle;
	}
	@media (max-width: 450px) {
		.button {
			font-size: 9pt;
		}
	}
</style>

<div>

	<header>
		<div class="nav-wrapper"><ul class="nav">
			<li><a class="button nav-first" href="//pokemonshowdown.com/"><img src="//pokemonshowdown.com/images/pokemonshowdownbeta.png" srcset="//pokemonshowdown.com/images/pokemonshowdownbeta.png 1x, //pokemonshowdown.com/images/pokemonshowdownbeta@2x.png 2x" alt="Pok&eacute;mon Showdown" width="146" height="44" /> Home</a></li>
			<li><a class="button" href="//pokemonshowdown.com/dex/">Pok&eacute;dex</a></li>
			<li><a class="button cur" href="/">Replays</a></li>
			<li><a class="button" href="//pokemonshowdown.com/ladder/">Ladder</a></li>
			<li><a class="button nav-last" href="//pokemonshowdown.com/forums/">Forum</a></li>
			<li><a class="button greenbutton nav-first nav-last" href="//play.pokemonshowdown.com/">Play</a></li>
		</ul></div>
	</header>

	<div class="main" id="main">

		<noscript><section class="section">You need to enable JavaScript to use this page; sorry!</section></noscript>

	</div>

</div>

<script defer nomodule src="//play.pokemonshowdown.com/js/lib/ps-polyfill.js"></script>
<script defer src="//play.pokemonshowdown.com/js/lib/preact.min.js"></script>

<script defer src="//play.pokemonshowdown.com/config/config.js?2bddbc15"></script>
<script defer src="//play.pokemonshowdown.com/js/lib/jquery-1.11.0.min.js"></script>
<script defer src="//play.pokemonshowdown.com/js/lib/html-sanitizer-minified.js"></script>
<script defer src="//play.pokemonshowdown.com/js/battle-sound.js"></script>
<script defer src="//play.pokemonshowdown.com/js/battledata.js?0.7209276989879541"></script>
<script defer src="//play.pokemonshowdown.com/data/pokedex-mini.js?0.6111056340867951"></script>
<script defer src="//play.pokemonshowdown.com/data/pokedex-mini-bw.js?0.3532142036491459"></script>
<script defer src="//play.pokemonshowdown.com/data/graphics.js?0.24223875632456182"></script>
<script defer src="//play.pokemonshowdown.com/data/pokedex.js?0.38839984266356864"></script>
<script defer src="//play.pokemonshowdown.com/data/moves.js?0.21866028504024015"></script>
<script defer src="//play.pokemonshowdown.com/data/abilities.js?0.2005157953846628"></script>
<script defer src="//play.pokemonshowdown.com/data/items.js?0.9894211263848525"></script>
<script defer src="//play.pokemonshowdown.com/data/teambuilder-tables.js?0.6008791140282215"></script>
<script defer src="//play.pokemonshowdown.com/js/battle-tooltips.js?0.7580118955022959"></script>
<script defer src="//play.pokemonshowdown.com/js/battle.js?0.6057722274234274"></script>

<script defer src="js/utils.js?e31f9a17"></script>
<script defer src="js/replays-battle.js?7008c182"></script>

<!-- don't scrape this data! just add .json or .log after the URL!
Full API docs: https://github.com/smogon/pokemon-showdown-client/blob/master/WEB-API.md -->
<script type="text/plain" class="log" id="replaylog-smogtours-gen3ou-799024">
|inactive|Battle timer is ON: inactive players will automatically lose when time's up.
|t:|1729024361
|gametype|singles
|player|p1|Gonzasaurio 50|102|
|player|p2|pkleech|pokemonbreeder-gen4|
|teamsize|p1|6
|teamsize|p2|6
|gen|3
|tier|[Gen 3] OU
|rule|Sleep Clause Mod: Limit one foe put to sleep
|rule|Switch Priority Clause Mod: Faster Pokémon switch first
|rule|Species Clause: Limit one of each Pokémon
|rule|OHKO Clause: OHKO moves are banned
|rule|Evasion Items Clause: Evasion items are banned
|rule|Evasion Moves Clause: Evasion moves are banned
|rule|Endless Battle Clause: Forcing endless battles is banned
|rule|HP Percentage Mod: HP is shown in percentages
|rule|One Boost Passer Clause: Limit one Baton Passer that has a way to boost its stats
|rule|Freeze Clause Mod: Limit one foe frozen
|
|t:|1729024361
|start
|switch|p1a: Swimming Pools|Swampert, F|100/100
|switch|p2a: Salamence|Salamence, F|100/100
|-ability|p2a: Salamence|Intimidate|boost
|-unboost|p1a: Swimming Pools|atk|1
|turn|1
|c|☆pkleech|hf
|inactive|pkleech has 270 seconds left.
|c|☆Gonzasaurio 50|hf
|inactive|pkleech has 240 seconds left.
|inactive|pkleech has 210 seconds left.
|inactive|Gonzasaurio 50 has 270 seconds left.
|inactive|pkleech has 180 seconds left.
|
|t:|1729024487
|switch|p2a: Suicune|Suicune|100/100
|move|p1a: Swimming Pools|Ice Beam|p2a: Suicune
|-resisted|p2a: Suicune
|-damage|p2a: Suicune|94/100
|
|-heal|p2a: Suicune|99/100|[from] item: Leftovers
|upkeep
|turn|2
|inactive|pkleech has 240 seconds left.
|
|t:|1729024499
|switch|p1a: good kid|Blissey, F|100/100
|move|p2a: Suicune|Surf|p1a: good kid
|-damage|p1a: good kid|85/100
|
|-heal|p2a: Suicune|100/100|[from] item: Leftovers
|-heal|p1a: good kid|92/100|[from] item: Leftovers
|upkeep
|turn|3
|inactive|pkleech has 240 seconds left.
|
|t:|1729024518
|switch|p2a: Snorlax|Snorlax, F|100/100
|move|p1a: good kid|Toxic|p2a: Snorlax
|-immune|p2a: Snorlax|[from] ability: Immunity
|
|-heal|p1a: good kid|98/100|[from] item: Leftovers
|upkeep
|turn|4
|inactive|pkleech has 210 seconds left.
|
|t:|1729024552
|switch|p1a: m.A.A.d city|Gengar, F|100/100
|move|p2a: Snorlax|Return|p1a: m.A.A.d city
|-immune|p1a: m.A.A.d city
|
|upkeep
|turn|5
|inactive|pkleech has 210 seconds left.
|
|t:|1729024571
|move|p1a: m.A.A.d city|Will-O-Wisp|p2a: Snorlax
|-status|p2a: Snorlax|brn
|move|p2a: Snorlax|Shadow Ball|p1a: m.A.A.d city
|-supereffective|p1a: m.A.A.d city
|-damage|p1a: m.A.A.d city|54/100
|
|-heal|p1a: m.A.A.d city|60/100|[from] item: Leftovers
|-damage|p2a: Snorlax|88/100 brn|[from] brn
|upkeep
|turn|6
|inactive|pkleech has 210 seconds left.
|
|t:|1729024600
|switch|p1a: King Kunta|Tyranitar, F|100/100
|-weather|Sandstorm|[from] ability: Sand Stream|[of] p1a: King Kunta
|move|p2a: Snorlax|Shadow Ball|p1a: King Kunta
|-resisted|p1a: King Kunta
|-damage|p1a: King Kunta|95/100
|
|-weather|Sandstorm|[upkeep]
|-damage|p2a: Snorlax|82/100 brn|[from] Sandstorm
|-heal|p1a: King Kunta|100/100|[from] item: Leftovers
|-heal|p2a: Snorlax|88/100 brn|[from] item: Leftovers
|-damage|p2a: Snorlax|76/100 brn|[from] brn
|upkeep
|turn|7
|inactive|pkleech has 180 seconds left.
|
|t:|1729024623
|move|p1a: King Kunta|Rock Slide|p2a: Snorlax
|-damage|p2a: Snorlax|43/100 brn
|cant|p2a: Snorlax|flinch
|
|-weather|Sandstorm|[upkeep]
|-damage|p2a: Snorlax|37/100 brn|[from] Sandstorm
|-heal|p2a: Snorlax|43/100 brn|[from] item: Leftovers
|-damage|p2a: Snorlax|31/100 brn|[from] brn
|upkeep
|turn|8
|
|t:|1729024629
|switch|p2a: Suicune|Suicune|100/100
|move|p1a: King Kunta|Rock Slide|p2a: Suicune
|-damage|p2a: Suicune|69/100
|
|-weather|Sandstorm|[upkeep]
|-damage|p2a: Suicune|63/100|[from] Sandstorm
|-heal|p2a: Suicune|69/100|[from] item: Leftovers
|upkeep
|turn|9
|
|t:|1729024634
|switch|p1a: good kid|Blissey, F|98/100
|move|p2a: Suicune|Surf|p1a: good kid
|-damage|p1a: good kid|83/100
|
|-weather|Sandstorm|[upkeep]
|-damage|p2a: Suicune|63/100|[from] Sandstorm
|-damage|p1a: good kid|76/100|[from] Sandstorm
|-heal|p2a: Suicune|69/100|[from] item: Leftovers
|-heal|p1a: good kid|83/100|[from] item: Leftovers
|upkeep
|turn|10
|inactive|pkleech has 180 seconds left.
|inactive|pkleech has 150 seconds left.
|
|t:|1729024690
|switch|p2a: Snorlax|Snorlax, F|31/100 brn
|move|p1a: good kid|Toxic||[still]
|-fail|p1a: good kid
|
|-weather|Sandstorm|[upkeep]
|-damage|p1a: good kid|76/100|[from] Sandstorm
|-damage|p2a: Snorlax|25/100 brn|[from] Sandstorm
|-heal|p1a: good kid|83/100|[from] item: Leftovers
|-heal|p2a: Snorlax|31/100 brn|[from] item: Leftovers
|-damage|p2a: Snorlax|19/100 brn|[from] brn
|upkeep
|turn|11
|inactive|pkleech has 150 seconds left.
|
|t:|1729024712
|switch|p1a: Toni es gay|Skarmory, F|100/100
|move|p2a: Snorlax|Self-Destruct|p1a: Toni es gay
|-resisted|p1a: Toni es gay
|-damage|p1a: Toni es gay|65/100
|faint|p2a: Snorlax
|
|t:|1729024716
|switch|p2a: Magneton|Magneton|100/100
|
|-weather|Sandstorm|[upkeep]
|-heal|p1a: Toni es gay|71/100|[from] item: Leftovers
|upkeep
|turn|12
|
|t:|1729024718
|move|p1a: Toni es gay|Protect|p1a: Toni es gay
|-singleturn|p1a: Toni es gay|Protect
|move|p2a: Magneton|Thunderbolt|p1a: Toni es gay
|-activate|p1a: Toni es gay|Protect
|
|-weather|Sandstorm|[upkeep]
|-heal|p1a: Toni es gay|77/100|[from] item: Leftovers
|upkeep
|turn|13
|
|t:|1729024721
|move|p1a: Toni es gay|Protect|p1a: Toni es gay
|-singleturn|p1a: Toni es gay|Protect
|move|p2a: Magneton|Thunderbolt|p1a: Toni es gay
|-activate|p1a: Toni es gay|Protect
|
|-weather|Sandstorm|[upkeep]
|-heal|p1a: Toni es gay|83/100|[from] item: Leftovers
|upkeep
|turn|14
|
|t:|1729024725
|move|p2a: Magneton|Thunderbolt|p1a: Toni es gay
|-supereffective|p1a: Toni es gay
|-damage|p1a: Toni es gay|0 fnt
|faint|p1a: Toni es gay
|
|t:|1729024745
|switch|p1a: Poetic Justice|Charizard, M|100/100
|
|-weather|Sandstorm|[upkeep]
|-damage|p1a: Poetic Justice|94/100|[from] Sandstorm
|-heal|p1a: Poetic Justice|100/100|[from] item: Leftovers
|upkeep
|turn|15
|inactive|pkleech has 180 seconds left.
|
|t:|1729024771
|move|p1a: Poetic Justice|Substitute|p1a: Poetic Justice
|-start|p1a: Poetic Justice|Substitute
|-damage|p1a: Poetic Justice|76/100
|move|p2a: Magneton|Thunderbolt|p1a: Poetic Justice
|-supereffective|p1a: Poetic Justice
|-end|p1a: Poetic Justice|Substitute
|
|-weather|Sandstorm|[upkeep]
|-damage|p1a: Poetic Justice|70/100|[from] Sandstorm
|-heal|p1a: Poetic Justice|76/100|[from] item: Leftovers
|upkeep
|turn|16
|inactive|pkleech has 150 seconds left.
|inactive|pkleech has 120 seconds left.
|
|t:|1729024856
|switch|p2a: Salamence|Salamence, F|100/100
|-ability|p2a: Salamence|Intimidate|boost
|-unboost|p1a: Poetic Justice|atk|1
|move|p1a: Poetic Justice|Fire Blast|p2a: Salamence
|-resisted|p2a: Salamence
|-damage|p2a: Salamence|66/100
|
|-weather|Sandstorm|[upkeep]
|-damage|p1a: Poetic Justice|70/100|[from] Sandstorm
|-damage|p2a: Salamence|60/100|[from] Sandstorm
|-heal|p1a: Poetic Justice|76/100|[from] item: Leftovers
|-heal|p2a: Salamence|66/100|[from] item: Leftovers
|upkeep
|turn|17
|inactive|pkleech has 90 seconds left.
|inactive|pkleech has 60 seconds left.
|inactive|pkleech has 30 seconds left.
|
|t:|1729024932
|switch|p1a: Swimming Pools|Swampert, F|100/100
|move|p2a: Salamence|Rock Slide|p1a: Swimming Pools
|-resisted|p1a: Swimming Pools
|-damage|p1a: Swimming Pools|91/100
|
|-weather|Sandstorm|[upkeep]
|-damage|p2a: Salamence|60/100|[from] Sandstorm
|-heal|p2a: Salamence|66/100|[from] item: Leftovers
|-heal|p1a: Swimming Pools|97/100|[from] item: Leftovers
|upkeep
|turn|18
|inactive|pkleech has 30 seconds left.
|
|t:|1729024955
|switch|p2a: Metagross|Metagross|100/100
|move|p1a: Swimming Pools|Earthquake|p2a: Metagross
|-supereffective|p2a: Metagross
|-damage|p2a: Metagross|44/100
|
|-weather|Sandstorm|[upkeep]
|-heal|p2a: Metagross|50/100|[from] item: Leftovers
|-heal|p1a: Swimming Pools|100/100|[from] item: Leftovers
|upkeep
|turn|19
|inactive|pkleech has 30 seconds left.
|inactive|pkleech has 20 seconds left.
|inactive|pkleech has 15 seconds left.
|
|t:|1729024978
|move|p1a: Swimming Pools|Protect|p1a: Swimming Pools
|-singleturn|p1a: Swimming Pools|Protect
|move|p2a: Metagross|Explosion|p1a: Swimming Pools
|-activate|p1a: Swimming Pools|Protect
|faint|p2a: Metagross
|inactive|pkleech has 20 seconds left this turn.
|inactive|pkleech has 15 seconds left.
|inactive|pkleech has 10 seconds left.
|
|t:|1729024989
|switch|p2a: Heracross|Heracross, F|100/100
|
|-weather|Sandstorm|[upkeep]
|-damage|p2a: Heracross|94/100|[from] Sandstorm
|upkeep
|turn|20
|inactive|pkleech has 20 seconds left this turn.
|inactive|pkleech has 15 seconds left.
|
|t:|1729024999
|move|p2a: Heracross|Substitute|p2a: Heracross
|-start|p2a: Heracross|Substitute
|-damage|p2a: Heracross|69/100
|move|p1a: Swimming Pools|Hydro Pump|p2a: Heracross
|-end|p2a: Heracross|Substitute
|
|-weather|Sandstorm|[upkeep]
|-damage|p2a: Heracross|63/100|[from] Sandstorm
|upkeep
|turn|21
|inactive|pkleech has 25 seconds left this turn.
|
|t:|1729025010
|move|p2a: Heracross|Swords Dance|p2a: Heracross
|-boost|p2a: Heracross|atk|2
|move|p1a: Swimming Pools|Hydro Pump|p2a: Heracross
|-damage|p2a: Heracross|20/100
|
|-weather|Sandstorm|[upkeep]
|-damage|p2a: Heracross|14/100|[from] Sandstorm
|-enditem|p2a: Heracross|Salac Berry|[eat]
|-boost|p2a: Heracross|spe|1|[from] item: Salac Berry
|upkeep
|turn|22
|inactive|pkleech has 30 seconds left.
|
|t:|1729025020
|move|p1a: Swimming Pools|Protect|p1a: Swimming Pools
|-singleturn|p1a: Swimming Pools|Protect
|move|p2a: Heracross|Megahorn|p1a: Swimming Pools|[miss]
|-miss|p2a: Heracross|p1a: Swimming Pools
|
|-weather|Sandstorm|[upkeep]
|-damage|p2a: Heracross|8/100|[from] Sandstorm
|upkeep
|turn|23
|inactive|pkleech has 30 seconds left.
|
|t:|1729025031
|switch|p1a: King Kunta|Tyranitar, F|100/100
|move|p2a: Heracross|Megahorn|p1a: King Kunta
|-supereffective|p1a: King Kunta
|-damage|p1a: King Kunta|0 fnt
|faint|p1a: King Kunta
|
|t:|1729025035
|switch|p1a: Swimming Pools|Swampert, F|100/100
|
|-weather|Sandstorm|[upkeep]
|-damage|p2a: Heracross|2/100|[from] Sandstorm
|upkeep
|turn|24
|
|t:|1729025047
|move|p1a: Swimming Pools|Protect|p1a: Swimming Pools
|-singleturn|p1a: Swimming Pools|Protect
|move|p2a: Heracross|Rock Slide|p1a: Swimming Pools
|-activate|p1a: Swimming Pools|Protect
|
|-weather|Sandstorm|[upkeep]
|-damage|p2a: Heracross|0 fnt|[from] Sandstorm
|faint|p2a: Heracross
|upkeep
|
|t:|1729025052
|switch|p2a: Magneton|Magneton|100/100
|turn|25
|
|t:|1729025056
|move|p2a: Magneton|Rain Dance|p2a: Magneton
|-weather|RainDance
|move|p1a: Swimming Pools|Earthquake|p2a: Magneton
|-supereffective|p2a: Magneton
|-damage|p2a: Magneton|0 fnt
|faint|p2a: Magneton
|
|t:|1729025060
|switch|p2a: Suicune|Suicune|69/100
|
|-weather|RainDance|[upkeep]
|-heal|p2a: Suicune|75/100|[from] item: Leftovers
|upkeep
|turn|26
|
|t:|1729025064
|switch|p1a: good kid|Blissey, F|83/100
|move|p2a: Suicune|Calm Mind|p2a: Suicune
|-boost|p2a: Suicune|spa|1
|-boost|p2a: Suicune|spd|1
|
|-weather|RainDance|[upkeep]
|-heal|p2a: Suicune|82/100|[from] item: Leftovers
|-heal|p1a: good kid|89/100|[from] item: Leftovers
|upkeep
|turn|27
|
|t:|1729025067
|move|p2a: Suicune|Calm Mind|p2a: Suicune
|-boost|p2a: Suicune|spa|1
|-boost|p2a: Suicune|spd|1
|move|p1a: good kid|Toxic|p2a: Suicune
|-status|p2a: Suicune|tox
|
|-weather|RainDance|[upkeep]
|-heal|p2a: Suicune|88/100 tox|[from] item: Leftovers
|-damage|p2a: Suicune|82/100 tox|[from] psn
|-heal|p1a: good kid|95/100|[from] item: Leftovers
|upkeep
|turn|28
|
|t:|1729025073
|move|p2a: Suicune|Calm Mind|p2a: Suicune
|-boost|p2a: Suicune|spa|1
|-boost|p2a: Suicune|spd|1
|move|p1a: good kid|Ice Beam|p2a: Suicune
|-resisted|p2a: Suicune
|-crit|p2a: Suicune
|-damage|p2a: Suicune|64/100 tox
|
|-weather|RainDance|[upkeep]
|-heal|p2a: Suicune|70/100 tox|[from] item: Leftovers
|-damage|p2a: Suicune|58/100 tox|[from] psn
|-heal|p1a: good kid|100/100|[from] item: Leftovers
|upkeep
|turn|29
|
|t:|1729025089
|switch|p1a: Swimming Pools|Swampert, F|100/100
|move|p2a: Suicune|Rest|p2a: Suicune
|-status|p2a: Suicune|slp|[from] move: Rest
|-heal|p2a: Suicune|100/100 slp|[silent]
|
|-weather|none
|upkeep
|turn|30
|
|t:|1729025091
|cant|p2a: Suicune|slp
|move|p1a: Swimming Pools|Earthquake|p2a: Suicune
|-damage|p2a: Suicune|74/100 slp
|
|-heal|p2a: Suicune|80/100 slp|[from] item: Leftovers
|upkeep
|turn|31
|
|t:|1729025095
|cant|p2a: Suicune|slp
|move|p1a: Swimming Pools|Earthquake|p2a: Suicune
|-damage|p2a: Suicune|50/100 slp
|
|-heal|p2a: Suicune|56/100 slp|[from] item: Leftovers
|upkeep
|turn|32
|
|t:|1729025103
|-curestatus|p2a: Suicune|slp|[msg]
|move|p2a: Suicune|Surf|p1a: Swimming Pools
|-damage|p1a: Swimming Pools|18/100
|move|p1a: Swimming Pools|Earthquake|p2a: Suicune
|-damage|p2a: Suicune|30/100
|
|-heal|p2a: Suicune|36/100|[from] item: Leftovers
|-heal|p1a: Swimming Pools|24/100|[from] item: Leftovers
|upkeep
|turn|33
|inactive|pkleech has 90 seconds left.
|
|t:|1729025125
|move|p2a: Suicune|Surf|p1a: Swimming Pools
|-damage|p1a: Swimming Pools|0 fnt
|faint|p1a: Swimming Pools
|
|t:|1729025130
|switch|p1a: m.A.A.d city|Gengar, F|60/100
|
|-heal|p1a: m.A.A.d city|66/100|[from] item: Leftovers
|-heal|p2a: Suicune|43/100|[from] item: Leftovers
|upkeep
|turn|34
|inactive|pkleech has 90 seconds left.
|inactive|pkleech has 60 seconds left.
|
|t:|1729025199
|move|p1a: m.A.A.d city|Explosion|p2a: Suicune
|-damage|p2a: Suicune|0 fnt
|faint|p1a: m.A.A.d city
|faint|p2a: Suicune
|
|t:|1729025209
|switch|p1a: good kid|Blissey, F|100/100
|switch|p2a: Salamence|Salamence, F|66/100
|-ability|p2a: Salamence|Intimidate|boost
|-unboost|p1a: good kid|atk|1
|
|-heal|p2a: Salamence|72/100|[from] item: Leftovers
|upkeep
|turn|35
|
|t:|1729025221
|move|p2a: Salamence|Rock Slide|p1a: good kid
|-damage|p1a: good kid|69/100
|cant|p1a: good kid|flinch
|
|-heal|p2a: Salamence|78/100|[from] item: Leftovers
|-heal|p1a: good kid|75/100|[from] item: Leftovers
|upkeep
|turn|36
|
|t:|1729025230
|move|p2a: Salamence|Rock Slide|p1a: good kid
|-damage|p1a: good kid|46/100
|cant|p1a: good kid|flinch
|
|-heal|p2a: Salamence|84/100|[from] item: Leftovers
|-heal|p1a: good kid|52/100|[from] item: Leftovers
|upkeep
|turn|37
|
|t:|1729025236
|move|p2a: Salamence|Rock Slide|p1a: good kid
|-damage|p1a: good kid|23/100
|move|p1a: good kid|Ice Beam|p2a: Salamence
|-supereffective|p2a: Salamence
|-damage|p2a: Salamence|0 fnt
|faint|p2a: Salamence
|
|win|Gonzasaurio 50
|c|☆Gonzasaurio 50|gg
|player|p2|

</script>
<script type="application/json" class="data" id="replaydata-smogtours-gen3ou-799024">
{"id":"smogtours-gen3ou-799024","format":"[Gen 3] OU","players":["Gonzasaurio 50","pkleech"],"uploadtime":1729025236,"views":153,"formatid":"gen3ou","rating":null,"private":0,"password":null}
</script>

<script defer src="js/replays.js?9d40a366"></script>
