<!DOCTYPE html>
<meta charset="utf-8" />
<meta name="viewport" content="width=device-width" />

<title>[Gen 3] OU: FlareLiger vs. Girls See Ghosts - Replays - Pok&eacute;mon Showdown!</title>

<meta name="description" content="Watch a replay of a Pok&eacute;mon battle between FlareLiger and Girls See Ghosts! Format: [Gen 3] OU; Date: Oct 30, 2024" />
<!--

Hey, you! Looking in the source for the replay log?

You can find them in JSON format, just add `.json` at the end of a replay URL.

https://replay.pokemonshowdown.com/gen7randomdoublesbattle-865046831.json

Or, if you only need the log itself, add `.log` instead:

https://replay.pokemonshowdown.com/gen7randomdoublesbattle-865046831.log

-->

<link rel="stylesheet" href="//pokemonshowdown.com/style/global.css?0.023195364461161105" />
<link rel="stylesheet" href="//play.pokemonshowdown.com/style/font-awesome.css?0.13261647063804238" />
<link rel="stylesheet" href="//play.pokemonshowdown.com/style/battle.css?0.8753245789963631" />
<link rel="stylesheet" href="//play.pokemonshowdown.com/style/utilichart.css?0.8627959624976733" />

<!-- Global site tag (gtag.js) - Google Analytics -->
<script async src="https://www.googletagmanager.com/gtag/js?id=UA-26211653-1"></script>
<script>
  window.dataLayer = window.dataLayer || [];
  function gtag(){dataLayer.push(arguments);}
  gtag('js', new Date());

  gtag('config', 'UA-26211653-1');
</script>
<!-- End Google Analytics -->
<!-- Venatus Ad Manager - Install in <HEAD> of page -->
	<script src="https://hb.vntsm.com/v3/live/ad-manager.min.js" type="text/javascript" data-site-id="642aba63ec9a7b11c3c9c1be" data-mode="scan" async></script>
<!-- / Venatus Ad Manager -->

<style>
	@media (max-width:820px) {
		.battle {
			margin: 0 auto;
		}
		.battle-log {
			margin: 7px auto 0;
			max-width: 640px;
			height: 300px;
			position: static;
		}
	}
	.optgroup {
		display: inline-block;
		line-height: 22px;
		font-size: 10pt;
	}
	.optgroup .button {
		height: 25px;
		padding-top: 0;
		padding-bottom: 0;
	}
	.optgroup button.button {
		padding-left: 12px;
		padding-right: 12px;
	}
	.linklist {
		list-style: none;
		margin: 0.5em 0;
		padding: 0;
	}
	.linklist li {
		padding: 2px 0;
	}
	.sidebar {
		float: left;
		width: 320px;
	}
	.bar-wrapper {
		max-width: 1100px;
		margin: 0 auto;
	}
	.bar-wrapper.has-sidebar {
		max-width: 1430px;
	}
	.mainbar {
		margin: 0;
		padding-right: 1px;
	}
	.mainbar.has-sidebar {
		margin-left: 330px;
	}
	@media (min-width: 1511px) {
		.sidebar {
			width: 400px;
		}
		.bar-wrapper.has-sidebar {
			max-width: 1510px;
		}
		.mainbar.has-sidebar {
			margin-left: 410px;
		}
	}
	.section.first-section {
		margin-top: 9px;
	}
	.blocklink small {
		white-space: normal;
	}
	.button {
		vertical-align: middle;
	}
	.replay-controls {
		padding-top: 10px;
	}
	.replay-controls h1 {
		font-size: 16pt;
		font-weight: normal;
		color: #CCC;
	}
	.pagelink {
		text-align: center;
	}
	.pagelink a {
		width: 150px;
	}
	.textbox, .button {
		font-size: 11pt;
		vertical-align: middle;
	}
	@media (max-width: 450px) {
		.button {
			font-size: 9pt;
		}
	}
</style>

<div>

	<header>
		<div class="nav-wrapper"><ul class="nav">
			<li><a class="button nav-first" href="//pokemonshowdown.com/"><img src="//pokemonshowdown.com/images/pokemonshowdownbeta.png" srcset="//pokemonshowdown.com/images/pokemonshowdownbeta.png 1x, //pokemonshowdown.com/images/pokemonshowdownbeta@2x.png 2x" alt="Pok&eacute;mon Showdown" width="146" height="44" /> Home</a></li>
			<li><a class="button" href="//pokemonshowdown.com/dex/">Pok&eacute;dex</a></li>
			<li><a class="button cur" href="/">Replays</a></li>
			<li><a class="button" href="//pokemonshowdown.com/ladder/">Ladder</a></li>
			<li><a class="button nav-last" href="//pokemonshowdown.com/forums/">Forum</a></li>
			<li><a class="button greenbutton nav-first nav-last" href="//play.pokemonshowdown.com/">Play</a></li>
		</ul></div>
	</header>

	<div class="main" id="main">

		<noscript><section class="section">You need to enable JavaScript to use this page; sorry!</section></noscript>

	</div>

</div>

<script defer nomodule src="//play.pokemonshowdown.com/js/lib/ps-polyfill.js"></script>
<script defer src="//play.pokemonshowdown.com/js/lib/preact.min.js"></script>

<script defer src="//play.pokemonshowdown.com/config/config.js?2bddbc15"></script>
<script defer src="//play.pokemonshowdown.com/js/lib/jquery-1.11.0.min.js"></script>
<script defer src="//play.pokemonshowdown.com/js/lib/html-sanitizer-minified.js"></script>
<script defer src="//play.pokemonshowdown.com/js/battle-sound.js"></script>
<script defer src="//play.pokemonshowdown.com/js/battledata.js?0.7209276989879541"></script>
<script defer src="//play.pokemonshowdown.com/data/pokedex-mini.js?0.6111056340867951"></script>
<script defer src="//play.pokemonshowdown.com/data/pokedex-mini-bw.js?0.3532142036491459"></script>
<script defer src="//play.pokemonshowdown.com/data/graphics.js?0.24223875632456182"></script>
<script defer src="//play.pokemonshowdown.com/data/pokedex.js?0.38839984266356864"></script>
<script defer src="//play.pokemonshowdown.com/data/moves.js?0.21866028504024015"></script>
<script defer src="//play.pokemonshowdown.com/data/abilities.js?0.2005157953846628"></script>
<script defer src="//play.pokemonshowdown.com/data/items.js?0.9894211263848525"></script>
<script defer src="//play.pokemonshowdown.com/data/teambuilder-tables.js?0.6008791140282215"></script>
<script defer src="//play.pokemonshowdown.com/js/battle-tooltips.js?0.7580118955022959"></script>
<script defer src="//play.pokemonshowdown.com/js/battle.js?0.6057722274234274"></script>

<script defer src="js/utils.js?e31f9a17"></script>
<script defer src="js/replays-battle.js?7008c182"></script>

<!-- don't scrape this data! just add .json or .log after the URL!
Full API docs: https://github.com/smogon/pokemon-showdown-client/blob/master/WEB-API.md -->
<script type="text/plain" class="log" id="replaylog-smogtours-gen3ou-803392">
|inactive|Battle timer is ON: inactive players will automatically lose when time's up.
|t:|1730246607
|gametype|singles
|player|p1|FlareLiger|maid|
|player|p2|Girls See Ghosts|phoebe-gen6|
|teamsize|p1|6
|teamsize|p2|6
|gen|3
|tier|[Gen 3] OU
|rule|Sleep Clause Mod: Limit one foe put to sleep
|rule|Switch Priority Clause Mod: Faster Pokémon switch first
|rule|Species Clause: Limit one of each Pokémon
|rule|OHKO Clause: OHKO moves are banned
|rule|Evasion Items Clause: Evasion items are banned
|rule|Evasion Moves Clause: Evasion moves are banned
|rule|Endless Battle Clause: Forcing endless battles is banned
|rule|HP Percentage Mod: HP is shown in percentages
|rule|One Boost Passer Clause: Limit one Baton Passer that has a way to boost its stats
|rule|Freeze Clause Mod: Limit one foe frozen
|
|t:|1730246607
|start
|switch|p1a: Tyranitar|Tyranitar, M|100/100
|switch|p2a: Familiar|Tyranitar, M|100/100
|-weather|Sandstorm|[from] ability: Sand Stream|[of] p1a: Tyranitar
|turn|1
|c|☆Girls See Ghosts|glhf
|c|☆FlareLiger|u2
|inactive|Girls See Ghosts has 270 seconds left.
|
|t:|1730246643
|move|p1a: Tyranitar|Earthquake|p2a: Familiar
|-supereffective|p2a: Familiar
|-damage|p2a: Familiar|41/100
|move|p2a: Familiar|Brick Break|p1a: Tyranitar
|-supereffective|p1a: Tyranitar
|-damage|p1a: Tyranitar|21/100
|
|-weather|Sandstorm|[upkeep]
|-heal|p1a: Tyranitar|27/100|[from] item: Leftovers
|-heal|p2a: Familiar|48/100|[from] item: Leftovers
|upkeep
|turn|2
|
|t:|1730246659
|switch|p2a: Do It For Her|Swampert, M|100/100
|move|p1a: Tyranitar|Earthquake|p2a: Do It For Her
|-damage|p2a: Do It For Her|75/100
|
|-weather|Sandstorm|[upkeep]
|-heal|p1a: Tyranitar|33/100|[from] item: Leftovers
|-heal|p2a: Do It For Her|81/100|[from] item: Leftovers
|upkeep
|turn|3
|
|t:|1730246672
|switch|p1a: Skarmory|Skarmory, F|100/100
|move|p2a: Do It For Her|Earthquake|p1a: Skarmory
|-immune|p1a: Skarmory
|
|-weather|Sandstorm|[upkeep]
|-heal|p2a: Do It For Her|87/100|[from] item: Leftovers
|upkeep
|turn|4
|
|t:|1730246704
|switch|p2a: Amethyst|Gengar, M|100/100
|move|p1a: Skarmory|Spikes|p2a: Amethyst
|-sidestart|p2: Girls See Ghosts|Spikes
|
|-weather|Sandstorm|[upkeep]
|-damage|p2a: Amethyst|94/100|[from] Sandstorm
|-heal|p2a: Amethyst|100/100|[from] item: Leftovers
|upkeep
|turn|5
|
|t:|1730246720
|move|p1a: Skarmory|Protect|p1a: Skarmory
|-singleturn|p1a: Skarmory|Protect
|move|p2a: Amethyst|Will-O-Wisp|p1a: Skarmory|[miss]
|-miss|p2a: Amethyst|p1a: Skarmory
|
|-weather|Sandstorm|[upkeep]
|-damage|p2a: Amethyst|94/100|[from] Sandstorm
|-heal|p2a: Amethyst|100/100|[from] item: Leftovers
|upkeep
|turn|6
|
|t:|1730246724
|switch|p1a: Gengar|Gengar, M|100/100
|move|p2a: Amethyst|Will-O-Wisp|p1a: Gengar|[miss]
|-miss|p2a: Amethyst|p1a: Gengar
|
|-weather|Sandstorm|[upkeep]
|-damage|p1a: Gengar|94/100|[from] Sandstorm
|-damage|p2a: Amethyst|94/100|[from] Sandstorm
|-heal|p1a: Gengar|100/100|[from] item: Leftovers
|-heal|p2a: Amethyst|100/100|[from] item: Leftovers
|upkeep
|turn|7
|
|t:|1730246734
|switch|p2a: Love Like You|Blissey, F|100/100
|-damage|p2a: Love Like You|88/100|[from] Spikes
|move|p1a: Gengar|Ice Punch|p2a: Love Like You
|-damage|p2a: Love Like You|79/100
|
|-weather|Sandstorm|[upkeep]
|-damage|p1a: Gengar|94/100|[from] Sandstorm
|-damage|p2a: Love Like You|73/100|[from] Sandstorm
|-heal|p1a: Gengar|100/100|[from] item: Leftovers
|-heal|p2a: Love Like You|79/100|[from] item: Leftovers
|upkeep
|turn|8
|
|t:|1730246753
|move|p1a: Gengar|Ice Punch|p2a: Love Like You
|-damage|p2a: Love Like You|69/100
|move|p2a: Love Like You|Thunder Wave|p1a: Gengar
|-status|p1a: Gengar|par
|
|-weather|Sandstorm|[upkeep]
|-damage|p2a: Love Like You|63/100|[from] Sandstorm
|-damage|p1a: Gengar|94/100 par|[from] Sandstorm
|-heal|p2a: Love Like You|69/100|[from] item: Leftovers
|-heal|p1a: Gengar|100/100 par|[from] item: Leftovers
|upkeep
|turn|9
|
|t:|1730246760
|move|p2a: Love Like You|Soft-Boiled|p2a: Love Like You
|-heal|p2a: Love Like You|100/100
|move|p1a: Gengar|Explosion|p2a: Love Like You
|-damage|p2a: Love Like You|37/100
|faint|p1a: Gengar
|
|t:|1730246776
|switch|p1a: Aerodactyl|Aerodactyl, F|100/100
|
|-weather|Sandstorm|[upkeep]
|-damage|p2a: Love Like You|31/100|[from] Sandstorm
|-heal|p2a: Love Like You|37/100|[from] item: Leftovers
|upkeep
|turn|10
|
|t:|1730246793
|switch|p1a: Zapdos|Zapdos|100/100
|switch|p2a: Do It For Her|Swampert, M|87/100
|-damage|p2a: Do It For Her|75/100|[from] Spikes
|
|-weather|Sandstorm|[upkeep]
|-damage|p1a: Zapdos|94/100|[from] Sandstorm
|-heal|p1a: Zapdos|100/100|[from] item: Leftovers
|-heal|p2a: Do It For Her|81/100|[from] item: Leftovers
|upkeep
|turn|11
|
|t:|1730246803
|move|p2a: Do It For Her|Protect|p2a: Do It For Her
|-singleturn|p2a: Do It For Her|Protect
|move|p1a: Zapdos|Thunder Wave|p2a: Do It For Her
|-activate|p2a: Do It For Her|Protect
|
|-weather|Sandstorm|[upkeep]
|-damage|p1a: Zapdos|94/100|[from] Sandstorm
|-heal|p1a: Zapdos|100/100|[from] item: Leftovers
|-heal|p2a: Do It For Her|87/100|[from] item: Leftovers
|upkeep
|turn|12
|
|t:|1730246809
|switch|p2a: Familiar|Tyranitar, M|48/100
|-damage|p2a: Familiar|35/100|[from] Spikes
|move|p1a: Zapdos|Hidden Power|p2a: Familiar
|-supereffective|p2a: Familiar
|-damage|p2a: Familiar|0 fnt
|faint|p2a: Familiar
|
|t:|1730246814
|switch|p2a: Love Like You|Blissey, F|37/100
|-damage|p2a: Love Like You|25/100|[from] Spikes
|
|-weather|Sandstorm|[upkeep]
|-damage|p1a: Zapdos|94/100|[from] Sandstorm
|-damage|p2a: Love Like You|19/100|[from] Sandstorm
|-heal|p1a: Zapdos|100/100|[from] item: Leftovers
|-heal|p2a: Love Like You|25/100|[from] item: Leftovers
|upkeep
|turn|13
|
|t:|1730246827
|switch|p1a: Tyranitar|Tyranitar, M|33/100
|move|p2a: Love Like You|Soft-Boiled|p2a: Love Like You
|-heal|p2a: Love Like You|75/100
|
|-weather|Sandstorm|[upkeep]
|-damage|p2a: Love Like You|69/100|[from] Sandstorm
|-heal|p1a: Tyranitar|39/100|[from] item: Leftovers
|-heal|p2a: Love Like You|75/100|[from] item: Leftovers
|upkeep
|turn|14
|
|t:|1730246838
|-singleturn|p1a: Tyranitar|move: Focus Punch
|switch|p2a: Amethyst|Gengar, M|100/100
|move|p1a: Tyranitar|Focus Punch|p2a: Amethyst
|-immune|p2a: Amethyst
|
|-weather|Sandstorm|[upkeep]
|-damage|p2a: Amethyst|94/100|[from] Sandstorm
|-heal|p2a: Amethyst|100/100|[from] item: Leftovers
|-heal|p1a: Tyranitar|45/100|[from] item: Leftovers
|upkeep
|turn|15
|
|t:|1730246846
|move|p2a: Amethyst|Giga Drain|p1a: Tyranitar
|-supereffective|p1a: Tyranitar
|-damage|p1a: Tyranitar|16/100
|move|p1a: Tyranitar|Rock Slide|p2a: Amethyst
|-damage|p2a: Amethyst|19/100
|
|-weather|Sandstorm|[upkeep]
|-damage|p2a: Amethyst|13/100|[from] Sandstorm
|-heal|p2a: Amethyst|19/100|[from] item: Leftovers
|-heal|p1a: Tyranitar|23/100|[from] item: Leftovers
|upkeep
|turn|16
|
|t:|1730246856
|switch|p1a: Zapdos|Zapdos|100/100
|move|p2a: Amethyst|Giga Drain|p1a: Zapdos
|-resisted|p1a: Zapdos
|-crit|p1a: Zapdos
|-damage|p1a: Zapdos|82/100
|-heal|p2a: Amethyst|29/100|[from] drain|[of] p1a: Zapdos
|
|-weather|Sandstorm|[upkeep]
|-damage|p2a: Amethyst|22/100|[from] Sandstorm
|-damage|p1a: Zapdos|76/100|[from] Sandstorm
|-heal|p2a: Amethyst|29/100|[from] item: Leftovers
|-heal|p1a: Zapdos|82/100|[from] item: Leftovers
|upkeep
|turn|17
|
|t:|1730246863
|switch|p2a: Love Like You|Blissey, F|75/100
|-damage|p2a: Love Like You|62/100|[from] Spikes
|move|p1a: Zapdos|Thunderbolt|p2a: Love Like You
|-damage|p2a: Love Like You|43/100
|
|-weather|Sandstorm|[upkeep]
|-damage|p1a: Zapdos|76/100|[from] Sandstorm
|-damage|p2a: Love Like You|37/100|[from] Sandstorm
|-heal|p1a: Zapdos|82/100|[from] item: Leftovers
|-heal|p2a: Love Like You|43/100|[from] item: Leftovers
|upkeep
|turn|18
|
|t:|1730246875
|switch|p1a: Tyranitar|Tyranitar, M|23/100
|move|p2a: Love Like You|Soft-Boiled|p2a: Love Like You
|-heal|p2a: Love Like You|93/100
|
|-weather|Sandstorm|[upkeep]
|-damage|p2a: Love Like You|87/100|[from] Sandstorm
|-heal|p1a: Tyranitar|29/100|[from] item: Leftovers
|-heal|p2a: Love Like You|93/100|[from] item: Leftovers
|upkeep
|turn|19
|
|t:|1730246880
|move|p1a: Tyranitar|Rock Slide|p2a: Love Like You
|-damage|p2a: Love Like You|58/100
|move|p2a: Love Like You|Seismic Toss|p1a: Tyranitar
|-damage|p1a: Tyranitar|4/100
|
|-weather|Sandstorm|[upkeep]
|-damage|p2a: Love Like You|52/100|[from] Sandstorm
|-heal|p1a: Tyranitar|10/100|[from] item: Leftovers
|-heal|p2a: Love Like You|58/100|[from] item: Leftovers
|upkeep
|turn|20
|
|t:|1730246891
|switch|p2a: Do It For Her|Swampert, M|87/100
|-damage|p2a: Do It For Her|75/100|[from] Spikes
|move|p1a: Tyranitar|Rock Slide|p2a: Do It For Her
|-resisted|p2a: Do It For Her
|-damage|p2a: Do It For Her|60/100
|
|-weather|Sandstorm|[upkeep]
|-heal|p1a: Tyranitar|16/100|[from] item: Leftovers
|-heal|p2a: Do It For Her|66/100|[from] item: Leftovers
|upkeep
|turn|21
|
|t:|1730246899
|switch|p1a: Skarmory|Skarmory, F|100/100
|move|p2a: Do It For Her|Ice Beam|p1a: Skarmory
|-damage|p1a: Skarmory|83/100
|
|-weather|Sandstorm|[upkeep]
|-heal|p1a: Skarmory|89/100|[from] item: Leftovers
|-heal|p2a: Do It For Her|72/100|[from] item: Leftovers
|upkeep
|turn|22
|
|t:|1730246906
|switch|p2a: Limb Enhancer|Forretress, M|100/100
|-damage|p2a: Limb Enhancer|88/100|[from] Spikes
|move|p1a: Skarmory|Roar|p2a: Limb Enhancer
|drag|p2a: Love Like You|Blissey, F|58/100
|-damage|p2a: Love Like You|46/100|[from] Spikes
|
|-weather|Sandstorm|[upkeep]
|-damage|p2a: Love Like You|40/100|[from] Sandstorm
|-heal|p1a: Skarmory|95/100|[from] item: Leftovers
|-heal|p2a: Love Like You|46/100|[from] item: Leftovers
|upkeep
|turn|23
|
|t:|1730246934
|move|p1a: Skarmory|Spikes|p2a: Love Like You
|-sidestart|p2: Girls See Ghosts|Spikes
|move|p2a: Love Like You|Thunder Wave|p1a: Skarmory
|-status|p1a: Skarmory|par
|
|-weather|Sandstorm|[upkeep]
|-damage|p2a: Love Like You|40/100|[from] Sandstorm
|-heal|p2a: Love Like You|46/100|[from] item: Leftovers
|-heal|p1a: Skarmory|100/100 par|[from] item: Leftovers
|upkeep
|turn|24
|
|t:|1730246941
|move|p2a: Love Like You|Soft-Boiled|p2a: Love Like You
|-heal|p2a: Love Like You|96/100
|move|p1a: Skarmory|Roar|p2a: Love Like You
|drag|p2a: Limb Enhancer|Forretress, M|88/100
|-damage|p2a: Limb Enhancer|71/100|[from] Spikes
|
|-weather|Sandstorm|[upkeep]
|-heal|p2a: Limb Enhancer|78/100|[from] item: Leftovers
|upkeep
|turn|25
|
|t:|1730246953
|switch|p1a: Tyranitar|Tyranitar, M|16/100
|move|p2a: Limb Enhancer|Rapid Spin|p1a: Tyranitar
|-resisted|p1a: Tyranitar
|-damage|p1a: Tyranitar|15/100
|-sideend|p2: Girls See Ghosts|Spikes|[from] move: Rapid Spin|[of] p2a: Limb Enhancer
|
|-weather|Sandstorm|[upkeep]
|-heal|p1a: Tyranitar|21/100|[from] item: Leftovers
|-heal|p2a: Limb Enhancer|84/100|[from] item: Leftovers
|upkeep
|turn|26
|inactive|Girls See Ghosts has 270 seconds left.
|
|t:|1730247003
|switch|p2a: Amethyst|Gengar, M|29/100
|move|p1a: Tyranitar|Rock Slide|p2a: Amethyst
|-damage|p2a: Amethyst|0 fnt
|faint|p2a: Amethyst
|
|t:|1730247009
|switch|p2a: Love Like You|Blissey, F|96/100
|
|-weather|Sandstorm|[upkeep]
|-damage|p2a: Love Like You|90/100|[from] Sandstorm
|-heal|p1a: Tyranitar|27/100|[from] item: Leftovers
|-heal|p2a: Love Like You|96/100|[from] item: Leftovers
|upkeep
|turn|27
|
|t:|1730247015
|switch|p1a: Skarmory|Skarmory, F|100/100 par
|move|p2a: Love Like You|Thunder Wave|p1a: Skarmory
|-fail|p1a: Skarmory|par
|
|-weather|Sandstorm|[upkeep]
|-damage|p2a: Love Like You|90/100|[from] Sandstorm
|-heal|p2a: Love Like You|96/100|[from] item: Leftovers
|upkeep
|turn|28
|
|t:|1730247023
|move|p2a: Love Like You|Seismic Toss|p1a: Skarmory
|-damage|p1a: Skarmory|70/100 par
|move|p1a: Skarmory|Toxic|p2a: Love Like You
|-status|p2a: Love Like You|tox
|
|-weather|Sandstorm|[upkeep]
|-damage|p2a: Love Like You|90/100 tox|[from] Sandstorm
|-heal|p2a: Love Like You|96/100 tox|[from] item: Leftovers
|-damage|p2a: Love Like You|90/100 tox|[from] psn
|-heal|p1a: Skarmory|76/100 par|[from] item: Leftovers
|upkeep
|turn|29
|
|t:|1730247030
|-curestatus|p2a: Love Like You|tox|[from] ability: Natural Cure
|switch|p2a: Limb Enhancer|Forretress, M|84/100
|move|p1a: Skarmory|Spikes|p2a: Limb Enhancer
|-sidestart|p2: Girls See Ghosts|Spikes
|
|-weather|Sandstorm|[upkeep]
|-heal|p2a: Limb Enhancer|90/100|[from] item: Leftovers
|-heal|p1a: Skarmory|82/100 par|[from] item: Leftovers
|upkeep
|turn|30
|
|t:|1730247035
|switch|p1a: Zapdos|Zapdos|82/100
|move|p2a: Limb Enhancer|Spikes|p1a: Zapdos
|-sidestart|p1: FlareLiger|Spikes
|
|-weather|Sandstorm|[upkeep]
|-damage|p1a: Zapdos|76/100|[from] Sandstorm
|-heal|p1a: Zapdos|82/100|[from] item: Leftovers
|-heal|p2a: Limb Enhancer|96/100|[from] item: Leftovers
|upkeep
|turn|31
|
|t:|1730247040
|move|p1a: Zapdos|Thunder Wave|p2a: Limb Enhancer
|-status|p2a: Limb Enhancer|par
|cant|p2a: Limb Enhancer|par
|
|-weather|Sandstorm|[upkeep]
|-damage|p1a: Zapdos|76/100|[from] Sandstorm
|-heal|p1a: Zapdos|82/100|[from] item: Leftovers
|-heal|p2a: Limb Enhancer|100/100 par|[from] item: Leftovers
|upkeep
|turn|32
|
|t:|1730247043
|move|p1a: Zapdos|Thunderbolt|p2a: Limb Enhancer
|-damage|p2a: Limb Enhancer|46/100 par
|move|p2a: Limb Enhancer|Explosion|p1a: Zapdos
|-damage|p1a: Zapdos|0 fnt
|faint|p2a: Limb Enhancer
|faint|p1a: Zapdos
|
|t:|1730247053
|switch|p1a: Tyranitar|Tyranitar, M|27/100
|switch|p2a: Darin' DeMayo|Moltres|100/100
|-damage|p1a: Tyranitar|15/100|[from] Spikes
|
|-weather|Sandstorm|[upkeep]
|-damage|p2a: Darin' DeMayo|94/100|[from] Sandstorm
|-heal|p2a: Darin' DeMayo|100/100|[from] item: Leftovers
|-heal|p1a: Tyranitar|21/100|[from] item: Leftovers
|upkeep
|turn|33
|
|t:|1730247056
|move|p2a: Darin' DeMayo|Hidden Power|p1a: Tyranitar
|-supereffective|p1a: Tyranitar
|-damage|p1a: Tyranitar|0 fnt
|faint|p1a: Tyranitar
|
|t:|1730247059
|switch|p1a: Aerodactyl|Aerodactyl, F|100/100
|
|-weather|Sandstorm|[upkeep]
|-damage|p2a: Darin' DeMayo|94/100|[from] Sandstorm
|-heal|p2a: Darin' DeMayo|100/100|[from] item: Leftovers
|upkeep
|turn|34
|
|t:|1730247069
|switch|p1a: Metagross|Metagross|100/100
|-damage|p1a: Metagross|88/100|[from] Spikes
|switch|p2a: Do It For Her|Swampert, M|72/100
|-damage|p2a: Do It For Her|60/100|[from] Spikes
|
|-weather|Sandstorm|[upkeep]
|-heal|p2a: Do It For Her|66/100|[from] item: Leftovers
|upkeep
|turn|35
|
|t:|1730247078
|move|p2a: Do It For Her|Protect|p2a: Do It For Her
|-singleturn|p2a: Do It For Her|Protect
|move|p1a: Metagross|Earthquake|p2a: Do It For Her
|-activate|p2a: Do It For Her|Protect
|
|-weather|Sandstorm|[upkeep]
|-heal|p2a: Do It For Her|72/100|[from] item: Leftovers
|upkeep
|turn|36
|
|t:|1730247092
|switch|p1a: Skarmory|Skarmory, F|82/100 par
|move|p2a: Do It For Her|Ice Beam|p1a: Skarmory
|-damage|p1a: Skarmory|64/100 par
|
|-weather|Sandstorm|[upkeep]
|-heal|p2a: Do It For Her|78/100|[from] item: Leftovers
|-heal|p1a: Skarmory|70/100 par|[from] item: Leftovers
|upkeep
|turn|37
|
|t:|1730247096
|switch|p2a: Love Like You|Blissey, F|90/100
|-damage|p2a: Love Like You|77/100|[from] Spikes
|cant|p1a: Skarmory|par
|
|-weather|Sandstorm|[upkeep]
|-damage|p2a: Love Like You|71/100|[from] Sandstorm
|-heal|p2a: Love Like You|77/100|[from] item: Leftovers
|-heal|p1a: Skarmory|76/100 par|[from] item: Leftovers
|upkeep
|turn|38
|
|t:|1730247102
|cant|p1a: Skarmory|par
|move|p2a: Love Like You|Seismic Toss|p1a: Skarmory
|-damage|p1a: Skarmory|46/100 par
|
|-weather|Sandstorm|[upkeep]
|-damage|p2a: Love Like You|71/100|[from] Sandstorm
|-heal|p2a: Love Like You|77/100|[from] item: Leftovers
|-heal|p1a: Skarmory|52/100 par|[from] item: Leftovers
|upkeep
|turn|39
|
|t:|1730247106
|move|p2a: Love Like You|Seismic Toss|p1a: Skarmory
|-damage|p1a: Skarmory|22/100 par
|cant|p1a: Skarmory|par
|
|-weather|Sandstorm|[upkeep]
|-damage|p2a: Love Like You|71/100|[from] Sandstorm
|-heal|p2a: Love Like You|77/100|[from] item: Leftovers
|-heal|p1a: Skarmory|28/100 par|[from] item: Leftovers
|upkeep
|turn|40
|
|t:|1730247110
|cant|p1a: Skarmory|par
|move|p2a: Love Like You|Seismic Toss|p1a: Skarmory
|-damage|p1a: Skarmory|0 fnt
|faint|p1a: Skarmory
|
|t:|1730247115
|switch|p1a: Metagross|Metagross|88/100
|-damage|p1a: Metagross|76/100|[from] Spikes
|
|-weather|Sandstorm|[upkeep]
|-damage|p2a: Love Like You|71/100|[from] Sandstorm
|-heal|p2a: Love Like You|77/100|[from] item: Leftovers
|upkeep
|turn|41
|
|t:|1730247132
|switch|p2a: Darin' DeMayo|Moltres|100/100
|move|p1a: Metagross|Meteor Mash|p2a: Darin' DeMayo
|-resisted|p2a: Darin' DeMayo
|-damage|p2a: Darin' DeMayo|50/100
|
|-weather|Sandstorm|[upkeep]
|-damage|p2a: Darin' DeMayo|43/100|[from] Sandstorm
|-heal|p2a: Darin' DeMayo|50/100|[from] item: Leftovers
|upkeep
|turn|42
|inactive|Girls See Ghosts has 270 seconds left.
|
|t:|1730247164
|move|p2a: Darin' DeMayo|Overheat|p1a: Metagross
|-supereffective|p1a: Metagross
|-damage|p1a: Metagross|0 fnt
|-unboost|p2a: Darin' DeMayo|spa|2
|faint|p1a: Metagross
|
|t:|1730247167
|switch|p1a: Aerodactyl|Aerodactyl, F|100/100
|
|-weather|Sandstorm|[upkeep]
|-damage|p2a: Darin' DeMayo|43/100|[from] Sandstorm
|-heal|p2a: Darin' DeMayo|50/100|[from] item: Leftovers
|upkeep
|turn|43
|inactive|Girls See Ghosts has 270 seconds left.
|
|t:|1730247179
|move|p1a: Aerodactyl|Substitute|p1a: Aerodactyl
|-start|p1a: Aerodactyl|Substitute
|-damage|p1a: Aerodactyl|75/100
|move|p2a: Darin' DeMayo|Flamethrower|p1a: Aerodactyl
|-resisted|p1a: Aerodactyl
|-crit|p1a: Aerodactyl
|-end|p1a: Aerodactyl|Substitute
|
|-weather|Sandstorm|[upkeep]
|-damage|p2a: Darin' DeMayo|43/100|[from] Sandstorm
|-heal|p2a: Darin' DeMayo|50/100|[from] item: Leftovers
|upkeep
|turn|44
|
|t:|1730247186
|switch|p2a: Do It For Her|Swampert, M|78/100
|-damage|p2a: Do It For Her|66/100|[from] Spikes
|move|p1a: Aerodactyl|Substitute|p1a: Aerodactyl
|-start|p1a: Aerodactyl|Substitute
|-damage|p1a: Aerodactyl|50/100
|
|-weather|Sandstorm|[upkeep]
|-heal|p2a: Do It For Her|72/100|[from] item: Leftovers
|upkeep
|turn|45
|
|t:|1730247193
|move|p2a: Do It For Her|Protect|p2a: Do It For Her
|-singleturn|p2a: Do It For Her|Protect
|move|p1a: Aerodactyl|Hidden Power|p2a: Do It For Her
|-activate|p2a: Do It For Her|Protect
|
|-weather|Sandstorm|[upkeep]
|-heal|p2a: Do It For Her|78/100|[from] item: Leftovers
|upkeep
|turn|46
|
|t:|1730247201
|move|p1a: Aerodactyl|Hidden Power|p2a: Do It For Her
|-damage|p2a: Do It For Her|56/100
|move|p2a: Do It For Her|Ice Beam|p1a: Aerodactyl
|-supereffective|p1a: Aerodactyl
|-end|p1a: Aerodactyl|Substitute
|
|-weather|Sandstorm|[upkeep]
|-heal|p2a: Do It For Her|62/100|[from] item: Leftovers
|upkeep
|turn|47
|
|t:|1730247207
|move|p1a: Aerodactyl|Substitute|p1a: Aerodactyl
|-start|p1a: Aerodactyl|Substitute
|-damage|p1a: Aerodactyl|25/100
|move|p2a: Do It For Her|Ice Beam|p1a: Aerodactyl
|-supereffective|p1a: Aerodactyl
|-end|p1a: Aerodactyl|Substitute
|
|-weather|Sandstorm|[upkeep]
|-enditem|p1a: Aerodactyl|Liechi Berry|[eat]
|-boost|p1a: Aerodactyl|atk|1|[from] item: Liechi Berry
|-heal|p2a: Do It For Her|68/100|[from] item: Leftovers
|upkeep
|turn|48
|
|t:|1730247213
|move|p2a: Do It For Her|Protect|p2a: Do It For Her
|-singleturn|p2a: Do It For Her|Protect
|move|p1a: Aerodactyl|Rock Slide|p2a: Do It For Her
|-activate|p2a: Do It For Her|Protect
|
|-weather|Sandstorm|[upkeep]
|-heal|p2a: Do It For Her|74/100|[from] item: Leftovers
|upkeep
|turn|49
|
|t:|1730247218
|move|p1a: Aerodactyl|Rock Slide|p2a: Do It For Her|[miss]
|-miss|p1a: Aerodactyl|p2a: Do It For Her
|move|p2a: Do It For Her|Ice Beam|p1a: Aerodactyl
|-supereffective|p1a: Aerodactyl
|-damage|p1a: Aerodactyl|0 fnt
|faint|p1a: Aerodactyl
|
|win|Girls See Ghosts
|c|☆Girls See Ghosts|gg
|c|☆FlareLiger|gg

</script>
<script type="application/json" class="data" id="replaydata-smogtours-gen3ou-803392">
{"id":"smogtours-gen3ou-803392","format":"[Gen 3] OU","players":["FlareLiger","Girls See Ghosts"],"uploadtime":1730247218,"views":50,"formatid":"gen3ou","rating":null,"private":0,"password":null}
</script>

<script defer src="js/replays.js?9d40a366"></script>
