<!DOCTYPE html>
<meta charset="utf-8" />
<meta name="viewport" content="width=device-width" />

<title>[Gen 3] OU: Larkindred vs. alphasapphire918 - Replays - Pok&eacute;mon Showdown!</title>

<meta name="description" content="Watch a replay of a Pok&eacute;mon battle between Larkindred and alphasapphire918! Format: [Gen 3] OU; Date: Oct 13, 2024" />
<!--

Hey, you! Looking in the source for the replay log?

You can find them in JSON format, just add `.json` at the end of a replay URL.

https://replay.pokemonshowdown.com/gen7randomdoublesbattle-865046831.json

Or, if you only need the log itself, add `.log` instead:

https://replay.pokemonshowdown.com/gen7randomdoublesbattle-865046831.log

-->

<link rel="stylesheet" href="//pokemonshowdown.com/style/global.css?0.023195364461161105" />
<link rel="stylesheet" href="//play.pokemonshowdown.com/style/font-awesome.css?0.13261647063804238" />
<link rel="stylesheet" href="//play.pokemonshowdown.com/style/battle.css?0.8753245789963631" />
<link rel="stylesheet" href="//play.pokemonshowdown.com/style/utilichart.css?0.8627959624976733" />

<!-- Global site tag (gtag.js) - Google Analytics -->
<script async src="https://www.googletagmanager.com/gtag/js?id=UA-26211653-1"></script>
<script>
  window.dataLayer = window.dataLayer || [];
  function gtag(){dataLayer.push(arguments);}
  gtag('js', new Date());

  gtag('config', 'UA-26211653-1');
</script>
<!-- End Google Analytics -->
<!-- Venatus Ad Manager - Install in <HEAD> of page -->
	<script src="https://hb.vntsm.com/v3/live/ad-manager.min.js" type="text/javascript" data-site-id="642aba63ec9a7b11c3c9c1be" data-mode="scan" async></script>
<!-- / Venatus Ad Manager -->

<style>
	@media (max-width:820px) {
		.battle {
			margin: 0 auto;
		}
		.battle-log {
			margin: 7px auto 0;
			max-width: 640px;
			height: 300px;
			position: static;
		}
	}
	.optgroup {
		display: inline-block;
		line-height: 22px;
		font-size: 10pt;
	}
	.optgroup .button {
		height: 25px;
		padding-top: 0;
		padding-bottom: 0;
	}
	.optgroup button.button {
		padding-left: 12px;
		padding-right: 12px;
	}
	.linklist {
		list-style: none;
		margin: 0.5em 0;
		padding: 0;
	}
	.linklist li {
		padding: 2px 0;
	}
	.sidebar {
		float: left;
		width: 320px;
	}
	.bar-wrapper {
		max-width: 1100px;
		margin: 0 auto;
	}
	.bar-wrapper.has-sidebar {
		max-width: 1430px;
	}
	.mainbar {
		margin: 0;
		padding-right: 1px;
	}
	.mainbar.has-sidebar {
		margin-left: 330px;
	}
	@media (min-width: 1511px) {
		.sidebar {
			width: 400px;
		}
		.bar-wrapper.has-sidebar {
			max-width: 1510px;
		}
		.mainbar.has-sidebar {
			margin-left: 410px;
		}
	}
	.section.first-section {
		margin-top: 9px;
	}
	.blocklink small {
		white-space: normal;
	}
	.button {
		vertical-align: middle;
	}
	.replay-controls {
		padding-top: 10px;
	}
	.replay-controls h1 {
		font-size: 16pt;
		font-weight: normal;
		color: #CCC;
	}
	.pagelink {
		text-align: center;
	}
	.pagelink a {
		width: 150px;
	}
	.textbox, .button {
		font-size: 11pt;
		vertical-align: middle;
	}
	@media (max-width: 450px) {
		.button {
			font-size: 9pt;
		}
	}
</style>

<div>

	<header>
		<div class="nav-wrapper"><ul class="nav">
			<li><a class="button nav-first" href="//pokemonshowdown.com/"><img src="//pokemonshowdown.com/images/pokemonshowdownbeta.png" srcset="//pokemonshowdown.com/images/pokemonshowdownbeta.png 1x, //pokemonshowdown.com/images/pokemonshowdownbeta@2x.png 2x" alt="Pok&eacute;mon Showdown" width="146" height="44" /> Home</a></li>
			<li><a class="button" href="//pokemonshowdown.com/dex/">Pok&eacute;dex</a></li>
			<li><a class="button cur" href="/">Replays</a></li>
			<li><a class="button" href="//pokemonshowdown.com/ladder/">Ladder</a></li>
			<li><a class="button nav-last" href="//pokemonshowdown.com/forums/">Forum</a></li>
			<li><a class="button greenbutton nav-first nav-last" href="//play.pokemonshowdown.com/">Play</a></li>
		</ul></div>
	</header>

	<div class="main" id="main">

		<noscript><section class="section">You need to enable JavaScript to use this page; sorry!</section></noscript>

	</div>

</div>

<script defer nomodule src="//play.pokemonshowdown.com/js/lib/ps-polyfill.js"></script>
<script defer src="//play.pokemonshowdown.com/js/lib/preact.min.js"></script>

<script defer src="//play.pokemonshowdown.com/config/config.js?2bddbc15"></script>
<script defer src="//play.pokemonshowdown.com/js/lib/jquery-1.11.0.min.js"></script>
<script defer src="//play.pokemonshowdown.com/js/lib/html-sanitizer-minified.js"></script>
<script defer src="//play.pokemonshowdown.com/js/battle-sound.js"></script>
<script defer src="//play.pokemonshowdown.com/js/battledata.js?0.7209276989879541"></script>
<script defer src="//play.pokemonshowdown.com/data/pokedex-mini.js?0.6111056340867951"></script>
<script defer src="//play.pokemonshowdown.com/data/pokedex-mini-bw.js?0.3532142036491459"></script>
<script defer src="//play.pokemonshowdown.com/data/graphics.js?0.24223875632456182"></script>
<script defer src="//play.pokemonshowdown.com/data/pokedex.js?0.38839984266356864"></script>
<script defer src="//play.pokemonshowdown.com/data/moves.js?0.21866028504024015"></script>
<script defer src="//play.pokemonshowdown.com/data/abilities.js?0.2005157953846628"></script>
<script defer src="//play.pokemonshowdown.com/data/items.js?0.9894211263848525"></script>
<script defer src="//play.pokemonshowdown.com/data/teambuilder-tables.js?0.6008791140282215"></script>
<script defer src="//play.pokemonshowdown.com/js/battle-tooltips.js?0.7580118955022959"></script>
<script defer src="//play.pokemonshowdown.com/js/battle.js?0.6057722274234274"></script>

<script defer src="js/utils.js?e31f9a17"></script>
<script defer src="js/replays-battle.js?7008c182"></script>

<!-- don't scrape this data! just add .json or .log after the URL!
Full API docs: https://github.com/smogon/pokemon-showdown-client/blob/master/WEB-API.md -->
<script type="text/plain" class="log" id="replaylog-smogtours-gen3ou-797983">
|inactive|Battle timer is ON: inactive players will automatically lose when time's up.
|t:|1728817870
|gametype|singles
|player|p1|Larkindred|iris-gen5bw2|
|player|p2|alphasapphire918|galacticgruntf|
|teamsize|p1|6
|teamsize|p2|6
|gen|3
|tier|[Gen 3] OU
|rule|Sleep Clause Mod: Limit one foe put to sleep
|rule|Switch Priority Clause Mod: Faster Pokémon switch first
|rule|Species Clause: Limit one of each Pokémon
|rule|OHKO Clause: OHKO moves are banned
|rule|Evasion Items Clause: Evasion items are banned
|rule|Evasion Moves Clause: Evasion moves are banned
|rule|Endless Battle Clause: Forcing endless battles is banned
|rule|HP Percentage Mod: HP is shown in percentages
|rule|One Boost Passer Clause: Limit one Baton Passer that has a way to boost its stats
|rule|Freeze Clause Mod: Limit one foe frozen
|
|t:|1728817870
|start
|switch|p1a: Zapdos|Zapdos|100/100
|switch|p2a: Benishigure|Zapdos|100/100
|turn|1
|c|☆alphasapphire918|okay now this is getting silly
|inactive|Larkindred has 270 seconds left.
|
|t:|1728817909
|switch|p2a: Sly Blue|Celebi|100/100
|move|p1a: Zapdos|Thunderbolt|p2a: Sly Blue
|-resisted|p2a: Sly Blue
|-damage|p2a: Sly Blue|78/100
|
|-heal|p2a: Sly Blue|84/100|[from] item: Leftovers
|upkeep
|turn|2
|
|t:|1728817920
|switch|p1a: Breloom|Breloom, M|100/100
|move|p2a: Sly Blue|Calm Mind|p2a: Sly Blue
|-boost|p2a: Sly Blue|spa|1
|-boost|p2a: Sly Blue|spd|1
|
|-heal|p2a: Sly Blue|91/100|[from] item: Leftovers
|upkeep
|turn|3
|
|t:|1728817930
|move|p2a: Sly Blue|Psychic|p1a: Breloom
|-supereffective|p1a: Breloom
|-damage|p1a: Breloom|0 fnt
|faint|p1a: Breloom
|
|t:|1728817940
|switch|p1a: Jirachi|Jirachi|100/100
|
|-heal|p2a: Sly Blue|97/100|[from] item: Leftovers
|upkeep
|turn|4
|
|t:|1728817961
|move|p1a: Jirachi|Calm Mind|p1a: Jirachi
|-boost|p1a: Jirachi|spa|1
|-boost|p1a: Jirachi|spd|1
|move|p2a: Sly Blue|Leech Seed|p1a: Jirachi
|-start|p1a: Jirachi|move: Leech Seed
|
|-damage|p1a: Jirachi|88/100|[from] Leech Seed|[of] p2a: Sly Blue
|-heal|p2a: Sly Blue|100/100|[silent]
|upkeep
|turn|5
|
|t:|1728817970
|move|p1a: Jirachi|Fire Punch|p2a: Sly Blue
|-supereffective|p2a: Sly Blue
|-damage|p2a: Sly Blue|65/100
|move|p2a: Sly Blue|Calm Mind|p2a: Sly Blue
|-boost|p2a: Sly Blue|spa|1
|-boost|p2a: Sly Blue|spd|1
|
|-heal|p1a: Jirachi|94/100|[from] item: Leftovers
|-damage|p1a: Jirachi|82/100|[from] Leech Seed|[of] p2a: Sly Blue
|-heal|p2a: Sly Blue|75/100|[silent]
|-heal|p2a: Sly Blue|81/100|[from] item: Leftovers
|upkeep
|turn|6
|
|t:|1728817993
|move|p1a: Jirachi|Calm Mind|p1a: Jirachi
|-boost|p1a: Jirachi|spa|1
|-boost|p1a: Jirachi|spd|1
|move|p2a: Sly Blue|Calm Mind|p2a: Sly Blue
|-boost|p2a: Sly Blue|spa|1
|-boost|p2a: Sly Blue|spd|1
|
|-heal|p1a: Jirachi|88/100|[from] item: Leftovers
|-damage|p1a: Jirachi|76/100|[from] Leech Seed|[of] p2a: Sly Blue
|-heal|p2a: Sly Blue|92/100|[silent]
|-heal|p2a: Sly Blue|98/100|[from] item: Leftovers
|upkeep
|turn|7
|inactive|alphasapphire918 has 270 seconds left.
|
|t:|1728818010
|move|p1a: Jirachi|Calm Mind|p1a: Jirachi
|-boost|p1a: Jirachi|spa|1
|-boost|p1a: Jirachi|spd|1
|move|p2a: Sly Blue|Calm Mind|p2a: Sly Blue
|-boost|p2a: Sly Blue|spa|1
|-boost|p2a: Sly Blue|spd|1
|
|-heal|p1a: Jirachi|82/100|[from] item: Leftovers
|-damage|p1a: Jirachi|70/100|[from] Leech Seed|[of] p2a: Sly Blue
|-heal|p2a: Sly Blue|100/100|[silent]
|upkeep
|turn|8
|inactive|alphasapphire918 has 270 seconds left.
|
|t:|1728818028
|move|p1a: Jirachi|Calm Mind|p1a: Jirachi
|-boost|p1a: Jirachi|spa|1
|-boost|p1a: Jirachi|spd|1
|move|p2a: Sly Blue|Baton Pass|p2a: Sly Blue
|
|t:|1728818031
|switch|p2a: Scratch|Charizard, F, shiny|100/100|[from] Baton Pass
|
|-heal|p1a: Jirachi|76/100|[from] item: Leftovers
|-damage|p1a: Jirachi|64/100|[from] Leech Seed|[of] p2a: Scratch
|upkeep
|turn|9
|
|t:|1728818040
|move|p1a: Jirachi|Psychic|p2a: Scratch
|-damage|p2a: Scratch|51/100
|move|p2a: Scratch|Fire Blast|p1a: Jirachi
|-supereffective|p1a: Jirachi
|-damage|p1a: Jirachi|0 fnt
|faint|p1a: Jirachi
|
|t:|1728818048
|switch|p1a: Jolteon|Jolteon, M|100/100
|
|-heal|p2a: Scratch|57/100|[from] item: Leftovers
|upkeep
|turn|10
|
|t:|1728818061
|switch|p2a: Sly Blue|Celebi|100/100
|move|p1a: Jolteon|Baton Pass|p1a: Jolteon
|
|t:|1728818069
|switch|p1a: Skarmory|Skarmory, M|100/100|[from] Baton Pass
|
|upkeep
|turn|11
|
|t:|1728818077
|move|p2a: Sly Blue|Leech Seed|p1a: Skarmory
|-start|p1a: Skarmory|move: Leech Seed
|move|p1a: Skarmory|Toxic|p2a: Sly Blue
|-status|p2a: Sly Blue|tox
|
|-damage|p2a: Sly Blue|94/100 tox|[from] psn
|-damage|p1a: Skarmory|88/100|[from] Leech Seed|[of] p2a: Sly Blue
|-heal|p2a: Sly Blue|100/100 tox|[silent]
|upkeep
|turn|12
|
|t:|1728818094
|switch|p1a: Jolteon|Jolteon, M|100/100
|move|p2a: Sly Blue|Calm Mind|p2a: Sly Blue
|-boost|p2a: Sly Blue|spa|1
|-boost|p2a: Sly Blue|spd|1
|
|-damage|p2a: Sly Blue|88/100 tox|[from] psn
|upkeep
|turn|13
|
|t:|1728818103
|switch|p1a: Skarmory|Skarmory, M|88/100
|move|p2a: Sly Blue|Baton Pass|p2a: Sly Blue
|
|t:|1728818108
|-curestatus|p2a: Sly Blue|tox|[from] ability: Natural Cure
|switch|p2a: Scratch|Charizard, F, shiny|57/100|[from] Baton Pass
|
|-heal|p2a: Scratch|63/100|[from] item: Leftovers
|-heal|p1a: Skarmory|94/100|[from] item: Leftovers
|upkeep
|turn|14
|
|t:|1728818118
|switch|p1a: Starmie|Starmie|100/100
|move|p2a: Scratch|Fire Blast|p1a: Starmie
|-resisted|p1a: Starmie
|-damage|p1a: Starmie|38/100
|
|-heal|p1a: Starmie|44/100|[from] item: Leftovers
|-heal|p2a: Scratch|70/100|[from] item: Leftovers
|upkeep
|turn|15
|
|t:|1728818131
|switch|p2a: Dry Juice|Quagsire, F, shiny|100/100
|move|p1a: Starmie|Hydro Pump|p2a: Dry Juice
|-immune|p2a: Dry Juice|[from] ability: Water Absorb
|
|-heal|p1a: Starmie|50/100|[from] item: Leftovers
|upkeep
|turn|16
|c|☆alphasapphire918|very glad i got to show off my girl
|
|t:|1728818149
|switch|p1a: Skarmory|Skarmory, M|94/100
|move|p2a: Dry Juice|Yawn|p1a: Skarmory
|-start|p1a: Skarmory|move: Yawn|[of] p2a: Dry Juice
|
|-heal|p1a: Skarmory|99/100|[from] item: Leftovers
|upkeep
|turn|17
|
|t:|1728818163
|switch|p1a: Zapdos|Zapdos|100/100
|move|p2a: Dry Juice|Ice Beam|p1a: Zapdos
|-supereffective|p1a: Zapdos
|-damage|p1a: Zapdos|71/100
|
|-heal|p1a: Zapdos|77/100|[from] item: Leftovers
|upkeep
|turn|18
|
|t:|1728818174
|switch|p2a: Sly Blue|Celebi|88/100
|move|p1a: Zapdos|Agility|p1a: Zapdos
|-boost|p1a: Zapdos|spe|2
|
|-heal|p1a: Zapdos|83/100|[from] item: Leftovers
|-heal|p2a: Sly Blue|94/100|[from] item: Leftovers
|upkeep
|turn|19
|
|t:|1728818192
|move|p1a: Zapdos|Baton Pass|p1a: Zapdos
|
|t:|1728818193
|switch|p1a: Jolteon|Jolteon, M|100/100|[from] Baton Pass
|move|p2a: Sly Blue|Leech Seed|p1a: Jolteon
|-start|p1a: Jolteon|move: Leech Seed
|
|-damage|p1a: Jolteon|88/100|[from] Leech Seed|[of] p2a: Sly Blue
|-heal|p2a: Sly Blue|100/100|[silent]
|upkeep
|turn|20
|
|t:|1728818202
|move|p1a: Jolteon|Hidden Power|p2a: Sly Blue
|-supereffective|p2a: Sly Blue
|-damage|p2a: Sly Blue|69/100
|move|p2a: Sly Blue|Calm Mind|p2a: Sly Blue
|-boost|p2a: Sly Blue|spa|1
|-boost|p2a: Sly Blue|spd|1
|
|-heal|p1a: Jolteon|94/100|[from] item: Leftovers
|-damage|p1a: Jolteon|82/100|[from] Leech Seed|[of] p2a: Sly Blue
|-heal|p2a: Sly Blue|77/100|[silent]
|-heal|p2a: Sly Blue|84/100|[from] item: Leftovers
|upkeep
|turn|21
|
|t:|1728818213
|move|p2a: Sly Blue|Calm Mind|p2a: Sly Blue
|-boost|p2a: Sly Blue|spa|1
|-boost|p2a: Sly Blue|spd|1
|move|p1a: Jolteon|Roar|p2a: Sly Blue
|drag|p2a: Benishigure|Zapdos|100/100
|
|-heal|p1a: Jolteon|88/100|[from] item: Leftovers
|-damage|p1a: Jolteon|76/100|[from] Leech Seed|[of] p2a: Benishigure
|upkeep
|turn|22
|inactive|alphasapphire918 has 270 seconds left.
|inactive|alphasapphire918 has 240 seconds left.
|
|t:|1728818281
|switch|p2a: Dry Juice|Quagsire, F, shiny|100/100
|move|p1a: Jolteon|Hidden Power|p2a: Dry Juice
|-damage|p2a: Dry Juice|84/100
|
|-heal|p1a: Jolteon|82/100|[from] item: Leftovers
|-damage|p1a: Jolteon|69/100|[from] Leech Seed|[of] p2a: Dry Juice
|-heal|p2a: Dry Juice|93/100|[silent]
|-heal|p2a: Dry Juice|99/100|[from] item: Leftovers
|upkeep
|turn|23
|inactive|alphasapphire918 has 240 seconds left.
|
|t:|1728818298
|move|p1a: Jolteon|Hidden Power|p2a: Dry Juice
|-damage|p2a: Dry Juice|81/100
|move|p2a: Dry Juice|Yawn|p1a: Jolteon
|-start|p1a: Jolteon|move: Yawn|[of] p2a: Dry Juice
|
|-heal|p1a: Jolteon|76/100|[from] item: Leftovers
|-damage|p1a: Jolteon|63/100|[from] Leech Seed|[of] p2a: Dry Juice
|-heal|p2a: Dry Juice|90/100|[silent]
|-heal|p2a: Dry Juice|96/100|[from] item: Leftovers
|upkeep
|turn|24
|inactive|alphasapphire918 has 240 seconds left.
|
|t:|1728818313
|move|p1a: Jolteon|Baton Pass|p1a: Jolteon
|
|t:|1728818318
|switch|p1a: Zapdos|Zapdos|83/100|[from] Baton Pass
|move|p2a: Dry Juice|Earthquake|p1a: Zapdos
|-immune|p1a: Zapdos
|
|-heal|p1a: Zapdos|89/100|[from] item: Leftovers
|-damage|p1a: Zapdos|77/100|[from] Leech Seed|[of] p2a: Dry Juice
|-heal|p2a: Dry Juice|100/100|[silent]
|upkeep
|turn|25
|inactive|alphasapphire918 has 240 seconds left.
|
|t:|1728818341
|switch|p2a: Sly Blue|Celebi|84/100
|move|p1a: Zapdos|Hidden Power|p2a: Sly Blue
|-resisted|p2a: Sly Blue
|-damage|p2a: Sly Blue|73/100
|
|-heal|p1a: Zapdos|83/100|[from] item: Leftovers
|-damage|p1a: Zapdos|71/100|[from] Leech Seed|[of] p2a: Sly Blue
|-heal|p2a: Sly Blue|83/100|[silent]
|-heal|p2a: Sly Blue|89/100|[from] item: Leftovers
|upkeep
|turn|26
|
|t:|1728818349
|switch|p1a: Skarmory|Skarmory, M|99/100
|move|p2a: Sly Blue|Calm Mind|p2a: Sly Blue
|-boost|p2a: Sly Blue|spa|1
|-boost|p2a: Sly Blue|spd|1
|
|-heal|p2a: Sly Blue|95/100|[from] item: Leftovers
|-heal|p1a: Skarmory|100/100|[from] item: Leftovers
|upkeep
|turn|27
|inactive|alphasapphire918 has 240 seconds left.
|
|t:|1728818356
|move|p2a: Sly Blue|Leech Seed|p1a: Skarmory
|-start|p1a: Skarmory|move: Leech Seed
|move|p1a: Skarmory|Roar|p2a: Sly Blue
|drag|p2a: Dry Juice|Quagsire, F, shiny|100/100
|
|-damage|p1a: Skarmory|88/100|[from] Leech Seed|[of] p2a: Dry Juice
|upkeep
|turn|28
|inactive|alphasapphire918 has 240 seconds left.
|
|t:|1728818377
|switch|p2a: Ruff Rabbit|Gengar, F, shiny|100/100
|move|p1a: Skarmory|Spikes|p2a: Ruff Rabbit
|-sidestart|p2: alphasapphire918|Spikes
|
|-heal|p1a: Skarmory|94/100|[from] item: Leftovers
|-damage|p1a: Skarmory|82/100|[from] Leech Seed|[of] p2a: Ruff Rabbit
|upkeep
|turn|29
|
|t:|1728818386
|switch|p1a: Jolteon|Jolteon, M|63/100
|move|p2a: Ruff Rabbit|Ice Punch|p1a: Jolteon
|-damage|p1a: Jolteon|35/100
|
|-heal|p1a: Jolteon|41/100|[from] item: Leftovers
|upkeep
|turn|30
|inactive|alphasapphire918 has 240 seconds left.
|
|t:|1728818394
|move|p1a: Jolteon|Thunderbolt|p2a: Ruff Rabbit
|-crit|p2a: Ruff Rabbit
|-damage|p2a: Ruff Rabbit|0 fnt
|faint|p2a: Ruff Rabbit
|inactive|alphasapphire918 has 240 seconds left.
|
|t:|1728818402
|switch|p2a: Morphine|Metagross, shiny|100/100
|-damage|p2a: Morphine|88/100|[from] Spikes
|
|-heal|p1a: Jolteon|47/100|[from] item: Leftovers
|upkeep
|turn|31
|inactive|alphasapphire918 has 240 seconds left.
|
|t:|1728818413
|move|p1a: Jolteon|Baton Pass|p1a: Jolteon
|
|t:|1728818414
|switch|p1a: Skarmory|Skarmory, M|82/100|[from] Baton Pass
|move|p2a: Morphine|Earthquake|p1a: Skarmory
|-immune|p1a: Skarmory
|
|-heal|p1a: Skarmory|88/100|[from] item: Leftovers
|upkeep
|turn|32
|
|t:|1728818421
|move|p2a: Morphine|Meteor Mash|p1a: Skarmory
|-resisted|p1a: Skarmory
|-damage|p1a: Skarmory|68/100
|move|p1a: Skarmory|Spikes|p2a: Morphine
|-sidestart|p2: alphasapphire918|Spikes
|
|-heal|p1a: Skarmory|74/100|[from] item: Leftovers
|upkeep
|turn|33
|
|t:|1728818436
|switch|p2a: Sly Blue|Celebi|95/100
|-damage|p2a: Sly Blue|78/100|[from] Spikes
|move|p1a: Skarmory|Protect||[still]
|-fail|p1a: Skarmory
|
|-heal|p2a: Sly Blue|85/100|[from] item: Leftovers
|-heal|p1a: Skarmory|80/100|[from] item: Leftovers
|upkeep
|turn|34
|
|t:|1728818440
|move|p2a: Sly Blue|Leech Seed|p1a: Skarmory
|-start|p1a: Skarmory|move: Leech Seed
|move|p1a: Skarmory|Roar|p2a: Sly Blue
|drag|p2a: Morphine|Metagross, shiny|88/100
|-damage|p2a: Morphine|72/100|[from] Spikes
|
|-heal|p1a: Skarmory|86/100|[from] item: Leftovers
|-damage|p1a: Skarmory|73/100|[from] Leech Seed|[of] p2a: Morphine
|-heal|p2a: Morphine|84/100|[silent]
|upkeep
|turn|35
|
|t:|1728818457
|move|p2a: Morphine|Meteor Mash|p1a: Skarmory
|-resisted|p1a: Skarmory
|-damage|p1a: Skarmory|52/100
|move|p1a: Skarmory|Spikes|p2a: Morphine
|-sidestart|p2: alphasapphire918|Spikes
|
|-heal|p1a: Skarmory|58/100|[from] item: Leftovers
|-damage|p1a: Skarmory|45/100|[from] Leech Seed|[of] p2a: Morphine
|-heal|p2a: Morphine|96/100|[silent]
|upkeep
|turn|36
|
|t:|1728818467
|move|p2a: Morphine|Meteor Mash|p1a: Skarmory
|-resisted|p1a: Skarmory
|-damage|p1a: Skarmory|23/100
|move|p1a: Skarmory|Roar|p2a: Morphine
|drag|p2a: Dry Juice|Quagsire, F, shiny|100/100
|-damage|p2a: Dry Juice|76/100|[from] Spikes
|
|-heal|p1a: Skarmory|29/100|[from] item: Leftovers
|-damage|p1a: Skarmory|16/100|[from] Leech Seed|[of] p2a: Dry Juice
|-heal|p2a: Dry Juice|86/100|[silent]
|-heal|p2a: Dry Juice|92/100|[from] item: Leftovers
|upkeep
|turn|37
|
|t:|1728818488
|move|p1a: Skarmory|Toxic|p2a: Dry Juice
|-status|p2a: Dry Juice|tox
|move|p2a: Dry Juice|Ice Beam|p1a: Skarmory
|-damage|p1a: Skarmory|3/100
|
|-heal|p1a: Skarmory|9/100|[from] item: Leftovers
|-damage|p1a: Skarmory|0 fnt|[from] Leech Seed|[of] p2a: Dry Juice
|-heal|p2a: Dry Juice|99/100 tox|[silent]
|faint|p1a: Skarmory
|-heal|p2a: Dry Juice|100/100 tox|[from] item: Leftovers
|-damage|p2a: Dry Juice|94/100 tox|[from] psn
|upkeep
|
|t:|1728818499
|switch|p1a: Zapdos|Zapdos|71/100
|turn|38
|
|t:|1728818512
|switch|p2a: Sly Blue|Celebi|85/100
|-damage|p2a: Sly Blue|60/100|[from] Spikes
|move|p1a: Zapdos|Agility|p1a: Zapdos
|-boost|p1a: Zapdos|spe|2
|
|-heal|p1a: Zapdos|77/100|[from] item: Leftovers
|-heal|p2a: Sly Blue|66/100|[from] item: Leftovers
|upkeep
|turn|39
|
|t:|1728818523
|move|p1a: Zapdos|Thunderbolt|p2a: Sly Blue
|-resisted|p2a: Sly Blue
|-damage|p2a: Sly Blue|45/100
|move|p2a: Sly Blue|Leech Seed|p1a: Zapdos
|-start|p1a: Zapdos|move: Leech Seed
|
|-heal|p1a: Zapdos|83/100|[from] item: Leftovers
|-damage|p1a: Zapdos|71/100|[from] Leech Seed|[of] p2a: Sly Blue
|-heal|p2a: Sly Blue|54/100|[silent]
|-heal|p2a: Sly Blue|61/100|[from] item: Leftovers
|upkeep
|turn|40
|
|t:|1728818535
|switch|p1a: Jolteon|Jolteon, M|47/100
|move|p2a: Sly Blue|Calm Mind|p2a: Sly Blue
|-boost|p2a: Sly Blue|spa|1
|-boost|p2a: Sly Blue|spd|1
|
|-heal|p1a: Jolteon|53/100|[from] item: Leftovers
|-heal|p2a: Sly Blue|67/100|[from] item: Leftovers
|upkeep
|turn|41
|
|t:|1728818546
|move|p2a: Sly Blue|Psychic|p1a: Jolteon
|-crit|p1a: Jolteon
|-damage|p1a: Jolteon|0 fnt
|faint|p1a: Jolteon
|
|t:|1728818549
|switch|p1a: Starmie|Starmie|50/100
|
|-heal|p1a: Starmie|57/100|[from] item: Leftovers
|-heal|p2a: Sly Blue|73/100|[from] item: Leftovers
|upkeep
|turn|42
|
|t:|1728818560
|move|p1a: Starmie|Hydro Pump|p2a: Sly Blue
|-resisted|p2a: Sly Blue
|-damage|p2a: Sly Blue|57/100
|move|p2a: Sly Blue|Leech Seed|p1a: Starmie
|-start|p1a: Starmie|move: Leech Seed
|
|-heal|p1a: Starmie|63/100|[from] item: Leftovers
|-damage|p1a: Starmie|50/100|[from] Leech Seed|[of] p2a: Sly Blue
|-heal|p2a: Sly Blue|65/100|[silent]
|-heal|p2a: Sly Blue|71/100|[from] item: Leftovers
|upkeep
|turn|43
|
|t:|1728818588
|move|p1a: Starmie|Hydro Pump|p2a: Sly Blue
|-resisted|p2a: Sly Blue
|-damage|p2a: Sly Blue|57/100
|move|p2a: Sly Blue|Calm Mind|p2a: Sly Blue
|-boost|p2a: Sly Blue|spa|1
|-boost|p2a: Sly Blue|spd|1
|
|-heal|p1a: Starmie|57/100|[from] item: Leftovers
|-damage|p1a: Starmie|44/100|[from] Leech Seed|[of] p2a: Sly Blue
|-heal|p2a: Sly Blue|65/100|[silent]
|-heal|p2a: Sly Blue|71/100|[from] item: Leftovers
|upkeep
|turn|44
|inactive|alphasapphire918 has 240 seconds left.
|
|t:|1728818606
|move|p1a: Starmie|Hydro Pump|p2a: Sly Blue
|-resisted|p2a: Sly Blue
|-damage|p2a: Sly Blue|60/100
|move|p2a: Sly Blue|Psychic|p1a: Starmie
|-resisted|p1a: Starmie
|-damage|p1a: Starmie|0 fnt
|faint|p1a: Starmie
|
|t:|1728818611
|switch|p1a: Zapdos|Zapdos|71/100
|
|-heal|p2a: Sly Blue|66/100|[from] item: Leftovers
|-heal|p1a: Zapdos|77/100|[from] item: Leftovers
|upkeep
|turn|45
|c|☆Larkindred|ggs
|
|t:|1728818621
|move|p2a: Sly Blue|Leech Seed|p1a: Zapdos
|-start|p1a: Zapdos|move: Leech Seed
|move|p1a: Zapdos|Thunderbolt|p2a: Sly Blue
|-resisted|p2a: Sly Blue
|-damage|p2a: Sly Blue|55/100
|
|-heal|p2a: Sly Blue|61/100|[from] item: Leftovers
|-heal|p1a: Zapdos|83/100|[from] item: Leftovers
|-damage|p1a: Zapdos|71/100|[from] Leech Seed|[of] p2a: Sly Blue
|-heal|p2a: Sly Blue|71/100|[silent]
|upkeep
|turn|46
|
|t:|1728818627
|move|p2a: Sly Blue|Psychic|p1a: Zapdos
|-damage|p1a: Zapdos|9/100
|move|p1a: Zapdos|Baton Pass||[still]
|-fail|p1a: Zapdos
|
|-heal|p2a: Sly Blue|77/100|[from] item: Leftovers
|-heal|p1a: Zapdos|15/100|[from] item: Leftovers
|-damage|p1a: Zapdos|3/100|[from] Leech Seed|[of] p2a: Sly Blue
|-heal|p2a: Sly Blue|87/100|[silent]
|upkeep
|turn|47
|
|t:|1728818638
|move|p2a: Sly Blue|Baton Pass|p2a: Sly Blue
|
|t:|1728818640
|switch|p2a: Dry Juice|Quagsire, F, shiny|94/100 tox|[from] Baton Pass
|-damage|p2a: Dry Juice|70/100 tox|[from] Spikes
|move|p1a: Zapdos|Baton Pass||[still]
|-fail|p1a: Zapdos
|
|-heal|p1a: Zapdos|9/100|[from] item: Leftovers
|-damage|p1a: Zapdos|0 fnt|[from] Leech Seed|[of] p2a: Dry Juice
|-heal|p2a: Dry Juice|76/100 tox|[silent]
|faint|p1a: Zapdos
|
|win|alphasapphire918
|upkeep
|player|p1|
|c|☆alphasapphire918|gg

</script>
<script type="application/json" class="data" id="replaydata-smogtours-gen3ou-797983">
{"id":"smogtours-gen3ou-797983","format":"[Gen 3] OU","players":["Larkindred","alphasapphire918"],"uploadtime":1728818641,"views":118,"formatid":"gen3ou","rating":null,"private":0,"password":null}
</script>

<script defer src="js/replays.js?9d40a366"></script>
