<!DOCTYPE html>
<meta charset="utf-8" />
<meta name="viewport" content="width=device-width" />

<title>[Gen 3] OU: Leeto64 vs. BL0X - Replays - Pok&eacute;mon Showdown!</title>

<meta name="description" content="Watch a replay of a Pok&eacute;mon battle between Leeto64 and BL0X! Format: [Gen 3] OU; Date: Oct 20, 2024" />
<!--

Hey, you! Looking in the source for the replay log?

You can find them in JSON format, just add `.json` at the end of a replay URL.

https://replay.pokemonshowdown.com/gen7randomdoublesbattle-865046831.json

Or, if you only need the log itself, add `.log` instead:

https://replay.pokemonshowdown.com/gen7randomdoublesbattle-865046831.log

-->

<link rel="stylesheet" href="//pokemonshowdown.com/style/global.css?0.023195364461161105" />
<link rel="stylesheet" href="//play.pokemonshowdown.com/style/font-awesome.css?0.13261647063804238" />
<link rel="stylesheet" href="//play.pokemonshowdown.com/style/battle.css?0.8753245789963631" />
<link rel="stylesheet" href="//play.pokemonshowdown.com/style/utilichart.css?0.8627959624976733" />

<!-- Global site tag (gtag.js) - Google Analytics -->
<script async src="https://www.googletagmanager.com/gtag/js?id=UA-26211653-1"></script>
<script>
  window.dataLayer = window.dataLayer || [];
  function gtag(){dataLayer.push(arguments);}
  gtag('js', new Date());

  gtag('config', 'UA-26211653-1');
</script>
<!-- End Google Analytics -->
<!-- Venatus Ad Manager - Install in <HEAD> of page -->
	<script src="https://hb.vntsm.com/v3/live/ad-manager.min.js" type="text/javascript" data-site-id="642aba63ec9a7b11c3c9c1be" data-mode="scan" async></script>
<!-- / Venatus Ad Manager -->

<style>
	@media (max-width:820px) {
		.battle {
			margin: 0 auto;
		}
		.battle-log {
			margin: 7px auto 0;
			max-width: 640px;
			height: 300px;
			position: static;
		}
	}
	.optgroup {
		display: inline-block;
		line-height: 22px;
		font-size: 10pt;
	}
	.optgroup .button {
		height: 25px;
		padding-top: 0;
		padding-bottom: 0;
	}
	.optgroup button.button {
		padding-left: 12px;
		padding-right: 12px;
	}
	.linklist {
		list-style: none;
		margin: 0.5em 0;
		padding: 0;
	}
	.linklist li {
		padding: 2px 0;
	}
	.sidebar {
		float: left;
		width: 320px;
	}
	.bar-wrapper {
		max-width: 1100px;
		margin: 0 auto;
	}
	.bar-wrapper.has-sidebar {
		max-width: 1430px;
	}
	.mainbar {
		margin: 0;
		padding-right: 1px;
	}
	.mainbar.has-sidebar {
		margin-left: 330px;
	}
	@media (min-width: 1511px) {
		.sidebar {
			width: 400px;
		}
		.bar-wrapper.has-sidebar {
			max-width: 1510px;
		}
		.mainbar.has-sidebar {
			margin-left: 410px;
		}
	}
	.section.first-section {
		margin-top: 9px;
	}
	.blocklink small {
		white-space: normal;
	}
	.button {
		vertical-align: middle;
	}
	.replay-controls {
		padding-top: 10px;
	}
	.replay-controls h1 {
		font-size: 16pt;
		font-weight: normal;
		color: #CCC;
	}
	.pagelink {
		text-align: center;
	}
	.pagelink a {
		width: 150px;
	}
	.textbox, .button {
		font-size: 11pt;
		vertical-align: middle;
	}
	@media (max-width: 450px) {
		.button {
			font-size: 9pt;
		}
	}
</style>

<div>

	<header>
		<div class="nav-wrapper"><ul class="nav">
			<li><a class="button nav-first" href="//pokemonshowdown.com/"><img src="//pokemonshowdown.com/images/pokemonshowdownbeta.png" srcset="//pokemonshowdown.com/images/pokemonshowdownbeta.png 1x, //pokemonshowdown.com/images/pokemonshowdownbeta@2x.png 2x" alt="Pok&eacute;mon Showdown" width="146" height="44" /> Home</a></li>
			<li><a class="button" href="//pokemonshowdown.com/dex/">Pok&eacute;dex</a></li>
			<li><a class="button cur" href="/">Replays</a></li>
			<li><a class="button" href="//pokemonshowdown.com/ladder/">Ladder</a></li>
			<li><a class="button nav-last" href="//pokemonshowdown.com/forums/">Forum</a></li>
			<li><a class="button greenbutton nav-first nav-last" href="//play.pokemonshowdown.com/">Play</a></li>
		</ul></div>
	</header>

	<div class="main" id="main">

		<noscript><section class="section">You need to enable JavaScript to use this page; sorry!</section></noscript>

	</div>

</div>

<script defer nomodule src="//play.pokemonshowdown.com/js/lib/ps-polyfill.js"></script>
<script defer src="//play.pokemonshowdown.com/js/lib/preact.min.js"></script>

<script defer src="//play.pokemonshowdown.com/config/config.js?2bddbc15"></script>
<script defer src="//play.pokemonshowdown.com/js/lib/jquery-1.11.0.min.js"></script>
<script defer src="//play.pokemonshowdown.com/js/lib/html-sanitizer-minified.js"></script>
<script defer src="//play.pokemonshowdown.com/js/battle-sound.js"></script>
<script defer src="//play.pokemonshowdown.com/js/battledata.js?0.7209276989879541"></script>
<script defer src="//play.pokemonshowdown.com/data/pokedex-mini.js?0.6111056340867951"></script>
<script defer src="//play.pokemonshowdown.com/data/pokedex-mini-bw.js?0.3532142036491459"></script>
<script defer src="//play.pokemonshowdown.com/data/graphics.js?0.24223875632456182"></script>
<script defer src="//play.pokemonshowdown.com/data/pokedex.js?0.38839984266356864"></script>
<script defer src="//play.pokemonshowdown.com/data/moves.js?0.21866028504024015"></script>
<script defer src="//play.pokemonshowdown.com/data/abilities.js?0.2005157953846628"></script>
<script defer src="//play.pokemonshowdown.com/data/items.js?0.9894211263848525"></script>
<script defer src="//play.pokemonshowdown.com/data/teambuilder-tables.js?0.6008791140282215"></script>
<script defer src="//play.pokemonshowdown.com/js/battle-tooltips.js?0.7580118955022959"></script>
<script defer src="//play.pokemonshowdown.com/js/battle.js?0.6057722274234274"></script>

<script defer src="js/utils.js?e31f9a17"></script>
<script defer src="js/replays-battle.js?7008c182"></script>

<!-- don't scrape this data! just add .json or .log after the URL!
Full API docs: https://github.com/smogon/pokemon-showdown-client/blob/master/WEB-API.md -->
<script type="text/plain" class="log" id="replaylog-smogtours-gen3ou-800793">
|inactive|Battle timer is ON: inactive players will automatically lose when time's up.
|t:|1729456761
|gametype|singles
|player|p1|Leeto64|supernerd|
|player|p2|BL0X|koga|
|teamsize|p1|6
|teamsize|p2|6
|gen|3
|tier|[Gen 3] OU
|rule|Sleep Clause Mod: Limit one foe put to sleep
|rule|Switch Priority Clause Mod: Faster Pokémon switch first
|rule|Species Clause: Limit one of each Pokémon
|rule|OHKO Clause: OHKO moves are banned
|rule|Evasion Items Clause: Evasion items are banned
|rule|Evasion Moves Clause: Evasion moves are banned
|rule|Endless Battle Clause: Forcing endless battles is banned
|rule|HP Percentage Mod: HP is shown in percentages
|rule|One Boost Passer Clause: Limit one Baton Passer that has a way to boost its stats
|rule|Freeze Clause Mod: Limit one foe frozen
|
|t:|1729456761
|start
|switch|p1a: FROGGED UP CRIB|Politoed, M, shiny|100/100
|switch|p2a: Electhor|Zapdos|100/100
|turn|1
|inactive|BL0X also wants the timer to be on.
|c|☆Leeto64|glhf
|c|☆BL0X|u2
|
|t:|1729456775
|switch|p1a: Jolteon|Jolteon, M|100/100
|move|p2a: Electhor|Roar|p1a: Jolteon
|drag|p1a: Ms. Margaret|Metagross|100/100
|
|upkeep
|turn|2
|
|t:|1729456783
|switch|p2a: Foretress|Forretress, F|100/100
|move|p1a: Ms. Margaret|Psychic|p2a: Foretress
|-resisted|p2a: Foretress
|-damage|p2a: Foretress|79/100
|-unboost|p2a: Foretress|spd|1
|
|-heal|p2a: Foretress|86/100|[from] item: Leftovers
|upkeep
|turn|3
|
|t:|1729456790
|switch|p2a: Jirachi|Jirachi|100/100
|move|p1a: Ms. Margaret|Hidden Power|p2a: Jirachi
|-supereffective|p2a: Jirachi
|-damage|p2a: Jirachi|71/100
|
|-heal|p2a: Jirachi|77/100|[from] item: Leftovers
|upkeep
|turn|4
|
|t:|1729456804
|switch|p1a: Skarmory|Skarmory, M|100/100
|move|p2a: Jirachi|Fire Punch|p1a: Skarmory
|-supereffective|p1a: Skarmory
|-damage|p1a: Skarmory|62/100
|
|-heal|p2a: Jirachi|83/100|[from] item: Leftovers
|-heal|p1a: Skarmory|68/100|[from] item: Leftovers
|upkeep
|turn|5
|
|t:|1729456812
|move|p2a: Jirachi|Fire Punch|p1a: Skarmory
|-supereffective|p1a: Skarmory
|-damage|p1a: Skarmory|29/100
|move|p1a: Skarmory|Spikes|p2a: Jirachi
|-sidestart|p2: BL0X|Spikes
|
|-heal|p2a: Jirachi|89/100|[from] item: Leftovers
|-heal|p1a: Skarmory|35/100|[from] item: Leftovers
|upkeep
|turn|6
|
|t:|1729456816
|switch|p1a: FROGGED UP CRIB|Politoed, M, shiny|100/100
|move|p2a: Jirachi|Fire Punch|p1a: FROGGED UP CRIB
|-resisted|p1a: FROGGED UP CRIB
|-damage|p1a: FROGGED UP CRIB|91/100
|-status|p1a: FROGGED UP CRIB|brn
|
|-damage|p1a: FROGGED UP CRIB|79/100 brn|[from] brn
|-heal|p2a: Jirachi|96/100|[from] item: Leftovers
|upkeep
|turn|7
|
|t:|1729456823
|move|p2a: Jirachi|Protect|p2a: Jirachi
|-singleturn|p2a: Jirachi|Protect
|move|p1a: FROGGED UP CRIB|Hypnosis|p2a: Jirachi
|-activate|p2a: Jirachi|Protect
|
|-damage|p1a: FROGGED UP CRIB|67/100 brn|[from] brn
|-heal|p2a: Jirachi|100/100|[from] item: Leftovers
|upkeep
|turn|8
|
|t:|1729456830
|switch|p2a: Electhor|Zapdos|100/100
|move|p1a: FROGGED UP CRIB|Thief|p2a: Electhor
|-damage|p2a: Electhor|93/100
|-enditem|p2a: Electhor|Leftovers|[silent]|[from] move: Thief|[of] p1a: FROGGED UP CRIB
|-item|p1a: FROGGED UP CRIB|Leftovers|[from] move: Thief|[of] p2a: Electhor
|
|-heal|p1a: FROGGED UP CRIB|73/100 brn|[from] item: Leftovers
|-damage|p1a: FROGGED UP CRIB|60/100 brn|[from] brn
|upkeep
|turn|9
|
|t:|1729456836
|switch|p1a: Jolteon|Jolteon, M|100/100
|move|p2a: Electhor|Thunderbolt|p1a: Jolteon
|-immune|p1a: Jolteon|[from] ability: Volt Absorb
|
|upkeep
|turn|10
|
|t:|1729456841
|switch|p2a: Laggron|Swampert, F|100/100
|-damage|p2a: Laggron|88/100|[from] Spikes
|move|p1a: Jolteon|Thunderbolt|p2a: Laggron
|-immune|p2a: Laggron
|
|-heal|p2a: Laggron|94/100|[from] item: Leftovers
|upkeep
|turn|11
|
|t:|1729456849
|move|p2a: Laggron|Protect|p2a: Laggron
|-singleturn|p2a: Laggron|Protect
|move|p1a: Jolteon|Baton Pass|p1a: Jolteon
|
|t:|1729456852
|switch|p1a: FROGGED UP CRIB|Politoed, M, shiny|60/100 brn|[from] Baton Pass
|
|-heal|p1a: FROGGED UP CRIB|67/100 brn|[from] item: Leftovers
|-damage|p1a: FROGGED UP CRIB|54/100 brn|[from] brn
|-heal|p2a: Laggron|100/100|[from] item: Leftovers
|upkeep
|turn|12
|
|t:|1729456860
|switch|p2a: Electhor|Zapdos|93/100
|move|p1a: FROGGED UP CRIB|Hydro Pump|p2a: Electhor
|-damage|p2a: Electhor|57/100
|
|-heal|p1a: FROGGED UP CRIB|60/100 brn|[from] item: Leftovers
|-damage|p1a: FROGGED UP CRIB|48/100 brn|[from] brn
|upkeep
|turn|13
|
|t:|1729456871
|switch|p1a: Jolteon|Jolteon, M|100/100
|move|p2a: Electhor|Rest|p2a: Electhor
|-status|p2a: Electhor|slp|[from] move: Rest
|-heal|p2a: Electhor|100/100 slp|[silent]
|
|upkeep
|turn|14
|
|t:|1729456878
|switch|p2a: Tyranocif|Tyranitar, M|100/100
|-damage|p2a: Tyranocif|88/100|[from] Spikes
|-weather|Sandstorm|[from] ability: Sand Stream|[of] p2a: Tyranocif
|move|p1a: Jolteon|Roar|p2a: Tyranocif
|drag|p2a: Foretress|Forretress, F|86/100
|-damage|p2a: Foretress|73/100|[from] Spikes
|
|-weather|Sandstorm|[upkeep]
|-damage|p1a: Jolteon|94/100|[from] Sandstorm
|-heal|p1a: Jolteon|100/100|[from] item: Leftovers
|-heal|p2a: Foretress|79/100|[from] item: Leftovers
|upkeep
|turn|15
|
|t:|1729456887
|switch|p1a: Goin' Dumb|Gengar, M|100/100
|move|p2a: Foretress|Rapid Spin|p1a: Goin' Dumb
|-immune|p1a: Goin' Dumb
|
|-weather|Sandstorm|[upkeep]
|-damage|p1a: Goin' Dumb|94/100|[from] Sandstorm
|-heal|p1a: Goin' Dumb|100/100|[from] item: Leftovers
|-heal|p2a: Foretress|86/100|[from] item: Leftovers
|upkeep
|turn|16
|
|t:|1729456892
|switch|p2a: Tyranocif|Tyranitar, M|88/100
|-damage|p2a: Tyranocif|76/100|[from] Spikes
|move|p1a: Goin' Dumb|Will-O-Wisp|p2a: Tyranocif
|-status|p2a: Tyranocif|brn
|
|-weather|Sandstorm|[upkeep]
|-damage|p1a: Goin' Dumb|94/100|[from] Sandstorm
|-heal|p1a: Goin' Dumb|100/100|[from] item: Leftovers
|-heal|p2a: Tyranocif|82/100 brn|[from] item: Leftovers
|-damage|p2a: Tyranocif|70/100 brn|[from] brn
|upkeep
|turn|17
|
|t:|1729456903
|move|p1a: Goin' Dumb|Thunderbolt|p2a: Tyranocif
|-damage|p2a: Tyranocif|39/100 brn
|move|p2a: Tyranocif|Crunch|p1a: Goin' Dumb
|-supereffective|p1a: Goin' Dumb
|-damage|p1a: Goin' Dumb|0 fnt
|faint|p1a: Goin' Dumb
|
|t:|1729456918
|switch|p1a: Jolteon|Jolteon, M|100/100
|
|-weather|Sandstorm|[upkeep]
|-damage|p1a: Jolteon|94/100|[from] Sandstorm
|-heal|p1a: Jolteon|100/100|[from] item: Leftovers
|-heal|p2a: Tyranocif|45/100 brn|[from] item: Leftovers
|-damage|p2a: Tyranocif|32/100 brn|[from] brn
|upkeep
|turn|18
|
|t:|1729456924
|switch|p2a: Laggron|Swampert, F|100/100
|-damage|p2a: Laggron|88/100|[from] Spikes
|move|p1a: Jolteon|Thunderbolt|p2a: Laggron
|-immune|p2a: Laggron
|
|-weather|Sandstorm|[upkeep]
|-damage|p1a: Jolteon|94/100|[from] Sandstorm
|-heal|p1a: Jolteon|100/100|[from] item: Leftovers
|-heal|p2a: Laggron|94/100|[from] item: Leftovers
|upkeep
|turn|19
|
|t:|1729456930
|move|p1a: Jolteon|Hidden Power|p2a: Laggron
|-supereffective|p2a: Laggron
|-damage|p2a: Laggron|20/100
|move|p2a: Laggron|Earthquake|p1a: Jolteon
|-supereffective|p1a: Jolteon
|-damage|p1a: Jolteon|0 fnt
|faint|p1a: Jolteon
|
|t:|1729456937
|switch|p1a: Skarmory|Skarmory, M|35/100
|
|-weather|Sandstorm|[upkeep]
|-heal|p1a: Skarmory|41/100|[from] item: Leftovers
|-heal|p2a: Laggron|26/100|[from] item: Leftovers
|upkeep
|turn|20
|
|t:|1729456944
|move|p2a: Laggron|Protect|p2a: Laggron
|-singleturn|p2a: Laggron|Protect
|move|p1a: Skarmory|Spikes|p2a: Laggron
|-sidestart|p2: BL0X|Spikes
|
|-weather|Sandstorm|[upkeep]
|-heal|p1a: Skarmory|47/100|[from] item: Leftovers
|-heal|p2a: Laggron|33/100|[from] item: Leftovers
|upkeep
|turn|21
|
|t:|1729456951
|switch|p1a: FROGGED UP CRIB|Politoed, M, shiny|48/100 brn
|move|p2a: Laggron|Surf|p1a: FROGGED UP CRIB
|-heal|p1a: FROGGED UP CRIB|73/100 brn|[from] ability: Water Absorb|[of] p2a: Laggron
|
|-weather|Sandstorm|[upkeep]
|-damage|p1a: FROGGED UP CRIB|67/100 brn|[from] Sandstorm
|-heal|p1a: FROGGED UP CRIB|73/100 brn|[from] item: Leftovers
|-damage|p1a: FROGGED UP CRIB|60/100 brn|[from] brn
|-heal|p2a: Laggron|39/100|[from] item: Leftovers
|upkeep
|turn|22
|
|t:|1729456959
|move|p2a: Laggron|Protect|p2a: Laggron
|-singleturn|p2a: Laggron|Protect
|move|p1a: FROGGED UP CRIB|Hydro Pump|p2a: Laggron
|-activate|p2a: Laggron|Protect
|
|-weather|Sandstorm|[upkeep]
|-damage|p1a: FROGGED UP CRIB|54/100 brn|[from] Sandstorm
|-heal|p1a: FROGGED UP CRIB|60/100 brn|[from] item: Leftovers
|-damage|p1a: FROGGED UP CRIB|48/100 brn|[from] brn
|-heal|p2a: Laggron|45/100|[from] item: Leftovers
|upkeep
|turn|23
|
|t:|1729456963
|switch|p2a: Electhor|Zapdos|100/100 slp
|move|p1a: FROGGED UP CRIB|Ice Beam|p2a: Electhor
|-supereffective|p2a: Electhor
|-damage|p2a: Electhor|62/100 slp
|
|-weather|Sandstorm|[upkeep]
|-damage|p1a: FROGGED UP CRIB|42/100 brn|[from] Sandstorm
|-damage|p2a: Electhor|56/100 slp|[from] Sandstorm
|-heal|p1a: FROGGED UP CRIB|48/100 brn|[from] item: Leftovers
|-damage|p1a: FROGGED UP CRIB|36/100 brn|[from] brn
|upkeep
|turn|24
|
|t:|1729456977
|move|p1a: FROGGED UP CRIB|Ice Beam|p2a: Electhor
|-supereffective|p2a: Electhor
|-damage|p2a: Electhor|19/100 slp
|cant|p2a: Electhor|slp
|
|-weather|Sandstorm|[upkeep]
|-damage|p1a: FROGGED UP CRIB|29/100 brn|[from] Sandstorm
|-damage|p2a: Electhor|12/100 slp|[from] Sandstorm
|-heal|p1a: FROGGED UP CRIB|36/100 brn|[from] item: Leftovers
|-damage|p1a: FROGGED UP CRIB|23/100 brn|[from] brn
|upkeep
|turn|25
|
|t:|1729456988
|move|p1a: FROGGED UP CRIB|Ice Beam|p2a: Electhor
|-supereffective|p2a: Electhor
|-damage|p2a: Electhor|0 fnt
|faint|p2a: Electhor
|
|t:|1729456990
|switch|p2a: Foretress|Forretress, F|86/100
|-damage|p2a: Foretress|69/100|[from] Spikes
|
|-weather|Sandstorm|[upkeep]
|-damage|p1a: FROGGED UP CRIB|17/100 brn|[from] Sandstorm
|-heal|p1a: FROGGED UP CRIB|23/100 brn|[from] item: Leftovers
|-damage|p1a: FROGGED UP CRIB|11/100 brn|[from] brn
|-heal|p2a: Foretress|75/100|[from] item: Leftovers
|upkeep
|turn|26
|
|t:|1729456993
|move|p1a: FROGGED UP CRIB|Hypnosis|p2a: Foretress
|-status|p2a: Foretress|slp|[from] move: Hypnosis
|cant|p2a: Foretress|slp
|
|-weather|Sandstorm|[upkeep]
|-damage|p1a: FROGGED UP CRIB|5/100 brn|[from] Sandstorm
|-heal|p1a: FROGGED UP CRIB|11/100 brn|[from] item: Leftovers
|-damage|p1a: FROGGED UP CRIB|0 fnt|[from] brn
|faint|p1a: FROGGED UP CRIB
|-heal|p2a: Foretress|81/100 slp|[from] item: Leftovers
|upkeep
|
|t:|1729457000
|switch|p1a: Ms. Margaret|Metagross|100/100
|turn|27
|
|t:|1729457005
|move|p1a: Ms. Margaret|Hidden Power|p2a: Foretress
|-supereffective|p2a: Foretress
|-damage|p2a: Foretress|0 fnt
|faint|p2a: Foretress
|
|t:|1729457010
|switch|p2a: Jirachi|Jirachi|100/100
|-damage|p2a: Jirachi|84/100|[from] Spikes
|
|-weather|Sandstorm|[upkeep]
|-heal|p2a: Jirachi|90/100|[from] item: Leftovers
|upkeep
|turn|28
|
|t:|1729457020
|move|p2a: Jirachi|Fire Punch|p1a: Ms. Margaret
|-supereffective|p1a: Ms. Margaret
|-damage|p1a: Ms. Margaret|64/100
|move|p1a: Ms. Margaret|Hidden Power|p2a: Jirachi
|-supereffective|p2a: Jirachi
|-damage|p2a: Jirachi|60/100
|
|-weather|Sandstorm|[upkeep]
|-heal|p2a: Jirachi|66/100|[from] item: Leftovers
|-heal|p1a: Ms. Margaret|70/100|[from] item: Leftovers
|upkeep
|turn|29
|
|t:|1729457031
|move|p2a: Jirachi|Wish|p2a: Jirachi
|move|p1a: Ms. Margaret|Hidden Power|p2a: Jirachi
|-supereffective|p2a: Jirachi
|-damage|p2a: Jirachi|39/100
|
|-weather|Sandstorm|[upkeep]
|-heal|p2a: Jirachi|45/100|[from] item: Leftovers
|-heal|p1a: Ms. Margaret|76/100|[from] item: Leftovers
|upkeep
|turn|30
|
|t:|1729457034
|switch|p1a: Crisp & Crunch|Tyranitar, M, shiny|100/100
|move|p2a: Jirachi|Fire Punch|p1a: Crisp & Crunch
|-resisted|p1a: Crisp & Crunch
|-damage|p1a: Crisp & Crunch|93/100
|
|-heal|p2a: Jirachi|95/100|[from] move: Wish|[wisher] Jirachi
|-weather|Sandstorm|[upkeep]
|-heal|p2a: Jirachi|100/100|[from] item: Leftovers
|-heal|p1a: Crisp & Crunch|99/100|[from] item: Leftovers
|upkeep
|turn|31
|
|t:|1729457039
|switch|p2a: Tyranocif|Tyranitar, M|32/100 brn
|-damage|p2a: Tyranocif|16/100 brn|[from] Spikes
|move|p1a: Crisp & Crunch|Earthquake|p2a: Tyranocif
|-supereffective|p2a: Tyranocif
|-damage|p2a: Tyranocif|0 fnt
|faint|p2a: Tyranocif
|
|t:|1729457048
|switch|p2a: Ptéra|Aerodactyl, F|100/100
|
|-weather|Sandstorm|[upkeep]
|-heal|p1a: Crisp & Crunch|100/100|[from] item: Leftovers
|upkeep
|turn|32
|
|t:|1729457056
|move|p2a: Ptéra|Earthquake|p1a: Crisp & Crunch
|-supereffective|p1a: Crisp & Crunch
|-damage|p1a: Crisp & Crunch|33/100
|move|p1a: Crisp & Crunch|Rock Slide|p2a: Ptéra|[miss]
|-miss|p1a: Crisp & Crunch|p2a: Ptéra
|
|-weather|Sandstorm|[upkeep]
|-heal|p1a: Crisp & Crunch|39/100|[from] item: Leftovers
|upkeep
|turn|33
|
|t:|1729457060
|switch|p1a: Skarmory|Skarmory, M|47/100
|move|p2a: Ptéra|Earthquake|p1a: Skarmory
|-immune|p1a: Skarmory
|
|-weather|Sandstorm|[upkeep]
|-heal|p1a: Skarmory|53/100|[from] item: Leftovers
|upkeep
|turn|34
|
|t:|1729457066
|switch|p2a: Laggron|Swampert, F|45/100
|-damage|p2a: Laggron|28/100|[from] Spikes
|move|p1a: Skarmory|Roar|p2a: Laggron
|drag|p2a: Ptéra|Aerodactyl, F|100/100
|
|-weather|Sandstorm|[upkeep]
|-heal|p1a: Skarmory|59/100|[from] item: Leftovers
|upkeep
|turn|35
|
|t:|1729457074
|move|p2a: Ptéra|Rock Slide|p1a: Skarmory
|-damage|p1a: Skarmory|19/100
|move|p1a: Skarmory|Spikes|p2a: Ptéra
|-sidestart|p2: BL0X|Spikes
|
|-weather|Sandstorm|[upkeep]
|-heal|p1a: Skarmory|25/100|[from] item: Leftovers
|upkeep
|turn|36
|
|t:|1729457081
|move|p2a: Ptéra|Rock Slide|p1a: Skarmory|[miss]
|-miss|p2a: Ptéra|p1a: Skarmory
|move|p1a: Skarmory|Roar|p2a: Ptéra
|drag|p2a: Jirachi|Jirachi|100/100
|-damage|p2a: Jirachi|75/100|[from] Spikes
|
|-weather|Sandstorm|[upkeep]
|-heal|p2a: Jirachi|82/100|[from] item: Leftovers
|-heal|p1a: Skarmory|31/100|[from] item: Leftovers
|upkeep
|turn|37
|
|t:|1729457085
|move|p2a: Jirachi|Wish|p2a: Jirachi
|move|p1a: Skarmory|Taunt|p2a: Jirachi
|-start|p2a: Jirachi|move: Taunt
|
|-weather|Sandstorm|[upkeep]
|-heal|p2a: Jirachi|88/100|[from] item: Leftovers
|-heal|p1a: Skarmory|37/100|[from] item: Leftovers
|upkeep
|turn|38
|
|t:|1729457091
|move|p2a: Jirachi|Fire Punch|p1a: Skarmory
|-supereffective|p1a: Skarmory
|-damage|p1a: Skarmory|0 fnt
|faint|p1a: Skarmory
|
|t:|1729457099
|switch|p1a: Crisp & Crunch|Tyranitar, M, shiny|39/100
|
|-heal|p2a: Jirachi|100/100|[from] move: Wish|[wisher] Jirachi
|-weather|Sandstorm|[upkeep]
|-end|p2a: Jirachi|move: Taunt|[silent]
|-heal|p1a: Crisp & Crunch|46/100|[from] item: Leftovers
|upkeep
|turn|39
|
|t:|1729457103
|move|p2a: Jirachi|Toxic|p1a: Crisp & Crunch
|-status|p1a: Crisp & Crunch|tox
|move|p1a: Crisp & Crunch|Earthquake|p2a: Jirachi
|-supereffective|p2a: Jirachi
|-damage|p2a: Jirachi|38/100
|
|-weather|Sandstorm|[upkeep]
|-heal|p2a: Jirachi|44/100|[from] item: Leftovers
|-heal|p1a: Crisp & Crunch|52/100 tox|[from] item: Leftovers
|-damage|p1a: Crisp & Crunch|46/100 tox|[from] psn
|upkeep
|turn|40
|
|t:|1729457112
|-singleturn|p1a: Crisp & Crunch|move: Focus Punch
|move|p2a: Jirachi|Protect|p2a: Jirachi
|-singleturn|p2a: Jirachi|Protect
|move|p1a: Crisp & Crunch|Focus Punch|p2a: Jirachi
|-activate|p2a: Jirachi|Protect
|
|-weather|Sandstorm|[upkeep]
|-heal|p2a: Jirachi|50/100|[from] item: Leftovers
|-heal|p1a: Crisp & Crunch|52/100 tox|[from] item: Leftovers
|-damage|p1a: Crisp & Crunch|39/100 tox|[from] psn
|upkeep
|turn|41
|
|t:|1729457118
|switch|p2a: Laggron|Swampert, F|28/100
|-damage|p2a: Laggron|3/100|[from] Spikes
|move|p1a: Crisp & Crunch|Earthquake|p2a: Laggron
|-damage|p2a: Laggron|0 fnt
|faint|p2a: Laggron
|inactive|BL0X has 270 seconds left.
|
|t:|1729457175
|switch|p2a: Ptéra|Aerodactyl, F|100/100
|
|-weather|Sandstorm|[upkeep]
|-heal|p1a: Crisp & Crunch|46/100 tox|[from] item: Leftovers
|-damage|p1a: Crisp & Crunch|27/100 tox|[from] psn
|upkeep
|turn|42
|
|t:|1729457180
|move|p2a: Ptéra|Earthquake|p1a: Crisp & Crunch
|-supereffective|p1a: Crisp & Crunch
|-damage|p1a: Crisp & Crunch|0 fnt
|faint|p1a: Crisp & Crunch
|
|t:|1729457182
|switch|p1a: Ms. Margaret|Metagross|76/100
|
|-weather|Sandstorm|[upkeep]
|-heal|p1a: Ms. Margaret|82/100|[from] item: Leftovers
|upkeep
|turn|43
|
|t:|1729457185
|move|p2a: Ptéra|Earthquake|p1a: Ms. Margaret
|-supereffective|p1a: Ms. Margaret
|-damage|p1a: Ms. Margaret|7/100
|move|p1a: Ms. Margaret|Meteor Mash|p2a: Ptéra
|-supereffective|p2a: Ptéra
|-damage|p2a: Ptéra|0 fnt
|faint|p2a: Ptéra
|
|t:|1729457187
|switch|p2a: Jirachi|Jirachi|50/100
|-damage|p2a: Jirachi|25/100|[from] Spikes
|
|-weather|Sandstorm|[upkeep]
|-heal|p2a: Jirachi|31/100|[from] item: Leftovers
|-heal|p1a: Ms. Margaret|13/100|[from] item: Leftovers
|upkeep
|turn|44
|
|t:|1729457190
|move|p2a: Jirachi|Fire Punch|p1a: Ms. Margaret
|-supereffective|p1a: Ms. Margaret
|-damage|p1a: Ms. Margaret|0 fnt
|faint|p1a: Ms. Margaret
|
|win|BL0X
|c|☆Leeto64|gg wp
|c|☆BL0X|gg

</script>
<script type="application/json" class="data" id="replaydata-smogtours-gen3ou-800793">
{"id":"smogtours-gen3ou-800793","format":"[Gen 3] OU","players":["Leeto64","BL0X"],"uploadtime":1729457190,"views":94,"formatid":"gen3ou","rating":null,"private":0,"password":null}
</script>

<script defer src="js/replays.js?9d40a366"></script>
