<!DOCTYPE html>
<meta charset="utf-8" />
<meta name="viewport" content="width=device-width" />

<title>[Gen 3] OU: xGangg vs. bydy2 - Replays - Pok&eacute;mon Showdown!</title>

<meta name="description" content="Watch a replay of a Pok&eacute;mon battle between xGangg and bydy2! Format: [Gen 3] OU; Date: Oct 17, 2024" />
<!--

Hey, you! Looking in the source for the replay log?

You can find them in JSON format, just add `.json` at the end of a replay URL.

https://replay.pokemonshowdown.com/gen7randomdoublesbattle-865046831.json

Or, if you only need the log itself, add `.log` instead:

https://replay.pokemonshowdown.com/gen7randomdoublesbattle-865046831.log

-->

<link rel="stylesheet" href="//pokemonshowdown.com/style/global.css?0.023195364461161105" />
<link rel="stylesheet" href="//play.pokemonshowdown.com/style/font-awesome.css?0.13261647063804238" />
<link rel="stylesheet" href="//play.pokemonshowdown.com/style/battle.css?0.8753245789963631" />
<link rel="stylesheet" href="//play.pokemonshowdown.com/style/utilichart.css?0.8627959624976733" />

<!-- Global site tag (gtag.js) - Google Analytics -->
<script async src="https://www.googletagmanager.com/gtag/js?id=UA-26211653-1"></script>
<script>
  window.dataLayer = window.dataLayer || [];
  function gtag(){dataLayer.push(arguments);}
  gtag('js', new Date());

  gtag('config', 'UA-26211653-1');
</script>
<!-- End Google Analytics -->
<!-- Venatus Ad Manager - Install in <HEAD> of page -->
	<script src="https://hb.vntsm.com/v3/live/ad-manager.min.js" type="text/javascript" data-site-id="642aba63ec9a7b11c3c9c1be" data-mode="scan" async></script>
<!-- / Venatus Ad Manager -->

<style>
	@media (max-width:820px) {
		.battle {
			margin: 0 auto;
		}
		.battle-log {
			margin: 7px auto 0;
			max-width: 640px;
			height: 300px;
			position: static;
		}
	}
	.optgroup {
		display: inline-block;
		line-height: 22px;
		font-size: 10pt;
	}
	.optgroup .button {
		height: 25px;
		padding-top: 0;
		padding-bottom: 0;
	}
	.optgroup button.button {
		padding-left: 12px;
		padding-right: 12px;
	}
	.linklist {
		list-style: none;
		margin: 0.5em 0;
		padding: 0;
	}
	.linklist li {
		padding: 2px 0;
	}
	.sidebar {
		float: left;
		width: 320px;
	}
	.bar-wrapper {
		max-width: 1100px;
		margin: 0 auto;
	}
	.bar-wrapper.has-sidebar {
		max-width: 1430px;
	}
	.mainbar {
		margin: 0;
		padding-right: 1px;
	}
	.mainbar.has-sidebar {
		margin-left: 330px;
	}
	@media (min-width: 1511px) {
		.sidebar {
			width: 400px;
		}
		.bar-wrapper.has-sidebar {
			max-width: 1510px;
		}
		.mainbar.has-sidebar {
			margin-left: 410px;
		}
	}
	.section.first-section {
		margin-top: 9px;
	}
	.blocklink small {
		white-space: normal;
	}
	.button {
		vertical-align: middle;
	}
	.replay-controls {
		padding-top: 10px;
	}
	.replay-controls h1 {
		font-size: 16pt;
		font-weight: normal;
		color: #CCC;
	}
	.pagelink {
		text-align: center;
	}
	.pagelink a {
		width: 150px;
	}
	.textbox, .button {
		font-size: 11pt;
		vertical-align: middle;
	}
	@media (max-width: 450px) {
		.button {
			font-size: 9pt;
		}
	}
</style>

<div>

	<header>
		<div class="nav-wrapper"><ul class="nav">
			<li><a class="button nav-first" href="//pokemonshowdown.com/"><img src="//pokemonshowdown.com/images/pokemonshowdownbeta.png" srcset="//pokemonshowdown.com/images/pokemonshowdownbeta.png 1x, //pokemonshowdown.com/images/pokemonshowdownbeta@2x.png 2x" alt="Pok&eacute;mon Showdown" width="146" height="44" /> Home</a></li>
			<li><a class="button" href="//pokemonshowdown.com/dex/">Pok&eacute;dex</a></li>
			<li><a class="button cur" href="/">Replays</a></li>
			<li><a class="button" href="//pokemonshowdown.com/ladder/">Ladder</a></li>
			<li><a class="button nav-last" href="//pokemonshowdown.com/forums/">Forum</a></li>
			<li><a class="button greenbutton nav-first nav-last" href="//play.pokemonshowdown.com/">Play</a></li>
		</ul></div>
	</header>

	<div class="main" id="main">

		<noscript><section class="section">You need to enable JavaScript to use this page; sorry!</section></noscript>

	</div>

</div>

<script defer nomodule src="//play.pokemonshowdown.com/js/lib/ps-polyfill.js"></script>
<script defer src="//play.pokemonshowdown.com/js/lib/preact.min.js"></script>

<script defer src="//play.pokemonshowdown.com/config/config.js?2bddbc15"></script>
<script defer src="//play.pokemonshowdown.com/js/lib/jquery-1.11.0.min.js"></script>
<script defer src="//play.pokemonshowdown.com/js/lib/html-sanitizer-minified.js"></script>
<script defer src="//play.pokemonshowdown.com/js/battle-sound.js"></script>
<script defer src="//play.pokemonshowdown.com/js/battledata.js?0.7209276989879541"></script>
<script defer src="//play.pokemonshowdown.com/data/pokedex-mini.js?0.6111056340867951"></script>
<script defer src="//play.pokemonshowdown.com/data/pokedex-mini-bw.js?0.3532142036491459"></script>
<script defer src="//play.pokemonshowdown.com/data/graphics.js?0.24223875632456182"></script>
<script defer src="//play.pokemonshowdown.com/data/pokedex.js?0.38839984266356864"></script>
<script defer src="//play.pokemonshowdown.com/data/moves.js?0.21866028504024015"></script>
<script defer src="//play.pokemonshowdown.com/data/abilities.js?0.2005157953846628"></script>
<script defer src="//play.pokemonshowdown.com/data/items.js?0.9894211263848525"></script>
<script defer src="//play.pokemonshowdown.com/data/teambuilder-tables.js?0.6008791140282215"></script>
<script defer src="//play.pokemonshowdown.com/js/battle-tooltips.js?0.7580118955022959"></script>
<script defer src="//play.pokemonshowdown.com/js/battle.js?0.6057722274234274"></script>

<script defer src="js/utils.js?e31f9a17"></script>
<script defer src="js/replays-battle.js?7008c182"></script>

<!-- don't scrape this data! just add .json or .log after the URL!
Full API docs: https://github.com/smogon/pokemon-showdown-client/blob/master/WEB-API.md -->
<script type="text/plain" class="log" id="replaylog-smogtours-gen3ou-799375">
|inactive|Battle timer is ON: inactive players will automatically lose when time's up.
|t:|1729197633
|gametype|singles
|player|p1|xGangg|#teamvictini|
|player|p2|bydy2|barry|
|teamsize|p1|6
|teamsize|p2|6
|gen|3
|tier|[Gen 3] OU
|rule|Sleep Clause Mod: Limit one foe put to sleep
|rule|Switch Priority Clause Mod: Faster Pokémon switch first
|rule|Species Clause: Limit one of each Pokémon
|rule|OHKO Clause: OHKO moves are banned
|rule|Evasion Items Clause: Evasion items are banned
|rule|Evasion Moves Clause: Evasion moves are banned
|rule|Endless Battle Clause: Forcing endless battles is banned
|rule|HP Percentage Mod: HP is shown in percentages
|rule|One Boost Passer Clause: Limit one Baton Passer that has a way to boost its stats
|rule|Freeze Clause Mod: Limit one foe frozen
|
|t:|1729197633
|start
|switch|p1a: Skarmory|Skarmory, F|100/100
|switch|p2a: Zapdos|Zapdos|100/100
|turn|1
|
|t:|1729197643
|switch|p1a: Swampert|Swampert, F|100/100
|move|p2a: Zapdos|Substitute|p2a: Zapdos
|-start|p2a: Zapdos|Substitute
|-damage|p2a: Zapdos|76/100
|
|-heal|p2a: Zapdos|82/100|[from] item: Leftovers
|upkeep
|turn|2
|
|t:|1729197656
|move|p1a: Swampert|Protect|p1a: Swampert
|-singleturn|p1a: Swampert|Protect
|move|p2a: Zapdos|Baton Pass|p2a: Zapdos
|
|t:|1729197663
|switch|p2a: Celebi|Celebi|100/100|[from] Baton Pass
|
|upkeep
|turn|3
|
|t:|1729197670
|switch|p1a: Skarmory|Skarmory, F|100/100
|move|p2a: Celebi|Calm Mind|p2a: Celebi
|-boost|p2a: Celebi|spa|1
|-boost|p2a: Celebi|spd|1
|
|upkeep
|turn|4
|
|t:|1729197672
|move|p2a: Celebi|Hidden Power|p1a: Skarmory
|-supereffective|p1a: Skarmory
|-damage|p1a: Skarmory|51/100
|move|p1a: Skarmory|Roar|p2a: Celebi
|drag|p2a: Zapdos|Zapdos|82/100
|
|-heal|p2a: Zapdos|88/100|[from] item: Leftovers
|-heal|p1a: Skarmory|57/100|[from] item: Leftovers
|upkeep
|turn|5
|
|t:|1729197678
|switch|p1a: Tyranitar|Tyranitar, F|100/100
|-weather|Sandstorm|[from] ability: Sand Stream|[of] p1a: Tyranitar
|move|p2a: Zapdos|Thunderbolt|p1a: Tyranitar
|-crit|p1a: Tyranitar
|-damage|p1a: Tyranitar|18/100
|
|-weather|Sandstorm|[upkeep]
|-damage|p2a: Zapdos|82/100|[from] Sandstorm
|-heal|p2a: Zapdos|88/100|[from] item: Leftovers
|-heal|p1a: Tyranitar|25/100|[from] item: Leftovers
|upkeep
|turn|6
|
|t:|1729197686
|switch|p1a: Blissey|Blissey, F, shiny|100/100
|move|p2a: Zapdos|Thunderbolt|p1a: Blissey
|-damage|p1a: Blissey|80/100
|
|-weather|Sandstorm|[upkeep]
|-damage|p2a: Zapdos|82/100|[from] Sandstorm
|-damage|p1a: Blissey|74/100|[from] Sandstorm
|-heal|p2a: Zapdos|88/100|[from] item: Leftovers
|-heal|p1a: Blissey|80/100|[from] item: Leftovers
|upkeep
|turn|7
|
|t:|1729197697
|move|p2a: Zapdos|Baton Pass|p2a: Zapdos
|
|t:|1729197698
|switch|p2a: Suicune|Suicune, shiny|100/100|[from] Baton Pass
|move|p1a: Blissey|Ice Beam|p2a: Suicune
|-resisted|p2a: Suicune
|-damage|p2a: Suicune|90/100
|
|-weather|Sandstorm|[upkeep]
|-damage|p2a: Suicune|84/100|[from] Sandstorm
|-damage|p1a: Blissey|74/100|[from] Sandstorm
|-heal|p2a: Suicune|90/100|[from] item: Leftovers
|-heal|p1a: Blissey|80/100|[from] item: Leftovers
|upkeep
|turn|8
|
|t:|1729197713
|move|p2a: Suicune|Toxic|p1a: Blissey|[miss]
|-miss|p2a: Suicune|p1a: Blissey
|move|p1a: Blissey|Toxic|p2a: Suicune
|-status|p2a: Suicune|tox
|
|-weather|Sandstorm|[upkeep]
|-damage|p2a: Suicune|84/100 tox|[from] Sandstorm
|-damage|p1a: Blissey|74/100|[from] Sandstorm
|-heal|p2a: Suicune|90/100 tox|[from] item: Leftovers
|-damage|p2a: Suicune|84/100 tox|[from] psn
|-heal|p1a: Blissey|80/100|[from] item: Leftovers
|upkeep
|turn|9
|
|t:|1729197722
|switch|p1a: Starmie|Starmie|100/100
|move|p2a: Suicune|Toxic|p1a: Starmie
|-status|p1a: Starmie|tox
|
|-weather|Sandstorm|[upkeep]
|-damage|p1a: Starmie|94/100 tox|[from] Sandstorm
|-damage|p2a: Suicune|78/100 tox|[from] Sandstorm
|-heal|p1a: Starmie|100/100 tox|[from] item: Leftovers
|-damage|p1a: Starmie|94/100 tox|[from] psn
|-heal|p2a: Suicune|84/100 tox|[from] item: Leftovers
|-damage|p2a: Suicune|72/100 tox|[from] psn
|upkeep
|turn|10
|
|t:|1729197738
|switch|p2a: Celebi|Celebi|100/100
|move|p1a: Starmie|Ice Beam|p2a: Celebi
|-supereffective|p2a: Celebi
|-damage|p2a: Celebi|55/100
|-status|p2a: Celebi|frz
|
|-weather|Sandstorm|[upkeep]
|-damage|p1a: Starmie|88/100 tox|[from] Sandstorm
|-damage|p2a: Celebi|49/100 frz|[from] Sandstorm
|-heal|p1a: Starmie|94/100 tox|[from] item: Leftovers
|-damage|p1a: Starmie|82/100 tox|[from] psn
|-heal|p2a: Celebi|55/100 frz|[from] item: Leftovers
|upkeep
|turn|11
|
|t:|1729197754
|-curestatus|p1a: Starmie|tox|[from] ability: Natural Cure
|switch|p1a: Tyranitar|Tyranitar, F|25/100
|-curestatus|p2a: Celebi|frz|[from] ability: Natural Cure
|switch|p2a: Suicune|Suicune, shiny|72/100 tox
|
|-weather|Sandstorm|[upkeep]
|-damage|p2a: Suicune|66/100 tox|[from] Sandstorm
|-heal|p2a: Suicune|72/100 tox|[from] item: Leftovers
|-damage|p2a: Suicune|66/100 tox|[from] psn
|-heal|p1a: Tyranitar|31/100|[from] item: Leftovers
|upkeep
|turn|12
|
|t:|1729197773
|switch|p2a: Dugtrio|Dugtrio, F, shiny|100/100
|switch|p1a: Blissey|Blissey, F, shiny|80/100
|
|-weather|Sandstorm|[upkeep]
|-damage|p1a: Blissey|74/100|[from] Sandstorm
|-heal|p1a: Blissey|80/100|[from] item: Leftovers
|upkeep
|turn|13
|
|t:|1729197775
|move|p2a: Dugtrio|Beat Up|p1a: Blissey
|-damage|p1a: Blissey|71/100
|-damage|p1a: Blissey|60/100
|-damage|p1a: Blissey|47/100
|-damage|p1a: Blissey|36/100
|-damage|p1a: Blissey|26/100
|-hitcount|p1a: Blissey|5
|move|p1a: Blissey|Ice Beam|p2a: Dugtrio
|-supereffective|p2a: Dugtrio
|-damage|p2a: Dugtrio|12/100
|
|-weather|Sandstorm|[upkeep]
|-damage|p1a: Blissey|20/100|[from] Sandstorm
|-heal|p1a: Blissey|26/100|[from] item: Leftovers
|upkeep
|turn|14
|
|t:|1729197777
|move|p2a: Dugtrio|Beat Up|p1a: Blissey
|-damage|p1a: Blissey|16/100
|-damage|p1a: Blissey|4/100
|-damage|p1a: Blissey|0 fnt
|-hitcount|p1a: Blissey|3
|faint|p1a: Blissey
|
|t:|1729197779
|switch|p1a: Skarmory|Skarmory, F|57/100
|
|-weather|Sandstorm|[upkeep]
|-heal|p1a: Skarmory|63/100|[from] item: Leftovers
|upkeep
|turn|15
|
|t:|1729197782
|switch|p2a: Zapdos|Zapdos|88/100
|move|p1a: Skarmory|Spikes|p2a: Zapdos
|-sidestart|p2: bydy2|Spikes
|
|-weather|Sandstorm|[upkeep]
|-damage|p2a: Zapdos|82/100|[from] Sandstorm
|-heal|p2a: Zapdos|88/100|[from] item: Leftovers
|-heal|p1a: Skarmory|69/100|[from] item: Leftovers
|upkeep
|turn|16
|
|t:|1729197790
|switch|p1a: Swampert|Swampert, F|100/100
|move|p2a: Zapdos|Thunderbolt|p1a: Swampert
|-immune|p1a: Swampert
|
|-weather|Sandstorm|[upkeep]
|-damage|p2a: Zapdos|82/100|[from] Sandstorm
|-heal|p2a: Zapdos|88/100|[from] item: Leftovers
|upkeep
|turn|17
|
|t:|1729197799
|move|p2a: Zapdos|Substitute|p2a: Zapdos
|-start|p2a: Zapdos|Substitute
|-damage|p2a: Zapdos|63/100
|move|p1a: Swampert|Ice Beam|p2a: Zapdos
|-supereffective|p2a: Zapdos
|-end|p2a: Zapdos|Substitute
|
|-weather|Sandstorm|[upkeep]
|-damage|p2a: Zapdos|57/100|[from] Sandstorm
|-heal|p2a: Zapdos|63/100|[from] item: Leftovers
|upkeep
|turn|18
|
|t:|1729197801
|move|p2a: Zapdos|Baton Pass|p2a: Zapdos
|
|t:|1729197806
|switch|p2a: Suicune|Suicune, shiny|66/100 tox|[from] Baton Pass
|-damage|p2a: Suicune|54/100 tox|[from] Spikes
|move|p1a: Swampert|Earthquake|p2a: Suicune
|-damage|p2a: Suicune|24/100 tox
|
|-weather|Sandstorm|[upkeep]
|-damage|p2a: Suicune|18/100 tox|[from] Sandstorm
|-heal|p2a: Suicune|24/100 tox|[from] item: Leftovers
|-damage|p2a: Suicune|18/100 tox|[from] psn
|upkeep
|turn|19
|
|t:|1729197810
|move|p1a: Swampert|Protect|p1a: Swampert
|-singleturn|p1a: Swampert|Protect
|move|p2a: Suicune|Toxic|p1a: Swampert
|-activate|p1a: Swampert|Protect
|
|-weather|Sandstorm|[upkeep]
|-damage|p2a: Suicune|12/100 tox|[from] Sandstorm
|-heal|p2a: Suicune|18/100 tox|[from] item: Leftovers
|-damage|p2a: Suicune|6/100 tox|[from] psn
|upkeep
|turn|20
|
|t:|1729197814
|switch|p1a: Starmie|Starmie|82/100
|move|p2a: Suicune|Hydro Pump|p1a: Starmie
|-resisted|p1a: Starmie
|-damage|p1a: Starmie|45/100
|
|-weather|Sandstorm|[upkeep]
|-damage|p1a: Starmie|39/100|[from] Sandstorm
|-damage|p2a: Suicune|0 fnt|[from] Sandstorm
|faint|p2a: Suicune
|-heal|p1a: Starmie|45/100|[from] item: Leftovers
|upkeep
|
|t:|1729197822
|switch|p2a: Raikou|Raikou, shiny|100/100
|-damage|p2a: Raikou|88/100|[from] Spikes
|turn|21
|
|t:|1729197844
|move|p2a: Raikou|Hidden Power|p1a: Starmie
|-supereffective|p1a: Starmie
|-damage|p1a: Starmie|0 fnt
|faint|p1a: Starmie
|
|t:|1729197855
|switch|p1a: Swampert|Swampert, F|100/100
|
|-weather|Sandstorm|[upkeep]
|-damage|p2a: Raikou|82/100|[from] Sandstorm
|-heal|p2a: Raikou|88/100|[from] item: Leftovers
|upkeep
|turn|22
|
|t:|1729197868
|switch|p2a: Celebi|Celebi|55/100
|-damage|p2a: Celebi|43/100|[from] Spikes
|move|p1a: Swampert|Earthquake|p2a: Celebi
|-resisted|p2a: Celebi
|-damage|p2a: Celebi|28/100
|
|-weather|Sandstorm|[upkeep]
|-damage|p2a: Celebi|22/100|[from] Sandstorm
|-heal|p2a: Celebi|28/100|[from] item: Leftovers
|upkeep
|turn|23
|
|t:|1729197874
|switch|p1a: Gengar|Gengar, F|100/100
|move|p2a: Celebi|Giga Drain|p1a: Gengar
|-resisted|p1a: Gengar
|-damage|p1a: Gengar|88/100
|-heal|p2a: Celebi|32/100|[from] drain|[of] p1a: Gengar
|
|-weather|Sandstorm|[upkeep]
|-damage|p1a: Gengar|82/100|[from] Sandstorm
|-damage|p2a: Celebi|26/100|[from] Sandstorm
|-heal|p1a: Gengar|88/100|[from] item: Leftovers
|-heal|p2a: Celebi|32/100|[from] item: Leftovers
|upkeep
|turn|24
|
|t:|1729197881
|switch|p2a: Jirachi|Jirachi|100/100
|-damage|p2a: Jirachi|88/100|[from] Spikes
|move|p1a: Gengar|Ice Punch|p2a: Jirachi
|-resisted|p2a: Jirachi
|-damage|p2a: Jirachi|80/100
|
|-weather|Sandstorm|[upkeep]
|-damage|p1a: Gengar|82/100|[from] Sandstorm
|-heal|p1a: Gengar|88/100|[from] item: Leftovers
|-heal|p2a: Jirachi|86/100|[from] item: Leftovers
|upkeep
|turn|25
|
|t:|1729197889
|switch|p1a: Skarmory|Skarmory, F|69/100
|move|p2a: Jirachi|Psychic|p1a: Skarmory
|-resisted|p1a: Skarmory
|-damage|p1a: Skarmory|52/100
|
|-weather|Sandstorm|[upkeep]
|-heal|p2a: Jirachi|92/100|[from] item: Leftovers
|-heal|p1a: Skarmory|58/100|[from] item: Leftovers
|upkeep
|turn|26
|
|t:|1729197911
|move|p1a: Skarmory|Protect|p1a: Skarmory
|-singleturn|p1a: Skarmory|Protect
|move|p2a: Jirachi|Calm Mind|p2a: Jirachi
|-boost|p2a: Jirachi|spa|1
|-boost|p2a: Jirachi|spd|1
|
|-weather|Sandstorm|[upkeep]
|-heal|p2a: Jirachi|98/100|[from] item: Leftovers
|-heal|p1a: Skarmory|64/100|[from] item: Leftovers
|upkeep
|turn|27
|
|t:|1729197917
|move|p2a: Jirachi|Fire Punch|p1a: Skarmory
|-supereffective|p1a: Skarmory
|-damage|p1a: Skarmory|2/100
|-status|p1a: Skarmory|brn
|move|p1a: Skarmory|Roar|p2a: Jirachi
|drag|p2a: Raikou|Raikou, shiny|88/100
|-damage|p2a: Raikou|76/100|[from] Spikes
|
|-weather|Sandstorm|[upkeep]
|-damage|p2a: Raikou|69/100|[from] Sandstorm
|-heal|p2a: Raikou|76/100|[from] item: Leftovers
|-heal|p1a: Skarmory|8/100 brn|[from] item: Leftovers
|-damage|p1a: Skarmory|0 fnt|[from] brn
|faint|p1a: Skarmory
|upkeep
|
|t:|1729197923
|switch|p1a: Swampert|Swampert, F|100/100
|turn|28
|
|t:|1729197930
|switch|p2a: Celebi|Celebi|32/100
|-damage|p2a: Celebi|20/100|[from] Spikes
|move|p1a: Swampert|Earthquake|p2a: Celebi
|-resisted|p2a: Celebi
|-damage|p2a: Celebi|5/100
|
|-weather|Sandstorm|[upkeep]
|-damage|p2a: Celebi|0 fnt|[from] Sandstorm
|faint|p2a: Celebi
|upkeep
|
|t:|1729197931
|switch|p2a: Dugtrio|Dugtrio, F, shiny|12/100
|-damage|p2a: Dugtrio|0 fnt|[from] Spikes
|faint|p2a: Dugtrio
|
|t:|1729197936
|switch|p2a: Zapdos|Zapdos|63/100
|turn|29
|inactive|xGangg has 270 seconds left.
|
|t:|1729197974
|move|p2a: Zapdos|Hidden Power|p1a: Swampert
|-damage|p1a: Swampert|81/100
|move|p1a: Swampert|Hydro Pump|p2a: Zapdos|[miss]
|-miss|p1a: Swampert|p2a: Zapdos
|
|-weather|Sandstorm|[upkeep]
|-damage|p2a: Zapdos|57/100|[from] Sandstorm
|-heal|p2a: Zapdos|63/100|[from] item: Leftovers
|-heal|p1a: Swampert|87/100|[from] item: Leftovers
|upkeep
|turn|30
|
|t:|1729197978
|move|p2a: Zapdos|Hidden Power|p1a: Swampert
|-damage|p1a: Swampert|65/100
|move|p1a: Swampert|Ice Beam|p2a: Zapdos
|-supereffective|p2a: Zapdos
|-damage|p2a: Zapdos|13/100
|
|-weather|Sandstorm|[upkeep]
|-damage|p2a: Zapdos|7/100|[from] Sandstorm
|-heal|p2a: Zapdos|13/100|[from] item: Leftovers
|-heal|p1a: Swampert|71/100|[from] item: Leftovers
|upkeep
|turn|31
|
|t:|1729197982
|move|p1a: Swampert|Protect|p1a: Swampert
|-singleturn|p1a: Swampert|Protect
|move|p2a: Zapdos|Hidden Power|p1a: Swampert
|-activate|p1a: Swampert|Protect
|
|-weather|Sandstorm|[upkeep]
|-damage|p2a: Zapdos|7/100|[from] Sandstorm
|-heal|p2a: Zapdos|13/100|[from] item: Leftovers
|-heal|p1a: Swampert|77/100|[from] item: Leftovers
|upkeep
|turn|32
|
|t:|1729197988
|switch|p1a: Gengar|Gengar, F|88/100
|move|p2a: Zapdos|Hidden Power|p1a: Gengar
|-damage|p1a: Gengar|62/100
|
|-weather|Sandstorm|[upkeep]
|-damage|p1a: Gengar|56/100|[from] Sandstorm
|-damage|p2a: Zapdos|7/100|[from] Sandstorm
|-heal|p1a: Gengar|62/100|[from] item: Leftovers
|-heal|p2a: Zapdos|13/100|[from] item: Leftovers
|upkeep
|turn|33
|
|t:|1729197997
|move|p1a: Gengar|Thunderbolt|p2a: Zapdos
|-damage|p2a: Zapdos|0 fnt
|faint|p2a: Zapdos
|
|t:|1729198001
|switch|p2a: Jirachi|Jirachi|98/100
|-damage|p2a: Jirachi|86/100|[from] Spikes
|
|-weather|Sandstorm|[upkeep]
|-damage|p1a: Gengar|56/100|[from] Sandstorm
|-heal|p1a: Gengar|62/100|[from] item: Leftovers
|-heal|p2a: Jirachi|92/100|[from] item: Leftovers
|upkeep
|turn|34
|
|t:|1729198023
|move|p1a: Gengar|Explosion|p2a: Jirachi
|-resisted|p2a: Jirachi
|-damage|p2a: Jirachi|64/100
|faint|p1a: Gengar
|
|t:|1729198025
|switch|p1a: Tyranitar|Tyranitar, F|31/100
|
|-weather|Sandstorm|[upkeep]
|-heal|p2a: Jirachi|70/100|[from] item: Leftovers
|-heal|p1a: Tyranitar|37/100|[from] item: Leftovers
|upkeep
|turn|35
|
|t:|1729198034
|move|p2a: Jirachi|Fire Punch|p1a: Tyranitar
|-resisted|p1a: Tyranitar
|-damage|p1a: Tyranitar|28/100
|move|p1a: Tyranitar|Earthquake|p2a: Jirachi
|-supereffective|p2a: Jirachi
|-damage|p2a: Jirachi|10/100
|
|-weather|Sandstorm|[upkeep]
|-heal|p2a: Jirachi|16/100|[from] item: Leftovers
|-heal|p1a: Tyranitar|34/100|[from] item: Leftovers
|upkeep
|turn|36
|
|t:|1729198040
|move|p2a: Jirachi|Fire Punch|p1a: Tyranitar
|-resisted|p1a: Tyranitar
|-damage|p1a: Tyranitar|27/100
|move|p1a: Tyranitar|Earthquake|p2a: Jirachi
|-supereffective|p2a: Jirachi
|-damage|p2a: Jirachi|0 fnt
|faint|p2a: Jirachi
|
|t:|1729198042
|switch|p2a: Raikou|Raikou, shiny|76/100
|-damage|p2a: Raikou|63/100|[from] Spikes
|
|-weather|Sandstorm|[upkeep]
|-damage|p2a: Raikou|57/100|[from] Sandstorm
|-heal|p2a: Raikou|63/100|[from] item: Leftovers
|-heal|p1a: Tyranitar|33/100|[from] item: Leftovers
|upkeep
|turn|37
|
|t:|1729198045
|move|p2a: Raikou|Thunderbolt|p1a: Tyranitar
|-damage|p1a: Tyranitar|0 fnt
|faint|p1a: Tyranitar
|
|t:|1729198047
|switch|p1a: Swampert|Swampert, F|77/100
|
|-weather|Sandstorm|[upkeep]
|-damage|p2a: Raikou|57/100|[from] Sandstorm
|-heal|p2a: Raikou|63/100|[from] item: Leftovers
|-heal|p1a: Swampert|84/100|[from] item: Leftovers
|upkeep
|turn|38
|
|t:|1729198062
|move|p2a: Raikou|Substitute|p2a: Raikou
|-start|p2a: Raikou|Substitute
|-damage|p2a: Raikou|38/100
|move|p1a: Swampert|Earthquake|p2a: Raikou
|-supereffective|p2a: Raikou
|-end|p2a: Raikou|Substitute
|
|-weather|Sandstorm|[upkeep]
|-damage|p2a: Raikou|32/100|[from] Sandstorm
|-heal|p2a: Raikou|38/100|[from] item: Leftovers
|-heal|p1a: Swampert|90/100|[from] item: Leftovers
|upkeep
|turn|39
|
|t:|1729198067
|move|p2a: Raikou|Hidden Power|p1a: Swampert
|-supereffective|p1a: Swampert
|-damage|p1a: Swampert|13/100
|move|p1a: Swampert|Earthquake|p2a: Raikou
|-supereffective|p2a: Raikou
|-damage|p2a: Raikou|0 fnt
|faint|p2a: Raikou
|
|win|xGangg
|c|☆xGangg|gg
|c|☆bydy2|ggs

</script>
<script type="application/json" class="data" id="replaydata-smogtours-gen3ou-799375">
{"id":"smogtours-gen3ou-799375","format":"[Gen 3] OU","players":["xGangg","bydy2"],"uploadtime":1729198067,"views":93,"formatid":"gen3ou","rating":null,"private":0,"password":null}
</script>

<script defer src="js/replays.js?9d40a366"></script>
