<!DOCTYPE html>
<meta charset="utf-8" />
<meta name="viewport" content="width=device-width" />

<title>[Gen 3] OU: MeatballSpaghetti vs. felipe01788 - Replays - Pok&eacute;mon Showdown!</title>

<meta name="description" content="Watch a replay of a Pok&eacute;mon battle between MeatballSpaghetti and felipe01788! Format: [Gen 3] OU; Date: Oct 17, 2024" />
<!--

Hey, you! Looking in the source for the replay log?

You can find them in JSON format, just add `.json` at the end of a replay URL.

https://replay.pokemonshowdown.com/gen7randomdoublesbattle-865046831.json

Or, if you only need the log itself, add `.log` instead:

https://replay.pokemonshowdown.com/gen7randomdoublesbattle-865046831.log

-->

<link rel="stylesheet" href="//pokemonshowdown.com/style/global.css?0.023195364461161105" />
<link rel="stylesheet" href="//play.pokemonshowdown.com/style/font-awesome.css?0.13261647063804238" />
<link rel="stylesheet" href="//play.pokemonshowdown.com/style/battle.css?0.8753245789963631" />
<link rel="stylesheet" href="//play.pokemonshowdown.com/style/utilichart.css?0.8627959624976733" />

<!-- Global site tag (gtag.js) - Google Analytics -->
<script async src="https://www.googletagmanager.com/gtag/js?id=UA-26211653-1"></script>
<script>
  window.dataLayer = window.dataLayer || [];
  function gtag(){dataLayer.push(arguments);}
  gtag('js', new Date());

  gtag('config', 'UA-26211653-1');
</script>
<!-- End Google Analytics -->
<!-- Venatus Ad Manager - Install in <HEAD> of page -->
	<script src="https://hb.vntsm.com/v3/live/ad-manager.min.js" type="text/javascript" data-site-id="642aba63ec9a7b11c3c9c1be" data-mode="scan" async></script>
<!-- / Venatus Ad Manager -->

<style>
	@media (max-width:820px) {
		.battle {
			margin: 0 auto;
		}
		.battle-log {
			margin: 7px auto 0;
			max-width: 640px;
			height: 300px;
			position: static;
		}
	}
	.optgroup {
		display: inline-block;
		line-height: 22px;
		font-size: 10pt;
	}
	.optgroup .button {
		height: 25px;
		padding-top: 0;
		padding-bottom: 0;
	}
	.optgroup button.button {
		padding-left: 12px;
		padding-right: 12px;
	}
	.linklist {
		list-style: none;
		margin: 0.5em 0;
		padding: 0;
	}
	.linklist li {
		padding: 2px 0;
	}
	.sidebar {
		float: left;
		width: 320px;
	}
	.bar-wrapper {
		max-width: 1100px;
		margin: 0 auto;
	}
	.bar-wrapper.has-sidebar {
		max-width: 1430px;
	}
	.mainbar {
		margin: 0;
		padding-right: 1px;
	}
	.mainbar.has-sidebar {
		margin-left: 330px;
	}
	@media (min-width: 1511px) {
		.sidebar {
			width: 400px;
		}
		.bar-wrapper.has-sidebar {
			max-width: 1510px;
		}
		.mainbar.has-sidebar {
			margin-left: 410px;
		}
	}
	.section.first-section {
		margin-top: 9px;
	}
	.blocklink small {
		white-space: normal;
	}
	.button {
		vertical-align: middle;
	}
	.replay-controls {
		padding-top: 10px;
	}
	.replay-controls h1 {
		font-size: 16pt;
		font-weight: normal;
		color: #CCC;
	}
	.pagelink {
		text-align: center;
	}
	.pagelink a {
		width: 150px;
	}
	.textbox, .button {
		font-size: 11pt;
		vertical-align: middle;
	}
	@media (max-width: 450px) {
		.button {
			font-size: 9pt;
		}
	}
</style>

<div>

	<header>
		<div class="nav-wrapper"><ul class="nav">
			<li><a class="button nav-first" href="//pokemonshowdown.com/"><img src="//pokemonshowdown.com/images/pokemonshowdownbeta.png" srcset="//pokemonshowdown.com/images/pokemonshowdownbeta.png 1x, //pokemonshowdown.com/images/pokemonshowdownbeta@2x.png 2x" alt="Pok&eacute;mon Showdown" width="146" height="44" /> Home</a></li>
			<li><a class="button" href="//pokemonshowdown.com/dex/">Pok&eacute;dex</a></li>
			<li><a class="button cur" href="/">Replays</a></li>
			<li><a class="button" href="//pokemonshowdown.com/ladder/">Ladder</a></li>
			<li><a class="button nav-last" href="//pokemonshowdown.com/forums/">Forum</a></li>
			<li><a class="button greenbutton nav-first nav-last" href="//play.pokemonshowdown.com/">Play</a></li>
		</ul></div>
	</header>

	<div class="main" id="main">

		<noscript><section class="section">You need to enable JavaScript to use this page; sorry!</section></noscript>

	</div>

</div>

<script defer nomodule src="//play.pokemonshowdown.com/js/lib/ps-polyfill.js"></script>
<script defer src="//play.pokemonshowdown.com/js/lib/preact.min.js"></script>

<script defer src="//play.pokemonshowdown.com/config/config.js?2bddbc15"></script>
<script defer src="//play.pokemonshowdown.com/js/lib/jquery-1.11.0.min.js"></script>
<script defer src="//play.pokemonshowdown.com/js/lib/html-sanitizer-minified.js"></script>
<script defer src="//play.pokemonshowdown.com/js/battle-sound.js"></script>
<script defer src="//play.pokemonshowdown.com/js/battledata.js?0.7209276989879541"></script>
<script defer src="//play.pokemonshowdown.com/data/pokedex-mini.js?0.6111056340867951"></script>
<script defer src="//play.pokemonshowdown.com/data/pokedex-mini-bw.js?0.3532142036491459"></script>
<script defer src="//play.pokemonshowdown.com/data/graphics.js?0.24223875632456182"></script>
<script defer src="//play.pokemonshowdown.com/data/pokedex.js?0.38839984266356864"></script>
<script defer src="//play.pokemonshowdown.com/data/moves.js?0.21866028504024015"></script>
<script defer src="//play.pokemonshowdown.com/data/abilities.js?0.2005157953846628"></script>
<script defer src="//play.pokemonshowdown.com/data/items.js?0.9894211263848525"></script>
<script defer src="//play.pokemonshowdown.com/data/teambuilder-tables.js?0.6008791140282215"></script>
<script defer src="//play.pokemonshowdown.com/js/battle-tooltips.js?0.7580118955022959"></script>
<script defer src="//play.pokemonshowdown.com/js/battle.js?0.6057722274234274"></script>

<script defer src="js/utils.js?e31f9a17"></script>
<script defer src="js/replays-battle.js?7008c182"></script>

<!-- don't scrape this data! just add .json or .log after the URL!
Full API docs: https://github.com/smogon/pokemon-showdown-client/blob/master/WEB-API.md -->
<script type="text/plain" class="log" id="replaylog-smogtours-gen3ou-799340">
|inactive|Battle timer is ON: inactive players will automatically lose when time's up.
|t:|1729193401
|gametype|singles
|player|p1|MeatballSpaghetti|169|
|player|p2|felipe01788|265|
|teamsize|p1|6
|teamsize|p2|6
|gen|3
|tier|[Gen 3] OU
|rule|Sleep Clause Mod: Limit one foe put to sleep
|rule|Switch Priority Clause Mod: Faster Pokémon switch first
|rule|Species Clause: Limit one of each Pokémon
|rule|OHKO Clause: OHKO moves are banned
|rule|Evasion Items Clause: Evasion items are banned
|rule|Evasion Moves Clause: Evasion moves are banned
|rule|Endless Battle Clause: Forcing endless battles is banned
|rule|HP Percentage Mod: HP is shown in percentages
|rule|One Boost Passer Clause: Limit one Baton Passer that has a way to boost its stats
|rule|Freeze Clause Mod: Limit one foe frozen
|
|t:|1729193401
|start
|switch|p1a: Salamence|Salamence, F|100/100
|switch|p2a: Salamence|Salamence, M|100/100
|-ability|p1a: Salamence|Intimidate|boost
|-unboost|p2a: Salamence|atk|1
|-ability|p2a: Salamence|Intimidate|boost
|-unboost|p1a: Salamence|atk|1
|turn|1
|
|t:|1729193411
|switch|p1a: Celebi|Celebi|100/100
|switch|p2a: Tyranitar|Tyranitar, M|100/100
|-weather|Sandstorm|[from] ability: Sand Stream|[of] p2a: Tyranitar
|
|-weather|Sandstorm|[upkeep]
|-damage|p1a: Celebi|94/100|[from] Sandstorm
|-heal|p1a: Celebi|100/100|[from] item: Leftovers
|upkeep
|turn|2
|
|t:|1729193420
|move|p1a: Celebi|Leech Seed|p2a: Tyranitar|[miss]
|-miss|p1a: Celebi|p2a: Tyranitar
|move|p2a: Tyranitar|Pursuit|p1a: Celebi
|-supereffective|p1a: Celebi
|-damage|p1a: Celebi|71/100
|
|-weather|Sandstorm|[upkeep]
|-damage|p1a: Celebi|65/100|[from] Sandstorm
|-heal|p1a: Celebi|71/100|[from] item: Leftovers
|upkeep
|turn|3
|
|t:|1729193424
|move|p1a: Celebi|Leech Seed|p2a: Tyranitar|[miss]
|-miss|p1a: Celebi|p2a: Tyranitar
|move|p2a: Tyranitar|Crunch|p1a: Celebi
|-supereffective|p1a: Celebi
|-damage|p1a: Celebi|12/100
|
|-weather|Sandstorm|[upkeep]
|-damage|p1a: Celebi|5/100|[from] Sandstorm
|-heal|p1a: Celebi|12/100|[from] item: Leftovers
|upkeep
|turn|4
|c|☆felipe01788|bruuuuuh
|
|t:|1729193443
|move|p1a: Celebi|Giga Drain|p2a: Tyranitar
|-supereffective|p2a: Tyranitar
|-damage|p2a: Tyranitar|52/100
|-heal|p1a: Celebi|36/100|[from] drain|[of] p2a: Tyranitar
|move|p2a: Tyranitar|Pursuit|p1a: Celebi
|-supereffective|p1a: Celebi
|-damage|p1a: Celebi|2/100
|
|-weather|Sandstorm|[upkeep]
|-damage|p1a: Celebi|0 fnt|[from] Sandstorm
|faint|p1a: Celebi
|-heal|p2a: Tyranitar|58/100|[from] item: Leftovers
|upkeep
|
|t:|1729193455
|switch|p1a: Swampert|Swampert, M|100/100
|turn|5
|
|t:|1729193465
|switch|p2a: Jirachi|Jirachi|100/100
|move|p1a: Swampert|Ice Beam|p2a: Jirachi
|-resisted|p2a: Jirachi
|-damage|p2a: Jirachi|91/100
|
|-weather|Sandstorm|[upkeep]
|-heal|p2a: Jirachi|97/100|[from] item: Leftovers
|upkeep
|turn|6
|
|t:|1729193473
|switch|p1a: Skarmory|Skarmory, M|100/100
|move|p2a: Jirachi|Toxic|p1a: Skarmory
|-immune|p1a: Skarmory
|
|-weather|Sandstorm|[upkeep]
|-heal|p2a: Jirachi|100/100|[from] item: Leftovers
|upkeep
|turn|7
|
|t:|1729193479
|switch|p2a: Tyranitar|Tyranitar, M|58/100
|move|p1a: Skarmory|Spikes|p2a: Tyranitar
|-sidestart|p2: felipe01788|Spikes
|
|-weather|Sandstorm|[upkeep]
|-heal|p2a: Tyranitar|64/100|[from] item: Leftovers
|upkeep
|turn|8
|
|t:|1729193487
|switch|p1a: Swampert|Swampert, M|100/100
|move|p2a: Tyranitar|Fire Blast|p1a: Swampert
|-resisted|p1a: Swampert
|-damage|p1a: Swampert|83/100
|
|-weather|Sandstorm|[upkeep]
|-heal|p2a: Tyranitar|70/100|[from] item: Leftovers
|-heal|p1a: Swampert|90/100|[from] item: Leftovers
|upkeep
|turn|9
|
|t:|1729193501
|switch|p2a: Salamence|Salamence, M|100/100
|-ability|p2a: Salamence|Intimidate|boost
|-unboost|p1a: Swampert|atk|1
|move|p1a: Swampert|Hydro Pump|p2a: Salamence
|-resisted|p2a: Salamence
|-damage|p2a: Salamence|69/100
|
|-weather|Sandstorm|[upkeep]
|-damage|p2a: Salamence|63/100|[from] Sandstorm
|-heal|p2a: Salamence|69/100|[from] item: Leftovers
|-heal|p1a: Swampert|96/100|[from] item: Leftovers
|upkeep
|turn|10
|
|t:|1729193508
|switch|p2a: Jirachi|Jirachi|100/100
|-damage|p2a: Jirachi|88/100|[from] Spikes
|move|p1a: Swampert|Ice Beam|p2a: Jirachi
|-resisted|p2a: Jirachi
|-damage|p2a: Jirachi|78/100
|
|-weather|Sandstorm|[upkeep]
|-heal|p2a: Jirachi|84/100|[from] item: Leftovers
|-heal|p1a: Swampert|100/100|[from] item: Leftovers
|upkeep
|turn|11
|
|t:|1729193519
|switch|p2a: Forretress|Forretress, F|100/100
|-damage|p2a: Forretress|88/100|[from] Spikes
|move|p1a: Swampert|Earthquake|p2a: Forretress
|-crit|p2a: Forretress
|-damage|p2a: Forretress|29/100
|
|-weather|Sandstorm|[upkeep]
|-heal|p2a: Forretress|36/100|[from] item: Leftovers
|upkeep
|turn|12
|
|t:|1729193542
|move|p1a: Swampert|Hydro Pump|p2a: Forretress
|-damage|p2a: Forretress|0 fnt
|faint|p2a: Forretress
|
|t:|1729193552
|switch|p2a: Jirachi|Jirachi|84/100
|-damage|p2a: Jirachi|72/100|[from] Spikes
|
|-weather|Sandstorm|[upkeep]
|-heal|p2a: Jirachi|78/100|[from] item: Leftovers
|upkeep
|turn|13
|
|t:|1729193560
|switch|p1a: Skarmory|Skarmory, M|100/100
|move|p2a: Jirachi|Wish|p2a: Jirachi
|
|-weather|Sandstorm|[upkeep]
|-heal|p2a: Jirachi|84/100|[from] item: Leftovers
|upkeep
|turn|14
|inactive|felipe01788 has 270 seconds left.
|inactive|felipe01788 has 240 seconds left.
|
|t:|1729193640
|move|p2a: Jirachi|Fire Punch|p1a: Skarmory
|-supereffective|p1a: Skarmory
|-damage|p1a: Skarmory|67/100
|move|p1a: Skarmory|Roar|p2a: Jirachi
|drag|p2a: Blissey|Blissey, F|100/100
|-damage|p2a: Blissey|88/100|[from] Spikes
|
|-heal|p2a: Blissey|100/100|[from] move: Wish|[wisher] Jirachi
|-weather|Sandstorm|[upkeep]
|-damage|p2a: Blissey|94/100|[from] Sandstorm
|-heal|p1a: Skarmory|73/100|[from] item: Leftovers
|-heal|p2a: Blissey|100/100|[from] item: Leftovers
|upkeep
|turn|15
|
|t:|1729193648
|move|p1a: Skarmory|Spikes|p2a: Blissey
|-sidestart|p2: felipe01788|Spikes
|move|p2a: Blissey|Thunder Wave|p1a: Skarmory
|-status|p1a: Skarmory|par
|
|-weather|Sandstorm|[upkeep]
|-damage|p2a: Blissey|94/100|[from] Sandstorm
|-heal|p2a: Blissey|100/100|[from] item: Leftovers
|-heal|p1a: Skarmory|79/100 par|[from] item: Leftovers
|upkeep
|turn|16
|
|t:|1729193655
|switch|p2a: Jirachi|Jirachi|84/100
|-damage|p2a: Jirachi|67/100|[from] Spikes
|move|p1a: Skarmory|Spikes|p2a: Jirachi
|-sidestart|p2: felipe01788|Spikes
|
|-weather|Sandstorm|[upkeep]
|-heal|p2a: Jirachi|74/100|[from] item: Leftovers
|-heal|p1a: Skarmory|85/100 par|[from] item: Leftovers
|upkeep
|turn|17
|
|t:|1729193664
|move|p2a: Jirachi|Wish|p2a: Jirachi
|cant|p1a: Skarmory|par
|
|-weather|Sandstorm|[upkeep]
|-heal|p2a: Jirachi|80/100|[from] item: Leftovers
|-heal|p1a: Skarmory|91/100 par|[from] item: Leftovers
|upkeep
|turn|18
|
|t:|1729193670
|move|p2a: Jirachi|Fire Punch|p1a: Skarmory
|-supereffective|p1a: Skarmory
|-damage|p1a: Skarmory|60/100 par
|move|p1a: Skarmory|Toxic|p2a: Jirachi
|-immune|p2a: Jirachi
|
|-heal|p2a: Jirachi|100/100|[from] move: Wish|[wisher] Jirachi
|-weather|Sandstorm|[upkeep]
|-heal|p1a: Skarmory|66/100 par|[from] item: Leftovers
|upkeep
|turn|19
|
|t:|1729193677
|switch|p1a: Swampert|Swampert, M|100/100
|move|p2a: Jirachi|Wish|p2a: Jirachi
|
|-weather|Sandstorm|[upkeep]
|upkeep
|turn|20
|
|t:|1729193684
|move|p2a: Jirachi|Toxic|p1a: Swampert
|-status|p1a: Swampert|tox
|move|p1a: Swampert|Earthquake|p2a: Jirachi
|-supereffective|p2a: Jirachi
|-damage|p2a: Jirachi|49/100
|
|-heal|p2a: Jirachi|99/100|[from] move: Wish|[wisher] Jirachi
|-weather|Sandstorm|[upkeep]
|-heal|p2a: Jirachi|100/100|[from] item: Leftovers
|-damage|p1a: Swampert|94/100 tox|[from] psn
|upkeep
|turn|21
|
|t:|1729193694
|switch|p1a: Skarmory|Skarmory, M|66/100 par
|move|p2a: Jirachi|Wish|p2a: Jirachi
|
|-weather|Sandstorm|[upkeep]
|-heal|p1a: Skarmory|72/100 par|[from] item: Leftovers
|upkeep
|turn|22
|
|t:|1729193699
|switch|p2a: Tyranitar|Tyranitar, M|70/100
|-damage|p2a: Tyranitar|45/100|[from] Spikes
|move|p1a: Skarmory|Roar|p2a: Tyranitar
|drag|p2a: Blissey|Blissey, F|100/100
|-damage|p2a: Blissey|76/100|[from] Spikes
|
|-heal|p2a: Blissey|100/100|[from] move: Wish|[wisher] Jirachi
|-weather|Sandstorm|[upkeep]
|-damage|p2a: Blissey|94/100|[from] Sandstorm
|-heal|p2a: Blissey|100/100|[from] item: Leftovers
|-heal|p1a: Skarmory|78/100 par|[from] item: Leftovers
|upkeep
|turn|23
|
|t:|1729193706
|move|p2a: Blissey|Seismic Toss|p1a: Skarmory
|-damage|p1a: Skarmory|48/100 par
|move|p1a: Skarmory|Drill Peck|p2a: Blissey
|-damage|p2a: Blissey|79/100
|
|-weather|Sandstorm|[upkeep]
|-damage|p2a: Blissey|73/100|[from] Sandstorm
|-heal|p2a: Blissey|79/100|[from] item: Leftovers
|-heal|p1a: Skarmory|54/100 par|[from] item: Leftovers
|upkeep
|turn|24
|
|t:|1729193714
|move|p2a: Blissey|Counter|p1a: Skarmory
|cant|p1a: Skarmory|par
|
|-weather|Sandstorm|[upkeep]
|-damage|p2a: Blissey|73/100|[from] Sandstorm
|-heal|p2a: Blissey|79/100|[from] item: Leftovers
|-heal|p1a: Skarmory|60/100 par|[from] item: Leftovers
|upkeep
|turn|25
|c|☆felipe01788|bruuuuh
|
|t:|1729193724
|move|p2a: Blissey|Seismic Toss|p1a: Skarmory
|-damage|p1a: Skarmory|30/100 par
|move|p1a: Skarmory|Drill Peck|p2a: Blissey
|-damage|p2a: Blissey|61/100
|
|-weather|Sandstorm|[upkeep]
|-damage|p2a: Blissey|55/100|[from] Sandstorm
|-heal|p2a: Blissey|61/100|[from] item: Leftovers
|-heal|p1a: Skarmory|36/100 par|[from] item: Leftovers
|upkeep
|turn|26
|
|t:|1729193736
|switch|p1a: Salamence|Salamence, F|100/100
|-ability|p1a: Salamence|Intimidate|boost
|-unboost|p2a: Blissey|atk|1
|move|p2a: Blissey|Soft-Boiled|p2a: Blissey
|-heal|p2a: Blissey|100/100
|
|-weather|Sandstorm|[upkeep]
|-damage|p1a: Salamence|94/100|[from] Sandstorm
|-damage|p2a: Blissey|94/100|[from] Sandstorm
|-heal|p1a: Salamence|100/100|[from] item: Leftovers
|-heal|p2a: Blissey|100/100|[from] item: Leftovers
|upkeep
|turn|27
|
|t:|1729193743
|switch|p1a: Swampert|Swampert, M|94/100 tox
|move|p2a: Blissey|Thunder Wave|p1a: Swampert
|-immune|p1a: Swampert
|
|-weather|Sandstorm|[upkeep]
|-damage|p2a: Blissey|94/100|[from] Sandstorm
|-heal|p2a: Blissey|100/100|[from] item: Leftovers
|-heal|p1a: Swampert|100/100 tox|[from] item: Leftovers
|-damage|p1a: Swampert|94/100 tox|[from] psn
|upkeep
|turn|28
|
|t:|1729193757
|switch|p2a: Salamence|Salamence, M|69/100
|-ability|p2a: Salamence|Intimidate|boost
|-unboost|p1a: Swampert|atk|1
|move|p1a: Swampert|Curse|p1a: Swampert
|-unboost|p1a: Swampert|spe|1
|-boost|p1a: Swampert|atk|1
|-boost|p1a: Swampert|def|1
|
|-weather|Sandstorm|[upkeep]
|-damage|p2a: Salamence|63/100|[from] Sandstorm
|-heal|p2a: Salamence|69/100|[from] item: Leftovers
|-heal|p1a: Swampert|100/100 tox|[from] item: Leftovers
|-damage|p1a: Swampert|88/100 tox|[from] psn
|upkeep
|turn|29
|
|t:|1729193767
|move|p2a: Salamence|Dragon Claw|p1a: Swampert
|-damage|p1a: Swampert|49/100 tox
|move|p1a: Swampert|Ice Beam|p2a: Salamence
|-supereffective|p2a: Salamence
|-damage|p2a: Salamence|0 fnt
|faint|p2a: Salamence
|
|t:|1729193779
|switch|p2a: Tyranitar|Tyranitar, M|45/100
|-damage|p2a: Tyranitar|21/100|[from] Spikes
|
|-weather|Sandstorm|[upkeep]
|-heal|p2a: Tyranitar|27/100|[from] item: Leftovers
|-heal|p1a: Swampert|55/100 tox|[from] item: Leftovers
|-damage|p1a: Swampert|36/100 tox|[from] psn
|upkeep
|turn|30
|
|t:|1729193784
|move|p2a: Tyranitar|Crunch|p1a: Swampert
|-damage|p1a: Swampert|4/100 tox
|move|p1a: Swampert|Earthquake|p2a: Tyranitar
|-supereffective|p2a: Tyranitar
|-damage|p2a: Tyranitar|0 fnt
|faint|p2a: Tyranitar
|
|t:|1729193789
|switch|p2a: Jirachi|Jirachi|100/100
|-damage|p2a: Jirachi|75/100|[from] Spikes
|
|-weather|Sandstorm|[upkeep]
|-heal|p2a: Jirachi|82/100|[from] item: Leftovers
|-heal|p1a: Swampert|10/100 tox|[from] item: Leftovers
|-damage|p1a: Swampert|0 fnt|[from] psn
|faint|p1a: Swampert
|upkeep
|
|t:|1729193798
|switch|p1a: Aerodactyl|Aerodactyl, F|100/100
|turn|31
|inactive|felipe01788 has 270 seconds left.
|
|t:|1729193855
|move|p2a: Jirachi|Protect|p2a: Jirachi
|-singleturn|p2a: Jirachi|Protect
|move|p1a: Aerodactyl|Earthquake|p2a: Jirachi
|-activate|p2a: Jirachi|Protect
|
|-weather|Sandstorm|[upkeep]
|-heal|p2a: Jirachi|88/100|[from] item: Leftovers
|upkeep
|turn|32
|
|t:|1729193860
|switch|p1a: Skarmory|Skarmory, M|36/100 par
|switch|p2a: Aerodactyl|Aerodactyl, M|100/100
|
|-weather|Sandstorm|[upkeep]
|-heal|p1a: Skarmory|42/100 par|[from] item: Leftovers
|upkeep
|turn|33
|
|t:|1729193866
|move|p2a: Aerodactyl|Rock Slide|p1a: Skarmory
|-damage|p1a: Skarmory|2/100 par
|cant|p1a: Skarmory|par
|
|-weather|Sandstorm|[upkeep]
|-heal|p1a: Skarmory|8/100 par|[from] item: Leftovers
|upkeep
|turn|34
|
|t:|1729193878
|move|p2a: Aerodactyl|Rock Slide|p1a: Skarmory
|-damage|p1a: Skarmory|0 fnt
|faint|p1a: Skarmory
|
|t:|1729193881
|switch|p1a: Salamence|Salamence, F|100/100
|-ability|p1a: Salamence|Intimidate|boost
|-unboost|p2a: Aerodactyl|atk|1
|
|-weather|Sandstorm|[upkeep]
|-damage|p1a: Salamence|94/100|[from] Sandstorm
|-heal|p1a: Salamence|100/100|[from] item: Leftovers
|upkeep
|turn|35
|
|t:|1729193887
|switch|p2a: Blissey|Blissey, F|100/100
|-damage|p2a: Blissey|76/100|[from] Spikes
|switch|p1a: Tyranitar|Tyranitar, M|100/100
|
|-weather|Sandstorm|[upkeep]
|-damage|p2a: Blissey|69/100|[from] Sandstorm
|-heal|p2a: Blissey|76/100|[from] item: Leftovers
|upkeep
|turn|36
|
|t:|1729193894
|move|p1a: Tyranitar|Rock Slide|p2a: Blissey
|-damage|p2a: Blissey|37/100
|move|p2a: Blissey|Thunder Wave|p1a: Tyranitar
|-status|p1a: Tyranitar|par
|
|-weather|Sandstorm|[upkeep]
|-damage|p2a: Blissey|31/100|[from] Sandstorm
|-heal|p2a: Blissey|37/100|[from] item: Leftovers
|upkeep
|turn|37
|
|t:|1729193903
|move|p2a: Blissey|Soft-Boiled|p2a: Blissey
|-heal|p2a: Blissey|87/100
|move|p1a: Tyranitar|Rock Slide|p2a: Blissey
|-damage|p2a: Blissey|48/100
|
|-weather|Sandstorm|[upkeep]
|-damage|p2a: Blissey|42/100|[from] Sandstorm
|-heal|p2a: Blissey|48/100|[from] item: Leftovers
|upkeep
|turn|38
|
|t:|1729193905
|-singleturn|p1a: Tyranitar|move: Focus Punch
|move|p2a: Blissey|Soft-Boiled|p2a: Blissey
|-heal|p2a: Blissey|98/100
|move|p1a: Tyranitar|Focus Punch|p2a: Blissey
|-supereffective|p2a: Blissey
|-damage|p2a: Blissey|0 fnt
|faint|p2a: Blissey
|
|t:|1729193912
|switch|p2a: Jirachi|Jirachi|88/100
|-damage|p2a: Jirachi|63/100|[from] Spikes
|
|-weather|Sandstorm|[upkeep]
|-heal|p2a: Jirachi|69/100|[from] item: Leftovers
|upkeep
|turn|39
|
|t:|1729193917
|move|p2a: Jirachi|Fire Punch|p1a: Tyranitar
|-resisted|p1a: Tyranitar
|-damage|p1a: Tyranitar|93/100 par
|move|p1a: Tyranitar|Earthquake|p2a: Jirachi
|-supereffective|p2a: Jirachi
|-damage|p2a: Jirachi|23/100
|
|-weather|Sandstorm|[upkeep]
|-heal|p2a: Jirachi|29/100|[from] item: Leftovers
|-heal|p1a: Tyranitar|99/100 par|[from] item: Leftovers
|upkeep
|turn|40
|
|t:|1729193923
|move|p2a: Jirachi|Protect|p2a: Jirachi
|-singleturn|p2a: Jirachi|Protect
|move|p1a: Tyranitar|Earthquake|p2a: Jirachi
|-activate|p2a: Jirachi|Protect
|
|-weather|Sandstorm|[upkeep]
|-heal|p2a: Jirachi|35/100|[from] item: Leftovers
|-heal|p1a: Tyranitar|100/100 par|[from] item: Leftovers
|upkeep
|turn|41
|
|t:|1729193928
|switch|p2a: Aerodactyl|Aerodactyl, M|100/100
|move|p1a: Tyranitar|Earthquake|p2a: Aerodactyl
|-immune|p2a: Aerodactyl
|
|-weather|Sandstorm|[upkeep]
|upkeep
|turn|42
|
|t:|1729193932
|move|p2a: Aerodactyl|Hidden Power|p1a: Tyranitar
|-supereffective|p1a: Tyranitar
|-damage|p1a: Tyranitar|0 fnt
|faint|p1a: Tyranitar
|
|t:|1729193940
|switch|p1a: Aerodactyl|Aerodactyl, F|100/100
|
|-weather|Sandstorm|[upkeep]
|upkeep
|turn|43
|
|t:|1729193944
|switch|p2a: Jirachi|Jirachi|35/100
|-damage|p2a: Jirachi|10/100|[from] Spikes
|move|p1a: Aerodactyl|Rock Slide|p2a: Jirachi
|-resisted|p2a: Jirachi
|-damage|p2a: Jirachi|0 fnt
|faint|p2a: Jirachi
|
|t:|1729193949
|switch|p2a: Aerodactyl|Aerodactyl, M|100/100
|
|-weather|Sandstorm|[upkeep]
|upkeep
|turn|44
|
|t:|1729193951
|move|p1a: Aerodactyl|Rock Slide|p2a: Aerodactyl
|-supereffective|p2a: Aerodactyl
|-damage|p2a: Aerodactyl|0 fnt
|faint|p2a: Aerodactyl
|
|win|MeatballSpaghetti
|c|☆MeatballSpaghetti|gg
|c|☆felipe01788|gg

</script>
<script type="application/json" class="data" id="replaydata-smogtours-gen3ou-799340">
{"id":"smogtours-gen3ou-799340","format":"[Gen 3] OU","players":["MeatballSpaghetti","felipe01788"],"uploadtime":1729193951,"views":84,"formatid":"gen3ou","rating":null,"private":0,"password":null}
</script>

<script defer src="js/replays.js?9d40a366"></script>
