<!DOCTYPE html>
<meta charset="utf-8" />
<meta name="viewport" content="width=device-width" />

<title>[Gen 3] OU: Rebatca vs. Void - Replays - Pok&eacute;mon Showdown!</title>

<meta name="description" content="Watch a replay of a Pok&eacute;mon battle between Rebatca and Void! Format: [Gen 3] OU; Date: Oct 30, 2024" />
<!--

Hey, you! Looking in the source for the replay log?

You can find them in JSON format, just add `.json` at the end of a replay URL.

https://replay.pokemonshowdown.com/gen7randomdoublesbattle-865046831.json

Or, if you only need the log itself, add `.log` instead:

https://replay.pokemonshowdown.com/gen7randomdoublesbattle-865046831.log

-->

<link rel="stylesheet" href="//pokemonshowdown.com/style/global.css?0.023195364461161105" />
<link rel="stylesheet" href="//play.pokemonshowdown.com/style/font-awesome.css?0.13261647063804238" />
<link rel="stylesheet" href="//play.pokemonshowdown.com/style/battle.css?0.8753245789963631" />
<link rel="stylesheet" href="//play.pokemonshowdown.com/style/utilichart.css?0.8627959624976733" />

<!-- Global site tag (gtag.js) - Google Analytics -->
<script async src="https://www.googletagmanager.com/gtag/js?id=UA-26211653-1"></script>
<script>
  window.dataLayer = window.dataLayer || [];
  function gtag(){dataLayer.push(arguments);}
  gtag('js', new Date());

  gtag('config', 'UA-26211653-1');
</script>
<!-- End Google Analytics -->
<!-- Venatus Ad Manager - Install in <HEAD> of page -->
	<script src="https://hb.vntsm.com/v3/live/ad-manager.min.js" type="text/javascript" data-site-id="642aba63ec9a7b11c3c9c1be" data-mode="scan" async></script>
<!-- / Venatus Ad Manager -->

<style>
	@media (max-width:820px) {
		.battle {
			margin: 0 auto;
		}
		.battle-log {
			margin: 7px auto 0;
			max-width: 640px;
			height: 300px;
			position: static;
		}
	}
	.optgroup {
		display: inline-block;
		line-height: 22px;
		font-size: 10pt;
	}
	.optgroup .button {
		height: 25px;
		padding-top: 0;
		padding-bottom: 0;
	}
	.optgroup button.button {
		padding-left: 12px;
		padding-right: 12px;
	}
	.linklist {
		list-style: none;
		margin: 0.5em 0;
		padding: 0;
	}
	.linklist li {
		padding: 2px 0;
	}
	.sidebar {
		float: left;
		width: 320px;
	}
	.bar-wrapper {
		max-width: 1100px;
		margin: 0 auto;
	}
	.bar-wrapper.has-sidebar {
		max-width: 1430px;
	}
	.mainbar {
		margin: 0;
		padding-right: 1px;
	}
	.mainbar.has-sidebar {
		margin-left: 330px;
	}
	@media (min-width: 1511px) {
		.sidebar {
			width: 400px;
		}
		.bar-wrapper.has-sidebar {
			max-width: 1510px;
		}
		.mainbar.has-sidebar {
			margin-left: 410px;
		}
	}
	.section.first-section {
		margin-top: 9px;
	}
	.blocklink small {
		white-space: normal;
	}
	.button {
		vertical-align: middle;
	}
	.replay-controls {
		padding-top: 10px;
	}
	.replay-controls h1 {
		font-size: 16pt;
		font-weight: normal;
		color: #CCC;
	}
	.pagelink {
		text-align: center;
	}
	.pagelink a {
		width: 150px;
	}
	.textbox, .button {
		font-size: 11pt;
		vertical-align: middle;
	}
	@media (max-width: 450px) {
		.button {
			font-size: 9pt;
		}
	}
</style>

<div>

	<header>
		<div class="nav-wrapper"><ul class="nav">
			<li><a class="button nav-first" href="//pokemonshowdown.com/"><img src="//pokemonshowdown.com/images/pokemonshowdownbeta.png" srcset="//pokemonshowdown.com/images/pokemonshowdownbeta.png 1x, //pokemonshowdown.com/images/pokemonshowdownbeta@2x.png 2x" alt="Pok&eacute;mon Showdown" width="146" height="44" /> Home</a></li>
			<li><a class="button" href="//pokemonshowdown.com/dex/">Pok&eacute;dex</a></li>
			<li><a class="button cur" href="/">Replays</a></li>
			<li><a class="button" href="//pokemonshowdown.com/ladder/">Ladder</a></li>
			<li><a class="button nav-last" href="//pokemonshowdown.com/forums/">Forum</a></li>
			<li><a class="button greenbutton nav-first nav-last" href="//play.pokemonshowdown.com/">Play</a></li>
		</ul></div>
	</header>

	<div class="main" id="main">

		<noscript><section class="section">You need to enable JavaScript to use this page; sorry!</section></noscript>

	</div>

</div>

<script defer nomodule src="//play.pokemonshowdown.com/js/lib/ps-polyfill.js"></script>
<script defer src="//play.pokemonshowdown.com/js/lib/preact.min.js"></script>

<script defer src="//play.pokemonshowdown.com/config/config.js?2bddbc15"></script>
<script defer src="//play.pokemonshowdown.com/js/lib/jquery-1.11.0.min.js"></script>
<script defer src="//play.pokemonshowdown.com/js/lib/html-sanitizer-minified.js"></script>
<script defer src="//play.pokemonshowdown.com/js/battle-sound.js"></script>
<script defer src="//play.pokemonshowdown.com/js/battledata.js?0.7209276989879541"></script>
<script defer src="//play.pokemonshowdown.com/data/pokedex-mini.js?0.6111056340867951"></script>
<script defer src="//play.pokemonshowdown.com/data/pokedex-mini-bw.js?0.3532142036491459"></script>
<script defer src="//play.pokemonshowdown.com/data/graphics.js?0.24223875632456182"></script>
<script defer src="//play.pokemonshowdown.com/data/pokedex.js?0.38839984266356864"></script>
<script defer src="//play.pokemonshowdown.com/data/moves.js?0.21866028504024015"></script>
<script defer src="//play.pokemonshowdown.com/data/abilities.js?0.2005157953846628"></script>
<script defer src="//play.pokemonshowdown.com/data/items.js?0.9894211263848525"></script>
<script defer src="//play.pokemonshowdown.com/data/teambuilder-tables.js?0.6008791140282215"></script>
<script defer src="//play.pokemonshowdown.com/js/battle-tooltips.js?0.7580118955022959"></script>
<script defer src="//play.pokemonshowdown.com/js/battle.js?0.6057722274234274"></script>

<script defer src="js/utils.js?e31f9a17"></script>
<script defer src="js/replays-battle.js?7008c182"></script>

<!-- don't scrape this data! just add .json or .log after the URL!
Full API docs: https://github.com/smogon/pokemon-showdown-client/blob/master/WEB-API.md -->
<script type="text/plain" class="log" id="replaylog-smogtours-gen3ou-803405">
|inactive|Battle timer is ON: inactive players will automatically lose when time's up.
|t:|1730254066
|gametype|singles
|player|p1|Rebatca|dawn|
|player|p2|Void|#splxvwolfpack|
|teamsize|p1|6
|teamsize|p2|6
|gen|3
|tier|[Gen 3] OU
|rule|Sleep Clause Mod: Limit one foe put to sleep
|rule|Switch Priority Clause Mod: Faster Pokémon switch first
|rule|Species Clause: Limit one of each Pokémon
|rule|OHKO Clause: OHKO moves are banned
|rule|Evasion Items Clause: Evasion items are banned
|rule|Evasion Moves Clause: Evasion moves are banned
|rule|Endless Battle Clause: Forcing endless battles is banned
|rule|HP Percentage Mod: HP is shown in percentages
|rule|One Boost Passer Clause: Limit one Baton Passer that has a way to boost its stats
|rule|Freeze Clause Mod: Limit one foe frozen
|
|t:|1730254066
|start
|switch|p1a: Out of reach|Jumpluff, F, shiny|100/100
|switch|p2a: Salamence|Salamence, F|100/100
|-ability|p2a: Salamence|Intimidate|boost
|-unboost|p1a: Out of reach|atk|1
|turn|1
|
|t:|1730254081
|switch|p2a: Hariyama|Hariyama, F|100/100
|move|p1a: Out of reach|Substitute|p1a: Out of reach
|-start|p1a: Out of reach|Substitute
|-damage|p1a: Out of reach|76/100
|
|-heal|p1a: Out of reach|82/100|[from] item: Leftovers
|upkeep
|turn|2
|
|t:|1730254093
|-singleturn|p2a: Hariyama|move: Focus Punch
|move|p1a: Out of reach|Leech Seed|p2a: Hariyama
|-start|p2a: Hariyama|move: Leech Seed
|move|p2a: Hariyama|Focus Punch|p1a: Out of reach
|-resisted|p1a: Out of reach
|-end|p1a: Out of reach|Substitute
|
|-heal|p1a: Out of reach|88/100|[from] item: Leftovers
|-damage|p2a: Hariyama|88/100|[from] Leech Seed|[of] p1a: Out of reach
|-heal|p1a: Out of reach|100/100|[silent]
|upkeep
|turn|3
|inactive|Void has 270 seconds left.
|
|t:|1730254131
|-singleturn|p2a: Hariyama|move: Focus Punch
|move|p1a: Out of reach|Sleep Powder|p2a: Hariyama|[miss]
|-miss|p1a: Out of reach|p2a: Hariyama
|move|p2a: Hariyama|Focus Punch|p1a: Out of reach
|-resisted|p1a: Out of reach
|-damage|p1a: Out of reach|52/100
|
|-heal|p1a: Out of reach|58/100|[from] item: Leftovers
|-heal|p2a: Hariyama|94/100|[from] item: Leftovers
|-damage|p2a: Hariyama|82/100|[from] Leech Seed|[of] p1a: Out of reach
|-heal|p1a: Out of reach|73/100|[silent]
|upkeep
|turn|4
|inactive|Void has 270 seconds left.
|
|t:|1730254145
|-singleturn|p2a: Hariyama|move: Focus Punch
|move|p1a: Out of reach|Substitute|p1a: Out of reach
|-start|p1a: Out of reach|Substitute
|-damage|p1a: Out of reach|48/100
|move|p2a: Hariyama|Focus Punch|p1a: Out of reach
|-resisted|p1a: Out of reach
|-end|p1a: Out of reach|Substitute
|
|-heal|p1a: Out of reach|54/100|[from] item: Leftovers
|-heal|p2a: Hariyama|88/100|[from] item: Leftovers
|-damage|p2a: Hariyama|76/100|[from] Leech Seed|[of] p1a: Out of reach
|-heal|p1a: Out of reach|69/100|[silent]
|upkeep
|turn|5
|
|t:|1730254154
|-singleturn|p2a: Hariyama|move: Focus Punch
|move|p1a: Out of reach|Substitute|p1a: Out of reach
|-start|p1a: Out of reach|Substitute
|-damage|p1a: Out of reach|45/100
|move|p2a: Hariyama|Focus Punch|p1a: Out of reach
|-resisted|p1a: Out of reach
|-end|p1a: Out of reach|Substitute
|
|-heal|p1a: Out of reach|51/100|[from] item: Leftovers
|-heal|p2a: Hariyama|82/100|[from] item: Leftovers
|-damage|p2a: Hariyama|69/100|[from] Leech Seed|[of] p1a: Out of reach
|-heal|p1a: Out of reach|66/100|[silent]
|upkeep
|turn|6
|
|t:|1730254165
|switch|p2a: Jirachi|Jirachi|100/100
|move|p1a: Out of reach|Substitute|p1a: Out of reach
|-start|p1a: Out of reach|Substitute
|-damage|p1a: Out of reach|41/100
|
|-heal|p1a: Out of reach|47/100|[from] item: Leftovers
|upkeep
|turn|7
|
|t:|1730254172
|switch|p2a: Hariyama|Hariyama, F|69/100
|move|p1a: Out of reach|Sleep Powder|p2a: Hariyama
|-status|p2a: Hariyama|slp|[from] move: Sleep Powder
|
|-heal|p1a: Out of reach|53/100|[from] item: Leftovers
|-heal|p2a: Hariyama|75/100 slp|[from] item: Leftovers
|upkeep
|turn|8
|
|t:|1730254185
|switch|p2a: Jirachi|Jirachi|100/100
|move|p1a: Out of reach|Leech Seed|p2a: Jirachi
|-start|p2a: Jirachi|move: Leech Seed
|
|-heal|p1a: Out of reach|60/100|[from] item: Leftovers
|-damage|p2a: Jirachi|88/100|[from] Leech Seed|[of] p1a: Out of reach
|-heal|p1a: Out of reach|74/100|[silent]
|upkeep
|turn|9
|
|t:|1730254196
|switch|p2a: Suicune|Suicune|100/100
|move|p1a: Out of reach|Substitute|p1a: Out of reach
|-fail|p1a: Out of reach|move: Substitute
|
|-heal|p1a: Out of reach|80/100|[from] item: Leftovers
|upkeep
|turn|10
|
|t:|1730254204
|switch|p2a: Jirachi|Jirachi|88/100
|move|p1a: Out of reach|Leech Seed|p2a: Jirachi
|-start|p2a: Jirachi|move: Leech Seed
|
|-heal|p1a: Out of reach|86/100|[from] item: Leftovers
|-heal|p2a: Jirachi|94/100|[from] item: Leftovers
|-damage|p2a: Jirachi|82/100|[from] Leech Seed|[of] p1a: Out of reach
|-heal|p1a: Out of reach|99/100|[silent]
|upkeep
|turn|11
|inactive|Rebatca has 270 seconds left.
|
|t:|1730254238
|switch|p1a: When you're evil|Tyranitar, M|100/100
|-weather|Sandstorm|[from] ability: Sand Stream|[of] p1a: When you're evil
|switch|p2a: Suicune|Suicune|100/100
|
|-weather|Sandstorm|[upkeep]
|-damage|p2a: Suicune|94/100|[from] Sandstorm
|-heal|p2a: Suicune|100/100|[from] item: Leftovers
|upkeep
|turn|12
|inactive|Rebatca has 270 seconds left.
|
|t:|1730254259
|move|p2a: Suicune|Surf|p1a: When you're evil
|-supereffective|p1a: When you're evil
|-damage|p1a: When you're evil|36/100
|move|p1a: When you're evil|Roar|p2a: Suicune
|drag|p2a: Blissey|Blissey, F|100/100
|
|-weather|Sandstorm|[upkeep]
|-damage|p2a: Blissey|94/100|[from] Sandstorm
|-heal|p2a: Blissey|100/100|[from] item: Leftovers
|upkeep
|turn|13
|inactive|Rebatca has 240 seconds left.
|
|t:|1730254290
|switch|p2a: Suicune|Suicune|100/100
|move|p1a: When you're evil|Brick Break|p2a: Suicune
|-damage|p2a: Suicune|86/100
|
|-weather|Sandstorm|[upkeep]
|-damage|p2a: Suicune|80/100|[from] Sandstorm
|-heal|p2a: Suicune|86/100|[from] item: Leftovers
|upkeep
|turn|14
|inactive|Rebatca has 240 seconds left.
|
|t:|1730254314
|switch|p1a: The Night|Umbreon, M|100/100
|move|p2a: Suicune|Surf|p1a: The Night
|-damage|p1a: The Night|84/100
|
|-weather|Sandstorm|[upkeep]
|-damage|p2a: Suicune|80/100|[from] Sandstorm
|-damage|p1a: The Night|78/100|[from] Sandstorm
|-heal|p2a: Suicune|86/100|[from] item: Leftovers
|-heal|p1a: The Night|84/100|[from] item: Leftovers
|upkeep
|turn|15
|
|t:|1730254326
|move|p2a: Suicune|Calm Mind|p2a: Suicune
|-boost|p2a: Suicune|spa|1
|-boost|p2a: Suicune|spd|1
|move|p1a: The Night|Wish|p1a: The Night
|
|-weather|Sandstorm|[upkeep]
|-damage|p2a: Suicune|80/100|[from] Sandstorm
|-damage|p1a: The Night|78/100|[from] Sandstorm
|-heal|p2a: Suicune|86/100|[from] item: Leftovers
|-heal|p1a: The Night|84/100|[from] item: Leftovers
|upkeep
|turn|16
|inactive|Rebatca has 240 seconds left.
|
|t:|1730254335
|move|p2a: Suicune|Calm Mind|p2a: Suicune
|-boost|p2a: Suicune|spa|1
|-boost|p2a: Suicune|spd|1
|move|p1a: The Night|Baton Pass|p1a: The Night
|
|t:|1730254338
|switch|p1a: Out of reach|Jumpluff, F, shiny|99/100|[from] Baton Pass
|
|-heal|p1a: Out of reach|100/100|[from] move: Wish|[wisher] The Night
|-weather|Sandstorm|[upkeep]
|-damage|p1a: Out of reach|94/100|[from] Sandstorm
|-damage|p2a: Suicune|80/100|[from] Sandstorm
|-heal|p1a: Out of reach|100/100|[from] item: Leftovers
|-heal|p2a: Suicune|86/100|[from] item: Leftovers
|upkeep
|turn|17
|
|t:|1730254344
|move|p1a: Out of reach|Encore|p2a: Suicune
|-start|p2a: Suicune|Encore
|move|p2a: Suicune|Calm Mind|p2a: Suicune
|-boost|p2a: Suicune|spa|1
|-boost|p2a: Suicune|spd|1
|
|-weather|Sandstorm|[upkeep]
|-damage|p1a: Out of reach|94/100|[from] Sandstorm
|-damage|p2a: Suicune|80/100|[from] Sandstorm
|-heal|p1a: Out of reach|100/100|[from] item: Leftovers
|-heal|p2a: Suicune|86/100|[from] item: Leftovers
|upkeep
|turn|18
|
|t:|1730254364
|switch|p2a: Claydol|Claydol|100/100
|move|p1a: Out of reach|Leech Seed|p2a: Claydol
|-start|p2a: Claydol|move: Leech Seed
|
|-weather|Sandstorm|[upkeep]
|-damage|p1a: Out of reach|94/100|[from] Sandstorm
|-heal|p1a: Out of reach|100/100|[from] item: Leftovers
|-damage|p2a: Claydol|88/100|[from] Leech Seed|[of] p1a: Out of reach
|upkeep
|turn|19
|inactive|Rebatca has 270 seconds left.
|
|t:|1730254374
|move|p1a: Out of reach|Substitute|p1a: Out of reach
|-start|p1a: Out of reach|Substitute
|-damage|p1a: Out of reach|76/100
|move|p2a: Claydol|Rapid Spin|p1a: Out of reach
|-activate|p1a: Out of reach|Substitute|[damage]
|-end|p2a: Claydol|Leech Seed|[from] move: Rapid Spin|[of] p2a: Claydol
|
|-weather|Sandstorm|[upkeep]
|-damage|p1a: Out of reach|69/100|[from] Sandstorm
|-heal|p1a: Out of reach|76/100|[from] item: Leftovers
|-heal|p2a: Claydol|94/100|[from] item: Leftovers
|upkeep
|turn|20
|inactive|Rebatca has 270 seconds left.
|
|t:|1730254383
|move|p1a: Out of reach|Encore|p2a: Claydol
|-start|p2a: Claydol|Encore
|move|p2a: Claydol|Rapid Spin|p1a: Out of reach
|-activate|p1a: Out of reach|Substitute|[damage]
|
|-weather|Sandstorm|[upkeep]
|-damage|p1a: Out of reach|69/100|[from] Sandstorm
|-heal|p1a: Out of reach|76/100|[from] item: Leftovers
|-heal|p2a: Claydol|99/100|[from] item: Leftovers
|upkeep
|turn|21
|inactive|Rebatca has 270 seconds left.
|
|t:|1730254413
|switch|p2a: Jirachi|Jirachi|82/100
|move|p1a: Out of reach|Leech Seed|p2a: Jirachi
|-start|p2a: Jirachi|move: Leech Seed
|
|-weather|Sandstorm|[upkeep]
|-damage|p1a: Out of reach|69/100|[from] Sandstorm
|-heal|p1a: Out of reach|76/100|[from] item: Leftovers
|-heal|p2a: Jirachi|88/100|[from] item: Leftovers
|-damage|p2a: Jirachi|76/100|[from] Leech Seed|[of] p1a: Out of reach
|-heal|p1a: Out of reach|90/100|[silent]
|upkeep
|turn|22
|inactive|Rebatca has 240 seconds left.
|
|t:|1730254447
|switch|p1a: The Night|Umbreon, M|84/100
|move|p2a: Jirachi|Wish|p2a: Jirachi
|
|-weather|Sandstorm|[upkeep]
|-damage|p1a: The Night|78/100|[from] Sandstorm
|-heal|p2a: Jirachi|82/100|[from] item: Leftovers
|-damage|p2a: Jirachi|69/100|[from] Leech Seed|[of] p1a: The Night
|-heal|p1a: The Night|91/100|[silent]
|-heal|p1a: The Night|97/100|[from] item: Leftovers
|upkeep
|turn|23
|
|t:|1730254462
|switch|p2a: Suicune|Suicune|86/100
|move|p1a: The Night|Curse|p1a: The Night
|-unboost|p1a: The Night|spe|1
|-boost|p1a: The Night|atk|1
|-boost|p1a: The Night|def|1
|
|-heal|p2a: Suicune|100/100|[from] move: Wish|[wisher] Jirachi
|-weather|Sandstorm|[upkeep]
|-damage|p2a: Suicune|94/100|[from] Sandstorm
|-damage|p1a: The Night|91/100|[from] Sandstorm
|-heal|p2a: Suicune|100/100|[from] item: Leftovers
|-heal|p1a: The Night|97/100|[from] item: Leftovers
|upkeep
|turn|24
|inactive|Rebatca has 240 seconds left.
|
|t:|1730254485
|move|p2a: Suicune|Calm Mind|p2a: Suicune
|-boost|p2a: Suicune|spa|1
|-boost|p2a: Suicune|spd|1
|move|p1a: The Night|Curse|p1a: The Night
|-unboost|p1a: The Night|spe|1
|-boost|p1a: The Night|atk|1
|-boost|p1a: The Night|def|1
|
|-weather|Sandstorm|[upkeep]
|-damage|p2a: Suicune|94/100|[from] Sandstorm
|-damage|p1a: The Night|91/100|[from] Sandstorm
|-heal|p2a: Suicune|100/100|[from] item: Leftovers
|-heal|p1a: The Night|97/100|[from] item: Leftovers
|upkeep
|turn|25
|
|t:|1730254492
|move|p1a: The Night|Body Slam|p2a: Suicune
|-damage|p2a: Suicune|83/100
|move|p2a: Suicune|Roar|p1a: The Night
|drag|p1a: Mechanical girl|Metagross, shiny|100/100
|
|-weather|Sandstorm|[upkeep]
|-damage|p2a: Suicune|77/100|[from] Sandstorm
|-heal|p2a: Suicune|83/100|[from] item: Leftovers
|upkeep
|turn|26
|
|t:|1730254514
|switch|p1a: Out of reach|Jumpluff, F, shiny|90/100
|move|p2a: Suicune|Surf|p1a: Out of reach
|-resisted|p1a: Out of reach
|-damage|p1a: Out of reach|67/100
|
|-weather|Sandstorm|[upkeep]
|-damage|p1a: Out of reach|61/100|[from] Sandstorm
|-damage|p2a: Suicune|77/100|[from] Sandstorm
|-heal|p1a: Out of reach|67/100|[from] item: Leftovers
|-heal|p2a: Suicune|83/100|[from] item: Leftovers
|upkeep
|turn|27
|
|t:|1730254527
|move|p1a: Out of reach|Leech Seed|p2a: Suicune
|-start|p2a: Suicune|move: Leech Seed
|move|p2a: Suicune|Surf|p1a: Out of reach
|-resisted|p1a: Out of reach
|-damage|p1a: Out of reach|41/100
|
|-weather|Sandstorm|[upkeep]
|-damage|p1a: Out of reach|35/100|[from] Sandstorm
|-damage|p2a: Suicune|77/100|[from] Sandstorm
|-heal|p1a: Out of reach|41/100|[from] item: Leftovers
|-heal|p2a: Suicune|83/100|[from] item: Leftovers
|-damage|p2a: Suicune|71/100|[from] Leech Seed|[of] p1a: Out of reach
|-heal|p1a: Out of reach|55/100|[silent]
|upkeep
|turn|28
|inactive|Rebatca has 240 seconds left.
|
|t:|1730254554
|switch|p1a: Tempest|Suicune|100/100
|switch|p2a: Jirachi|Jirachi|69/100
|
|-weather|Sandstorm|[upkeep]
|-damage|p1a: Tempest|94/100|[from] Sandstorm
|-heal|p2a: Jirachi|76/100|[from] item: Leftovers
|-heal|p1a: Tempest|100/100|[from] item: Leftovers
|upkeep
|turn|29
|
|t:|1730254564
|move|p2a: Jirachi|Toxic|p1a: Tempest
|-status|p1a: Tempest|tox
|move|p1a: Tempest|Calm Mind|p1a: Tempest
|-boost|p1a: Tempest|spa|1
|-boost|p1a: Tempest|spd|1
|
|-weather|Sandstorm|[upkeep]
|-damage|p1a: Tempest|94/100 tox|[from] Sandstorm
|-heal|p2a: Jirachi|82/100|[from] item: Leftovers
|-heal|p1a: Tempest|100/100 tox|[from] item: Leftovers
|-damage|p1a: Tempest|94/100 tox|[from] psn
|upkeep
|turn|30
|
|t:|1730254573
|move|p2a: Jirachi|Wish|p2a: Jirachi
|move|p1a: Tempest|Calm Mind|p1a: Tempest
|-boost|p1a: Tempest|spa|1
|-boost|p1a: Tempest|spd|1
|
|-weather|Sandstorm|[upkeep]
|-damage|p1a: Tempest|88/100 tox|[from] Sandstorm
|-heal|p2a: Jirachi|88/100|[from] item: Leftovers
|-heal|p1a: Tempest|94/100 tox|[from] item: Leftovers
|-damage|p1a: Tempest|82/100 tox|[from] psn
|upkeep
|turn|31
|
|t:|1730254577
|switch|p2a: Suicune|Suicune|71/100
|move|p1a: Tempest|Surf|p2a: Suicune
|-resisted|p2a: Suicune
|-damage|p2a: Suicune|49/100
|
|-heal|p2a: Suicune|99/100|[from] move: Wish|[wisher] Jirachi
|-weather|Sandstorm|[upkeep]
|-damage|p2a: Suicune|93/100|[from] Sandstorm
|-damage|p1a: Tempest|76/100 tox|[from] Sandstorm
|-heal|p2a: Suicune|99/100|[from] item: Leftovers
|-heal|p1a: Tempest|82/100 tox|[from] item: Leftovers
|-damage|p1a: Tempest|63/100 tox|[from] psn
|upkeep
|turn|32
|
|t:|1730254589
|move|p1a: Tempest|Rest|p1a: Tempest
|-status|p1a: Tempest|slp|[from] move: Rest
|-heal|p1a: Tempest|100/100 slp|[silent]
|move|p2a: Suicune|Roar|p1a: Tempest
|drag|p1a: Mechanical girl|Metagross, shiny|100/100
|
|-weather|Sandstorm|[upkeep]
|-damage|p2a: Suicune|93/100|[from] Sandstorm
|-heal|p2a: Suicune|99/100|[from] item: Leftovers
|upkeep
|turn|33
|
|t:|1730254603
|switch|p2a: Claydol|Claydol|99/100
|switch|p1a: Brains|Cloyster, F, shiny|100/100
|
|-weather|Sandstorm|[upkeep]
|-damage|p1a: Brains|94/100|[from] Sandstorm
|-heal|p2a: Claydol|100/100|[from] item: Leftovers
|-heal|p1a: Brains|100/100|[from] item: Leftovers
|upkeep
|turn|34
|
|t:|1730254624
|switch|p2a: Jirachi|Jirachi|88/100
|move|p1a: Brains|Spikes|p2a: Jirachi
|-sidestart|p2: Void|Spikes
|
|-weather|Sandstorm|[upkeep]
|-damage|p1a: Brains|94/100|[from] Sandstorm
|-heal|p2a: Jirachi|94/100|[from] item: Leftovers
|-heal|p1a: Brains|100/100|[from] item: Leftovers
|upkeep
|turn|35
|inactive|Rebatca has 240 seconds left.
|
|t:|1730254640
|switch|p1a: The Night|Umbreon, M|97/100
|move|p2a: Jirachi|Toxic|p1a: The Night
|-status|p1a: The Night|tox
|
|-weather|Sandstorm|[upkeep]
|-damage|p1a: The Night|91/100 tox|[from] Sandstorm
|-heal|p2a: Jirachi|100/100|[from] item: Leftovers
|-heal|p1a: The Night|97/100 tox|[from] item: Leftovers
|-damage|p1a: The Night|91/100 tox|[from] psn
|upkeep
|turn|36
|
|t:|1730254656
|switch|p2a: Claydol|Claydol|100/100
|move|p1a: The Night|Curse|p1a: The Night
|-unboost|p1a: The Night|spe|1
|-boost|p1a: The Night|atk|1
|-boost|p1a: The Night|def|1
|
|-weather|Sandstorm|[upkeep]
|-damage|p1a: The Night|85/100 tox|[from] Sandstorm
|-heal|p1a: The Night|91/100 tox|[from] item: Leftovers
|-damage|p1a: The Night|79/100 tox|[from] psn
|upkeep
|turn|37
|inactive|Rebatca has 240 seconds left.
|
|t:|1730254688
|move|p2a: Claydol|Rapid Spin|p1a: The Night
|-damage|p1a: The Night|76/100 tox
|-sideend|p2: Void|Spikes|[from] move: Rapid Spin|[of] p2a: Claydol
|move|p1a: The Night|Baton Pass|p1a: The Night
|
|t:|1730254690
|switch|p1a: Mechanical girl|Metagross, shiny|100/100|[from] Baton Pass
|
|-weather|Sandstorm|[upkeep]
|upkeep
|turn|38
|
|t:|1730254696
|move|p2a: Claydol|Earthquake|p1a: Mechanical girl
|-supereffective|p1a: Mechanical girl
|-damage|p1a: Mechanical girl|62/100
|move|p1a: Mechanical girl|Meteor Mash|p2a: Claydol
|-damage|p2a: Claydol|12/100
|
|-weather|Sandstorm|[upkeep]
|-heal|p2a: Claydol|18/100|[from] item: Leftovers
|-heal|p1a: Mechanical girl|68/100|[from] item: Leftovers
|upkeep
|turn|39
|
|t:|1730254713
|move|p2a: Claydol|Earthquake|p1a: Mechanical girl
|-supereffective|p1a: Mechanical girl
|-damage|p1a: Mechanical girl|24/100
|move|p1a: Mechanical girl|Rest|p1a: Mechanical girl
|-status|p1a: Mechanical girl|slp|[from] move: Rest
|-heal|p1a: Mechanical girl|100/100 slp|[silent]
|
|-weather|Sandstorm|[upkeep]
|-heal|p2a: Claydol|24/100|[from] item: Leftovers
|upkeep
|turn|40
|
|t:|1730254720
|move|p2a: Claydol|Earthquake|p1a: Mechanical girl
|-supereffective|p1a: Mechanical girl
|-damage|p1a: Mechanical girl|56/100 slp
|cant|p1a: Mechanical girl|slp
|move|p1a: Mechanical girl|Sleep Talk|p1a: Mechanical girl
|move|p1a: Mechanical girl|Meteor Mash|p2a: Claydol|[from]Sleep Talk
|-damage|p2a: Claydol|0 fnt
|faint|p2a: Claydol
|
|t:|1730254742
|switch|p2a: Salamence|Salamence, F|100/100
|-ability|p2a: Salamence|Intimidate|boost
|-fail|p1a: Mechanical girl|unboost|[from] ability: Clear Body|[of] p1a: Mechanical girl
|
|-weather|Sandstorm|[upkeep]
|-damage|p2a: Salamence|94/100|[from] Sandstorm
|-heal|p1a: Mechanical girl|62/100 slp|[from] item: Leftovers
|upkeep
|turn|41
|inactive|Rebatca has 240 seconds left.
|
|t:|1730254786
|switch|p1a: Tempest|Suicune|100/100 slp
|move|p2a: Salamence|Earthquake|p1a: Tempest
|-damage|p1a: Tempest|72/100 slp
|
|-weather|Sandstorm|[upkeep]
|-damage|p2a: Salamence|88/100|[from] Sandstorm
|-damage|p1a: Tempest|66/100 slp|[from] Sandstorm
|-heal|p1a: Tempest|72/100 slp|[from] item: Leftovers
|upkeep
|turn|42
|
|t:|1730254796
|move|p2a: Salamence|Earthquake|p1a: Tempest
|-damage|p1a: Tempest|41/100 slp
|cant|p1a: Tempest|slp
|
|-weather|Sandstorm|[upkeep]
|-damage|p2a: Salamence|82/100|[from] Sandstorm
|-damage|p1a: Tempest|35/100 slp|[from] Sandstorm
|-heal|p1a: Tempest|41/100 slp|[from] item: Leftovers
|upkeep
|turn|43
|inactive|Rebatca has 240 seconds left.
|
|t:|1730254816
|switch|p1a: Brains|Cloyster, F, shiny|100/100
|move|p2a: Salamence|Earthquake|p1a: Brains
|-damage|p1a: Brains|64/100
|
|-weather|Sandstorm|[upkeep]
|-damage|p2a: Salamence|76/100|[from] Sandstorm
|-damage|p1a: Brains|58/100|[from] Sandstorm
|-heal|p1a: Brains|64/100|[from] item: Leftovers
|upkeep
|turn|44
|
|t:|1730254828
|move|p2a: Salamence|Earthquake|p1a: Brains
|-damage|p1a: Brains|28/100
|move|p1a: Brains|Spikes|p2a: Salamence
|-sidestart|p2: Void|Spikes
|
|-weather|Sandstorm|[upkeep]
|-damage|p2a: Salamence|70/100|[from] Sandstorm
|-damage|p1a: Brains|22/100|[from] Sandstorm
|-heal|p1a: Brains|28/100|[from] item: Leftovers
|upkeep
|turn|45
|
|t:|1730254839
|switch|p1a: Out of reach|Jumpluff, F, shiny|55/100
|move|p2a: Salamence|Earthquake|p1a: Out of reach
|-immune|p1a: Out of reach
|
|-weather|Sandstorm|[upkeep]
|-damage|p1a: Out of reach|49/100|[from] Sandstorm
|-damage|p2a: Salamence|64/100|[from] Sandstorm
|-heal|p1a: Out of reach|55/100|[from] item: Leftovers
|upkeep
|turn|46
|
|t:|1730254846
|switch|p2a: Jirachi|Jirachi|100/100
|-damage|p2a: Jirachi|88/100|[from] Spikes
|move|p1a: Out of reach|Leech Seed|p2a: Jirachi
|-start|p2a: Jirachi|move: Leech Seed
|
|-weather|Sandstorm|[upkeep]
|-damage|p1a: Out of reach|49/100|[from] Sandstorm
|-heal|p1a: Out of reach|55/100|[from] item: Leftovers
|-heal|p2a: Jirachi|94/100|[from] item: Leftovers
|-damage|p2a: Jirachi|82/100|[from] Leech Seed|[of] p1a: Out of reach
|-heal|p1a: Out of reach|69/100|[silent]
|upkeep
|turn|47
|inactive|Rebatca has 240 seconds left.
|
|t:|1730254860
|switch|p2a: Salamence|Salamence, F|64/100
|-ability|p2a: Salamence|Intimidate|boost
|-unboost|p1a: Out of reach|atk|1
|move|p1a: Out of reach|Substitute|p1a: Out of reach
|-start|p1a: Out of reach|Substitute
|-damage|p1a: Out of reach|45/100
|
|-weather|Sandstorm|[upkeep]
|-damage|p1a: Out of reach|38/100|[from] Sandstorm
|-damage|p2a: Salamence|58/100|[from] Sandstorm
|-heal|p1a: Out of reach|45/100|[from] item: Leftovers
|upkeep
|turn|48
|
|t:|1730254871
|move|p1a: Out of reach|Leech Seed|p2a: Salamence
|-start|p2a: Salamence|move: Leech Seed
|move|p2a: Salamence|Hidden Power|p1a: Out of reach
|-supereffective|p1a: Out of reach
|-end|p1a: Out of reach|Substitute
|
|-weather|Sandstorm|[upkeep]
|-damage|p1a: Out of reach|38/100|[from] Sandstorm
|-damage|p2a: Salamence|52/100|[from] Sandstorm
|-heal|p1a: Out of reach|45/100|[from] item: Leftovers
|-damage|p2a: Salamence|40/100|[from] Leech Seed|[of] p1a: Out of reach
|-heal|p1a: Out of reach|56/100|[silent]
|upkeep
|turn|49
|
|t:|1730254886
|switch|p1a: Mechanical girl|Metagross, shiny|62/100 slp
|switch|p2a: Jirachi|Jirachi|82/100
|-damage|p2a: Jirachi|69/100|[from] Spikes
|
|-weather|Sandstorm|[upkeep]
|-heal|p2a: Jirachi|76/100|[from] item: Leftovers
|-heal|p1a: Mechanical girl|68/100 slp|[from] item: Leftovers
|upkeep
|turn|50
|
|t:|1730254893
|move|p2a: Jirachi|Fire Punch|p1a: Mechanical girl
|-supereffective|p1a: Mechanical girl
|-damage|p1a: Mechanical girl|35/100 slp
|cant|p1a: Mechanical girl|slp
|move|p1a: Mechanical girl|Sleep Talk|p1a: Mechanical girl
|move|p1a: Mechanical girl|Earthquake|p2a: Jirachi|[from]Sleep Talk
|-supereffective|p2a: Jirachi
|-damage|p2a: Jirachi|30/100
|
|-weather|Sandstorm|[upkeep]
|-heal|p2a: Jirachi|36/100|[from] item: Leftovers
|-heal|p1a: Mechanical girl|41/100 slp|[from] item: Leftovers
|upkeep
|turn|51
|
|t:|1730254907
|switch|p2a: Salamence|Salamence, F|40/100
|-ability|p2a: Salamence|Intimidate|boost
|-fail|p1a: Mechanical girl|unboost|[from] ability: Clear Body|[of] p1a: Mechanical girl
|cant|p1a: Mechanical girl|slp
|
|-weather|Sandstorm|[upkeep]
|-damage|p2a: Salamence|34/100|[from] Sandstorm
|-heal|p1a: Mechanical girl|47/100 slp|[from] item: Leftovers
|upkeep
|turn|52
|inactive|Rebatca has 240 seconds left.
|
|t:|1730254936
|move|p2a: Salamence|Earthquake|p1a: Mechanical girl
|-supereffective|p1a: Mechanical girl
|-damage|p1a: Mechanical girl|0 fnt
|faint|p1a: Mechanical girl
|
|t:|1730254940
|switch|p1a: Out of reach|Jumpluff, F, shiny|56/100
|
|-weather|Sandstorm|[upkeep]
|-damage|p1a: Out of reach|50/100|[from] Sandstorm
|-damage|p2a: Salamence|28/100|[from] Sandstorm
|-heal|p1a: Out of reach|56/100|[from] item: Leftovers
|upkeep
|turn|53
|inactive|Rebatca has 240 seconds left.
|
|t:|1730254959
|switch|p1a: Tempest|Suicune|41/100 slp
|switch|p2a: Jirachi|Jirachi|36/100
|-damage|p2a: Jirachi|24/100|[from] Spikes
|
|-weather|Sandstorm|[upkeep]
|-damage|p1a: Tempest|35/100 slp|[from] Sandstorm
|-heal|p2a: Jirachi|30/100|[from] item: Leftovers
|-heal|p1a: Tempest|41/100 slp|[from] item: Leftovers
|upkeep
|turn|54
|inactive|Rebatca has 240 seconds left.
|inactive|Void has 270 seconds left.
|inactive|Void has 240 seconds left.
|
|t:|1730255025
|move|p2a: Jirachi|Wish|p2a: Jirachi
|cant|p1a: Tempest|slp
|
|-weather|Sandstorm|[upkeep]
|-damage|p1a: Tempest|35/100 slp|[from] Sandstorm
|-heal|p2a: Jirachi|36/100|[from] item: Leftovers
|-heal|p1a: Tempest|41/100 slp|[from] item: Leftovers
|upkeep
|turn|55
|inactive|Rebatca has 240 seconds left.
|
|t:|1730255050
|move|p2a: Jirachi|Fire Punch|p1a: Tempest
|-resisted|p1a: Tempest
|-damage|p1a: Tempest|35/100 slp
|-curestatus|p1a: Tempest|slp|[msg]
|move|p1a: Tempest|Rest|p1a: Tempest
|-status|p1a: Tempest|slp|[from] move: Rest
|-heal|p1a: Tempest|100/100 slp|[silent]
|
|-heal|p2a: Jirachi|86/100|[from] move: Wish|[wisher] Jirachi
|-weather|Sandstorm|[upkeep]
|-damage|p1a: Tempest|94/100 slp|[from] Sandstorm
|-heal|p2a: Jirachi|92/100|[from] item: Leftovers
|-heal|p1a: Tempest|100/100 slp|[from] item: Leftovers
|upkeep
|turn|56
|inactive|Void has 240 seconds left.
|inactive|Rebatca has 210 seconds left.
|
|t:|1730255079
|switch|p1a: The Night|Umbreon, M|76/100 tox
|move|p2a: Jirachi|Wish|p2a: Jirachi
|
|-weather|Sandstorm|[upkeep]
|-damage|p1a: The Night|70/100 tox|[from] Sandstorm
|-heal|p2a: Jirachi|99/100|[from] item: Leftovers
|-heal|p1a: The Night|76/100 tox|[from] item: Leftovers
|-damage|p1a: The Night|70/100 tox|[from] psn
|upkeep
|turn|57
|
|t:|1730255088
|switch|p2a: Salamence|Salamence, F|28/100
|-ability|p2a: Salamence|Intimidate|boost
|-unboost|p1a: The Night|atk|1
|move|p1a: The Night|Wish|p1a: The Night
|
|-heal|p2a: Salamence|78/100|[from] move: Wish|[wisher] Jirachi
|-weather|Sandstorm|[upkeep]
|-damage|p2a: Salamence|71/100|[from] Sandstorm
|-damage|p1a: The Night|64/100 tox|[from] Sandstorm
|-heal|p1a: The Night|70/100 tox|[from] item: Leftovers
|-damage|p1a: The Night|58/100 tox|[from] psn
|upkeep
|turn|58
|inactive|Rebatca has 210 seconds left.
|inactive|Rebatca has 180 seconds left.
|
|t:|1730255160
|switch|p1a: When you're evil|Tyranitar, M|36/100
|move|p2a: Salamence|Brick Break|p1a: When you're evil
|-supereffective|p1a: When you're evil
|-crit|p1a: When you're evil
|-damage|p1a: When you're evil|0 fnt
|faint|p1a: When you're evil
|
|t:|1730255174
|switch|p1a: Brains|Cloyster, F, shiny|28/100
|
|-heal|p1a: Brains|78/100|[from] move: Wish|[wisher] The Night
|-weather|Sandstorm|[upkeep]
|-damage|p2a: Salamence|65/100|[from] Sandstorm
|-damage|p1a: Brains|72/100|[from] Sandstorm
|-heal|p1a: Brains|78/100|[from] item: Leftovers
|upkeep
|turn|59
|inactive|Void has 240 seconds left.
|inactive|Void has 210 seconds left.
|
|t:|1730255229
|switch|p2a: Jirachi|Jirachi|99/100
|-damage|p2a: Jirachi|86/100|[from] Spikes
|move|p1a: Brains|Ice Beam|p2a: Jirachi
|-resisted|p2a: Jirachi
|-damage|p2a: Jirachi|73/100
|
|-weather|Sandstorm|[upkeep]
|-damage|p1a: Brains|72/100|[from] Sandstorm
|-heal|p2a: Jirachi|79/100|[from] item: Leftovers
|-heal|p1a: Brains|78/100|[from] item: Leftovers
|upkeep
|turn|60
|inactive|Void has 210 seconds left.
|inactive|Rebatca has 150 seconds left.
|
|t:|1730255246
|switch|p1a: Tempest|Suicune|100/100 slp
|move|p2a: Jirachi|Fire Punch|p1a: Tempest
|-resisted|p1a: Tempest
|-damage|p1a: Tempest|94/100 slp
|
|-weather|Sandstorm|[upkeep]
|-damage|p1a: Tempest|88/100 slp|[from] Sandstorm
|-heal|p2a: Jirachi|85/100|[from] item: Leftovers
|-heal|p1a: Tempest|94/100 slp|[from] item: Leftovers
|upkeep
|turn|61
|
|t:|1730255253
|switch|p2a: Salamence|Salamence, F|65/100
|-ability|p2a: Salamence|Intimidate|boost
|-unboost|p1a: Tempest|atk|1
|cant|p1a: Tempest|slp
|
|-weather|Sandstorm|[upkeep]
|-damage|p2a: Salamence|59/100|[from] Sandstorm
|-damage|p1a: Tempest|88/100 slp|[from] Sandstorm
|-heal|p1a: Tempest|94/100 slp|[from] item: Leftovers
|upkeep
|turn|62
|inactive|Rebatca has 150 seconds left.
|
|t:|1730255287
|move|p2a: Salamence|Hidden Power|p1a: Tempest
|-damage|p1a: Tempest|65/100 slp
|cant|p1a: Tempest|slp
|
|-weather|Sandstorm|[upkeep]
|-damage|p2a: Salamence|53/100|[from] Sandstorm
|-damage|p1a: Tempest|58/100 slp|[from] Sandstorm
|-heal|p1a: Tempest|65/100 slp|[from] item: Leftovers
|upkeep
|turn|63
|
|t:|1730255306
|move|p2a: Salamence|Hidden Power|p1a: Tempest
|-damage|p1a: Tempest|34/100 slp
|-curestatus|p1a: Tempest|slp|[msg]
|move|p1a: Tempest|Rest|p1a: Tempest
|-status|p1a: Tempest|slp|[from] move: Rest
|-heal|p1a: Tempest|100/100 slp|[silent]
|
|-weather|Sandstorm|[upkeep]
|-damage|p2a: Salamence|47/100|[from] Sandstorm
|-damage|p1a: Tempest|94/100 slp|[from] Sandstorm
|-heal|p1a: Tempest|100/100 slp|[from] item: Leftovers
|upkeep
|turn|64
|inactive|Rebatca has 120 seconds left.
|
|t:|1730255336
|switch|p1a: The Night|Umbreon, M|58/100 tox
|move|p2a: Salamence|Hidden Power|p1a: The Night
|-damage|p1a: The Night|13/100 tox
|
|-weather|Sandstorm|[upkeep]
|-damage|p2a: Salamence|41/100|[from] Sandstorm
|-damage|p1a: The Night|7/100 tox|[from] Sandstorm
|-heal|p1a: The Night|13/100 tox|[from] item: Leftovers
|-damage|p1a: The Night|7/100 tox|[from] psn
|upkeep
|turn|65
|
|t:|1730255344
|move|p2a: Salamence|Hidden Power|p1a: The Night
|-damage|p1a: The Night|0 fnt
|faint|p1a: The Night
|inactive|Rebatca has 120 seconds left.
|
|t:|1730255364
|switch|p1a: Brains|Cloyster, F, shiny|78/100
|
|-weather|Sandstorm|[upkeep]
|-damage|p2a: Salamence|35/100|[from] Sandstorm
|-damage|p1a: Brains|72/100|[from] Sandstorm
|-heal|p1a: Brains|78/100|[from] item: Leftovers
|upkeep
|turn|66
|inactive|Void has 240 seconds left.
|
|t:|1730255377
|switch|p2a: Jirachi|Jirachi|85/100
|-damage|p2a: Jirachi|73/100|[from] Spikes
|move|p1a: Brains|Spikes|p2a: Jirachi
|-sidestart|p2: Void|Spikes
|
|-weather|Sandstorm|[upkeep]
|-damage|p1a: Brains|72/100|[from] Sandstorm
|-heal|p2a: Jirachi|79/100|[from] item: Leftovers
|-heal|p1a: Brains|78/100|[from] item: Leftovers
|upkeep
|turn|67
|
|t:|1730255387
|switch|p1a: Tempest|Suicune|100/100 slp
|move|p2a: Jirachi|Wish|p2a: Jirachi
|
|-weather|Sandstorm|[upkeep]
|-damage|p1a: Tempest|94/100 slp|[from] Sandstorm
|-heal|p2a: Jirachi|85/100|[from] item: Leftovers
|-heal|p1a: Tempest|100/100 slp|[from] item: Leftovers
|upkeep
|turn|68
|
|t:|1730255393
|switch|p2a: Salamence|Salamence, F|35/100
|-ability|p2a: Salamence|Intimidate|boost
|-unboost|p1a: Tempest|atk|1
|switch|p1a: Out of reach|Jumpluff, F, shiny|56/100
|
|-heal|p2a: Salamence|85/100|[from] move: Wish|[wisher] Jirachi
|-weather|Sandstorm|[upkeep]
|-damage|p1a: Out of reach|50/100|[from] Sandstorm
|-damage|p2a: Salamence|79/100|[from] Sandstorm
|-heal|p1a: Out of reach|56/100|[from] item: Leftovers
|upkeep
|turn|69
|inactive|Rebatca has 120 seconds left.
|
|t:|1730255425
|move|p1a: Out of reach|Substitute|p1a: Out of reach
|-start|p1a: Out of reach|Substitute
|-damage|p1a: Out of reach|31/100
|move|p2a: Salamence|Hidden Power|p1a: Out of reach
|-supereffective|p1a: Out of reach
|-end|p1a: Out of reach|Substitute
|
|-weather|Sandstorm|[upkeep]
|-damage|p1a: Out of reach|25/100|[from] Sandstorm
|-damage|p2a: Salamence|73/100|[from] Sandstorm
|-heal|p1a: Out of reach|31/100|[from] item: Leftovers
|upkeep
|turn|70
|
|t:|1730255431
|move|p1a: Out of reach|Leech Seed|p2a: Salamence
|-start|p2a: Salamence|move: Leech Seed
|move|p2a: Salamence|Hidden Power|p1a: Out of reach
|-supereffective|p1a: Out of reach
|-damage|p1a: Out of reach|0 fnt
|faint|p1a: Out of reach
|inactive|Rebatca has 90 seconds left.
|
|t:|1730255448
|switch|p1a: Tempest|Suicune|100/100 slp
|
|-weather|Sandstorm|[upkeep]
|-damage|p2a: Salamence|67/100|[from] Sandstorm
|-damage|p1a: Tempest|94/100 slp|[from] Sandstorm
|-damage|p2a: Salamence|55/100|[from] Leech Seed|[of] p1a: Tempest
|-heal|p1a: Tempest|100/100 slp|[silent]
|upkeep
|turn|71
|
|t:|1730255454
|switch|p2a: Blissey|Blissey, F|100/100
|-damage|p2a: Blissey|84/100|[from] Spikes
|cant|p1a: Tempest|slp
|
|-weather|Sandstorm|[upkeep]
|-damage|p1a: Tempest|94/100 slp|[from] Sandstorm
|-damage|p2a: Blissey|78/100|[from] Sandstorm
|-heal|p1a: Tempest|100/100 slp|[from] item: Leftovers
|-heal|p2a: Blissey|84/100|[from] item: Leftovers
|upkeep
|turn|72
|
|t:|1730255457
|cant|p1a: Tempest|slp
|move|p2a: Blissey|Aromatherapy|p2a: Blissey
|-cureteam|p2a: Blissey|[from] move: Aromatherapy
|
|-weather|Sandstorm|[upkeep]
|-damage|p1a: Tempest|94/100 slp|[from] Sandstorm
|-damage|p2a: Blissey|78/100|[from] Sandstorm
|-heal|p1a: Tempest|100/100 slp|[from] item: Leftovers
|-heal|p2a: Blissey|84/100|[from] item: Leftovers
|upkeep
|turn|73
|
|t:|1730255474
|switch|p2a: Suicune|Suicune|99/100
|-damage|p2a: Suicune|82/100|[from] Spikes
|-curestatus|p1a: Tempest|slp|[msg]
|move|p1a: Tempest|Calm Mind|p1a: Tempest
|-boost|p1a: Tempest|spa|1
|-boost|p1a: Tempest|spd|1
|
|-weather|Sandstorm|[upkeep]
|-damage|p2a: Suicune|76/100|[from] Sandstorm
|-damage|p1a: Tempest|94/100|[from] Sandstorm
|-heal|p2a: Suicune|82/100|[from] item: Leftovers
|-heal|p1a: Tempest|100/100|[from] item: Leftovers
|upkeep
|turn|74
|
|t:|1730255480
|move|p2a: Suicune|Roar|p1a: Tempest
|drag|p1a: Brains|Cloyster, F, shiny|78/100
|
|-weather|Sandstorm|[upkeep]
|-damage|p2a: Suicune|76/100|[from] Sandstorm
|-damage|p1a: Brains|72/100|[from] Sandstorm
|-heal|p2a: Suicune|82/100|[from] item: Leftovers
|-heal|p1a: Brains|78/100|[from] item: Leftovers
|upkeep
|turn|75
|
|t:|1730255488
|switch|p2a: Jirachi|Jirachi|85/100
|-damage|p2a: Jirachi|68/100|[from] Spikes
|move|p1a: Brains|Hidden Power|p2a: Jirachi
|-resisted|p2a: Jirachi
|-crit|p2a: Jirachi
|-damage|p2a: Jirachi|56/100
|
|-weather|Sandstorm|[upkeep]
|-damage|p1a: Brains|72/100|[from] Sandstorm
|-heal|p2a: Jirachi|62/100|[from] item: Leftovers
|-heal|p1a: Brains|78/100|[from] item: Leftovers
|upkeep
|turn|76
|
|t:|1730255498
|move|p2a: Jirachi|Wish|p2a: Jirachi
|move|p1a: Brains|Spikes|p2a: Jirachi
|-sidestart|p2: Void|Spikes
|
|-weather|Sandstorm|[upkeep]
|-damage|p1a: Brains|72/100|[from] Sandstorm
|-heal|p2a: Jirachi|68/100|[from] item: Leftovers
|-heal|p1a: Brains|78/100|[from] item: Leftovers
|upkeep
|turn|77
|
|t:|1730255520
|move|p2a: Jirachi|Toxic|p1a: Brains
|-status|p1a: Brains|tox
|move|p1a: Brains|Ice Beam|p2a: Jirachi
|-resisted|p2a: Jirachi
|-damage|p2a: Jirachi|55/100
|
|-heal|p2a: Jirachi|100/100|[from] move: Wish|[wisher] Jirachi
|-weather|Sandstorm|[upkeep]
|-damage|p1a: Brains|72/100 tox|[from] Sandstorm
|-heal|p1a: Brains|78/100 tox|[from] item: Leftovers
|-damage|p1a: Brains|72/100 tox|[from] psn
|upkeep
|turn|78
|
|t:|1730255527
|move|p2a: Jirachi|Wish|p2a: Jirachi
|move|p1a: Brains|Ice Beam|p2a: Jirachi
|-resisted|p2a: Jirachi
|-crit|p2a: Jirachi
|-damage|p2a: Jirachi|74/100
|
|-weather|Sandstorm|[upkeep]
|-damage|p1a: Brains|65/100 tox|[from] Sandstorm
|-heal|p2a: Jirachi|80/100|[from] item: Leftovers
|-heal|p1a: Brains|72/100 tox|[from] item: Leftovers
|-damage|p1a: Brains|59/100 tox|[from] psn
|upkeep
|turn|79
|
|t:|1730255552
|switch|p1a: Tempest|Suicune|100/100
|move|p2a: Jirachi|Fire Punch|p1a: Tempest
|-resisted|p1a: Tempest
|-damage|p1a: Tempest|95/100
|
|-heal|p2a: Jirachi|100/100|[from] move: Wish|[wisher] Jirachi
|-weather|Sandstorm|[upkeep]
|-damage|p1a: Tempest|88/100|[from] Sandstorm
|-heal|p1a: Tempest|95/100|[from] item: Leftovers
|upkeep
|turn|80
|
|t:|1730255559
|move|p2a: Jirachi|Toxic|p1a: Tempest
|-status|p1a: Tempest|tox
|move|p1a: Tempest|Calm Mind|p1a: Tempest
|-boost|p1a: Tempest|spa|1
|-boost|p1a: Tempest|spd|1
|
|-weather|Sandstorm|[upkeep]
|-damage|p1a: Tempest|88/100 tox|[from] Sandstorm
|-heal|p1a: Tempest|95/100 tox|[from] item: Leftovers
|-damage|p1a: Tempest|88/100 tox|[from] psn
|upkeep
|turn|81
|inactive|Rebatca has 150 seconds left.
|
|t:|1730255565
|move|p2a: Jirachi|Wish|p2a: Jirachi
|move|p1a: Tempest|Calm Mind|p1a: Tempest
|-boost|p1a: Tempest|spa|1
|-boost|p1a: Tempest|spd|1
|
|-weather|Sandstorm|[upkeep]
|-damage|p1a: Tempest|82/100 tox|[from] Sandstorm
|-heal|p1a: Tempest|88/100 tox|[from] item: Leftovers
|-damage|p1a: Tempest|76/100 tox|[from] psn
|upkeep
|turn|82
|inactive|Rebatca has 150 seconds left.
|
|t:|1730255585
|switch|p2a: Suicune|Suicune|82/100
|-damage|p2a: Suicune|58/100|[from] Spikes
|move|p1a: Tempest|Rest|p1a: Tempest
|-status|p1a: Tempest|slp|[from] move: Rest
|-heal|p1a: Tempest|100/100 slp|[silent]
|
|-heal|p2a: Suicune|100/100|[from] move: Wish|[wisher] Jirachi
|-weather|Sandstorm|[upkeep]
|-damage|p2a: Suicune|94/100|[from] Sandstorm
|-damage|p1a: Tempest|94/100 slp|[from] Sandstorm
|-heal|p2a: Suicune|100/100|[from] item: Leftovers
|-heal|p1a: Tempest|100/100 slp|[from] item: Leftovers
|upkeep
|turn|83
|inactive|Rebatca has 150 seconds left.
|
|t:|1730255594
|move|p2a: Suicune|Roar|p1a: Tempest
|drag|p1a: Brains|Cloyster, F, shiny|59/100 tox
|
|-weather|Sandstorm|[upkeep]
|-damage|p2a: Suicune|94/100|[from] Sandstorm
|-damage|p1a: Brains|53/100 tox|[from] Sandstorm
|-heal|p2a: Suicune|100/100|[from] item: Leftovers
|-heal|p1a: Brains|59/100 tox|[from] item: Leftovers
|-damage|p1a: Brains|53/100 tox|[from] psn
|upkeep
|turn|84
|inactive|Rebatca has 150 seconds left.
|
|t:|1730255611
|switch|p2a: Jirachi|Jirachi|100/100
|-damage|p2a: Jirachi|76/100|[from] Spikes
|move|p1a: Brains|Hidden Power|p2a: Jirachi
|-resisted|p2a: Jirachi
|-damage|p2a: Jirachi|70/100
|
|-weather|Sandstorm|[upkeep]
|-damage|p1a: Brains|47/100 tox|[from] Sandstorm
|-heal|p2a: Jirachi|76/100|[from] item: Leftovers
|-heal|p1a: Brains|53/100 tox|[from] item: Leftovers
|-damage|p1a: Brains|40/100 tox|[from] psn
|upkeep
|turn|85
|inactive|Rebatca has 150 seconds left.
|
|t:|1730255619
|switch|p1a: Tempest|Suicune|100/100 slp
|move|p2a: Jirachi|Wish|p2a: Jirachi
|
|-weather|Sandstorm|[upkeep]
|-damage|p1a: Tempest|94/100 slp|[from] Sandstorm
|-heal|p2a: Jirachi|82/100|[from] item: Leftovers
|-heal|p1a: Tempest|100/100 slp|[from] item: Leftovers
|upkeep
|turn|86
|
|t:|1730255623
|switch|p2a: Hariyama|Hariyama, F|75/100
|-damage|p2a: Hariyama|50/100|[from] Spikes
|cant|p1a: Tempest|slp
|
|-heal|p2a: Hariyama|100/100|[from] move: Wish|[wisher] Jirachi
|-weather|Sandstorm|[upkeep]
|-damage|p1a: Tempest|94/100 slp|[from] Sandstorm
|-damage|p2a: Hariyama|94/100|[from] Sandstorm
|-heal|p1a: Tempest|100/100 slp|[from] item: Leftovers
|-heal|p2a: Hariyama|100/100|[from] item: Leftovers
|upkeep
|turn|87
|
|t:|1730255631
|-singleturn|p2a: Hariyama|move: Focus Punch
|switch|p1a: Brains|Cloyster, F, shiny|40/100 tox
|move|p2a: Hariyama|Focus Punch|p1a: Brains
|-supereffective|p1a: Brains
|-damage|p1a: Brains|0 fnt
|faint|p1a: Brains
|
|t:|1730255633
|switch|p1a: Tempest|Suicune|100/100 slp
|
|-weather|Sandstorm|[upkeep]
|-damage|p1a: Tempest|94/100 slp|[from] Sandstorm
|-damage|p2a: Hariyama|94/100|[from] Sandstorm
|-heal|p1a: Tempest|100/100 slp|[from] item: Leftovers
|-heal|p2a: Hariyama|100/100|[from] item: Leftovers
|upkeep
|turn|88
|
|t:|1730255641
|-singleturn|p2a: Hariyama|move: Focus Punch
|cant|p1a: Tempest|slp
|move|p2a: Hariyama|Focus Punch|p1a: Tempest
|-damage|p1a: Tempest|62/100 slp
|
|-weather|Sandstorm|[upkeep]
|-damage|p1a: Tempest|56/100 slp|[from] Sandstorm
|-damage|p2a: Hariyama|94/100|[from] Sandstorm
|-heal|p1a: Tempest|62/100 slp|[from] item: Leftovers
|-heal|p2a: Hariyama|100/100|[from] item: Leftovers
|upkeep
|turn|89
|
|t:|1730255646
|-curestatus|p1a: Tempest|slp|[msg]
|move|p1a: Tempest|Calm Mind|p1a: Tempest
|-boost|p1a: Tempest|spa|1
|-boost|p1a: Tempest|spd|1
|move|p2a: Hariyama|Knock Off|p1a: Tempest
|-damage|p1a: Tempest|61/100
|-enditem|p1a: Tempest|Leftovers|[from] move: Knock Off|[of] p2a: Hariyama
|-hint|In Gens 3-4, Knock Off only makes the target's item unusable; it cannot obtain a new item.
|
|-weather|Sandstorm|[upkeep]
|-damage|p1a: Tempest|55/100|[from] Sandstorm
|-damage|p2a: Hariyama|94/100|[from] Sandstorm
|-heal|p2a: Hariyama|100/100|[from] item: Leftovers
|upkeep
|turn|90
|
|t:|1730255660
|-singleturn|p2a: Hariyama|move: Focus Punch
|move|p1a: Tempest|Surf|p2a: Hariyama
|-damage|p2a: Hariyama|58/100
|move|p2a: Hariyama|Focus Punch||[still]
|cant|p2a: Hariyama|Focus Punch|Focus Punch
|
|-weather|Sandstorm|[upkeep]
|-damage|p1a: Tempest|49/100|[from] Sandstorm
|-damage|p2a: Hariyama|52/100|[from] Sandstorm
|-heal|p2a: Hariyama|58/100|[from] item: Leftovers
|upkeep
|turn|91
|
|t:|1730255669
|move|p1a: Tempest|Surf|p2a: Hariyama
|-damage|p2a: Hariyama|17/100
|move|p2a: Hariyama|Brick Break|p1a: Tempest
|-damage|p1a: Tempest|29/100
|
|-weather|Sandstorm|[upkeep]
|-damage|p1a: Tempest|23/100|[from] Sandstorm
|-damage|p2a: Hariyama|11/100|[from] Sandstorm
|-heal|p2a: Hariyama|17/100|[from] item: Leftovers
|upkeep
|turn|92
|
|t:|1730255676
|-singleturn|p2a: Hariyama|move: Focus Punch
|move|p1a: Tempest|Rest|p1a: Tempest
|-status|p1a: Tempest|slp|[from] move: Rest
|-heal|p1a: Tempest|100/100 slp|[silent]
|move|p2a: Hariyama|Focus Punch|p1a: Tempest
|-damage|p1a: Tempest|61/100 slp
|
|-weather|Sandstorm|[upkeep]
|-damage|p1a: Tempest|54/100 slp|[from] Sandstorm
|-damage|p2a: Hariyama|11/100|[from] Sandstorm
|-heal|p2a: Hariyama|17/100|[from] item: Leftovers
|upkeep
|turn|93
|
|t:|1730255680
|-singleturn|p2a: Hariyama|move: Focus Punch
|cant|p1a: Tempest|slp
|move|p2a: Hariyama|Focus Punch|p1a: Tempest
|-damage|p1a: Tempest|14/100 slp
|
|-weather|Sandstorm|[upkeep]
|-damage|p1a: Tempest|7/100 slp|[from] Sandstorm
|-damage|p2a: Hariyama|11/100|[from] Sandstorm
|-heal|p2a: Hariyama|17/100|[from] item: Leftovers
|upkeep
|turn|94
|
|t:|1730255684
|cant|p1a: Tempest|slp
|move|p2a: Hariyama|Brick Break|p1a: Tempest
|-damage|p1a: Tempest|0 fnt
|faint|p1a: Tempest
|
|win|Void
|c|☆Rebatca|gg
|c|☆Void|gg
|player|p2|
|player|p2|Void|#splxvwolfpack|

</script>
<script type="application/json" class="data" id="replaydata-smogtours-gen3ou-803405">
{"id":"smogtours-gen3ou-803405","format":"[Gen 3] OU","players":["Rebatca","Void"],"uploadtime":1730255684,"views":79,"formatid":"gen3ou","rating":null,"private":0,"password":null}
</script>

<script defer src="js/replays.js?9d40a366"></script>
