<!DOCTYPE html>
<meta charset="utf-8" />
<meta name="viewport" content="width=device-width" />

<title>[Gen 3] OU: Elian vs. ljsampson - Replays - Pok&eacute;mon Showdown!</title>

<meta name="description" content="Watch a replay of a Pok&eacute;mon battle between Elian and ljsampson! Format: [Gen 3] OU; Date: Oct 11, 2024" />
<!--

Hey, you! Looking in the source for the replay log?

You can find them in JSON format, just add `.json` at the end of a replay URL.

https://replay.pokemonshowdown.com/gen7randomdoublesbattle-865046831.json

Or, if you only need the log itself, add `.log` instead:

https://replay.pokemonshowdown.com/gen7randomdoublesbattle-865046831.log

-->

<link rel="stylesheet" href="//pokemonshowdown.com/style/global.css?0.023195364461161105" />
<link rel="stylesheet" href="//play.pokemonshowdown.com/style/font-awesome.css?0.13261647063804238" />
<link rel="stylesheet" href="//play.pokemonshowdown.com/style/battle.css?0.8753245789963631" />
<link rel="stylesheet" href="//play.pokemonshowdown.com/style/utilichart.css?0.8627959624976733" />

<!-- Global site tag (gtag.js) - Google Analytics -->
<script async src="https://www.googletagmanager.com/gtag/js?id=UA-26211653-1"></script>
<script>
  window.dataLayer = window.dataLayer || [];
  function gtag(){dataLayer.push(arguments);}
  gtag('js', new Date());

  gtag('config', 'UA-26211653-1');
</script>
<!-- End Google Analytics -->
<!-- Venatus Ad Manager - Install in <HEAD> of page -->
	<script src="https://hb.vntsm.com/v3/live/ad-manager.min.js" type="text/javascript" data-site-id="642aba63ec9a7b11c3c9c1be" data-mode="scan" async></script>
<!-- / Venatus Ad Manager -->

<style>
	@media (max-width:820px) {
		.battle {
			margin: 0 auto;
		}
		.battle-log {
			margin: 7px auto 0;
			max-width: 640px;
			height: 300px;
			position: static;
		}
	}
	.optgroup {
		display: inline-block;
		line-height: 22px;
		font-size: 10pt;
	}
	.optgroup .button {
		height: 25px;
		padding-top: 0;
		padding-bottom: 0;
	}
	.optgroup button.button {
		padding-left: 12px;
		padding-right: 12px;
	}
	.linklist {
		list-style: none;
		margin: 0.5em 0;
		padding: 0;
	}
	.linklist li {
		padding: 2px 0;
	}
	.sidebar {
		float: left;
		width: 320px;
	}
	.bar-wrapper {
		max-width: 1100px;
		margin: 0 auto;
	}
	.bar-wrapper.has-sidebar {
		max-width: 1430px;
	}
	.mainbar {
		margin: 0;
		padding-right: 1px;
	}
	.mainbar.has-sidebar {
		margin-left: 330px;
	}
	@media (min-width: 1511px) {
		.sidebar {
			width: 400px;
		}
		.bar-wrapper.has-sidebar {
			max-width: 1510px;
		}
		.mainbar.has-sidebar {
			margin-left: 410px;
		}
	}
	.section.first-section {
		margin-top: 9px;
	}
	.blocklink small {
		white-space: normal;
	}
	.button {
		vertical-align: middle;
	}
	.replay-controls {
		padding-top: 10px;
	}
	.replay-controls h1 {
		font-size: 16pt;
		font-weight: normal;
		color: #CCC;
	}
	.pagelink {
		text-align: center;
	}
	.pagelink a {
		width: 150px;
	}
	.textbox, .button {
		font-size: 11pt;
		vertical-align: middle;
	}
	@media (max-width: 450px) {
		.button {
			font-size: 9pt;
		}
	}
</style>

<div>

	<header>
		<div class="nav-wrapper"><ul class="nav">
			<li><a class="button nav-first" href="//pokemonshowdown.com/"><img src="//pokemonshowdown.com/images/pokemonshowdownbeta.png" srcset="//pokemonshowdown.com/images/pokemonshowdownbeta.png 1x, //pokemonshowdown.com/images/pokemonshowdownbeta@2x.png 2x" alt="Pok&eacute;mon Showdown" width="146" height="44" /> Home</a></li>
			<li><a class="button" href="//pokemonshowdown.com/dex/">Pok&eacute;dex</a></li>
			<li><a class="button cur" href="/">Replays</a></li>
			<li><a class="button" href="//pokemonshowdown.com/ladder/">Ladder</a></li>
			<li><a class="button nav-last" href="//pokemonshowdown.com/forums/">Forum</a></li>
			<li><a class="button greenbutton nav-first nav-last" href="//play.pokemonshowdown.com/">Play</a></li>
		</ul></div>
	</header>

	<div class="main" id="main">

		<noscript><section class="section">You need to enable JavaScript to use this page; sorry!</section></noscript>

	</div>

</div>

<script defer nomodule src="//play.pokemonshowdown.com/js/lib/ps-polyfill.js"></script>
<script defer src="//play.pokemonshowdown.com/js/lib/preact.min.js"></script>

<script defer src="//play.pokemonshowdown.com/config/config.js?2bddbc15"></script>
<script defer src="//play.pokemonshowdown.com/js/lib/jquery-1.11.0.min.js"></script>
<script defer src="//play.pokemonshowdown.com/js/lib/html-sanitizer-minified.js"></script>
<script defer src="//play.pokemonshowdown.com/js/battle-sound.js"></script>
<script defer src="//play.pokemonshowdown.com/js/battledata.js?0.7209276989879541"></script>
<script defer src="//play.pokemonshowdown.com/data/pokedex-mini.js?0.6111056340867951"></script>
<script defer src="//play.pokemonshowdown.com/data/pokedex-mini-bw.js?0.3532142036491459"></script>
<script defer src="//play.pokemonshowdown.com/data/graphics.js?0.24223875632456182"></script>
<script defer src="//play.pokemonshowdown.com/data/pokedex.js?0.38839984266356864"></script>
<script defer src="//play.pokemonshowdown.com/data/moves.js?0.21866028504024015"></script>
<script defer src="//play.pokemonshowdown.com/data/abilities.js?0.2005157953846628"></script>
<script defer src="//play.pokemonshowdown.com/data/items.js?0.9894211263848525"></script>
<script defer src="//play.pokemonshowdown.com/data/teambuilder-tables.js?0.6008791140282215"></script>
<script defer src="//play.pokemonshowdown.com/js/battle-tooltips.js?0.7580118955022959"></script>
<script defer src="//play.pokemonshowdown.com/js/battle.js?0.6057722274234274"></script>

<script defer src="js/utils.js?e31f9a17"></script>
<script defer src="js/replays-battle.js?7008c182"></script>

<!-- don't scrape this data! just add .json or .log after the URL!
Full API docs: https://github.com/smogon/pokemon-showdown-client/blob/master/WEB-API.md -->
<script type="text/plain" class="log" id="replaylog-smogtours-gen3ou-797239">
|inactive|Battle timer is ON: inactive players will automatically lose when time's up.
|t:|1728672515
|gametype|singles
|player|p1|Elian|erika-gen2|
|player|p2|ljsampson|2|
|teamsize|p1|6
|teamsize|p2|6
|gen|3
|tier|[Gen 3] OU
|rule|Sleep Clause Mod: Limit one foe put to sleep
|rule|Switch Priority Clause Mod: Faster Pokémon switch first
|rule|Species Clause: Limit one of each Pokémon
|rule|OHKO Clause: OHKO moves are banned
|rule|Evasion Items Clause: Evasion items are banned
|rule|Evasion Moves Clause: Evasion moves are banned
|rule|Endless Battle Clause: Forcing endless battles is banned
|rule|HP Percentage Mod: HP is shown in percentages
|rule|One Boost Passer Clause: Limit one Baton Passer that has a way to boost its stats
|rule|Freeze Clause Mod: Limit one foe frozen
|
|t:|1728672515
|start
|switch|p1a: Havertz|Tyranitar, M|100/100
|switch|p2a: Regirock|Regirock|100/100
|-weather|Sandstorm|[from] ability: Sand Stream|[of] p1a: Havertz
|turn|1
|inactive|Elian has 270 seconds left.
|
|t:|1728672545
|switch|p1a: Tomiyasu|Skarmory, F|100/100
|move|p2a: Regirock|Thunder Wave|p1a: Tomiyasu
|-status|p1a: Tomiyasu|par
|
|-weather|Sandstorm|[upkeep]
|upkeep
|turn|2
|
|t:|1728672549
|switch|p2a: Magneton|Magneton|100/100
|move|p1a: Tomiyasu|Spikes|p2a: Magneton
|-sidestart|p2: ljsampson|Spikes
|
|-weather|Sandstorm|[upkeep]
|upkeep
|turn|3
|
|t:|1728672553
|move|p2a: Magneton|Thunderbolt|p1a: Tomiyasu
|-supereffective|p1a: Tomiyasu
|-damage|p1a: Tomiyasu|0 fnt
|faint|p1a: Tomiyasu
|
|t:|1728672555
|switch|p1a: Zinchenko|Salamence, M|100/100
|-ability|p1a: Zinchenko|Intimidate|boost
|-unboost|p2a: Magneton|atk|1
|
|-weather|Sandstorm|[upkeep]
|-damage|p1a: Zinchenko|94/100|[from] Sandstorm
|-heal|p1a: Zinchenko|100/100|[from] item: Leftovers
|upkeep
|turn|4
|
|t:|1728672574
|move|p1a: Zinchenko|Fire Blast|p2a: Magneton
|-supereffective|p2a: Magneton
|-damage|p2a: Magneton|0 fnt
|faint|p2a: Magneton
|
|t:|1728672583
|switch|p2a: Regirock|Regirock|100/100
|-damage|p2a: Regirock|88/100|[from] Spikes
|
|-weather|Sandstorm|[upkeep]
|-damage|p1a: Zinchenko|94/100|[from] Sandstorm
|-heal|p1a: Zinchenko|100/100|[from] item: Leftovers
|-heal|p2a: Regirock|94/100|[from] item: Leftovers
|upkeep
|turn|5
|
|t:|1728672590
|switch|p1a: Trossard|Swampert, F|100/100
|move|p2a: Regirock|Thunder Wave|p1a: Trossard
|-immune|p1a: Trossard
|
|-weather|Sandstorm|[upkeep]
|-heal|p2a: Regirock|99/100|[from] item: Leftovers
|upkeep
|turn|6
|
|t:|1728672599
|switch|p1a: Rice|Jirachi|100/100
|switch|p2a: Snorlax|Snorlax, F|100/100
|-damage|p2a: Snorlax|88/100|[from] Spikes
|
|-weather|Sandstorm|[upkeep]
|-damage|p2a: Snorlax|82/100|[from] Sandstorm
|-heal|p2a: Snorlax|88/100|[from] item: Leftovers
|upkeep
|turn|7
|
|t:|1728672610
|switch|p1a: Zinchenko|Salamence, M|100/100
|-ability|p1a: Zinchenko|Intimidate|boost
|-unboost|p2a: Snorlax|atk|1
|move|p2a: Snorlax|Curse|p2a: Snorlax
|-unboost|p2a: Snorlax|spe|1
|-boost|p2a: Snorlax|atk|1
|-boost|p2a: Snorlax|def|1
|
|-weather|Sandstorm|[upkeep]
|-damage|p1a: Zinchenko|94/100|[from] Sandstorm
|-damage|p2a: Snorlax|82/100|[from] Sandstorm
|-heal|p1a: Zinchenko|100/100|[from] item: Leftovers
|-heal|p2a: Snorlax|88/100|[from] item: Leftovers
|upkeep
|turn|8
|
|t:|1728672616
|switch|p1a: Trossard|Swampert, F|100/100
|move|p2a: Snorlax|Curse|p2a: Snorlax
|-unboost|p2a: Snorlax|spe|1
|-boost|p2a: Snorlax|atk|1
|-boost|p2a: Snorlax|def|1
|
|-weather|Sandstorm|[upkeep]
|-damage|p2a: Snorlax|82/100|[from] Sandstorm
|-heal|p2a: Snorlax|88/100|[from] item: Leftovers
|upkeep
|turn|9
|
|t:|1728672641
|move|p1a: Trossard|Hydro Pump|p2a: Snorlax
|-damage|p2a: Snorlax|57/100
|move|p2a: Snorlax|Earthquake|p1a: Trossard
|-damage|p1a: Trossard|49/100
|
|-weather|Sandstorm|[upkeep]
|-damage|p2a: Snorlax|51/100|[from] Sandstorm
|-heal|p1a: Trossard|56/100|[from] item: Leftovers
|-heal|p2a: Snorlax|57/100|[from] item: Leftovers
|upkeep
|turn|10
|
|t:|1728672650
|move|p1a: Trossard|Hydro Pump|p2a: Snorlax|[miss]
|-miss|p1a: Trossard|p2a: Snorlax
|move|p2a: Snorlax|Self-Destruct|p1a: Trossard
|-damage|p1a: Trossard|0 fnt
|faint|p2a: Snorlax
|faint|p1a: Trossard
|
|t:|1728672662
|switch|p1a: Rice|Jirachi|100/100
|switch|p2a: Regirock|Regirock|99/100
|-damage|p2a: Regirock|88/100|[from] Spikes
|
|-weather|Sandstorm|[upkeep]
|-heal|p2a: Regirock|94/100|[from] item: Leftovers
|upkeep
|turn|11
|
|t:|1728672666
|move|p1a: Rice|Substitute|p1a: Rice
|-start|p1a: Rice|Substitute
|-damage|p1a: Rice|75/100
|move|p2a: Regirock|Thunder Wave||[still]
|-fail|p2a: Regirock
|
|-weather|Sandstorm|[upkeep]
|-heal|p1a: Rice|82/100|[from] item: Leftovers
|-heal|p2a: Regirock|99/100|[from] item: Leftovers
|upkeep
|turn|12
|
|t:|1728672670
|move|p1a: Rice|Thunder|p2a: Regirock|[miss]
|-miss|p1a: Rice|p2a: Regirock
|move|p2a: Regirock|Earthquake|p1a: Rice
|-supereffective|p1a: Rice
|-end|p1a: Rice|Substitute
|
|-weather|Sandstorm|[upkeep]
|-heal|p1a: Rice|88/100|[from] item: Leftovers
|-heal|p2a: Regirock|100/100|[from] item: Leftovers
|upkeep
|turn|13
|
|t:|1728672674
|switch|p1a: Saliva|Celebi|100/100
|move|p2a: Regirock|Earthquake|p1a: Saliva
|-resisted|p1a: Saliva
|-damage|p1a: Saliva|85/100
|
|-weather|Sandstorm|[upkeep]
|-damage|p1a: Saliva|79/100|[from] Sandstorm
|-heal|p1a: Saliva|85/100|[from] item: Leftovers
|upkeep
|turn|14
|
|t:|1728672702
|move|p1a: Saliva|Giga Drain|p2a: Regirock
|-supereffective|p2a: Regirock
|-damage|p2a: Regirock|44/100
|-heal|p1a: Saliva|100/100|[from] drain|[of] p2a: Regirock
|move|p2a: Regirock|Explosion|p1a: Saliva
|-damage|p1a: Saliva|0 fnt
|faint|p2a: Regirock
|faint|p1a: Saliva
|
|t:|1728672711
|switch|p1a: Zinchenko|Salamence, M|100/100
|switch|p2a: Metagross|Metagross|100/100
|-ability|p1a: Zinchenko|Intimidate|boost
|-fail|p2a: Metagross|unboost|[from] ability: Clear Body|[of] p2a: Metagross
|-damage|p2a: Metagross|88/100|[from] Spikes
|
|-weather|Sandstorm|[upkeep]
|-damage|p1a: Zinchenko|94/100|[from] Sandstorm
|-heal|p1a: Zinchenko|100/100|[from] item: Leftovers
|-heal|p2a: Metagross|94/100|[from] item: Leftovers
|upkeep
|turn|15
|
|t:|1728672719
|move|p1a: Zinchenko|Fire Blast|p2a: Metagross|[miss]
|-miss|p1a: Zinchenko|p2a: Metagross
|move|p2a: Metagross|Meteor Mash|p1a: Zinchenko
|-damage|p1a: Zinchenko|30/100
|-boost|p2a: Metagross|atk|1
|
|-weather|Sandstorm|[upkeep]
|-damage|p1a: Zinchenko|24/100|[from] Sandstorm
|-heal|p1a: Zinchenko|30/100|[from] item: Leftovers
|-heal|p2a: Metagross|99/100|[from] item: Leftovers
|upkeep
|turn|16
|
|t:|1728672725
|move|p1a: Zinchenko|Fire Blast|p2a: Metagross
|-supereffective|p2a: Metagross
|-damage|p2a: Metagross|12/100
|move|p2a: Metagross|Meteor Mash|p1a: Zinchenko|[miss]
|-miss|p2a: Metagross|p1a: Zinchenko
|
|-weather|Sandstorm|[upkeep]
|-damage|p1a: Zinchenko|24/100|[from] Sandstorm
|-heal|p1a: Zinchenko|30/100|[from] item: Leftovers
|-heal|p2a: Metagross|18/100|[from] item: Leftovers
|upkeep
|turn|17
|c|☆Elian|va a 
|c|☆Elian|fallar
|
|t:|1728672740
|move|p1a: Zinchenko|Fire Blast|p2a: Metagross|[miss]
|-miss|p1a: Zinchenko|p2a: Metagross
|move|p2a: Metagross|Meteor Mash|p1a: Zinchenko
|-damage|p1a: Zinchenko|0 fnt
|faint|p1a: Zinchenko
|
|t:|1728672744
|switch|p1a: Rice|Jirachi|88/100
|
|-weather|Sandstorm|[upkeep]
|-heal|p1a: Rice|94/100|[from] item: Leftovers
|-heal|p2a: Metagross|24/100|[from] item: Leftovers
|upkeep
|turn|18
|
|t:|1728672757
|move|p1a: Rice|Thunder|p2a: Metagross
|-damage|p2a: Metagross|0 fnt
|faint|p2a: Metagross
|inactive|ljsampson has 270 seconds left.
|
|t:|1728672809
|switch|p2a: Salamence|Salamence, F|100/100
|-ability|p2a: Salamence|Intimidate|boost
|-unboost|p1a: Rice|atk|1
|
|-weather|Sandstorm|[upkeep]
|-damage|p2a: Salamence|94/100|[from] Sandstorm
|-heal|p1a: Rice|99/100|[from] item: Leftovers
|-heal|p2a: Salamence|100/100|[from] item: Leftovers
|upkeep
|turn|19
|
|t:|1728672814
|move|p1a: Rice|Ice Punch|p2a: Salamence
|-supereffective|p2a: Salamence
|-damage|p2a: Salamence|0 fnt
|faint|p2a: Salamence
|
|t:|1728672816
|switch|p2a: Suicune|Suicune|100/100
|-damage|p2a: Suicune|88/100|[from] Spikes
|
|-weather|Sandstorm|[upkeep]
|-damage|p2a: Suicune|82/100|[from] Sandstorm
|-heal|p1a: Rice|100/100|[from] item: Leftovers
|-heal|p2a: Suicune|88/100|[from] item: Leftovers
|upkeep
|turn|20
|
|t:|1728672819
|move|p1a: Rice|Calm Mind|p1a: Rice
|-boost|p1a: Rice|spa|1
|-boost|p1a: Rice|spd|1
|move|p2a: Suicune|Calm Mind|p2a: Suicune
|-boost|p2a: Suicune|spa|1
|-boost|p2a: Suicune|spd|1
|
|-weather|Sandstorm|[upkeep]
|-damage|p2a: Suicune|82/100|[from] Sandstorm
|-heal|p2a: Suicune|88/100|[from] item: Leftovers
|upkeep
|turn|21
|
|t:|1728672822
|move|p1a: Rice|Thunder|p2a: Suicune
|-supereffective|p2a: Suicune
|-damage|p2a: Suicune|35/100
|-status|p2a: Suicune|par
|move|p2a: Suicune|Calm Mind|p2a: Suicune
|-boost|p2a: Suicune|spa|1
|-boost|p2a: Suicune|spd|1
|
|-weather|Sandstorm|[upkeep]
|-damage|p2a: Suicune|29/100 par|[from] Sandstorm
|-heal|p2a: Suicune|35/100 par|[from] item: Leftovers
|upkeep
|turn|22
|
|t:|1728672831
|move|p1a: Rice|Calm Mind|p1a: Rice
|-boost|p1a: Rice|spa|1
|-boost|p1a: Rice|spd|1
|cant|p2a: Suicune|par
|
|-weather|Sandstorm|[upkeep]
|-damage|p2a: Suicune|29/100 par|[from] Sandstorm
|-heal|p2a: Suicune|35/100 par|[from] item: Leftovers
|upkeep
|turn|23
|
|t:|1728672835
|move|p1a: Rice|Thunder|p2a: Suicune
|-supereffective|p2a: Suicune
|-damage|p2a: Suicune|0 fnt
|faint|p2a: Suicune
|
|win|Elian

</script>
<script type="application/json" class="data" id="replaydata-smogtours-gen3ou-797239">
{"id":"smogtours-gen3ou-797239","format":"[Gen 3] OU","players":["Elian","ljsampson"],"uploadtime":1728672835,"views":95,"formatid":"gen3ou","rating":null,"private":0,"password":null}
</script>

<script defer src="js/replays.js?9d40a366"></script>
