<!DOCTYPE html>
<meta charset="utf-8" />
<meta name="viewport" content="width=device-width" />

<title>[Gen 3] OU: yellow yamada vs. Mulikki - Replays - Pok&eacute;mon Showdown!</title>

<meta name="description" content="Watch a replay of a Pok&eacute;mon battle between yellow yamada and Mulikki! Format: [Gen 3] OU; Date: Oct 25, 2024" />
<!--

Hey, you! Looking in the source for the replay log?

You can find them in JSON format, just add `.json` at the end of a replay URL.

https://replay.pokemonshowdown.com/gen7randomdoublesbattle-865046831.json

Or, if you only need the log itself, add `.log` instead:

https://replay.pokemonshowdown.com/gen7randomdoublesbattle-865046831.log

-->

<link rel="stylesheet" href="//pokemonshowdown.com/style/global.css?0.767286132409787" />
<link rel="stylesheet" href="//play.pokemonshowdown.com/style/font-awesome.css?0.9266228007934947" />
<link rel="stylesheet" href="//play.pokemonshowdown.com/style/battle.css?0.7924700842790926" />
<link rel="stylesheet" href="//play.pokemonshowdown.com/style/utilichart.css?0.8777417872839479" />

<!-- Global site tag (gtag.js) - Google Analytics -->
<script async src="https://www.googletagmanager.com/gtag/js?id=UA-26211653-1"></script>
<script>
  window.dataLayer = window.dataLayer || [];
  function gtag(){dataLayer.push(arguments);}
  gtag('js', new Date());

  gtag('config', 'UA-26211653-1');
</script>
<!-- End Google Analytics -->
<!-- Venatus Ad Manager - Install in <HEAD> of page -->
	<script src="https://hb.vntsm.com/v3/live/ad-manager.min.js" type="text/javascript" data-site-id="642aba63ec9a7b11c3c9c1be" data-mode="scan" async></script>
<!-- / Venatus Ad Manager -->

<style>
	@media (max-width:820px) {
		.battle {
			margin: 0 auto;
		}
		.battle-log {
			margin: 7px auto 0;
			max-width: 640px;
			height: 300px;
			position: static;
		}
	}
	.optgroup {
		display: inline-block;
		line-height: 22px;
		font-size: 10pt;
	}
	.optgroup .button {
		height: 25px;
		padding-top: 0;
		padding-bottom: 0;
	}
	.optgroup button.button {
		padding-left: 12px;
		padding-right: 12px;
	}
	.linklist {
		list-style: none;
		margin: 0.5em 0;
		padding: 0;
	}
	.linklist li {
		padding: 2px 0;
	}
	.sidebar {
		float: left;
		width: 320px;
	}
	.bar-wrapper {
		max-width: 1100px;
		margin: 0 auto;
	}
	.bar-wrapper.has-sidebar {
		max-width: 1430px;
	}
	.mainbar {
		margin: 0;
		padding-right: 1px;
	}
	.mainbar.has-sidebar {
		margin-left: 330px;
	}
	@media (min-width: 1511px) {
		.sidebar {
			width: 400px;
		}
		.bar-wrapper.has-sidebar {
			max-width: 1510px;
		}
		.mainbar.has-sidebar {
			margin-left: 410px;
		}
	}
	.section.first-section {
		margin-top: 9px;
	}
	.blocklink small {
		white-space: normal;
	}
	.button {
		vertical-align: middle;
	}
	.replay-controls {
		padding-top: 10px;
	}
	.replay-controls h1 {
		font-size: 16pt;
		font-weight: normal;
		color: #CCC;
	}
	.pagelink {
		text-align: center;
	}
	.pagelink a {
		width: 150px;
	}
	.textbox, .button {
		font-size: 11pt;
		vertical-align: middle;
	}
	@media (max-width: 450px) {
		.button {
			font-size: 9pt;
		}
	}
</style>

<div>

	<header>
		<div class="nav-wrapper"><ul class="nav">
			<li><a class="button nav-first" href="//pokemonshowdown.com/"><img src="//pokemonshowdown.com/images/pokemonshowdownbeta.png" srcset="//pokemonshowdown.com/images/pokemonshowdownbeta.png 1x, //pokemonshowdown.com/images/pokemonshowdownbeta@2x.png 2x" alt="Pok&eacute;mon Showdown" width="146" height="44" /> Home</a></li>
			<li><a class="button" href="//pokemonshowdown.com/dex/">Pok&eacute;dex</a></li>
			<li><a class="button cur" href="/">Replays</a></li>
			<li><a class="button" href="//pokemonshowdown.com/ladder/">Ladder</a></li>
			<li><a class="button nav-last" href="//pokemonshowdown.com/forums/">Forum</a></li>
			<li><a class="button greenbutton nav-first nav-last" href="//play.pokemonshowdown.com/">Play</a></li>
		</ul></div>
	</header>

	<div class="main" id="main">

		<noscript><section class="section">You need to enable JavaScript to use this page; sorry!</section></noscript>

	</div>

</div>

<script defer nomodule src="//play.pokemonshowdown.com/js/lib/ps-polyfill.js"></script>
<script defer src="//play.pokemonshowdown.com/js/lib/preact.min.js"></script>

<script defer src="//play.pokemonshowdown.com/config/config.js?6dec07f6"></script>
<script defer src="//play.pokemonshowdown.com/js/lib/jquery-1.11.0.min.js"></script>
<script defer src="//play.pokemonshowdown.com/js/lib/html-sanitizer-minified.js"></script>
<script defer src="//play.pokemonshowdown.com/js/battle-sound.js"></script>
<script defer src="//play.pokemonshowdown.com/js/battledata.js?0.6315294753075389"></script>
<script defer src="//play.pokemonshowdown.com/data/pokedex-mini.js?0.7603743185311358"></script>
<script defer src="//play.pokemonshowdown.com/data/pokedex-mini-bw.js?0.030888842834281283"></script>
<script defer src="//play.pokemonshowdown.com/data/graphics.js?0.05593094747507488"></script>
<script defer src="//play.pokemonshowdown.com/data/pokedex.js?0.47064822249611904"></script>
<script defer src="//play.pokemonshowdown.com/data/moves.js?0.8583693120512459"></script>
<script defer src="//play.pokemonshowdown.com/data/abilities.js?0.16017181182386842"></script>
<script defer src="//play.pokemonshowdown.com/data/items.js?0.4163379185673943"></script>
<script defer src="//play.pokemonshowdown.com/data/teambuilder-tables.js?0.31075597372830477"></script>
<script defer src="//play.pokemonshowdown.com/js/battle-tooltips.js?0.6536193500708172"></script>
<script defer src="//play.pokemonshowdown.com/js/battle.js?0.1916591943277901"></script>

<script defer src="js/utils.js?e31f9a17"></script>
<script defer src="js/replays-battle.js?7008c182"></script>

<!-- don't scrape this data! just add .json or .log after the URL!
Full API docs: https://github.com/smogon/pokemon-showdown-client/blob/master/WEB-API.md -->
<script type="text/plain" class="log" id="replaylog-smogtours-gen3ou-801908">
|inactive|Battle timer is ON: inactive players will automatically lose when time's up.
|t:|1729887361
|gametype|singles
|player|p1|yellow yamada|roxie|
|player|p2|Mulikki|169|
|teamsize|p1|6
|teamsize|p2|6
|gen|3
|tier|[Gen 3] OU
|rule|Sleep Clause Mod: Limit one foe put to sleep
|rule|Switch Priority Clause Mod: Faster Pokémon switch first
|rule|Species Clause: Limit one of each Pokémon
|rule|OHKO Clause: OHKO moves are banned
|rule|Evasion Items Clause: Evasion items are banned
|rule|Evasion Moves Clause: Evasion moves are banned
|rule|Endless Battle Clause: Forcing endless battles is banned
|rule|HP Percentage Mod: HP is shown in percentages
|rule|One Boost Passer Clause: Limit one Baton Passer that has a way to boost its stats
|rule|Freeze Clause Mod: Limit one foe frozen
|
|t:|1729887361
|start
|switch|p1a: Tyranitar|Tyranitar, F|100/100
|switch|p2a: Jynx|Jynx, F|100/100
|-weather|Sandstorm|[from] ability: Sand Stream|[of] p1a: Tyranitar
|turn|1
|
|t:|1729887369
|move|p2a: Jynx|Ice Beam|p1a: Tyranitar
|-crit|p1a: Tyranitar
|-damage|p1a: Tyranitar|0 fnt
|faint|p1a: Tyranitar
|c|☆yellow yamada|Dude
|c|☆yellow yamada|What the fuck
|c|☆Mulikki|Ok then
|
|t:|1729887383
|switch|p1a: Charizard|Charizard, F|100/100
|
|-weather|Sandstorm|[upkeep]
|-damage|p1a: Charizard|94/100|[from] Sandstorm
|-damage|p2a: Jynx|94/100|[from] Sandstorm
|-heal|p1a: Charizard|100/100|[from] item: Leftovers
|upkeep
|turn|2
|
|t:|1729887392
|switch|p2a: Kingdra|Kingdra, M|100/100
|move|p1a: Charizard|Substitute|p1a: Charizard
|-start|p1a: Charizard|Substitute
|-damage|p1a: Charizard|76/100
|
|-weather|Sandstorm|[upkeep]
|-damage|p1a: Charizard|70/100|[from] Sandstorm
|-damage|p2a: Kingdra|95/100|[from] Sandstorm
|-heal|p1a: Charizard|76/100|[from] item: Leftovers
|-heal|p2a: Kingdra|100/100|[from] item: Leftovers
|upkeep
|turn|3
|
|t:|1729887404
|move|p1a: Charizard|Hidden Power|p2a: Kingdra
|-damage|p2a: Kingdra|76/100
|move|p2a: Kingdra|Rain Dance|p2a: Kingdra
|-weather|RainDance
|
|-weather|RainDance|[upkeep]
|-heal|p2a: Kingdra|82/100|[from] item: Leftovers
|-heal|p1a: Charizard|82/100|[from] item: Leftovers
|upkeep
|turn|4
|
|t:|1729887414
|move|p2a: Kingdra|Surf|p1a: Charizard
|-supereffective|p1a: Charizard
|-end|p1a: Charizard|Substitute
|move|p1a: Charizard|Hidden Power|p2a: Kingdra
|-damage|p2a: Kingdra|59/100
|
|-weather|RainDance|[upkeep]
|-heal|p2a: Kingdra|65/100|[from] item: Leftovers
|-heal|p1a: Charizard|88/100|[from] item: Leftovers
|upkeep
|turn|5
|
|t:|1729887424
|switch|p1a: Blissey|Blissey, F|100/100
|move|p2a: Kingdra|Surf|p1a: Blissey
|-damage|p1a: Blissey|74/100
|
|-weather|RainDance|[upkeep]
|-heal|p2a: Kingdra|71/100|[from] item: Leftovers
|-heal|p1a: Blissey|81/100|[from] item: Leftovers
|upkeep
|turn|6
|
|t:|1729887434
|switch|p2a: Dugtrio|Dugtrio, F|100/100
|move|p1a: Blissey|Calm Mind|p1a: Blissey
|-boost|p1a: Blissey|spa|1
|-boost|p1a: Blissey|spd|1
|
|-weather|RainDance|[upkeep]
|-heal|p1a: Blissey|87/100|[from] item: Leftovers
|upkeep
|turn|7
|
|t:|1729887443
|move|p2a: Dugtrio|Beat Up|p1a: Blissey
|-damage|p1a: Blissey|78/100
|-damage|p1a: Blissey|67/100
|-damage|p1a: Blissey|61/100
|-damage|p1a: Blissey|49/100
|-damage|p1a: Blissey|33/100
|-damage|p1a: Blissey|17/100
|-hitcount|p1a: Blissey|6
|move|p1a: Blissey|Ice Beam|p2a: Dugtrio
|-supereffective|p2a: Dugtrio
|-damage|p2a: Dugtrio|0 fnt
|faint|p2a: Dugtrio
|
|t:|1729887458
|switch|p2a: Metagross|Metagross|100/100
|
|-weather|none
|-heal|p1a: Blissey|23/100|[from] item: Leftovers
|upkeep
|turn|8
|
|t:|1729887464
|switch|p1a: Skarmory|Skarmory, M|100/100
|move|p2a: Metagross|Meteor Mash|p1a: Skarmory
|-resisted|p1a: Skarmory
|-damage|p1a: Skarmory|70/100
|-boost|p2a: Metagross|atk|1
|
|-heal|p1a: Skarmory|76/100|[from] item: Leftovers
|upkeep
|turn|9
|
|t:|1729887473
|move|p1a: Skarmory|Protect|p1a: Skarmory
|-singleturn|p1a: Skarmory|Protect
|move|p2a: Metagross|Meteor Mash|p1a: Skarmory|[miss]
|-miss|p2a: Metagross|p1a: Skarmory
|
|-heal|p1a: Skarmory|82/100|[from] item: Leftovers
|upkeep
|turn|10
|
|t:|1729887481
|move|p2a: Metagross|Meteor Mash|p1a: Skarmory
|-resisted|p1a: Skarmory
|-damage|p1a: Skarmory|35/100
|move|p1a: Skarmory|Spikes|p2a: Metagross
|-sidestart|p2: Mulikki|Spikes
|
|-heal|p1a: Skarmory|41/100|[from] item: Leftovers
|upkeep
|turn|11
|
|t:|1729887490
|move|p1a: Skarmory|Protect|p1a: Skarmory
|-singleturn|p1a: Skarmory|Protect
|move|p2a: Metagross|Meteor Mash|p1a: Skarmory
|-activate|p1a: Skarmory|Protect
|
|-heal|p1a: Skarmory|47/100|[from] item: Leftovers
|upkeep
|turn|12
|
|t:|1729887498
|move|p1a: Skarmory|Protect|p1a: Skarmory
|-singleturn|p1a: Skarmory|Protect
|move|p2a: Metagross|Meteor Mash|p1a: Skarmory
|-activate|p1a: Skarmory|Protect
|
|-heal|p1a: Skarmory|53/100|[from] item: Leftovers
|upkeep
|turn|13
|
|t:|1729887506
|move|p2a: Metagross|Meteor Mash|p1a: Skarmory|[miss]
|-miss|p2a: Metagross|p1a: Skarmory
|move|p1a: Skarmory|Roar|p2a: Metagross
|drag|p2a: Kingdra|Kingdra, M|71/100
|-damage|p2a: Kingdra|59/100|[from] Spikes
|
|-heal|p2a: Kingdra|65/100|[from] item: Leftovers
|-heal|p1a: Skarmory|59/100|[from] item: Leftovers
|upkeep
|turn|14
|
|t:|1729887518
|move|p2a: Kingdra|Substitute|p2a: Kingdra
|-start|p2a: Kingdra|Substitute
|-damage|p2a: Kingdra|40/100
|move|p1a: Skarmory|Toxic|p2a: Kingdra|[miss]
|-miss|p1a: Skarmory|p2a: Kingdra
|
|-heal|p2a: Kingdra|46/100|[from] item: Leftovers
|-heal|p1a: Skarmory|65/100|[from] item: Leftovers
|upkeep
|turn|15
|
|t:|1729887527
|move|p2a: Kingdra|Surf|p1a: Skarmory
|-damage|p1a: Skarmory|26/100
|move|p1a: Skarmory|Roar|p2a: Kingdra
|drag|p2a: Sceptile|Sceptile, F|100/100
|-damage|p2a: Sceptile|88/100|[from] Spikes
|
|-heal|p1a: Skarmory|32/100|[from] item: Leftovers
|upkeep
|turn|16
|
|t:|1729887539
|move|p2a: Sceptile|Hidden Power|p1a: Skarmory
|-supereffective|p1a: Skarmory
|-damage|p1a: Skarmory|0 fnt
|faint|p1a: Skarmory
|
|t:|1729887542
|switch|p1a: Aerodactyl|Aerodactyl, F|100/100
|
|upkeep
|turn|17
|
|t:|1729887552
|switch|p2a: Metagross|Metagross|100/100
|-damage|p2a: Metagross|88/100|[from] Spikes
|move|p1a: Aerodactyl|Double-Edge|p2a: Metagross
|-resisted|p2a: Metagross
|-damage|p2a: Metagross|67/100
|
|upkeep
|turn|18
|
|t:|1729887561
|switch|p1a: Swampert|Swampert, F|100/100
|move|p2a: Metagross|Rock Slide|p1a: Swampert
|-resisted|p1a: Swampert
|-damage|p1a: Swampert|84/100
|
|-heal|p1a: Swampert|90/100|[from] item: Leftovers
|upkeep
|turn|19
|
|t:|1729887575
|switch|p2a: Sceptile|Sceptile, F|88/100
|-damage|p2a: Sceptile|76/100|[from] Spikes
|move|p1a: Swampert|Ice Beam|p2a: Sceptile
|-supereffective|p2a: Sceptile
|-damage|p2a: Sceptile|24/100
|
|-enditem|p2a: Sceptile|Petaya Berry|[eat]
|-boost|p2a: Sceptile|spa|1|[from] item: Petaya Berry
|-heal|p1a: Swampert|96/100|[from] item: Leftovers
|upkeep
|turn|20
|
|t:|1729887588
|switch|p1a: Blissey|Blissey, F|23/100
|move|p2a: Sceptile|Leaf Blade|p1a: Blissey
|-damage|p1a: Blissey|0 fnt
|faint|p1a: Blissey
|
|t:|1729887593
|switch|p1a: Aerodactyl|Aerodactyl, F|100/100
|
|upkeep
|turn|21
|
|t:|1729887615
|switch|p2a: Jynx|Jynx, F|94/100
|-damage|p2a: Jynx|82/100|[from] Spikes
|move|p1a: Aerodactyl|Double-Edge|p2a: Jynx
|-damage|p2a: Jynx|0 fnt
|faint|p2a: Jynx
|
|t:|1729887622
|switch|p2a: Metagross|Metagross|67/100
|-damage|p2a: Metagross|55/100|[from] Spikes
|
|upkeep
|turn|22
|
|t:|1729887628
|switch|p1a: Swampert|Swampert, F|96/100
|move|p2a: Metagross|Earthquake|p1a: Swampert
|-damage|p1a: Swampert|57/100
|
|-heal|p1a: Swampert|63/100|[from] item: Leftovers
|upkeep
|turn|23
|
|t:|1729887638
|switch|p2a: Sceptile|Sceptile, F|24/100
|-damage|p2a: Sceptile|12/100|[from] Spikes
|move|p1a: Swampert|Earthquake|p2a: Sceptile
|-resisted|p2a: Sceptile
|-damage|p2a: Sceptile|0 fnt
|faint|p2a: Sceptile
|
|t:|1729887646
|switch|p2a: Kingdra|Kingdra, M|46/100
|-damage|p2a: Kingdra|34/100|[from] Spikes
|
|-heal|p2a: Kingdra|40/100|[from] item: Leftovers
|-heal|p1a: Swampert|69/100|[from] item: Leftovers
|upkeep
|turn|24
|
|t:|1729887654
|move|p2a: Kingdra|Rain Dance|p2a: Kingdra
|-weather|RainDance
|move|p1a: Swampert|Earthquake|p2a: Kingdra
|-damage|p2a: Kingdra|0 fnt
|faint|p2a: Kingdra
|
|t:|1729887660
|switch|p2a: Heracross|Heracross, M|100/100
|-damage|p2a: Heracross|88/100|[from] Spikes
|
|-weather|RainDance|[upkeep]
|-heal|p1a: Swampert|75/100|[from] item: Leftovers
|upkeep
|turn|25
|
|t:|1729887673
|move|p2a: Heracross|Substitute|p2a: Heracross
|-start|p2a: Heracross|Substitute
|-damage|p2a: Heracross|63/100
|move|p1a: Swampert|Hydro Pump|p2a: Heracross
|-end|p2a: Heracross|Substitute
|
|-weather|RainDance|[upkeep]
|-heal|p1a: Swampert|82/100|[from] item: Leftovers
|upkeep
|turn|26
|
|t:|1729887682
|move|p2a: Heracross|Substitute|p2a: Heracross
|-start|p2a: Heracross|Substitute
|-damage|p2a: Heracross|38/100
|move|p1a: Swampert|Hydro Pump|p2a: Heracross|[miss]
|-miss|p1a: Swampert|p2a: Heracross
|
|-weather|RainDance|[upkeep]
|-heal|p1a: Swampert|88/100|[from] item: Leftovers
|upkeep
|turn|27
|
|t:|1729887691
|move|p2a: Heracross|Swords Dance|p2a: Heracross
|-boost|p2a: Heracross|atk|2
|move|p1a: Swampert|Ice Beam|p2a: Heracross
|-activate|p2a: Heracross|Substitute|[damage]
|
|-weather|RainDance|[upkeep]
|-heal|p1a: Swampert|94/100|[from] item: Leftovers
|upkeep
|turn|28
|
|t:|1729887701
|move|p2a: Heracross|Megahorn|p1a: Swampert|[miss]
|-miss|p2a: Heracross|p1a: Swampert
|move|p1a: Swampert|Ice Beam|p2a: Heracross
|-end|p2a: Heracross|Substitute
|
|-weather|none
|-heal|p1a: Swampert|99/100|[from] item: Leftovers
|upkeep
|turn|29
|
|t:|1729887713
|move|p2a: Heracross|Substitute|p2a: Heracross
|-start|p2a: Heracross|Substitute
|-damage|p2a: Heracross|13/100
|move|p1a: Swampert|Hydro Pump|p2a: Heracross
|-end|p2a: Heracross|Substitute
|
|-enditem|p2a: Heracross|Salac Berry|[eat]
|-boost|p2a: Heracross|spe|1|[from] item: Salac Berry
|-heal|p1a: Swampert|100/100|[from] item: Leftovers
|upkeep
|turn|30
|
|t:|1729887723
|move|p2a: Heracross|Megahorn|p1a: Swampert
|-damage|p1a: Swampert|0 fnt
|faint|p1a: Swampert
|
|t:|1729887728
|switch|p1a: Charizard|Charizard, F|88/100
|
|-heal|p1a: Charizard|94/100|[from] item: Leftovers
|upkeep
|turn|31
|
|t:|1729887734
|move|p2a: Heracross|Rock Slide|p1a: Charizard
|-supereffective|p1a: Charizard
|-damage|p1a: Charizard|0 fnt
|faint|p1a: Charizard
|
|t:|1729887737
|switch|p1a: Aerodactyl|Aerodactyl, F|100/100
|
|upkeep
|turn|32
|
|t:|1729887741
|move|p2a: Heracross|Rock Slide|p1a: Aerodactyl
|-supereffective|p1a: Aerodactyl
|-damage|p1a: Aerodactyl|0 fnt
|faint|p1a: Aerodactyl
|
|win|Mulikki
|c|☆Mulikki|Gg

</script>
<script type="application/json" class="data" id="replaydata-smogtours-gen3ou-801908">
{"id":"smogtours-gen3ou-801908","format":"[Gen 3] OU","players":["yellow yamada","Mulikki"],"uploadtime":1729887741,"views":77,"formatid":"gen3ou","rating":null,"private":0,"password":null}
</script>

<script defer src="js/replays.js?9d40a366"></script>
