<!DOCTYPE html>
<meta charset="utf-8" />
<meta name="viewport" content="width=device-width" />

<title>[Gen 3] OU: Girls See Ghosts vs. Precure Moonlight - Replays - Pok&eacute;mon Showdown!</title>

<meta name="description" content="Watch a replay of a Pok&eacute;mon battle between Girls See Ghosts and Precure Moonlight! Format: [Gen 3] OU; Date: Oct 14, 2024" />
<!--

Hey, you! Looking in the source for the replay log?

You can find them in JSON format, just add `.json` at the end of a replay URL.

https://replay.pokemonshowdown.com/gen7randomdoublesbattle-865046831.json

Or, if you only need the log itself, add `.log` instead:

https://replay.pokemonshowdown.com/gen7randomdoublesbattle-865046831.log

-->

<link rel="stylesheet" href="//pokemonshowdown.com/style/global.css?0.767286132409787" />
<link rel="stylesheet" href="//play.pokemonshowdown.com/style/font-awesome.css?0.9266228007934947" />
<link rel="stylesheet" href="//play.pokemonshowdown.com/style/battle.css?0.7924700842790926" />
<link rel="stylesheet" href="//play.pokemonshowdown.com/style/utilichart.css?0.8777417872839479" />

<!-- Global site tag (gtag.js) - Google Analytics -->
<script async src="https://www.googletagmanager.com/gtag/js?id=UA-26211653-1"></script>
<script>
  window.dataLayer = window.dataLayer || [];
  function gtag(){dataLayer.push(arguments);}
  gtag('js', new Date());

  gtag('config', 'UA-26211653-1');
</script>
<!-- End Google Analytics -->
<!-- Venatus Ad Manager - Install in <HEAD> of page -->
	<script src="https://hb.vntsm.com/v3/live/ad-manager.min.js" type="text/javascript" data-site-id="642aba63ec9a7b11c3c9c1be" data-mode="scan" async></script>
<!-- / Venatus Ad Manager -->

<style>
	@media (max-width:820px) {
		.battle {
			margin: 0 auto;
		}
		.battle-log {
			margin: 7px auto 0;
			max-width: 640px;
			height: 300px;
			position: static;
		}
	}
	.optgroup {
		display: inline-block;
		line-height: 22px;
		font-size: 10pt;
	}
	.optgroup .button {
		height: 25px;
		padding-top: 0;
		padding-bottom: 0;
	}
	.optgroup button.button {
		padding-left: 12px;
		padding-right: 12px;
	}
	.linklist {
		list-style: none;
		margin: 0.5em 0;
		padding: 0;
	}
	.linklist li {
		padding: 2px 0;
	}
	.sidebar {
		float: left;
		width: 320px;
	}
	.bar-wrapper {
		max-width: 1100px;
		margin: 0 auto;
	}
	.bar-wrapper.has-sidebar {
		max-width: 1430px;
	}
	.mainbar {
		margin: 0;
		padding-right: 1px;
	}
	.mainbar.has-sidebar {
		margin-left: 330px;
	}
	@media (min-width: 1511px) {
		.sidebar {
			width: 400px;
		}
		.bar-wrapper.has-sidebar {
			max-width: 1510px;
		}
		.mainbar.has-sidebar {
			margin-left: 410px;
		}
	}
	.section.first-section {
		margin-top: 9px;
	}
	.blocklink small {
		white-space: normal;
	}
	.button {
		vertical-align: middle;
	}
	.replay-controls {
		padding-top: 10px;
	}
	.replay-controls h1 {
		font-size: 16pt;
		font-weight: normal;
		color: #CCC;
	}
	.pagelink {
		text-align: center;
	}
	.pagelink a {
		width: 150px;
	}
	.textbox, .button {
		font-size: 11pt;
		vertical-align: middle;
	}
	@media (max-width: 450px) {
		.button {
			font-size: 9pt;
		}
	}
</style>

<div>

	<header>
		<div class="nav-wrapper"><ul class="nav">
			<li><a class="button nav-first" href="//pokemonshowdown.com/"><img src="//pokemonshowdown.com/images/pokemonshowdownbeta.png" srcset="//pokemonshowdown.com/images/pokemonshowdownbeta.png 1x, //pokemonshowdown.com/images/pokemonshowdownbeta@2x.png 2x" alt="Pok&eacute;mon Showdown" width="146" height="44" /> Home</a></li>
			<li><a class="button" href="//pokemonshowdown.com/dex/">Pok&eacute;dex</a></li>
			<li><a class="button cur" href="/">Replays</a></li>
			<li><a class="button" href="//pokemonshowdown.com/ladder/">Ladder</a></li>
			<li><a class="button nav-last" href="//pokemonshowdown.com/forums/">Forum</a></li>
			<li><a class="button greenbutton nav-first nav-last" href="//play.pokemonshowdown.com/">Play</a></li>
		</ul></div>
	</header>

	<div class="main" id="main">

		<noscript><section class="section">You need to enable JavaScript to use this page; sorry!</section></noscript>

	</div>

</div>

<script defer nomodule src="//play.pokemonshowdown.com/js/lib/ps-polyfill.js"></script>
<script defer src="//play.pokemonshowdown.com/js/lib/preact.min.js"></script>

<script defer src="//play.pokemonshowdown.com/config/config.js?6dec07f6"></script>
<script defer src="//play.pokemonshowdown.com/js/lib/jquery-1.11.0.min.js"></script>
<script defer src="//play.pokemonshowdown.com/js/lib/html-sanitizer-minified.js"></script>
<script defer src="//play.pokemonshowdown.com/js/battle-sound.js"></script>
<script defer src="//play.pokemonshowdown.com/js/battledata.js?0.6315294753075389"></script>
<script defer src="//play.pokemonshowdown.com/data/pokedex-mini.js?0.7603743185311358"></script>
<script defer src="//play.pokemonshowdown.com/data/pokedex-mini-bw.js?0.030888842834281283"></script>
<script defer src="//play.pokemonshowdown.com/data/graphics.js?0.05593094747507488"></script>
<script defer src="//play.pokemonshowdown.com/data/pokedex.js?0.47064822249611904"></script>
<script defer src="//play.pokemonshowdown.com/data/moves.js?0.8583693120512459"></script>
<script defer src="//play.pokemonshowdown.com/data/abilities.js?0.16017181182386842"></script>
<script defer src="//play.pokemonshowdown.com/data/items.js?0.4163379185673943"></script>
<script defer src="//play.pokemonshowdown.com/data/teambuilder-tables.js?0.31075597372830477"></script>
<script defer src="//play.pokemonshowdown.com/js/battle-tooltips.js?0.6536193500708172"></script>
<script defer src="//play.pokemonshowdown.com/js/battle.js?0.1916591943277901"></script>

<script defer src="js/utils.js?e31f9a17"></script>
<script defer src="js/replays-battle.js?7008c182"></script>

<!-- don't scrape this data! just add .json or .log after the URL!
Full API docs: https://github.com/smogon/pokemon-showdown-client/blob/master/WEB-API.md -->
<script type="text/plain" class="log" id="replaylog-smogtours-gen3ou-798698">
|inactive|Battle timer is ON: inactive players will automatically lose when time's up.
|t:|1728930882
|gametype|singles
|player|p1|Girls See Ghosts|phoebe-gen6|
|player|p2|Precure Moonlight|miku-ground|
|teamsize|p1|6
|teamsize|p2|6
|gen|3
|tier|[Gen 3] OU
|rule|Sleep Clause Mod: Limit one foe put to sleep
|rule|Switch Priority Clause Mod: Faster Pokémon switch first
|rule|Species Clause: Limit one of each Pokémon
|rule|OHKO Clause: OHKO moves are banned
|rule|Evasion Items Clause: Evasion items are banned
|rule|Evasion Moves Clause: Evasion moves are banned
|rule|Endless Battle Clause: Forcing endless battles is banned
|rule|HP Percentage Mod: HP is shown in percentages
|rule|One Boost Passer Clause: Limit one Baton Passer that has a way to boost its stats
|rule|Freeze Clause Mod: Limit one foe frozen
|
|t:|1728930882
|start
|switch|p1a: Familiar|Tyranitar, M|100/100
|switch|p2a: Slay King|Slaking, M, shiny|100/100
|-weather|Sandstorm|[from] ability: Sand Stream|[of] p1a: Familiar
|turn|1
|c|☆Precure Moonlight|hf
|c|☆Girls See Ghosts|u2
|inactive|Girls See Ghosts has 270 seconds left.
|
|t:|1728930913
|-singleturn|p2a: Slay King|move: Focus Punch
|switch|p1a: Amethyst|Gengar, F|100/100
|move|p2a: Slay King|Focus Punch|p1a: Amethyst
|-immune|p1a: Amethyst
|
|-weather|Sandstorm|[upkeep]
|-damage|p1a: Amethyst|94/100|[from] Sandstorm
|-damage|p2a: Slay King|94/100|[from] Sandstorm
|-heal|p1a: Amethyst|100/100|[from] item: Leftovers
|upkeep
|turn|2
|
|t:|1728930944
|switch|p2a: Shitmon #2|Umbreon, F, shiny|100/100
|move|p1a: Amethyst|Will-O-Wisp|p2a: Shitmon #2|[miss]
|-miss|p1a: Amethyst|p2a: Shitmon #2
|
|-weather|Sandstorm|[upkeep]
|-damage|p1a: Amethyst|94/100|[from] Sandstorm
|-damage|p2a: Shitmon #2|94/100|[from] Sandstorm
|-heal|p1a: Amethyst|100/100|[from] item: Leftovers
|-heal|p2a: Shitmon #2|100/100|[from] item: Leftovers
|upkeep
|turn|3
|
|t:|1728930965
|-activate|p1a: Amethyst|move: Pursuit
|move|p2a: Shitmon #2|Pursuit|p1a: Amethyst|[from]Pursuit
|-supereffective|p1a: Amethyst
|-damage|p1a: Amethyst|37/100
|switch|p1a: Limb Enhancer|Forretress, M|100/100
|
|-weather|Sandstorm|[upkeep]
|-damage|p2a: Shitmon #2|94/100|[from] Sandstorm
|-heal|p2a: Shitmon #2|100/100|[from] item: Leftovers
|upkeep
|turn|4
|
|t:|1728930978
|switch|p2a: Birb|Moltres|100/100
|move|p1a: Limb Enhancer|Spikes|p2a: Birb
|-sidestart|p2: Precure Moonlight|Spikes
|
|-weather|Sandstorm|[upkeep]
|-damage|p2a: Birb|94/100|[from] Sandstorm
|-heal|p2a: Birb|100/100|[from] item: Leftovers
|upkeep
|turn|5
|
|t:|1728930992
|switch|p1a: Love Like You|Blissey, F|100/100
|move|p2a: Birb|Sunny Day|p2a: Birb
|-weather|SunnyDay
|
|-weather|SunnyDay|[upkeep]
|upkeep
|turn|6
|
|t:|1728931003
|switch|p2a: Toxic Yuri|Blissey, F|100/100
|-damage|p2a: Toxic Yuri|88/100|[from] Spikes
|move|p1a: Love Like You|Thunder Wave|p2a: Toxic Yuri
|-status|p2a: Toxic Yuri|par
|
|-weather|SunnyDay|[upkeep]
|-heal|p2a: Toxic Yuri|94/100 par|[from] item: Leftovers
|upkeep
|turn|7
|
|t:|1728931018
|switch|p1a: Do It For Her|Swampert, F|100/100
|cant|p2a: Toxic Yuri|par
|
|-weather|SunnyDay|[upkeep]
|-heal|p2a: Toxic Yuri|99/100 par|[from] item: Leftovers
|upkeep
|turn|8
|inactive|Precure Moonlight has 270 seconds left.
|
|t:|1728931045
|-singleturn|p1a: Do It For Her|move: Focus Punch
|move|p2a: Toxic Yuri|Sing|p1a: Do It For Her
|-status|p1a: Do It For Her|slp|[from] move: Sing
|cant|p1a: Do It For Her|slp
|
|-weather|SunnyDay|[upkeep]
|-heal|p2a: Toxic Yuri|100/100 par|[from] item: Leftovers
|upkeep
|turn|9
|
|t:|1728931053
|-curestatus|p2a: Toxic Yuri|par|[from] ability: Natural Cure
|switch|p2a: Slay King|Slaking, M, shiny|94/100
|-damage|p2a: Slay King|82/100|[from] Spikes
|-curestatus|p1a: Do It For Her|slp|[msg]
|move|p1a: Do It For Her|Earthquake|p2a: Slay King
|-damage|p2a: Slay King|54/100
|
|-weather|none
|upkeep
|turn|10
|inactive|Precure Moonlight has 270 seconds left.
|
|t:|1728931085
|move|p1a: Do It For Her|Protect|p1a: Do It For Her
|-singleturn|p1a: Do It For Her|Protect
|move|p2a: Slay King|Earthquake|p1a: Do It For Her
|-activate|p1a: Do It For Her|Protect
|
|upkeep
|turn|11
|inactive|Precure Moonlight has 240 seconds left.
|inactive|Girls See Ghosts has 270 seconds left.
|
|t:|1728931118
|switch|p2a: Shitmon #1|Forretress, M, shiny|100/100
|-damage|p2a: Shitmon #1|88/100|[from] Spikes
|switch|p1a: Familiar|Tyranitar, M|100/100
|-weather|Sandstorm|[from] ability: Sand Stream|[of] p1a: Familiar
|
|-weather|Sandstorm|[upkeep]
|-heal|p2a: Shitmon #1|94/100|[from] item: Leftovers
|upkeep
|turn|12
|inactive|Precure Moonlight has 240 seconds left.
|inactive|Girls See Ghosts has 270 seconds left.
|
|t:|1728931136
|switch|p1a: Darin' DeMayo|Moltres|100/100
|switch|p2a: Robert|Swampert, M, shiny|100/100
|-damage|p2a: Robert|88/100|[from] Spikes
|
|-weather|Sandstorm|[upkeep]
|-damage|p1a: Darin' DeMayo|94/100|[from] Sandstorm
|-heal|p1a: Darin' DeMayo|100/100|[from] item: Leftovers
|-heal|p2a: Robert|94/100|[from] item: Leftovers
|upkeep
|turn|13
|inactive|Girls See Ghosts has 270 seconds left.
|
|t:|1728931163
|switch|p2a: Toxic Yuri|Blissey, F|100/100
|-damage|p2a: Toxic Yuri|88/100|[from] Spikes
|move|p1a: Darin' DeMayo|Hidden Power|p2a: Toxic Yuri
|-damage|p2a: Toxic Yuri|79/100
|
|-weather|Sandstorm|[upkeep]
|-damage|p1a: Darin' DeMayo|94/100|[from] Sandstorm
|-damage|p2a: Toxic Yuri|73/100|[from] Sandstorm
|-heal|p1a: Darin' DeMayo|100/100|[from] item: Leftovers
|-heal|p2a: Toxic Yuri|79/100|[from] item: Leftovers
|upkeep
|turn|14
|
|t:|1728931183
|switch|p1a: Limb Enhancer|Forretress, M|100/100
|move|p2a: Toxic Yuri|Sing|p1a: Limb Enhancer
|-status|p1a: Limb Enhancer|slp|[from] move: Sing
|
|-weather|Sandstorm|[upkeep]
|-damage|p2a: Toxic Yuri|73/100|[from] Sandstorm
|-heal|p2a: Toxic Yuri|79/100|[from] item: Leftovers
|upkeep
|turn|15
|
|t:|1728931195
|switch|p2a: Shitmon #1|Forretress, M, shiny|94/100
|-damage|p2a: Shitmon #1|82/100|[from] Spikes
|cant|p1a: Limb Enhancer|slp
|
|-weather|Sandstorm|[upkeep]
|-heal|p2a: Shitmon #1|88/100|[from] item: Leftovers
|upkeep
|turn|16
|
|t:|1728931204
|move|p2a: Shitmon #1|Rapid Spin|p1a: Limb Enhancer
|-resisted|p1a: Limb Enhancer
|-damage|p1a: Limb Enhancer|99/100 slp
|-sideend|p2: Precure Moonlight|Spikes|[from] move: Rapid Spin|[of] p2a: Shitmon #1
|cant|p1a: Limb Enhancer|slp
|
|-weather|Sandstorm|[upkeep]
|-heal|p2a: Shitmon #1|94/100|[from] item: Leftovers
|-heal|p1a: Limb Enhancer|100/100 slp|[from] item: Leftovers
|upkeep
|turn|17
|inactive|Precure Moonlight has 240 seconds left.
|
|t:|1728931213
|switch|p2a: Birb|Moltres|100/100
|-curestatus|p1a: Limb Enhancer|slp|[msg]
|move|p1a: Limb Enhancer|Spikes|p2a: Birb
|-sidestart|p2: Precure Moonlight|Spikes
|
|-weather|Sandstorm|[upkeep]
|-damage|p2a: Birb|94/100|[from] Sandstorm
|-heal|p2a: Birb|100/100|[from] item: Leftovers
|upkeep
|turn|18
|inactive|Precure Moonlight has 240 seconds left.
|
|t:|1728931227
|switch|p1a: Love Like You|Blissey, F|100/100
|move|p2a: Birb|Sunny Day|p2a: Birb
|-weather|SunnyDay
|
|-weather|SunnyDay|[upkeep]
|upkeep
|turn|19
|
|t:|1728931234
|switch|p2a: Slay King|Slaking, M, shiny|54/100
|-damage|p2a: Slay King|42/100|[from] Spikes
|move|p1a: Love Like You|Seismic Toss|p2a: Slay King
|-damage|p2a: Slay King|19/100
|
|-weather|SunnyDay|[upkeep]
|upkeep
|turn|20
|inactive|Precure Moonlight has 240 seconds left.
|
|t:|1728931255
|switch|p2a: Shitmon #2|Umbreon, F, shiny|100/100
|-damage|p2a: Shitmon #2|88/100|[from] Spikes
|switch|p1a: Amethyst|Gengar, F|37/100
|
|-weather|SunnyDay|[upkeep]
|-heal|p1a: Amethyst|44/100|[from] item: Leftovers
|-heal|p2a: Shitmon #2|94/100|[from] item: Leftovers
|upkeep
|turn|21
|
|t:|1728931278
|move|p1a: Amethyst|Thunderbolt|p2a: Shitmon #2
|-damage|p2a: Shitmon #2|77/100
|move|p2a: Shitmon #2|Pursuit|p1a: Amethyst
|-supereffective|p1a: Amethyst
|-damage|p1a: Amethyst|12/100
|
|-weather|SunnyDay|[upkeep]
|-heal|p1a: Amethyst|18/100|[from] item: Leftovers
|-heal|p2a: Shitmon #2|83/100|[from] item: Leftovers
|upkeep
|turn|22
|
|t:|1728931287
|move|p1a: Amethyst|Explosion|p2a: Shitmon #2
|-damage|p2a: Shitmon #2|12/100
|faint|p1a: Amethyst
|
|t:|1728931306
|switch|p1a: Darin' DeMayo|Moltres|100/100
|
|-weather|none
|-heal|p2a: Shitmon #2|18/100|[from] item: Leftovers
|upkeep
|turn|23
|
|t:|1728931313
|move|p2a: Shitmon #2|Protect|p2a: Shitmon #2
|-singleturn|p2a: Shitmon #2|Protect
|move|p1a: Darin' DeMayo|Flamethrower|p2a: Shitmon #2
|-activate|p2a: Shitmon #2|Protect
|
|-heal|p2a: Shitmon #2|24/100|[from] item: Leftovers
|upkeep
|turn|24
|
|t:|1728931323
|switch|p2a: Toxic Yuri|Blissey, F|79/100
|-damage|p2a: Toxic Yuri|67/100|[from] Spikes
|move|p1a: Darin' DeMayo|Flamethrower|p2a: Toxic Yuri
|-damage|p2a: Toxic Yuri|50/100
|
|-heal|p2a: Toxic Yuri|56/100|[from] item: Leftovers
|upkeep
|turn|25
|
|t:|1728931331
|switch|p1a: Familiar|Tyranitar, M|100/100
|-weather|Sandstorm|[from] ability: Sand Stream|[of] p1a: Familiar
|move|p2a: Toxic Yuri|Sing|p1a: Familiar|[miss]
|-miss|p2a: Toxic Yuri|p1a: Familiar
|
|-weather|Sandstorm|[upkeep]
|-damage|p2a: Toxic Yuri|50/100|[from] Sandstorm
|-heal|p2a: Toxic Yuri|56/100|[from] item: Leftovers
|upkeep
|turn|26
|inactive|Precure Moonlight has 270 seconds left.
|
|t:|1728931340
|switch|p2a: Robert|Swampert, M, shiny|94/100
|-damage|p2a: Robert|82/100|[from] Spikes
|move|p1a: Familiar|Brick Break|p2a: Robert
|-damage|p2a: Robert|66/100
|
|-weather|Sandstorm|[upkeep]
|-heal|p2a: Robert|72/100|[from] item: Leftovers
|upkeep
|turn|27
|inactive|Precure Moonlight has 270 seconds left.
|
|t:|1728931357
|switch|p1a: Love Like You|Blissey, F|100/100
|move|p2a: Robert|Earthquake|p1a: Love Like You
|-damage|p1a: Love Like You|73/100
|
|-weather|Sandstorm|[upkeep]
|-damage|p1a: Love Like You|67/100|[from] Sandstorm
|-heal|p2a: Robert|78/100|[from] item: Leftovers
|-heal|p1a: Love Like You|73/100|[from] item: Leftovers
|upkeep
|turn|28
|
|t:|1728931369
|switch|p2a: Shitmon #1|Forretress, M, shiny|94/100
|-damage|p2a: Shitmon #1|82/100|[from] Spikes
|move|p1a: Love Like You|Seismic Toss|p2a: Shitmon #1
|-damage|p2a: Shitmon #1|54/100
|
|-weather|Sandstorm|[upkeep]
|-damage|p1a: Love Like You|67/100|[from] Sandstorm
|-heal|p1a: Love Like You|73/100|[from] item: Leftovers
|-heal|p2a: Shitmon #1|60/100|[from] item: Leftovers
|upkeep
|turn|29
|
|t:|1728931382
|move|p1a: Love Like You|Seismic Toss|p2a: Shitmon #1
|-damage|p2a: Shitmon #1|32/100
|move|p2a: Shitmon #1|Spikes|p1a: Love Like You
|-sidestart|p1: Girls See Ghosts|Spikes
|
|-weather|Sandstorm|[upkeep]
|-damage|p1a: Love Like You|67/100|[from] Sandstorm
|-heal|p1a: Love Like You|73/100|[from] item: Leftovers
|-heal|p2a: Shitmon #1|38/100|[from] item: Leftovers
|upkeep
|turn|30
|
|t:|1728931393
|switch|p1a: Limb Enhancer|Forretress, M|100/100
|-damage|p1a: Limb Enhancer|88/100|[from] Spikes
|move|p2a: Shitmon #1|Rapid Spin|p1a: Limb Enhancer
|-resisted|p1a: Limb Enhancer
|-damage|p1a: Limb Enhancer|87/100
|-sideend|p2: Precure Moonlight|Spikes|[from] move: Rapid Spin|[of] p2a: Shitmon #1
|
|-weather|Sandstorm|[upkeep]
|-heal|p1a: Limb Enhancer|93/100|[from] item: Leftovers
|-heal|p2a: Shitmon #1|44/100|[from] item: Leftovers
|upkeep
|turn|31
|inactive|Precure Moonlight has 270 seconds left.
|
|t:|1728931409
|switch|p2a: Slay King|Slaking, M, shiny|19/100
|move|p1a: Limb Enhancer|Rapid Spin|p2a: Slay King
|-damage|p2a: Slay King|15/100
|-sideend|p1: Girls See Ghosts|Spikes|[from] move: Rapid Spin|[of] p1a: Limb Enhancer
|
|-weather|Sandstorm|[upkeep]
|-damage|p2a: Slay King|9/100|[from] Sandstorm
|-heal|p1a: Limb Enhancer|99/100|[from] item: Leftovers
|upkeep
|turn|32
|inactive|Precure Moonlight has 270 seconds left.
|
|t:|1728931427
|move|p2a: Slay King|Earthquake|p1a: Limb Enhancer
|-damage|p1a: Limb Enhancer|47/100
|move|p1a: Limb Enhancer|Rapid Spin|p2a: Slay King
|-damage|p2a: Slay King|6/100
|
|-weather|Sandstorm|[upkeep]
|-damage|p2a: Slay King|0 fnt|[from] Sandstorm
|faint|p2a: Slay King
|-heal|p1a: Limb Enhancer|53/100|[from] item: Leftovers
|upkeep
|
|t:|1728931445
|switch|p2a: Birb|Moltres|100/100
|turn|33
|inactive|Precure Moonlight has 240 seconds left.
|
|t:|1728931486
|switch|p2a: Shitmon #1|Forretress, M, shiny|44/100
|switch|p1a: Love Like You|Blissey, F|73/100
|
|-weather|Sandstorm|[upkeep]
|-damage|p1a: Love Like You|67/100|[from] Sandstorm
|-heal|p1a: Love Like You|73/100|[from] item: Leftovers
|-heal|p2a: Shitmon #1|50/100|[from] item: Leftovers
|upkeep
|turn|34
|
|t:|1728931494
|move|p1a: Love Like You|Seismic Toss|p2a: Shitmon #1
|-damage|p2a: Shitmon #1|22/100
|move|p2a: Shitmon #1|Toxic|p1a: Love Like You
|-status|p1a: Love Like You|tox
|
|-weather|Sandstorm|[upkeep]
|-damage|p1a: Love Like You|67/100 tox|[from] Sandstorm
|-heal|p1a: Love Like You|73/100 tox|[from] item: Leftovers
|-damage|p1a: Love Like You|67/100 tox|[from] psn
|-heal|p2a: Shitmon #1|28/100|[from] item: Leftovers
|upkeep
|turn|35
|
|t:|1728931512
|switch|p2a: Shitmon #2|Umbreon, F, shiny|24/100
|move|p1a: Love Like You|Seismic Toss|p2a: Shitmon #2
|-damage|p2a: Shitmon #2|0 fnt
|faint|p2a: Shitmon #2
|
|t:|1728931519
|switch|p2a: Robert|Swampert, M, shiny|78/100
|
|-weather|Sandstorm|[upkeep]
|-damage|p1a: Love Like You|61/100 tox|[from] Sandstorm
|-heal|p2a: Robert|84/100|[from] item: Leftovers
|-heal|p1a: Love Like You|67/100 tox|[from] item: Leftovers
|-damage|p1a: Love Like You|55/100 tox|[from] psn
|upkeep
|turn|36
|
|t:|1728931532
|-curestatus|p1a: Love Like You|tox|[from] ability: Natural Cure
|switch|p1a: Do It For Her|Swampert, F|100/100
|move|p2a: Robert|Earthquake|p1a: Do It For Her
|-damage|p1a: Do It For Her|78/100
|
|-weather|Sandstorm|[upkeep]
|-heal|p2a: Robert|90/100|[from] item: Leftovers
|-heal|p1a: Do It For Her|85/100|[from] item: Leftovers
|upkeep
|turn|37
|
|t:|1728931542
|switch|p2a: Toxic Yuri|Blissey, F|56/100
|move|p1a: Do It For Her|Earthquake|p2a: Toxic Yuri
|-damage|p2a: Toxic Yuri|20/100
|
|-weather|Sandstorm|[upkeep]
|-damage|p2a: Toxic Yuri|13/100|[from] Sandstorm
|-heal|p2a: Toxic Yuri|20/100|[from] item: Leftovers
|-heal|p1a: Do It For Her|91/100|[from] item: Leftovers
|upkeep
|turn|38
|
|t:|1728931559
|-singleturn|p1a: Do It For Her|move: Focus Punch
|move|p2a: Toxic Yuri|Sing|p1a: Do It For Her|[miss]
|-miss|p2a: Toxic Yuri|p1a: Do It For Her
|move|p1a: Do It For Her|Focus Punch|p2a: Toxic Yuri
|-supereffective|p2a: Toxic Yuri
|-damage|p2a: Toxic Yuri|0 fnt
|faint|p2a: Toxic Yuri
|
|t:|1728931568
|switch|p2a: Birb|Moltres|100/100
|
|-weather|Sandstorm|[upkeep]
|-damage|p2a: Birb|94/100|[from] Sandstorm
|-heal|p2a: Birb|100/100|[from] item: Leftovers
|-heal|p1a: Do It For Her|97/100|[from] item: Leftovers
|upkeep
|turn|39
|inactive|Precure Moonlight has 240 seconds left.
|inactive|Girls See Ghosts has 270 seconds left.
|
|t:|1728931610
|switch|p1a: Love Like You|Blissey, F|55/100
|move|p2a: Birb|Hidden Power|p1a: Love Like You
|-damage|p1a: Love Like You|45/100
|
|-weather|Sandstorm|[upkeep]
|-damage|p2a: Birb|94/100|[from] Sandstorm
|-damage|p1a: Love Like You|39/100|[from] Sandstorm
|-heal|p2a: Birb|100/100|[from] item: Leftovers
|-heal|p1a: Love Like You|45/100|[from] item: Leftovers
|upkeep
|turn|40
|
|t:|1728931619
|move|p2a: Birb|Flamethrower|p1a: Love Like You
|-damage|p1a: Love Like You|27/100
|move|p1a: Love Like You|Soft-Boiled|p1a: Love Like You
|-heal|p1a: Love Like You|77/100
|
|-weather|Sandstorm|[upkeep]
|-damage|p2a: Birb|94/100|[from] Sandstorm
|-damage|p1a: Love Like You|71/100|[from] Sandstorm
|-heal|p2a: Birb|100/100|[from] item: Leftovers
|-heal|p1a: Love Like You|77/100|[from] item: Leftovers
|upkeep
|turn|41
|
|t:|1728931630
|move|p2a: Birb|Sunny Day|p2a: Birb
|-weather|SunnyDay
|move|p1a: Love Like You|Seismic Toss|p2a: Birb
|-damage|p2a: Birb|69/100
|
|-weather|SunnyDay|[upkeep]
|-heal|p2a: Birb|76/100|[from] item: Leftovers
|-heal|p1a: Love Like You|83/100|[from] item: Leftovers
|upkeep
|turn|42
|
|t:|1728931637
|move|p2a: Birb|Flamethrower|p1a: Love Like You
|-damage|p1a: Love Like You|55/100
|move|p1a: Love Like You|Thunder Wave|p2a: Birb
|-status|p2a: Birb|par
|
|-weather|SunnyDay|[upkeep]
|-heal|p1a: Love Like You|62/100|[from] item: Leftovers
|-heal|p2a: Birb|82/100 par|[from] item: Leftovers
|upkeep
|turn|43
|
|t:|1728931646
|move|p1a: Love Like You|Seismic Toss|p2a: Birb
|-damage|p2a: Birb|51/100 par
|move|p2a: Birb|Flamethrower|p1a: Love Like You
|-damage|p1a: Love Like You|35/100
|-status|p1a: Love Like You|brn
|
|-weather|SunnyDay|[upkeep]
|-heal|p1a: Love Like You|41/100 brn|[from] item: Leftovers
|-damage|p1a: Love Like You|28/100 brn|[from] brn
|-heal|p2a: Birb|57/100 par|[from] item: Leftovers
|upkeep
|turn|44
|
|t:|1728931656
|move|p1a: Love Like You|Soft-Boiled|p1a: Love Like You
|-heal|p1a: Love Like You|78/100 brn
|move|p2a: Birb|Flamethrower|p1a: Love Like You
|-damage|p1a: Love Like You|49/100 brn
|
|-weather|SunnyDay|[upkeep]
|-heal|p1a: Love Like You|55/100 brn|[from] item: Leftovers
|-damage|p1a: Love Like You|43/100 brn|[from] brn
|-heal|p2a: Birb|63/100 par|[from] item: Leftovers
|upkeep
|turn|45
|
|t:|1728931665
|move|p1a: Love Like You|Soft-Boiled|p1a: Love Like You
|-heal|p1a: Love Like You|93/100 brn
|move|p2a: Birb|Flamethrower|p1a: Love Like You
|-damage|p1a: Love Like You|62/100 brn
|
|-weather|none
|-heal|p1a: Love Like You|68/100 brn|[from] item: Leftovers
|-damage|p1a: Love Like You|56/100 brn|[from] brn
|-heal|p2a: Birb|69/100 par|[from] item: Leftovers
|upkeep
|turn|46
|
|t:|1728931677
|move|p1a: Love Like You|Seismic Toss|p2a: Birb
|-damage|p2a: Birb|38/100 par
|move|p2a: Birb|Sunny Day|p2a: Birb
|-weather|SunnyDay
|
|-weather|SunnyDay|[upkeep]
|-heal|p1a: Love Like You|62/100 brn|[from] item: Leftovers
|-damage|p1a: Love Like You|49/100 brn|[from] brn
|-heal|p2a: Birb|44/100 par|[from] item: Leftovers
|upkeep
|turn|47
|inactive|Precure Moonlight has 270 seconds left.
|
|t:|1728931685
|move|p1a: Love Like You|Soft-Boiled|p1a: Love Like You
|-heal|p1a: Love Like You|99/100 brn
|move|p2a: Birb|Flamethrower|p1a: Love Like You
|-damage|p1a: Love Like You|69/100 brn
|
|-weather|SunnyDay|[upkeep]
|-heal|p1a: Love Like You|75/100 brn|[from] item: Leftovers
|-damage|p1a: Love Like You|63/100 brn|[from] brn
|-heal|p2a: Birb|51/100 par|[from] item: Leftovers
|upkeep
|turn|48
|
|t:|1728931694
|-curestatus|p1a: Love Like You|brn|[from] ability: Natural Cure
|switch|p1a: Familiar|Tyranitar, M|100/100
|-weather|Sandstorm|[from] ability: Sand Stream|[of] p1a: Familiar
|cant|p2a: Birb|par
|
|-weather|Sandstorm|[upkeep]
|-damage|p2a: Birb|44/100 par|[from] Sandstorm
|-heal|p2a: Birb|51/100 par|[from] item: Leftovers
|upkeep
|turn|49
|
|t:|1728931717
|switch|p2a: Robert|Swampert, M, shiny|90/100
|move|p1a: Familiar|Crunch|p2a: Robert
|-damage|p2a: Robert|65/100
|
|-weather|Sandstorm|[upkeep]
|-heal|p2a: Robert|71/100|[from] item: Leftovers
|upkeep
|turn|50
|
|t:|1728931725
|move|p2a: Robert|Earthquake|p1a: Familiar
|-supereffective|p1a: Familiar
|-damage|p1a: Familiar|48/100
|move|p1a: Familiar|Counter|p2a: Robert
|-damage|p2a: Robert|0 fnt
|faint|p2a: Robert
|c|☆Precure Moonlight|nice
|
|t:|1728931735
|switch|p2a: Shitmon #1|Forretress, M, shiny|28/100
|
|-weather|Sandstorm|[upkeep]
|-heal|p1a: Familiar|54/100|[from] item: Leftovers
|-heal|p2a: Shitmon #1|34/100|[from] item: Leftovers
|upkeep
|turn|51
|
|t:|1728931746
|switch|p1a: Darin' DeMayo|Moltres|100/100
|move|p2a: Shitmon #1|Earthquake|p1a: Darin' DeMayo
|-immune|p1a: Darin' DeMayo
|
|-weather|Sandstorm|[upkeep]
|-damage|p1a: Darin' DeMayo|94/100|[from] Sandstorm
|-heal|p1a: Darin' DeMayo|100/100|[from] item: Leftovers
|-heal|p2a: Shitmon #1|41/100|[from] item: Leftovers
|upkeep
|turn|52
|
|t:|1728931755
|move|p1a: Darin' DeMayo|Flamethrower|p2a: Shitmon #1
|-supereffective|p2a: Shitmon #1
|-damage|p2a: Shitmon #1|0 fnt
|faint|p2a: Shitmon #1
|
|t:|1728931759
|switch|p2a: Birb|Moltres|51/100 par
|
|-weather|Sandstorm|[upkeep]
|-damage|p1a: Darin' DeMayo|94/100|[from] Sandstorm
|-damage|p2a: Birb|44/100 par|[from] Sandstorm
|-heal|p1a: Darin' DeMayo|100/100|[from] item: Leftovers
|-heal|p2a: Birb|51/100 par|[from] item: Leftovers
|upkeep
|turn|53
|
|t:|1728931767
|move|p1a: Darin' DeMayo|Flamethrower|p2a: Birb
|-resisted|p2a: Birb
|-damage|p2a: Birb|19/100 par
|move|p2a: Birb|Flamethrower|p1a: Darin' DeMayo
|-resisted|p1a: Darin' DeMayo
|-crit|p1a: Darin' DeMayo
|-damage|p1a: Darin' DeMayo|42/100
|
|-weather|Sandstorm|[upkeep]
|-damage|p1a: Darin' DeMayo|35/100|[from] Sandstorm
|-damage|p2a: Birb|13/100 par|[from] Sandstorm
|-heal|p1a: Darin' DeMayo|42/100|[from] item: Leftovers
|-heal|p2a: Birb|19/100 par|[from] item: Leftovers
|upkeep
|turn|54
|c|☆Girls See Ghosts|gg
|c|☆Precure Moonlight|ggs
|
|t:|1728931778
|move|p1a: Darin' DeMayo|Flamethrower|p2a: Birb
|-resisted|p2a: Birb
|-damage|p2a: Birb|0 fnt
|faint|p2a: Birb
|
|win|Girls See Ghosts

</script>
<script type="application/json" class="data" id="replaydata-smogtours-gen3ou-798698">
{"id":"smogtours-gen3ou-798698","format":"[Gen 3] OU","players":["Girls See Ghosts","Precure Moonlight"],"uploadtime":1728931778,"views":97,"formatid":"gen3ou","rating":null,"private":0,"password":null}
</script>

<script defer src="js/replays.js?9d40a366"></script>
