<!DOCTYPE html>
<meta charset="utf-8" />
<meta name="viewport" content="width=device-width" />

<title>[Gen 3] OU: T1W1B vs. Biffo Banana - Replays - Pok&eacute;mon Showdown!</title>

<meta name="description" content="Watch a replay of a Pok&eacute;mon battle between T1W1B and Biffo Banana! Format: [Gen 3] OU; Date: Oct 2, 2024" />
<!--

Hey, you! Looking in the source for the replay log?

You can find them in JSON format, just add `.json` at the end of a replay URL.

https://replay.pokemonshowdown.com/gen7randomdoublesbattle-865046831.json

Or, if you only need the log itself, add `.log` instead:

https://replay.pokemonshowdown.com/gen7randomdoublesbattle-865046831.log

-->

<link rel="stylesheet" href="//pokemonshowdown.com/style/global.css?0.023195364461161105" />
<link rel="stylesheet" href="//play.pokemonshowdown.com/style/font-awesome.css?0.13261647063804238" />
<link rel="stylesheet" href="//play.pokemonshowdown.com/style/battle.css?0.8753245789963631" />
<link rel="stylesheet" href="//play.pokemonshowdown.com/style/utilichart.css?0.8627959624976733" />

<!-- Global site tag (gtag.js) - Google Analytics -->
<script async src="https://www.googletagmanager.com/gtag/js?id=UA-26211653-1"></script>
<script>
  window.dataLayer = window.dataLayer || [];
  function gtag(){dataLayer.push(arguments);}
  gtag('js', new Date());

  gtag('config', 'UA-26211653-1');
</script>
<!-- End Google Analytics -->
<!-- Venatus Ad Manager - Install in <HEAD> of page -->
	<script src="https://hb.vntsm.com/v3/live/ad-manager.min.js" type="text/javascript" data-site-id="642aba63ec9a7b11c3c9c1be" data-mode="scan" async></script>
<!-- / Venatus Ad Manager -->

<style>
	@media (max-width:820px) {
		.battle {
			margin: 0 auto;
		}
		.battle-log {
			margin: 7px auto 0;
			max-width: 640px;
			height: 300px;
			position: static;
		}
	}
	.optgroup {
		display: inline-block;
		line-height: 22px;
		font-size: 10pt;
	}
	.optgroup .button {
		height: 25px;
		padding-top: 0;
		padding-bottom: 0;
	}
	.optgroup button.button {
		padding-left: 12px;
		padding-right: 12px;
	}
	.linklist {
		list-style: none;
		margin: 0.5em 0;
		padding: 0;
	}
	.linklist li {
		padding: 2px 0;
	}
	.sidebar {
		float: left;
		width: 320px;
	}
	.bar-wrapper {
		max-width: 1100px;
		margin: 0 auto;
	}
	.bar-wrapper.has-sidebar {
		max-width: 1430px;
	}
	.mainbar {
		margin: 0;
		padding-right: 1px;
	}
	.mainbar.has-sidebar {
		margin-left: 330px;
	}
	@media (min-width: 1511px) {
		.sidebar {
			width: 400px;
		}
		.bar-wrapper.has-sidebar {
			max-width: 1510px;
		}
		.mainbar.has-sidebar {
			margin-left: 410px;
		}
	}
	.section.first-section {
		margin-top: 9px;
	}
	.blocklink small {
		white-space: normal;
	}
	.button {
		vertical-align: middle;
	}
	.replay-controls {
		padding-top: 10px;
	}
	.replay-controls h1 {
		font-size: 16pt;
		font-weight: normal;
		color: #CCC;
	}
	.pagelink {
		text-align: center;
	}
	.pagelink a {
		width: 150px;
	}
	.textbox, .button {
		font-size: 11pt;
		vertical-align: middle;
	}
	@media (max-width: 450px) {
		.button {
			font-size: 9pt;
		}
	}
</style>

<div>

	<header>
		<div class="nav-wrapper"><ul class="nav">
			<li><a class="button nav-first" href="//pokemonshowdown.com/"><img src="//pokemonshowdown.com/images/pokemonshowdownbeta.png" srcset="//pokemonshowdown.com/images/pokemonshowdownbeta.png 1x, //pokemonshowdown.com/images/pokemonshowdownbeta@2x.png 2x" alt="Pok&eacute;mon Showdown" width="146" height="44" /> Home</a></li>
			<li><a class="button" href="//pokemonshowdown.com/dex/">Pok&eacute;dex</a></li>
			<li><a class="button cur" href="/">Replays</a></li>
			<li><a class="button" href="//pokemonshowdown.com/ladder/">Ladder</a></li>
			<li><a class="button nav-last" href="//pokemonshowdown.com/forums/">Forum</a></li>
			<li><a class="button greenbutton nav-first nav-last" href="//play.pokemonshowdown.com/">Play</a></li>
		</ul></div>
	</header>

	<div class="main" id="main">

		<noscript><section class="section">You need to enable JavaScript to use this page; sorry!</section></noscript>

	</div>

</div>

<script defer nomodule src="//play.pokemonshowdown.com/js/lib/ps-polyfill.js"></script>
<script defer src="//play.pokemonshowdown.com/js/lib/preact.min.js"></script>

<script defer src="//play.pokemonshowdown.com/config/config.js?2bddbc15"></script>
<script defer src="//play.pokemonshowdown.com/js/lib/jquery-1.11.0.min.js"></script>
<script defer src="//play.pokemonshowdown.com/js/lib/html-sanitizer-minified.js"></script>
<script defer src="//play.pokemonshowdown.com/js/battle-sound.js"></script>
<script defer src="//play.pokemonshowdown.com/js/battledata.js?0.7209276989879541"></script>
<script defer src="//play.pokemonshowdown.com/data/pokedex-mini.js?0.6111056340867951"></script>
<script defer src="//play.pokemonshowdown.com/data/pokedex-mini-bw.js?0.3532142036491459"></script>
<script defer src="//play.pokemonshowdown.com/data/graphics.js?0.24223875632456182"></script>
<script defer src="//play.pokemonshowdown.com/data/pokedex.js?0.38839984266356864"></script>
<script defer src="//play.pokemonshowdown.com/data/moves.js?0.21866028504024015"></script>
<script defer src="//play.pokemonshowdown.com/data/abilities.js?0.2005157953846628"></script>
<script defer src="//play.pokemonshowdown.com/data/items.js?0.9894211263848525"></script>
<script defer src="//play.pokemonshowdown.com/data/teambuilder-tables.js?0.6008791140282215"></script>
<script defer src="//play.pokemonshowdown.com/js/battle-tooltips.js?0.7580118955022959"></script>
<script defer src="//play.pokemonshowdown.com/js/battle.js?0.6057722274234274"></script>

<script defer src="js/utils.js?e31f9a17"></script>
<script defer src="js/replays-battle.js?7008c182"></script>

<!-- don't scrape this data! just add .json or .log after the URL!
Full API docs: https://github.com/smogon/pokemon-showdown-client/blob/master/WEB-API.md -->
<script type="text/plain" class="log" id="replaylog-smogtours-gen3ou-794029">
|inactive|Battle timer is ON: inactive players will automatically lose when time's up.
|t:|1727899317
|gametype|singles
|player|p1|T1W1B|whitney|
|player|p2|Biffo Banana|wally|
|teamsize|p1|6
|teamsize|p2|6
|gen|3
|tier|[Gen 3] OU
|rule|Sleep Clause Mod: Limit one foe put to sleep
|rule|Switch Priority Clause Mod: Faster Pokémon switch first
|rule|Species Clause: Limit one of each Pokémon
|rule|OHKO Clause: OHKO moves are banned
|rule|Evasion Items Clause: Evasion items are banned
|rule|Evasion Moves Clause: Evasion moves are banned
|rule|Endless Battle Clause: Forcing endless battles is banned
|rule|HP Percentage Mod: HP is shown in percentages
|rule|One Boost Passer Clause: Limit one Baton Passer that has a way to boost its stats
|rule|Freeze Clause Mod: Limit one foe frozen
|
|t:|1727899317
|start
|switch|p1a: Zapdos|Zapdos|100/100
|switch|p2a: Tyranitar|Tyranitar, F|100/100
|-weather|Sandstorm|[from] ability: Sand Stream|[of] p2a: Tyranitar
|turn|1
|c|☆T1W1B|hf
|c|☆Biffo Banana|hf :)
|c|☆T1W1B|thx
|
|t:|1727899332
|switch|p1a: Flygon|Flygon, M|100/100
|move|p2a: Tyranitar|Substitute|p2a: Tyranitar
|-start|p2a: Tyranitar|Substitute
|-damage|p2a: Tyranitar|75/100
|
|-weather|Sandstorm|[upkeep]
|-heal|p2a: Tyranitar|82/100|[from] item: Leftovers
|upkeep
|turn|2
|
|t:|1727899341
|-singleturn|p2a: Tyranitar|move: Focus Punch
|move|p1a: Flygon|Substitute|p1a: Flygon
|-start|p1a: Flygon|Substitute
|-damage|p1a: Flygon|76/100
|move|p2a: Tyranitar|Focus Punch|p1a: Flygon
|-end|p1a: Flygon|Substitute
|
|-weather|Sandstorm|[upkeep]
|-heal|p1a: Flygon|82/100|[from] item: Leftovers
|-heal|p2a: Tyranitar|88/100|[from] item: Leftovers
|upkeep
|turn|3
|
|t:|1727899369
|-singleturn|p2a: Tyranitar|move: Focus Punch
|move|p1a: Flygon|Earthquake|p2a: Tyranitar
|-supereffective|p2a: Tyranitar
|-end|p2a: Tyranitar|Substitute
|move|p2a: Tyranitar|Focus Punch|p1a: Flygon
|-damage|p1a: Flygon|0 fnt
|faint|p1a: Flygon
|inactive|T1W1B has 270 seconds left.
|
|t:|1727899383
|switch|p1a: Cloyster|Cloyster, F|100/100
|
|-weather|Sandstorm|[upkeep]
|-damage|p1a: Cloyster|94/100|[from] Sandstorm
|-heal|p1a: Cloyster|100/100|[from] item: Leftovers
|-heal|p2a: Tyranitar|94/100|[from] item: Leftovers
|upkeep
|turn|4
|
|t:|1727899412
|move|p1a: Cloyster|Surf|p2a: Tyranitar
|-supereffective|p2a: Tyranitar
|-damage|p2a: Tyranitar|48/100
|move|p2a: Tyranitar|Substitute|p2a: Tyranitar
|-start|p2a: Tyranitar|Substitute
|-damage|p2a: Tyranitar|23/100
|
|-weather|Sandstorm|[upkeep]
|-damage|p1a: Cloyster|94/100|[from] Sandstorm
|-heal|p1a: Cloyster|100/100|[from] item: Leftovers
|-heal|p2a: Tyranitar|29/100|[from] item: Leftovers
|upkeep
|turn|5
|
|t:|1727899429
|-singleturn|p2a: Tyranitar|move: Focus Punch
|move|p1a: Cloyster|Surf|p2a: Tyranitar
|-supereffective|p2a: Tyranitar
|-end|p2a: Tyranitar|Substitute
|move|p2a: Tyranitar|Focus Punch|p1a: Cloyster
|-supereffective|p1a: Cloyster
|-damage|p1a: Cloyster|5/100
|
|-weather|Sandstorm|[upkeep]
|-damage|p1a: Cloyster|0 fnt|[from] Sandstorm
|faint|p1a: Cloyster
|-heal|p2a: Tyranitar|36/100|[from] item: Leftovers
|upkeep
|inactive|T1W1B has 270 seconds left.
|
|t:|1727899442
|switch|p1a: Zapdos|Zapdos|100/100
|turn|6
|
|t:|1727899450
|move|p1a: Zapdos|Thunderbolt|p2a: Tyranitar
|-damage|p2a: Tyranitar|0 fnt
|faint|p2a: Tyranitar
|
|t:|1727899463
|switch|p2a: Claydol|Claydol|100/100
|
|-weather|Sandstorm|[upkeep]
|-damage|p1a: Zapdos|94/100|[from] Sandstorm
|-heal|p1a: Zapdos|100/100|[from] item: Leftovers
|upkeep
|turn|7
|
|t:|1727899472
|switch|p1a: Jirachi|Jirachi|100/100
|move|p2a: Claydol|Explosion|p1a: Jirachi
|-resisted|p1a: Jirachi
|-damage|p1a: Jirachi|48/100
|faint|p2a: Claydol
|
|t:|1727899479
|switch|p2a: Charizard|Charizard, F|100/100
|
|-weather|Sandstorm|[upkeep]
|-damage|p2a: Charizard|94/100|[from] Sandstorm
|-heal|p2a: Charizard|100/100|[from] item: Leftovers
|-heal|p1a: Jirachi|54/100|[from] item: Leftovers
|upkeep
|turn|8
|
|t:|1727899488
|move|p2a: Charizard|Substitute|p2a: Charizard
|-start|p2a: Charizard|Substitute
|-damage|p2a: Charizard|76/100
|move|p1a: Jirachi|Thunderbolt|p2a: Charizard
|-supereffective|p2a: Charizard
|-end|p2a: Charizard|Substitute
|
|-weather|Sandstorm|[upkeep]
|-damage|p2a: Charizard|70/100|[from] Sandstorm
|-heal|p2a: Charizard|76/100|[from] item: Leftovers
|-heal|p1a: Jirachi|60/100|[from] item: Leftovers
|upkeep
|turn|9
|
|t:|1727899494
|switch|p1a: Salamence|Salamence, F|100/100
|-ability|p1a: Salamence|Intimidate|boost
|-unboost|p2a: Charizard|atk|1
|move|p2a: Charizard|Fire Blast|p1a: Salamence
|-resisted|p1a: Salamence
|-damage|p1a: Salamence|64/100
|
|-weather|Sandstorm|[upkeep]
|-damage|p2a: Charizard|70/100|[from] Sandstorm
|-damage|p1a: Salamence|58/100|[from] Sandstorm
|-heal|p2a: Charizard|76/100|[from] item: Leftovers
|-heal|p1a: Salamence|64/100|[from] item: Leftovers
|upkeep
|turn|10
|
|t:|1727899501
|switch|p2a: Snorlax|Snorlax, M|100/100
|move|p1a: Salamence|Dragon Claw|p2a: Snorlax
|-damage|p2a: Snorlax|77/100
|
|-weather|Sandstorm|[upkeep]
|-damage|p1a: Salamence|58/100|[from] Sandstorm
|-damage|p2a: Snorlax|71/100|[from] Sandstorm
|-heal|p1a: Salamence|64/100|[from] item: Leftovers
|-heal|p2a: Snorlax|77/100|[from] item: Leftovers
|upkeep
|turn|11
|
|t:|1727899516
|move|p1a: Salamence|Brick Break|p2a: Snorlax
|-supereffective|p2a: Snorlax
|-damage|p2a: Snorlax|37/100
|move|p2a: Snorlax|Shadow Ball|p1a: Salamence
|-damage|p1a: Salamence|31/100
|
|-weather|Sandstorm|[upkeep]
|-damage|p1a: Salamence|25/100|[from] Sandstorm
|-damage|p2a: Snorlax|31/100|[from] Sandstorm
|-heal|p1a: Salamence|31/100|[from] item: Leftovers
|-heal|p2a: Snorlax|37/100|[from] item: Leftovers
|upkeep
|turn|12
|
|t:|1727899526
|switch|p2a: Charizard|Charizard, F|76/100
|move|p1a: Salamence|Brick Break|p2a: Charizard
|-resisted|p2a: Charizard
|-damage|p2a: Charizard|57/100
|
|-weather|Sandstorm|[upkeep]
|-damage|p2a: Charizard|51/100|[from] Sandstorm
|-damage|p1a: Salamence|25/100|[from] Sandstorm
|-heal|p2a: Charizard|57/100|[from] item: Leftovers
|-heal|p1a: Salamence|31/100|[from] item: Leftovers
|upkeep
|turn|13
|
|t:|1727899533
|move|p2a: Charizard|Fire Blast|p1a: Salamence
|-resisted|p1a: Salamence
|-damage|p1a: Salamence|0 fnt
|faint|p1a: Salamence
|
|t:|1727899543
|switch|p1a: Zapdos|Zapdos|100/100
|
|-weather|Sandstorm|[upkeep]
|-damage|p2a: Charizard|51/100|[from] Sandstorm
|-damage|p1a: Zapdos|94/100|[from] Sandstorm
|-heal|p1a: Zapdos|100/100|[from] item: Leftovers
|-heal|p2a: Charizard|57/100|[from] item: Leftovers
|upkeep
|turn|14
|
|t:|1727899569
|move|p1a: Zapdos|Thunderbolt|p2a: Charizard
|-supereffective|p2a: Charizard
|-damage|p2a: Charizard|0 fnt
|faint|p2a: Charizard
|
|t:|1727899573
|switch|p2a: Snorlax|Snorlax, M|37/100
|
|-weather|Sandstorm|[upkeep]
|-damage|p1a: Zapdos|94/100|[from] Sandstorm
|-damage|p2a: Snorlax|31/100|[from] Sandstorm
|-heal|p1a: Zapdos|100/100|[from] item: Leftovers
|-heal|p2a: Snorlax|37/100|[from] item: Leftovers
|upkeep
|turn|15
|
|t:|1727899582
|switch|p1a: Jirachi|Jirachi|60/100
|move|p2a: Snorlax|Self-Destruct|p1a: Jirachi
|-resisted|p1a: Jirachi
|-damage|p1a: Jirachi|0 fnt
|faint|p2a: Snorlax
|faint|p1a: Jirachi
|
|t:|1727899598
|switch|p1a: Regice|Regice|100/100
|switch|p2a: Starmie|Starmie|100/100
|
|-weather|Sandstorm|[upkeep]
|-damage|p2a: Starmie|94/100|[from] Sandstorm
|-damage|p1a: Regice|94/100|[from] Sandstorm
|-heal|p2a: Starmie|100/100|[from] item: Leftovers
|-heal|p1a: Regice|100/100|[from] item: Leftovers
|upkeep
|turn|16
|
|t:|1727899606
|switch|p2a: Metagross|Metagross|100/100
|move|p1a: Regice|Thunder Wave|p2a: Metagross
|-status|p2a: Metagross|par
|
|-weather|Sandstorm|[upkeep]
|-damage|p1a: Regice|94/100|[from] Sandstorm
|-heal|p1a: Regice|100/100|[from] item: Leftovers
|upkeep
|turn|17
|
|t:|1727899614
|move|p1a: Regice|Thunderbolt|p2a: Metagross
|-damage|p2a: Metagross|70/100 par
|move|p2a: Metagross|Meteor Mash|p1a: Regice
|-supereffective|p1a: Regice
|-damage|p1a: Regice|10/100
|
|-weather|Sandstorm|[upkeep]
|-damage|p1a: Regice|4/100|[from] Sandstorm
|-heal|p1a: Regice|10/100|[from] item: Leftovers
|-heal|p2a: Metagross|76/100 par|[from] item: Leftovers
|upkeep
|turn|18
|
|t:|1727899633
|move|p2a: Metagross|Protect|p2a: Metagross
|-singleturn|p2a: Metagross|Protect
|move|p1a: Regice|Explosion|p2a: Metagross
|-activate|p2a: Metagross|Protect
|faint|p1a: Regice
|
|t:|1727899635
|switch|p1a: Zapdos|Zapdos|100/100
|
|-weather|Sandstorm|[upkeep]
|-damage|p1a: Zapdos|94/100|[from] Sandstorm
|-heal|p1a: Zapdos|100/100|[from] item: Leftovers
|-heal|p2a: Metagross|82/100 par|[from] item: Leftovers
|upkeep
|turn|19
|
|t:|1727899645
|move|p1a: Zapdos|Thunderbolt|p2a: Metagross
|-damage|p2a: Metagross|33/100 par
|cant|p2a: Metagross|par
|
|-weather|Sandstorm|[upkeep]
|-damage|p1a: Zapdos|94/100|[from] Sandstorm
|-heal|p1a: Zapdos|100/100|[from] item: Leftovers
|-heal|p2a: Metagross|39/100 par|[from] item: Leftovers
|upkeep
|turn|20
|
|t:|1727899656
|move|p1a: Zapdos|Thunderbolt|p2a: Metagross
|-damage|p2a: Metagross|0 fnt
|faint|p2a: Metagross
|
|t:|1727899660
|switch|p2a: Starmie|Starmie|100/100
|
|-weather|Sandstorm|[upkeep]
|-damage|p2a: Starmie|94/100|[from] Sandstorm
|-damage|p1a: Zapdos|94/100|[from] Sandstorm
|-heal|p2a: Starmie|100/100|[from] item: Leftovers
|-heal|p1a: Zapdos|100/100|[from] item: Leftovers
|upkeep
|turn|21
|
|t:|1727899663
|move|p2a: Starmie|Ice Beam|p1a: Zapdos
|-supereffective|p1a: Zapdos
|-damage|p1a: Zapdos|35/100
|-status|p1a: Zapdos|frz
|cant|p1a: Zapdos|frz
|
|-weather|Sandstorm|[upkeep]
|-damage|p2a: Starmie|94/100|[from] Sandstorm
|-damage|p1a: Zapdos|29/100 frz|[from] Sandstorm
|-heal|p2a: Starmie|100/100|[from] item: Leftovers
|-heal|p1a: Zapdos|35/100 frz|[from] item: Leftovers
|upkeep
|turn|22
|c|☆T1W1B|gg
|
|t:|1727899676
|move|p2a: Starmie|Ice Beam|p1a: Zapdos
|-supereffective|p1a: Zapdos
|-damage|p1a: Zapdos|0 fnt
|faint|p1a: Zapdos
|
|win|Biffo Banana
|c|☆Biffo Banana|gg
|c|☆Biffo Banana|rough freeze
|c|☆T1W1B|happens

</script>
<script type="application/json" class="data" id="replaydata-smogtours-gen3ou-794029">
{"id":"smogtours-gen3ou-794029","format":"[Gen 3] OU","players":["T1W1B","Biffo Banana"],"uploadtime":1727899676,"views":94,"formatid":"gen3ou","rating":null,"private":0,"password":null}
</script>

<script defer src="js/replays.js?9d40a366"></script>
