<!DOCTYPE html>
<meta charset="utf-8" />
<meta name="viewport" content="width=device-width" />

<title>[Gen 3] OU: A Welcome Guest vs. perogee - Replays - Pok&eacute;mon Showdown!</title>

<meta name="description" content="Watch a replay of a Pok&eacute;mon battle between A Welcome Guest and perogee! Format: [Gen 3] OU; Date: Oct 15, 2024" />
<!--

Hey, you! Looking in the source for the replay log?

You can find them in JSON format, just add `.json` at the end of a replay URL.

https://replay.pokemonshowdown.com/gen7randomdoublesbattle-865046831.json

Or, if you only need the log itself, add `.log` instead:

https://replay.pokemonshowdown.com/gen7randomdoublesbattle-865046831.log

-->

<link rel="stylesheet" href="//pokemonshowdown.com/style/global.css?0.023195364461161105" />
<link rel="stylesheet" href="//play.pokemonshowdown.com/style/font-awesome.css?0.13261647063804238" />
<link rel="stylesheet" href="//play.pokemonshowdown.com/style/battle.css?0.8753245789963631" />
<link rel="stylesheet" href="//play.pokemonshowdown.com/style/utilichart.css?0.8627959624976733" />

<!-- Global site tag (gtag.js) - Google Analytics -->
<script async src="https://www.googletagmanager.com/gtag/js?id=UA-26211653-1"></script>
<script>
  window.dataLayer = window.dataLayer || [];
  function gtag(){dataLayer.push(arguments);}
  gtag('js', new Date());

  gtag('config', 'UA-26211653-1');
</script>
<!-- End Google Analytics -->
<!-- Venatus Ad Manager - Install in <HEAD> of page -->
	<script src="https://hb.vntsm.com/v3/live/ad-manager.min.js" type="text/javascript" data-site-id="642aba63ec9a7b11c3c9c1be" data-mode="scan" async></script>
<!-- / Venatus Ad Manager -->

<style>
	@media (max-width:820px) {
		.battle {
			margin: 0 auto;
		}
		.battle-log {
			margin: 7px auto 0;
			max-width: 640px;
			height: 300px;
			position: static;
		}
	}
	.optgroup {
		display: inline-block;
		line-height: 22px;
		font-size: 10pt;
	}
	.optgroup .button {
		height: 25px;
		padding-top: 0;
		padding-bottom: 0;
	}
	.optgroup button.button {
		padding-left: 12px;
		padding-right: 12px;
	}
	.linklist {
		list-style: none;
		margin: 0.5em 0;
		padding: 0;
	}
	.linklist li {
		padding: 2px 0;
	}
	.sidebar {
		float: left;
		width: 320px;
	}
	.bar-wrapper {
		max-width: 1100px;
		margin: 0 auto;
	}
	.bar-wrapper.has-sidebar {
		max-width: 1430px;
	}
	.mainbar {
		margin: 0;
		padding-right: 1px;
	}
	.mainbar.has-sidebar {
		margin-left: 330px;
	}
	@media (min-width: 1511px) {
		.sidebar {
			width: 400px;
		}
		.bar-wrapper.has-sidebar {
			max-width: 1510px;
		}
		.mainbar.has-sidebar {
			margin-left: 410px;
		}
	}
	.section.first-section {
		margin-top: 9px;
	}
	.blocklink small {
		white-space: normal;
	}
	.button {
		vertical-align: middle;
	}
	.replay-controls {
		padding-top: 10px;
	}
	.replay-controls h1 {
		font-size: 16pt;
		font-weight: normal;
		color: #CCC;
	}
	.pagelink {
		text-align: center;
	}
	.pagelink a {
		width: 150px;
	}
	.textbox, .button {
		font-size: 11pt;
		vertical-align: middle;
	}
	@media (max-width: 450px) {
		.button {
			font-size: 9pt;
		}
	}
</style>

<div>

	<header>
		<div class="nav-wrapper"><ul class="nav">
			<li><a class="button nav-first" href="//pokemonshowdown.com/"><img src="//pokemonshowdown.com/images/pokemonshowdownbeta.png" srcset="//pokemonshowdown.com/images/pokemonshowdownbeta.png 1x, //pokemonshowdown.com/images/pokemonshowdownbeta@2x.png 2x" alt="Pok&eacute;mon Showdown" width="146" height="44" /> Home</a></li>
			<li><a class="button" href="//pokemonshowdown.com/dex/">Pok&eacute;dex</a></li>
			<li><a class="button cur" href="/">Replays</a></li>
			<li><a class="button" href="//pokemonshowdown.com/ladder/">Ladder</a></li>
			<li><a class="button nav-last" href="//pokemonshowdown.com/forums/">Forum</a></li>
			<li><a class="button greenbutton nav-first nav-last" href="//play.pokemonshowdown.com/">Play</a></li>
		</ul></div>
	</header>

	<div class="main" id="main">

		<noscript><section class="section">You need to enable JavaScript to use this page; sorry!</section></noscript>

	</div>

</div>

<script defer nomodule src="//play.pokemonshowdown.com/js/lib/ps-polyfill.js"></script>
<script defer src="//play.pokemonshowdown.com/js/lib/preact.min.js"></script>

<script defer src="//play.pokemonshowdown.com/config/config.js?2bddbc15"></script>
<script defer src="//play.pokemonshowdown.com/js/lib/jquery-1.11.0.min.js"></script>
<script defer src="//play.pokemonshowdown.com/js/lib/html-sanitizer-minified.js"></script>
<script defer src="//play.pokemonshowdown.com/js/battle-sound.js"></script>
<script defer src="//play.pokemonshowdown.com/js/battledata.js?0.7209276989879541"></script>
<script defer src="//play.pokemonshowdown.com/data/pokedex-mini.js?0.6111056340867951"></script>
<script defer src="//play.pokemonshowdown.com/data/pokedex-mini-bw.js?0.3532142036491459"></script>
<script defer src="//play.pokemonshowdown.com/data/graphics.js?0.24223875632456182"></script>
<script defer src="//play.pokemonshowdown.com/data/pokedex.js?0.38839984266356864"></script>
<script defer src="//play.pokemonshowdown.com/data/moves.js?0.21866028504024015"></script>
<script defer src="//play.pokemonshowdown.com/data/abilities.js?0.2005157953846628"></script>
<script defer src="//play.pokemonshowdown.com/data/items.js?0.9894211263848525"></script>
<script defer src="//play.pokemonshowdown.com/data/teambuilder-tables.js?0.6008791140282215"></script>
<script defer src="//play.pokemonshowdown.com/js/battle-tooltips.js?0.7580118955022959"></script>
<script defer src="//play.pokemonshowdown.com/js/battle.js?0.6057722274234274"></script>

<script defer src="js/utils.js?e31f9a17"></script>
<script defer src="js/replays-battle.js?7008c182"></script>

<!-- don't scrape this data! just add .json or .log after the URL!
Full API docs: https://github.com/smogon/pokemon-showdown-client/blob/master/WEB-API.md -->
<script type="text/plain" class="log" id="replaylog-smogtours-gen3ou-798872">
|inactive|Battle timer is ON: inactive players will automatically lose when time's up.
|t:|1728957653
|gametype|singles
|player|p1|A Welcome Guest|266|
|player|p2|perogee|burgh|
|teamsize|p1|6
|teamsize|p2|6
|gen|3
|tier|[Gen 3] OU
|rule|Sleep Clause Mod: Limit one foe put to sleep
|rule|Switch Priority Clause Mod: Faster Pokémon switch first
|rule|Species Clause: Limit one of each Pokémon
|rule|OHKO Clause: OHKO moves are banned
|rule|Evasion Items Clause: Evasion items are banned
|rule|Evasion Moves Clause: Evasion moves are banned
|rule|Endless Battle Clause: Forcing endless battles is banned
|rule|HP Percentage Mod: HP is shown in percentages
|rule|One Boost Passer Clause: Limit one Baton Passer that has a way to boost its stats
|rule|Freeze Clause Mod: Limit one foe frozen
|
|t:|1728957653
|start
|switch|p1a: Foretress|Forretress, M|100/100
|switch|p2a: Tyranitar|Tyranitar, F|100/100
|-weather|Sandstorm|[from] ability: Sand Stream|[of] p2a: Tyranitar
|turn|1
|inactive|A Welcome Guest also wants the timer to be on.
|c|☆perogee|glhf
|c|☆A Welcome Guest|hf
|
|t:|1728957674
|switch|p1a: Suicune|Suicune|100/100
|move|p2a: Tyranitar|Taunt|p1a: Suicune
|-start|p1a: Suicune|move: Taunt
|
|-weather|Sandstorm|[upkeep]
|-damage|p1a: Suicune|94/100|[from] Sandstorm
|-heal|p1a: Suicune|100/100|[from] item: Leftovers
|upkeep
|turn|2
|
|t:|1728957698
|switch|p2a: Zapdos|Zapdos|100/100
|move|p1a: Suicune|Surf|p2a: Zapdos
|-damage|p2a: Zapdos|79/100
|
|-weather|Sandstorm|[upkeep]
|-damage|p2a: Zapdos|73/100|[from] Sandstorm
|-damage|p1a: Suicune|94/100|[from] Sandstorm
|-heal|p2a: Zapdos|79/100|[from] item: Leftovers
|-heal|p1a: Suicune|100/100|[from] item: Leftovers
|-end|p1a: Suicune|move: Taunt|[silent]
|upkeep
|turn|3
|
|t:|1728957704
|switch|p1a: Foretress|Forretress, M|100/100
|move|p2a: Zapdos|Thunderbolt|p1a: Foretress
|-damage|p1a: Foretress|60/100
|
|-weather|Sandstorm|[upkeep]
|-damage|p2a: Zapdos|73/100|[from] Sandstorm
|-heal|p2a: Zapdos|79/100|[from] item: Leftovers
|-heal|p1a: Foretress|67/100|[from] item: Leftovers
|upkeep
|turn|4
|inactive|perogee has 270 seconds left.
|
|t:|1728957735
|switch|p2a: Salamence|Salamence, M|100/100
|-ability|p2a: Salamence|Intimidate|boost
|-unboost|p1a: Foretress|atk|1
|move|p1a: Foretress|Spikes|p2a: Salamence
|-sidestart|p2: perogee|Spikes
|
|-weather|Sandstorm|[upkeep]
|-damage|p2a: Salamence|94/100|[from] Sandstorm
|-heal|p2a: Salamence|100/100|[from] item: Leftovers
|-heal|p1a: Foretress|73/100|[from] item: Leftovers
|upkeep
|turn|5
|
|t:|1728957741
|switch|p1a: Suicune|Suicune|100/100
|move|p2a: Salamence|Flamethrower|p1a: Suicune
|-resisted|p1a: Suicune
|-damage|p1a: Suicune|88/100
|
|-weather|Sandstorm|[upkeep]
|-damage|p2a: Salamence|94/100|[from] Sandstorm
|-damage|p1a: Suicune|82/100|[from] Sandstorm
|-heal|p2a: Salamence|100/100|[from] item: Leftovers
|-heal|p1a: Suicune|88/100|[from] item: Leftovers
|upkeep
|turn|6
|
|t:|1728957751
|switch|p2a: Zapdos|Zapdos|79/100
|move|p1a: Suicune|Roar|p2a: Zapdos
|drag|p2a: Metagross|Metagross|100/100
|-damage|p2a: Metagross|88/100|[from] Spikes
|
|-weather|Sandstorm|[upkeep]
|-damage|p1a: Suicune|82/100|[from] Sandstorm
|-heal|p1a: Suicune|88/100|[from] item: Leftovers
|-heal|p2a: Metagross|94/100|[from] item: Leftovers
|upkeep
|turn|7
|
|t:|1728957759
|switch|p1a: Foretress|Forretress, M|73/100
|move|p2a: Metagross|Explosion|p1a: Foretress
|-resisted|p1a: Foretress
|-damage|p1a: Foretress|0 fnt
|faint|p2a: Metagross
|faint|p1a: Foretress
|
|t:|1728957771
|switch|p2a: Zapdos|Zapdos|79/100
|switch|p1a: Leuphorie|Blissey, F|100/100
|
|-weather|Sandstorm|[upkeep]
|-damage|p2a: Zapdos|73/100|[from] Sandstorm
|-damage|p1a: Leuphorie|94/100|[from] Sandstorm
|-heal|p2a: Zapdos|79/100|[from] item: Leftovers
|-heal|p1a: Leuphorie|100/100|[from] item: Leftovers
|upkeep
|turn|8
|
|t:|1728957781
|switch|p2a: Jirachi|Jirachi|100/100
|-damage|p2a: Jirachi|88/100|[from] Spikes
|move|p1a: Leuphorie|Ice Beam|p2a: Jirachi
|-resisted|p2a: Jirachi
|-damage|p2a: Jirachi|80/100
|
|-weather|Sandstorm|[upkeep]
|-damage|p1a: Leuphorie|94/100|[from] Sandstorm
|-heal|p2a: Jirachi|86/100|[from] item: Leftovers
|-heal|p1a: Leuphorie|100/100|[from] item: Leftovers
|upkeep
|turn|9
|
|t:|1728957787
|move|p2a: Jirachi|Body Slam|p1a: Leuphorie
|-damage|p1a: Leuphorie|80/100
|-status|p1a: Leuphorie|par
|cant|p1a: Leuphorie|par
|
|-weather|Sandstorm|[upkeep]
|-damage|p1a: Leuphorie|74/100 par|[from] Sandstorm
|-heal|p2a: Jirachi|92/100|[from] item: Leftovers
|-heal|p1a: Leuphorie|80/100 par|[from] item: Leftovers
|upkeep
|turn|10
|
|t:|1728957808
|move|p2a: Jirachi|Body Slam|p1a: Leuphorie
|-damage|p1a: Leuphorie|63/100 par
|move|p1a: Leuphorie|Soft-Boiled|p1a: Leuphorie
|-heal|p1a: Leuphorie|100/100 par
|
|-weather|Sandstorm|[upkeep]
|-damage|p1a: Leuphorie|94/100 par|[from] Sandstorm
|-heal|p2a: Jirachi|99/100|[from] item: Leftovers
|-heal|p1a: Leuphorie|100/100 par|[from] item: Leftovers
|upkeep
|turn|11
|inactive|perogee has 270 seconds left.
|
|t:|1728957832
|switch|p2a: Tyranitar|Tyranitar, F|100/100
|-damage|p2a: Tyranitar|88/100|[from] Spikes
|-curestatus|p1a: Leuphorie|par|[from] ability: Natural Cure
|switch|p1a: Airmure|Skarmory, F|100/100
|
|-weather|Sandstorm|[upkeep]
|upkeep
|turn|12
|inactive|perogee has 270 seconds left.
|
|t:|1728957860
|switch|p1a: Triopikeur|Dugtrio, F|100/100
|move|p2a: Tyranitar|Taunt|p1a: Triopikeur
|-start|p1a: Triopikeur|move: Taunt
|
|-weather|Sandstorm|[upkeep]
|upkeep
|turn|13
|
|t:|1728957880
|move|p1a: Triopikeur|Earthquake|p2a: Tyranitar
|-supereffective|p2a: Tyranitar
|-damage|p2a: Tyranitar|0 fnt
|faint|p2a: Tyranitar
|inactive|perogee has 240 seconds left.
|
|t:|1728957890
|switch|p2a: Salamence|Salamence, M|100/100
|-ability|p2a: Salamence|Intimidate|boost
|-unboost|p1a: Triopikeur|atk|1
|
|-weather|Sandstorm|[upkeep]
|-damage|p2a: Salamence|94/100|[from] Sandstorm
|-end|p1a: Triopikeur|move: Taunt|[silent]
|-heal|p2a: Salamence|100/100|[from] item: Leftovers
|upkeep
|turn|14
|
|t:|1728957899
|switch|p1a: Suicune|Suicune|88/100
|move|p2a: Salamence|Hidden Power|p1a: Suicune
|-supereffective|p1a: Suicune
|-damage|p1a: Suicune|53/100
|
|-weather|Sandstorm|[upkeep]
|-damage|p2a: Salamence|94/100|[from] Sandstorm
|-damage|p1a: Suicune|47/100|[from] Sandstorm
|-heal|p2a: Salamence|100/100|[from] item: Leftovers
|-heal|p1a: Suicune|53/100|[from] item: Leftovers
|upkeep
|turn|15
|
|t:|1728957909
|move|p2a: Salamence|Hidden Power|p1a: Suicune
|-supereffective|p1a: Suicune
|-damage|p1a: Suicune|18/100
|move|p1a: Suicune|Rest|p1a: Suicune
|-status|p1a: Suicune|slp|[from] move: Rest
|-heal|p1a: Suicune|100/100 slp|[silent]
|
|-weather|Sandstorm|[upkeep]
|-damage|p2a: Salamence|94/100|[from] Sandstorm
|-damage|p1a: Suicune|94/100 slp|[from] Sandstorm
|-heal|p2a: Salamence|100/100|[from] item: Leftovers
|-heal|p1a: Suicune|100/100 slp|[from] item: Leftovers
|upkeep
|turn|16
|
|t:|1728957921
|switch|p2a: Zapdos|Zapdos|79/100
|switch|p1a: Airmure|Skarmory, F|100/100
|
|-weather|Sandstorm|[upkeep]
|-damage|p2a: Zapdos|73/100|[from] Sandstorm
|-heal|p2a: Zapdos|79/100|[from] item: Leftovers
|upkeep
|turn|17
|
|t:|1728957937
|switch|p1a: Leuphorie|Blissey, F|100/100
|move|p2a: Zapdos|Roar|p1a: Leuphorie
|drag|p1a: Airmure|Skarmory, F|100/100
|
|-weather|Sandstorm|[upkeep]
|-damage|p2a: Zapdos|73/100|[from] Sandstorm
|-heal|p2a: Zapdos|79/100|[from] item: Leftovers
|upkeep
|turn|18
|
|t:|1728957956
|switch|p2a: Swampert|Swampert, M|100/100
|-damage|p2a: Swampert|88/100|[from] Spikes
|switch|p1a: Leuphorie|Blissey, F|100/100
|
|-weather|Sandstorm|[upkeep]
|-damage|p1a: Leuphorie|94/100|[from] Sandstorm
|-heal|p1a: Leuphorie|100/100|[from] item: Leftovers
|upkeep
|turn|19
|
|t:|1728957976
|switch|p1a: Airmure|Skarmory, F|100/100
|move|p2a: Swampert|Substitute|p2a: Swampert
|-start|p2a: Swampert|Substitute
|-damage|p2a: Swampert|63/100
|
|-weather|Sandstorm|[upkeep]
|upkeep
|turn|20
|
|t:|1728957982
|move|p2a: Swampert|Surf|p1a: Airmure
|-damage|p1a: Airmure|68/100
|move|p1a: Airmure|Spikes|p2a: Swampert
|-sidestart|p2: perogee|Spikes
|
|-weather|Sandstorm|[upkeep]
|-heal|p1a: Airmure|74/100|[from] item: Leftovers
|upkeep
|turn|21
|
|t:|1728957996
|move|p1a: Airmure|Protect|p1a: Airmure
|-singleturn|p1a: Airmure|Protect
|move|p2a: Swampert|Surf|p1a: Airmure
|-activate|p1a: Airmure|Protect
|
|-weather|Sandstorm|[upkeep]
|-heal|p1a: Airmure|80/100|[from] item: Leftovers
|upkeep
|turn|22
|
|t:|1728957999
|move|p2a: Swampert|Surf|p1a: Airmure
|-damage|p1a: Airmure|46/100
|move|p1a: Airmure|Spikes|p2a: Swampert
|-sidestart|p2: perogee|Spikes
|
|-weather|Sandstorm|[upkeep]
|-heal|p1a: Airmure|52/100|[from] item: Leftovers
|upkeep
|turn|23
|
|t:|1728958003
|move|p1a: Airmure|Protect|p1a: Airmure
|-singleturn|p1a: Airmure|Protect
|move|p2a: Swampert|Surf|p1a: Airmure
|-activate|p1a: Airmure|Protect
|
|-weather|Sandstorm|[upkeep]
|-heal|p1a: Airmure|58/100|[from] item: Leftovers
|upkeep
|turn|24
|
|t:|1728958006
|move|p2a: Swampert|Surf|p1a: Airmure
|-damage|p1a: Airmure|26/100
|move|p1a: Airmure|Roar|p2a: Swampert
|drag|p2a: Zapdos|Zapdos|79/100
|
|-weather|Sandstorm|[upkeep]
|-damage|p2a: Zapdos|73/100|[from] Sandstorm
|-heal|p2a: Zapdos|79/100|[from] item: Leftovers
|-heal|p1a: Airmure|32/100|[from] item: Leftovers
|upkeep
|turn|25
|
|t:|1728958011
|move|p1a: Airmure|Protect|p1a: Airmure
|-singleturn|p1a: Airmure|Protect
|move|p2a: Zapdos|Thunderbolt|p1a: Airmure
|-activate|p1a: Airmure|Protect
|
|-weather|Sandstorm|[upkeep]
|-damage|p2a: Zapdos|73/100|[from] Sandstorm
|-heal|p2a: Zapdos|79/100|[from] item: Leftovers
|-heal|p1a: Airmure|38/100|[from] item: Leftovers
|upkeep
|turn|26
|
|t:|1728958015
|switch|p1a: Leuphorie|Blissey, F|100/100
|move|p2a: Zapdos|Thunderbolt|p1a: Leuphorie
|-damage|p1a: Leuphorie|85/100
|
|-weather|Sandstorm|[upkeep]
|-damage|p2a: Zapdos|73/100|[from] Sandstorm
|-damage|p1a: Leuphorie|79/100|[from] Sandstorm
|-heal|p2a: Zapdos|79/100|[from] item: Leftovers
|-heal|p1a: Leuphorie|85/100|[from] item: Leftovers
|upkeep
|turn|27
|
|t:|1728958020
|switch|p2a: Jirachi|Jirachi|99/100
|-damage|p2a: Jirachi|74/100|[from] Spikes
|move|p1a: Leuphorie|Seismic Toss|p2a: Jirachi
|-damage|p2a: Jirachi|49/100
|
|-weather|Sandstorm|[upkeep]
|-damage|p1a: Leuphorie|79/100|[from] Sandstorm
|-heal|p2a: Jirachi|55/100|[from] item: Leftovers
|-heal|p1a: Leuphorie|85/100|[from] item: Leftovers
|upkeep
|turn|28
|
|t:|1728958027
|switch|p1a: Kaorine|Claydol|100/100
|move|p2a: Jirachi|Body Slam|p1a: Kaorine
|-damage|p1a: Kaorine|85/100
|-status|p1a: Kaorine|par
|
|-weather|Sandstorm|[upkeep]
|-heal|p2a: Jirachi|61/100|[from] item: Leftovers
|-heal|p1a: Kaorine|91/100 par|[from] item: Leftovers
|upkeep
|turn|29
|
|t:|1728958036
|switch|p2a: Salamence|Salamence, M|100/100
|-ability|p2a: Salamence|Intimidate|boost
|-unboost|p1a: Kaorine|atk|1
|cant|p1a: Kaorine|par
|
|-weather|Sandstorm|[upkeep]
|-damage|p2a: Salamence|94/100|[from] Sandstorm
|-heal|p2a: Salamence|100/100|[from] item: Leftovers
|-heal|p1a: Kaorine|97/100 par|[from] item: Leftovers
|upkeep
|turn|30
|
|t:|1728958048
|switch|p2a: Jirachi|Jirachi|61/100
|-damage|p2a: Jirachi|36/100|[from] Spikes
|move|p1a: Kaorine|Psychic|p2a: Jirachi
|-resisted|p2a: Jirachi
|-damage|p2a: Jirachi|33/100
|
|-weather|Sandstorm|[upkeep]
|-heal|p2a: Jirachi|39/100|[from] item: Leftovers
|-heal|p1a: Kaorine|100/100 par|[from] item: Leftovers
|upkeep
|turn|31
|
|t:|1728958053
|switch|p1a: Leuphorie|Blissey, F|85/100
|move|p2a: Jirachi|Wish|p2a: Jirachi
|
|-weather|Sandstorm|[upkeep]
|-damage|p1a: Leuphorie|79/100|[from] Sandstorm
|-heal|p2a: Jirachi|45/100|[from] item: Leftovers
|-heal|p1a: Leuphorie|85/100|[from] item: Leftovers
|upkeep
|turn|32
|
|t:|1728958057
|move|p2a: Jirachi|Body Slam|p1a: Leuphorie
|-damage|p1a: Leuphorie|65/100
|-status|p1a: Leuphorie|par
|cant|p1a: Leuphorie|par
|
|-heal|p2a: Jirachi|95/100|[from] move: Wish|[wisher] Jirachi
|-weather|Sandstorm|[upkeep]
|-damage|p1a: Leuphorie|59/100 par|[from] Sandstorm
|-heal|p2a: Jirachi|100/100|[from] item: Leftovers
|-heal|p1a: Leuphorie|65/100 par|[from] item: Leftovers
|upkeep
|turn|33
|
|t:|1728958068
|move|p2a: Jirachi|Wish|p2a: Jirachi
|move|p1a: Leuphorie|Soft-Boiled|p1a: Leuphorie
|-heal|p1a: Leuphorie|100/100 par
|
|-weather|Sandstorm|[upkeep]
|-damage|p1a: Leuphorie|94/100 par|[from] Sandstorm
|-heal|p1a: Leuphorie|100/100 par|[from] item: Leftovers
|upkeep
|turn|34
|
|t:|1728958072
|switch|p2a: Swampert|Swampert, M|63/100
|-damage|p2a: Swampert|38/100|[from] Spikes
|cant|p1a: Leuphorie|par
|
|-heal|p2a: Swampert|88/100|[from] move: Wish|[wisher] Jirachi
|-weather|Sandstorm|[upkeep]
|-damage|p1a: Leuphorie|94/100 par|[from] Sandstorm
|-heal|p1a: Leuphorie|100/100 par|[from] item: Leftovers
|upkeep
|turn|35
|
|t:|1728958082
|move|p2a: Swampert|Substitute|p2a: Swampert
|-start|p2a: Swampert|Substitute
|-damage|p2a: Swampert|63/100
|move|p1a: Leuphorie|Aromatherapy|p1a: Leuphorie
|-cureteam|p1a: Leuphorie|[from] move: Aromatherapy
|
|-weather|Sandstorm|[upkeep]
|-damage|p1a: Leuphorie|94/100|[from] Sandstorm
|-heal|p1a: Leuphorie|100/100|[from] item: Leftovers
|upkeep
|turn|36
|
|t:|1728958094
|switch|p1a: Suicune|Suicune|100/100
|move|p2a: Swampert|Toxic|p1a: Suicune
|-status|p1a: Suicune|tox
|
|-weather|Sandstorm|[upkeep]
|-damage|p1a: Suicune|94/100 tox|[from] Sandstorm
|-heal|p1a: Suicune|100/100 tox|[from] item: Leftovers
|-damage|p1a: Suicune|94/100 tox|[from] psn
|upkeep
|turn|37
|
|t:|1728958108
|move|p2a: Swampert|Endeavor|p1a: Suicune
|-damage|p1a: Suicune|53/100 tox
|move|p1a: Suicune|Roar|p2a: Swampert
|drag|p2a: Jirachi|Jirachi|100/100
|-damage|p2a: Jirachi|76/100|[from] Spikes
|
|-weather|Sandstorm|[upkeep]
|-damage|p1a: Suicune|47/100 tox|[from] Sandstorm
|-heal|p2a: Jirachi|82/100|[from] item: Leftovers
|-heal|p1a: Suicune|53/100 tox|[from] item: Leftovers
|-damage|p1a: Suicune|41/100 tox|[from] psn
|upkeep
|turn|38
|
|t:|1728958124
|switch|p2a: Swampert|Swampert, M|63/100
|-damage|p2a: Swampert|38/100|[from] Spikes
|move|p1a: Suicune|Rest|p1a: Suicune
|-status|p1a: Suicune|slp|[from] move: Rest
|-heal|p1a: Suicune|100/100 slp|[silent]
|
|-weather|Sandstorm|[upkeep]
|-damage|p1a: Suicune|94/100 slp|[from] Sandstorm
|-heal|p1a: Suicune|100/100 slp|[from] item: Leftovers
|upkeep
|turn|39
|
|t:|1728958130
|switch|p1a: Leuphorie|Blissey, F|100/100
|move|p2a: Swampert|Substitute|p2a: Swampert
|-start|p2a: Swampert|Substitute
|-damage|p2a: Swampert|13/100
|
|-weather|Sandstorm|[upkeep]
|-damage|p1a: Leuphorie|94/100|[from] Sandstorm
|-enditem|p2a: Swampert|Salac Berry|[eat]
|-boost|p2a: Swampert|spe|1|[from] item: Salac Berry
|-heal|p1a: Leuphorie|100/100|[from] item: Leftovers
|upkeep
|turn|40
|
|t:|1728958147
|move|p2a: Swampert|Toxic|p1a: Leuphorie
|-status|p1a: Leuphorie|tox
|move|p1a: Leuphorie|Soft-Boiled||[still]
|-fail|p1a: Leuphorie|heal
|
|-weather|Sandstorm|[upkeep]
|-damage|p1a: Leuphorie|94/100 tox|[from] Sandstorm
|-heal|p1a: Leuphorie|100/100 tox|[from] item: Leftovers
|-damage|p1a: Leuphorie|94/100 tox|[from] psn
|upkeep
|turn|41
|
|t:|1728958154
|move|p2a: Swampert|Endeavor|p1a: Leuphorie
|-damage|p1a: Leuphorie|7/100 tox
|move|p1a: Leuphorie|Soft-Boiled|p1a: Leuphorie
|-heal|p1a: Leuphorie|57/100 tox
|
|-weather|Sandstorm|[upkeep]
|-damage|p1a: Leuphorie|51/100 tox|[from] Sandstorm
|-heal|p1a: Leuphorie|57/100 tox|[from] item: Leftovers
|-damage|p1a: Leuphorie|45/100 tox|[from] psn
|upkeep
|turn|42
|
|t:|1728958164
|move|p2a: Swampert|Endeavor|p1a: Leuphorie
|-damage|p1a: Leuphorie|7/100 tox
|move|p1a: Leuphorie|Soft-Boiled|p1a: Leuphorie
|-heal|p1a: Leuphorie|57/100 tox
|
|-weather|Sandstorm|[upkeep]
|-damage|p1a: Leuphorie|51/100 tox|[from] Sandstorm
|-heal|p1a: Leuphorie|57/100 tox|[from] item: Leftovers
|-damage|p1a: Leuphorie|39/100 tox|[from] psn
|upkeep
|turn|43
|
|t:|1728958171
|-curestatus|p1a: Leuphorie|tox|[from] ability: Natural Cure
|switch|p1a: Airmure|Skarmory, F|38/100
|move|p2a: Swampert|Surf|p1a: Airmure
|-damage|p1a: Airmure|0 fnt
|faint|p1a: Airmure
|
|t:|1728958178
|switch|p1a: Leuphorie|Blissey, F|39/100
|
|-weather|Sandstorm|[upkeep]
|-damage|p1a: Leuphorie|33/100|[from] Sandstorm
|-heal|p1a: Leuphorie|39/100|[from] item: Leftovers
|upkeep
|turn|44
|
|t:|1728958190
|move|p2a: Swampert|Toxic|p1a: Leuphorie
|-status|p1a: Leuphorie|tox
|move|p1a: Leuphorie|Soft-Boiled|p1a: Leuphorie
|-heal|p1a: Leuphorie|89/100 tox
|
|-weather|Sandstorm|[upkeep]
|-damage|p1a: Leuphorie|83/100 tox|[from] Sandstorm
|-heal|p1a: Leuphorie|89/100 tox|[from] item: Leftovers
|-damage|p1a: Leuphorie|83/100 tox|[from] psn
|upkeep
|turn|45
|
|t:|1728958195
|move|p2a: Swampert|Endeavor|p1a: Leuphorie
|-damage|p1a: Leuphorie|7/100 tox
|move|p1a: Leuphorie|Soft-Boiled|p1a: Leuphorie
|-heal|p1a: Leuphorie|57/100 tox
|
|-weather|Sandstorm|[upkeep]
|-damage|p1a: Leuphorie|51/100 tox|[from] Sandstorm
|-heal|p1a: Leuphorie|57/100 tox|[from] item: Leftovers
|-damage|p1a: Leuphorie|45/100 tox|[from] psn
|upkeep
|turn|46
|
|t:|1728958199
|move|p2a: Swampert|Surf|p1a: Leuphorie
|-damage|p1a: Leuphorie|22/100 tox
|move|p1a: Leuphorie|Soft-Boiled|p1a: Leuphorie
|-heal|p1a: Leuphorie|72/100 tox
|
|-weather|Sandstorm|[upkeep]
|-damage|p1a: Leuphorie|66/100 tox|[from] Sandstorm
|-heal|p1a: Leuphorie|72/100 tox|[from] item: Leftovers
|-damage|p1a: Leuphorie|53/100 tox|[from] psn
|upkeep
|turn|47
|
|t:|1728958205
|move|p2a: Swampert|Surf|p1a: Leuphorie
|-damage|p1a: Leuphorie|30/100 tox
|move|p1a: Leuphorie|Soft-Boiled|p1a: Leuphorie
|-heal|p1a: Leuphorie|80/100 tox
|
|-weather|Sandstorm|[upkeep]
|-damage|p1a: Leuphorie|73/100 tox|[from] Sandstorm
|-heal|p1a: Leuphorie|80/100 tox|[from] item: Leftovers
|-damage|p1a: Leuphorie|55/100 tox|[from] psn
|upkeep
|turn|48
|
|t:|1728958209
|move|p2a: Swampert|Surf|p1a: Leuphorie
|-damage|p1a: Leuphorie|31/100 tox
|move|p1a: Leuphorie|Soft-Boiled|p1a: Leuphorie
|-heal|p1a: Leuphorie|81/100 tox
|
|-weather|Sandstorm|[upkeep]
|-damage|p1a: Leuphorie|75/100 tox|[from] Sandstorm
|-heal|p1a: Leuphorie|81/100 tox|[from] item: Leftovers
|-damage|p1a: Leuphorie|51/100 tox|[from] psn
|upkeep
|turn|49
|
|t:|1728958217
|-curestatus|p1a: Leuphorie|tox|[from] ability: Natural Cure
|switch|p1a: Suicune|Suicune|100/100 slp
|move|p2a: Swampert|Endeavor|p1a: Suicune
|-damage|p1a: Suicune|11/100 slp
|
|-weather|Sandstorm|[upkeep]
|-damage|p1a: Suicune|5/100 slp|[from] Sandstorm
|-heal|p1a: Suicune|11/100 slp|[from] item: Leftovers
|upkeep
|turn|50
|inactive|A Welcome Guest has 270 seconds left.
|inactive|perogee has 270 seconds left.
|
|t:|1728958271
|move|p2a: Swampert|Surf|p1a: Suicune
|-resisted|p1a: Suicune
|-damage|p1a: Suicune|0 fnt
|faint|p1a: Suicune
|inactive|A Welcome Guest has 270 seconds left.
|
|t:|1728958285
|switch|p1a: Leuphorie|Blissey, F|51/100
|
|-weather|Sandstorm|[upkeep]
|-damage|p1a: Leuphorie|44/100|[from] Sandstorm
|-heal|p1a: Leuphorie|51/100|[from] item: Leftovers
|upkeep
|turn|51
|
|t:|1728958288
|move|p2a: Swampert|Toxic|p1a: Leuphorie
|-status|p1a: Leuphorie|tox
|move|p1a: Leuphorie|Soft-Boiled|p1a: Leuphorie
|-heal|p1a: Leuphorie|100/100 tox
|
|-weather|Sandstorm|[upkeep]
|-damage|p1a: Leuphorie|94/100 tox|[from] Sandstorm
|-heal|p1a: Leuphorie|100/100 tox|[from] item: Leftovers
|-damage|p1a: Leuphorie|94/100 tox|[from] psn
|upkeep
|turn|52
|inactive|perogee has 270 seconds left.
|
|t:|1728958300
|move|p2a: Swampert|Substitute|p2a: Swampert
|-fail|p2a: Swampert|move: Substitute
|move|p1a: Leuphorie|Soft-Boiled|p1a: Leuphorie
|-heal|p1a: Leuphorie|100/100 tox
|
|-weather|Sandstorm|[upkeep]
|-damage|p1a: Leuphorie|94/100 tox|[from] Sandstorm
|-heal|p1a: Leuphorie|100/100 tox|[from] item: Leftovers
|-damage|p1a: Leuphorie|88/100 tox|[from] psn
|upkeep
|turn|53
|inactive|perogee has 270 seconds left.
|
|t:|1728958312
|move|p2a: Swampert|Endeavor|p1a: Leuphorie
|-damage|p1a: Leuphorie|7/100 tox
|move|p1a: Leuphorie|Soft-Boiled|p1a: Leuphorie
|-heal|p1a: Leuphorie|57/100 tox
|
|-weather|Sandstorm|[upkeep]
|-damage|p1a: Leuphorie|51/100 tox|[from] Sandstorm
|-heal|p1a: Leuphorie|57/100 tox|[from] item: Leftovers
|-damage|p1a: Leuphorie|39/100 tox|[from] psn
|upkeep
|turn|54
|
|t:|1728958329
|move|p2a: Swampert|Surf|p1a: Leuphorie
|-damage|p1a: Leuphorie|16/100 tox
|move|p1a: Leuphorie|Soft-Boiled|p1a: Leuphorie
|-heal|p1a: Leuphorie|66/100 tox
|
|-weather|Sandstorm|[upkeep]
|-damage|p1a: Leuphorie|60/100 tox|[from] Sandstorm
|-heal|p1a: Leuphorie|66/100 tox|[from] item: Leftovers
|-damage|p1a: Leuphorie|42/100 tox|[from] psn
|upkeep
|turn|55
|inactive|A Welcome Guest has 270 seconds left.
|
|t:|1728958372
|move|p2a: Swampert|Surf|p1a: Leuphorie
|-damage|p1a: Leuphorie|18/100 tox
|move|p1a: Leuphorie|Seismic Toss|p2a: Swampert
|-end|p2a: Swampert|Substitute
|
|-weather|Sandstorm|[upkeep]
|-damage|p1a: Leuphorie|12/100 tox|[from] Sandstorm
|-heal|p1a: Leuphorie|18/100 tox|[from] item: Leftovers
|-damage|p1a: Leuphorie|0 fnt|[from] psn
|faint|p1a: Leuphorie
|upkeep
|
|t:|1728958378
|switch|p1a: Triopikeur|Dugtrio, F|100/100
|turn|56
|
|t:|1728958381
|move|p1a: Triopikeur|Aerial Ace|p2a: Swampert
|-damage|p2a: Swampert|0 fnt
|faint|p2a: Swampert
|
|t:|1728958397
|switch|p2a: Zapdos|Zapdos|79/100
|
|-weather|Sandstorm|[upkeep]
|-damage|p2a: Zapdos|73/100|[from] Sandstorm
|-heal|p2a: Zapdos|79/100|[from] item: Leftovers
|upkeep
|turn|57
|
|t:|1728958400
|switch|p1a: Kaorine|Claydol|100/100
|move|p2a: Zapdos|Hidden Power|p1a: Kaorine
|-supereffective|p1a: Kaorine
|-damage|p1a: Kaorine|69/100
|
|-weather|Sandstorm|[upkeep]
|-damage|p2a: Zapdos|73/100|[from] Sandstorm
|-heal|p2a: Zapdos|79/100|[from] item: Leftovers
|-heal|p1a: Kaorine|75/100|[from] item: Leftovers
|upkeep
|turn|58
|
|t:|1728958408
|move|p2a: Zapdos|Hidden Power|p1a: Kaorine
|-supereffective|p1a: Kaorine
|-damage|p1a: Kaorine|40/100
|move|p1a: Kaorine|Rapid Spin|p2a: Zapdos
|-damage|p2a: Zapdos|76/100
|
|-weather|Sandstorm|[upkeep]
|-damage|p2a: Zapdos|70/100|[from] Sandstorm
|-heal|p2a: Zapdos|76/100|[from] item: Leftovers
|-heal|p1a: Kaorine|46/100|[from] item: Leftovers
|upkeep
|turn|59
|
|t:|1728958411
|move|p2a: Zapdos|Hidden Power|p1a: Kaorine
|-supereffective|p1a: Kaorine
|-damage|p1a: Kaorine|13/100
|move|p1a: Kaorine|Rest|p1a: Kaorine
|-status|p1a: Kaorine|slp|[from] move: Rest
|-heal|p1a: Kaorine|100/100 slp|[silent]
|
|-weather|Sandstorm|[upkeep]
|-damage|p2a: Zapdos|70/100|[from] Sandstorm
|-heal|p2a: Zapdos|76/100|[from] item: Leftovers
|upkeep
|turn|60
|
|t:|1728958423
|move|p2a: Zapdos|Hidden Power|p1a: Kaorine
|-supereffective|p1a: Kaorine
|-damage|p1a: Kaorine|65/100 slp
|cant|p1a: Kaorine|slp
|
|-weather|Sandstorm|[upkeep]
|-damage|p2a: Zapdos|70/100|[from] Sandstorm
|-heal|p2a: Zapdos|76/100|[from] item: Leftovers
|-heal|p1a: Kaorine|71/100 slp|[from] item: Leftovers
|upkeep
|turn|61
|
|t:|1728958428
|move|p2a: Zapdos|Hidden Power|p1a: Kaorine
|-supereffective|p1a: Kaorine
|-damage|p1a: Kaorine|38/100 slp
|cant|p1a: Kaorine|slp
|
|-weather|Sandstorm|[upkeep]
|-damage|p2a: Zapdos|70/100|[from] Sandstorm
|-heal|p2a: Zapdos|76/100|[from] item: Leftovers
|-heal|p1a: Kaorine|44/100 slp|[from] item: Leftovers
|upkeep
|turn|62
|
|t:|1728958431
|move|p2a: Zapdos|Hidden Power|p1a: Kaorine
|-supereffective|p1a: Kaorine
|-damage|p1a: Kaorine|7/100 slp
|-curestatus|p1a: Kaorine|slp|[msg]
|move|p1a: Kaorine|Rest|p1a: Kaorine
|-status|p1a: Kaorine|slp|[from] move: Rest
|-heal|p1a: Kaorine|100/100 slp|[silent]
|
|-weather|Sandstorm|[upkeep]
|-damage|p2a: Zapdos|70/100|[from] Sandstorm
|-heal|p2a: Zapdos|76/100|[from] item: Leftovers
|upkeep
|turn|63
|
|t:|1728958434
|move|p2a: Zapdos|Hidden Power|p1a: Kaorine
|-supereffective|p1a: Kaorine
|-damage|p1a: Kaorine|68/100 slp
|cant|p1a: Kaorine|slp
|
|-weather|Sandstorm|[upkeep]
|-damage|p2a: Zapdos|70/100|[from] Sandstorm
|-heal|p2a: Zapdos|76/100|[from] item: Leftovers
|-heal|p1a: Kaorine|75/100 slp|[from] item: Leftovers
|upkeep
|turn|64
|
|t:|1728958442
|move|p2a: Zapdos|Hidden Power|p1a: Kaorine
|-supereffective|p1a: Kaorine
|-damage|p1a: Kaorine|39/100 slp
|cant|p1a: Kaorine|slp
|
|-weather|Sandstorm|[upkeep]
|-damage|p2a: Zapdos|70/100|[from] Sandstorm
|-heal|p2a: Zapdos|76/100|[from] item: Leftovers
|-heal|p1a: Kaorine|45/100 slp|[from] item: Leftovers
|upkeep
|turn|65
|
|t:|1728958446
|move|p2a: Zapdos|Hidden Power|p1a: Kaorine
|-supereffective|p1a: Kaorine
|-damage|p1a: Kaorine|12/100 slp
|-curestatus|p1a: Kaorine|slp|[msg]
|move|p1a: Kaorine|Rest|p1a: Kaorine
|-status|p1a: Kaorine|slp|[from] move: Rest
|-heal|p1a: Kaorine|100/100 slp|[silent]
|
|-weather|Sandstorm|[upkeep]
|-damage|p2a: Zapdos|70/100|[from] Sandstorm
|-heal|p2a: Zapdos|76/100|[from] item: Leftovers
|upkeep
|turn|66
|
|t:|1728958449
|move|p2a: Zapdos|Hidden Power|p1a: Kaorine
|-supereffective|p1a: Kaorine
|-damage|p1a: Kaorine|68/100 slp
|cant|p1a: Kaorine|slp
|
|-weather|Sandstorm|[upkeep]
|-damage|p2a: Zapdos|70/100|[from] Sandstorm
|-heal|p2a: Zapdos|76/100|[from] item: Leftovers
|-heal|p1a: Kaorine|74/100 slp|[from] item: Leftovers
|upkeep
|turn|67
|
|t:|1728958454
|move|p2a: Zapdos|Hidden Power|p1a: Kaorine
|-supereffective|p1a: Kaorine
|-crit|p1a: Kaorine
|-damage|p1a: Kaorine|7/100 slp
|cant|p1a: Kaorine|slp
|
|-weather|Sandstorm|[upkeep]
|-damage|p2a: Zapdos|70/100|[from] Sandstorm
|-heal|p2a: Zapdos|76/100|[from] item: Leftovers
|-heal|p1a: Kaorine|13/100 slp|[from] item: Leftovers
|upkeep
|turn|68
|
|t:|1728958457
|move|p2a: Zapdos|Hidden Power|p1a: Kaorine
|-supereffective|p1a: Kaorine
|-damage|p1a: Kaorine|0 fnt
|faint|p1a: Kaorine
|
|t:|1728958459
|switch|p1a: Triopikeur|Dugtrio, F|100/100
|
|-weather|Sandstorm|[upkeep]
|-damage|p2a: Zapdos|70/100|[from] Sandstorm
|-heal|p2a: Zapdos|76/100|[from] item: Leftovers
|upkeep
|turn|69
|
|t:|1728958463
|move|p1a: Triopikeur|Aerial Ace|p2a: Zapdos
|-resisted|p2a: Zapdos
|-damage|p2a: Zapdos|64/100
|move|p2a: Zapdos|Hidden Power|p1a: Triopikeur
|-supereffective|p1a: Triopikeur
|-damage|p1a: Triopikeur|16/100
|
|-weather|Sandstorm|[upkeep]
|-damage|p2a: Zapdos|58/100|[from] Sandstorm
|-heal|p2a: Zapdos|64/100|[from] item: Leftovers
|upkeep
|turn|70
|
|t:|1728958465
|move|p1a: Triopikeur|Aerial Ace|p2a: Zapdos
|-resisted|p2a: Zapdos
|-damage|p2a: Zapdos|53/100
|move|p2a: Zapdos|Hidden Power|p1a: Triopikeur
|-supereffective|p1a: Triopikeur
|-damage|p1a: Triopikeur|0 fnt
|faint|p1a: Triopikeur
|
|win|perogee
|c|☆A Welcome Guest|gg
|c|☆perogee|gg
|player|p1|
|player|p1|A Welcome Guest|266|
|player|p1|

</script>
<script type="application/json" class="data" id="replaydata-smogtours-gen3ou-798872">
{"id":"smogtours-gen3ou-798872","format":"[Gen 3] OU","players":["A Welcome Guest","perogee"],"uploadtime":1728958465,"views":89,"formatid":"gen3ou","rating":null,"private":0,"password":null}
</script>

<script defer src="js/replays.js?9d40a366"></script>
