<!DOCTYPE html>
<meta charset="utf-8" />
<meta name="viewport" content="width=device-width" />

<title>[Gen 3] OU: violet river vs. ADV Fella - Replays - Pok&eacute;mon Showdown!</title>

<meta name="description" content="Watch a replay of a Pok&eacute;mon battle between violet river and ADV Fella! Format: [Gen 3] OU; Date: Oct 29, 2024" />
<!--

Hey, you! Looking in the source for the replay log?

You can find them in JSON format, just add `.json` at the end of a replay URL.

https://replay.pokemonshowdown.com/gen7randomdoublesbattle-865046831.json

Or, if you only need the log itself, add `.log` instead:

https://replay.pokemonshowdown.com/gen7randomdoublesbattle-865046831.log

-->

<link rel="stylesheet" href="//pokemonshowdown.com/style/global.css?0.023195364461161105" />
<link rel="stylesheet" href="//play.pokemonshowdown.com/style/font-awesome.css?0.13261647063804238" />
<link rel="stylesheet" href="//play.pokemonshowdown.com/style/battle.css?0.8753245789963631" />
<link rel="stylesheet" href="//play.pokemonshowdown.com/style/utilichart.css?0.8627959624976733" />

<!-- Global site tag (gtag.js) - Google Analytics -->
<script async src="https://www.googletagmanager.com/gtag/js?id=UA-26211653-1"></script>
<script>
  window.dataLayer = window.dataLayer || [];
  function gtag(){dataLayer.push(arguments);}
  gtag('js', new Date());

  gtag('config', 'UA-26211653-1');
</script>
<!-- End Google Analytics -->
<!-- Venatus Ad Manager - Install in <HEAD> of page -->
	<script src="https://hb.vntsm.com/v3/live/ad-manager.min.js" type="text/javascript" data-site-id="642aba63ec9a7b11c3c9c1be" data-mode="scan" async></script>
<!-- / Venatus Ad Manager -->

<style>
	@media (max-width:820px) {
		.battle {
			margin: 0 auto;
		}
		.battle-log {
			margin: 7px auto 0;
			max-width: 640px;
			height: 300px;
			position: static;
		}
	}
	.optgroup {
		display: inline-block;
		line-height: 22px;
		font-size: 10pt;
	}
	.optgroup .button {
		height: 25px;
		padding-top: 0;
		padding-bottom: 0;
	}
	.optgroup button.button {
		padding-left: 12px;
		padding-right: 12px;
	}
	.linklist {
		list-style: none;
		margin: 0.5em 0;
		padding: 0;
	}
	.linklist li {
		padding: 2px 0;
	}
	.sidebar {
		float: left;
		width: 320px;
	}
	.bar-wrapper {
		max-width: 1100px;
		margin: 0 auto;
	}
	.bar-wrapper.has-sidebar {
		max-width: 1430px;
	}
	.mainbar {
		margin: 0;
		padding-right: 1px;
	}
	.mainbar.has-sidebar {
		margin-left: 330px;
	}
	@media (min-width: 1511px) {
		.sidebar {
			width: 400px;
		}
		.bar-wrapper.has-sidebar {
			max-width: 1510px;
		}
		.mainbar.has-sidebar {
			margin-left: 410px;
		}
	}
	.section.first-section {
		margin-top: 9px;
	}
	.blocklink small {
		white-space: normal;
	}
	.button {
		vertical-align: middle;
	}
	.replay-controls {
		padding-top: 10px;
	}
	.replay-controls h1 {
		font-size: 16pt;
		font-weight: normal;
		color: #CCC;
	}
	.pagelink {
		text-align: center;
	}
	.pagelink a {
		width: 150px;
	}
	.textbox, .button {
		font-size: 11pt;
		vertical-align: middle;
	}
	@media (max-width: 450px) {
		.button {
			font-size: 9pt;
		}
	}
</style>

<div>

	<header>
		<div class="nav-wrapper"><ul class="nav">
			<li><a class="button nav-first" href="//pokemonshowdown.com/"><img src="//pokemonshowdown.com/images/pokemonshowdownbeta.png" srcset="//pokemonshowdown.com/images/pokemonshowdownbeta.png 1x, //pokemonshowdown.com/images/pokemonshowdownbeta@2x.png 2x" alt="Pok&eacute;mon Showdown" width="146" height="44" /> Home</a></li>
			<li><a class="button" href="//pokemonshowdown.com/dex/">Pok&eacute;dex</a></li>
			<li><a class="button cur" href="/">Replays</a></li>
			<li><a class="button" href="//pokemonshowdown.com/ladder/">Ladder</a></li>
			<li><a class="button nav-last" href="//pokemonshowdown.com/forums/">Forum</a></li>
			<li><a class="button greenbutton nav-first nav-last" href="//play.pokemonshowdown.com/">Play</a></li>
		</ul></div>
	</header>

	<div class="main" id="main">

		<noscript><section class="section">You need to enable JavaScript to use this page; sorry!</section></noscript>

	</div>

</div>

<script defer nomodule src="//play.pokemonshowdown.com/js/lib/ps-polyfill.js"></script>
<script defer src="//play.pokemonshowdown.com/js/lib/preact.min.js"></script>

<script defer src="//play.pokemonshowdown.com/config/config.js?2bddbc15"></script>
<script defer src="//play.pokemonshowdown.com/js/lib/jquery-1.11.0.min.js"></script>
<script defer src="//play.pokemonshowdown.com/js/lib/html-sanitizer-minified.js"></script>
<script defer src="//play.pokemonshowdown.com/js/battle-sound.js"></script>
<script defer src="//play.pokemonshowdown.com/js/battledata.js?0.7209276989879541"></script>
<script defer src="//play.pokemonshowdown.com/data/pokedex-mini.js?0.6111056340867951"></script>
<script defer src="//play.pokemonshowdown.com/data/pokedex-mini-bw.js?0.3532142036491459"></script>
<script defer src="//play.pokemonshowdown.com/data/graphics.js?0.24223875632456182"></script>
<script defer src="//play.pokemonshowdown.com/data/pokedex.js?0.38839984266356864"></script>
<script defer src="//play.pokemonshowdown.com/data/moves.js?0.21866028504024015"></script>
<script defer src="//play.pokemonshowdown.com/data/abilities.js?0.2005157953846628"></script>
<script defer src="//play.pokemonshowdown.com/data/items.js?0.9894211263848525"></script>
<script defer src="//play.pokemonshowdown.com/data/teambuilder-tables.js?0.6008791140282215"></script>
<script defer src="//play.pokemonshowdown.com/js/battle-tooltips.js?0.7580118955022959"></script>
<script defer src="//play.pokemonshowdown.com/js/battle.js?0.6057722274234274"></script>

<script defer src="js/utils.js?e31f9a17"></script>
<script defer src="js/replays-battle.js?7008c182"></script>

<!-- don't scrape this data! just add .json or .log after the URL!
Full API docs: https://github.com/smogon/pokemon-showdown-client/blob/master/WEB-API.md -->
<script type="text/plain" class="log" id="replaylog-smogtours-gen3ou-803229">
|inactive|Battle timer is ON: inactive players will automatically lose when time's up.
|t:|1730185380
|gametype|singles
|player|p1|violet river|jasmine-masters2|
|player|p2|ADV Fella|blackbelt-gen4dp|
|teamsize|p1|6
|teamsize|p2|6
|gen|3
|tier|[Gen 3] OU
|rule|Sleep Clause Mod: Limit one foe put to sleep
|rule|Switch Priority Clause Mod: Faster Pokémon switch first
|rule|Species Clause: Limit one of each Pokémon
|rule|OHKO Clause: OHKO moves are banned
|rule|Evasion Items Clause: Evasion items are banned
|rule|Evasion Moves Clause: Evasion moves are banned
|rule|Endless Battle Clause: Forcing endless battles is banned
|rule|HP Percentage Mod: HP is shown in percentages
|rule|One Boost Passer Clause: Limit one Baton Passer that has a way to boost its stats
|rule|Freeze Clause Mod: Limit one foe frozen
|
|t:|1730185380
|start
|switch|p1a: Tyranitar|Tyranitar, M|100/100
|switch|p2a: Skarmory|Skarmory, F|100/100
|-weather|Sandstorm|[from] ability: Sand Stream|[of] p1a: Tyranitar
|turn|1
|
|t:|1730185392
|move|p2a: Skarmory|Spikes|p1a: Tyranitar
|-sidestart|p1: violet river|Spikes
|move|p1a: Tyranitar|Dragon Dance|p1a: Tyranitar
|-boost|p1a: Tyranitar|atk|1
|-boost|p1a: Tyranitar|spe|1
|
|-weather|Sandstorm|[upkeep]
|upkeep
|turn|2
|c|☆violet river|hf
|c|☆ADV Fella|Thanks, you too!
|
|t:|1730185403
|-singleturn|p1a: Tyranitar|move: Focus Punch
|move|p1a: Tyranitar|Focus Punch|p2a: Skarmory
|-damage|p2a: Skarmory|35/100
|move|p2a: Skarmory|Roar|p1a: Tyranitar
|drag|p1a: Swampert|Swampert, M|100/100
|-damage|p1a: Swampert|88/100|[from] Spikes
|
|-weather|Sandstorm|[upkeep]
|-heal|p2a: Skarmory|41/100|[from] item: Leftovers
|-heal|p1a: Swampert|94/100|[from] item: Leftovers
|upkeep
|turn|3
|inactive|violet river has 270 seconds left.
|
|t:|1730185450
|move|p2a: Skarmory|Protect|p2a: Skarmory
|-singleturn|p2a: Skarmory|Protect
|move|p1a: Swampert|Surf|p2a: Skarmory
|-activate|p2a: Skarmory|Protect
|
|-weather|Sandstorm|[upkeep]
|-heal|p2a: Skarmory|47/100|[from] item: Leftovers
|-heal|p1a: Swampert|100/100|[from] item: Leftovers
|upkeep
|turn|4
|
|t:|1730185456
|switch|p2a: Venusaur|Venusaur, F, shiny|100/100
|move|p1a: Swampert|Surf|p2a: Venusaur
|-resisted|p2a: Venusaur
|-damage|p2a: Venusaur|80/100
|
|-weather|Sandstorm|[upkeep]
|-damage|p2a: Venusaur|74/100|[from] Sandstorm
|-heal|p2a: Venusaur|80/100|[from] item: Leftovers
|upkeep
|turn|5
|inactive|violet river has 270 seconds left.
|
|t:|1730185461
|move|p2a: Venusaur|Sleep Powder|p1a: Swampert|[miss]
|-miss|p2a: Venusaur|p1a: Swampert
|move|p1a: Swampert|Ice Beam|p2a: Venusaur
|-supereffective|p2a: Venusaur
|-damage|p2a: Venusaur|28/100
|
|-weather|Sandstorm|[upkeep]
|-damage|p2a: Venusaur|22/100|[from] Sandstorm
|-heal|p2a: Venusaur|28/100|[from] item: Leftovers
|upkeep
|turn|6
|
|t:|1730185469
|switch|p1a: Skarmory|Skarmory, M|100/100
|move|p2a: Venusaur|Sleep Powder|p1a: Skarmory
|-status|p1a: Skarmory|slp|[from] move: Sleep Powder
|
|-weather|Sandstorm|[upkeep]
|-damage|p2a: Venusaur|22/100|[from] Sandstorm
|-heal|p2a: Venusaur|28/100|[from] item: Leftovers
|upkeep
|turn|7
|
|t:|1730185473
|move|p2a: Venusaur|Leech Seed|p1a: Skarmory
|-start|p1a: Skarmory|move: Leech Seed
|cant|p1a: Skarmory|slp
|
|-weather|Sandstorm|[upkeep]
|-damage|p2a: Venusaur|22/100|[from] Sandstorm
|-heal|p2a: Venusaur|28/100|[from] item: Leftovers
|-damage|p1a: Skarmory|88/100 slp|[from] Leech Seed|[of] p2a: Venusaur
|-heal|p2a: Venusaur|42/100|[silent]
|upkeep
|turn|8
|
|t:|1730185479
|switch|p2a: Skarmory|Skarmory, F|47/100
|-curestatus|p1a: Skarmory|slp|[msg]
|move|p1a: Skarmory|Spikes|p2a: Skarmory
|-sidestart|p2: ADV Fella|Spikes
|
|-weather|Sandstorm|[upkeep]
|-heal|p1a: Skarmory|94/100|[from] item: Leftovers
|-damage|p1a: Skarmory|82/100|[from] Leech Seed|[of] p2a: Skarmory
|-heal|p2a: Skarmory|59/100|[silent]
|-heal|p2a: Skarmory|65/100|[from] item: Leftovers
|upkeep
|turn|9
|
|t:|1730185483
|move|p1a: Skarmory|Spikes|p2a: Skarmory
|-sidestart|p2: ADV Fella|Spikes
|move|p2a: Skarmory|Spikes|p1a: Skarmory
|-sidestart|p1: violet river|Spikes
|
|-weather|Sandstorm|[upkeep]
|-heal|p1a: Skarmory|88/100|[from] item: Leftovers
|-damage|p1a: Skarmory|76/100|[from] Leech Seed|[of] p2a: Skarmory
|-heal|p2a: Skarmory|77/100|[silent]
|-heal|p2a: Skarmory|83/100|[from] item: Leftovers
|upkeep
|turn|10
|
|t:|1730185486
|switch|p1a: Starmie|Starmie|100/100
|-damage|p1a: Starmie|84/100|[from] Spikes
|move|p2a: Skarmory|Spikes|p1a: Starmie
|-sidestart|p1: violet river|Spikes
|
|-weather|Sandstorm|[upkeep]
|-damage|p1a: Starmie|78/100|[from] Sandstorm
|-heal|p1a: Starmie|84/100|[from] item: Leftovers
|-heal|p2a: Skarmory|89/100|[from] item: Leftovers
|upkeep
|turn|11
|
|t:|1730185493
|switch|p2a: Magneton|Magneton|100/100
|-damage|p2a: Magneton|84/100|[from] Spikes
|move|p1a: Starmie|Hydro Pump|p2a: Magneton
|-damage|p2a: Magneton|0 fnt
|faint|p2a: Magneton
|
|t:|1730185508
|switch|p2a: Aerodactyl|Aerodactyl, F|100/100
|
|-weather|Sandstorm|[upkeep]
|-damage|p1a: Starmie|78/100|[from] Sandstorm
|-heal|p1a: Starmie|84/100|[from] item: Leftovers
|upkeep
|turn|12
|
|t:|1730185513
|switch|p1a: Skarmory|Skarmory, M|76/100
|move|p2a: Aerodactyl|Double-Edge|p1a: Skarmory
|-resisted|p1a: Skarmory
|-damage|p1a: Skarmory|54/100
|
|-weather|Sandstorm|[upkeep]
|-heal|p1a: Skarmory|60/100|[from] item: Leftovers
|upkeep
|turn|13
|
|t:|1730185518
|switch|p2a: Tyranitar|Tyranitar, M, shiny|100/100
|-damage|p2a: Tyranitar|84/100|[from] Spikes
|switch|p1a: Starmie|Starmie|84/100
|-damage|p1a: Starmie|59/100|[from] Spikes
|
|-weather|Sandstorm|[upkeep]
|-damage|p1a: Starmie|53/100|[from] Sandstorm
|-heal|p1a: Starmie|59/100|[from] item: Leftovers
|upkeep
|turn|14
|
|t:|1730185522
|move|p1a: Starmie|Hydro Pump|p2a: Tyranitar
|-supereffective|p2a: Tyranitar
|-damage|p2a: Tyranitar|0 fnt
|faint|p2a: Tyranitar
|c|☆ADV Fella|gg lol
|c|☆ADV Fella|I am not doing well
|
|t:|1730185534
|switch|p2a: Aerodactyl|Aerodactyl, F|100/100
|
|-weather|Sandstorm|[upkeep]
|-damage|p1a: Starmie|53/100|[from] Sandstorm
|-heal|p1a: Starmie|59/100|[from] item: Leftovers
|upkeep
|turn|15
|c|☆ADV Fella|I will play it out though
|inactive|violet river has 270 seconds left.
|c|☆ADV Fella|You are too powerfukl
|c|☆ADV Fella|Like Ash Ketchum
|c|+FJ2K|If you crit 9 Double Edges in arow you can win, don't stop believing!
|inactive|violet river has 240 seconds left.
|c|☆ADV Fella|Thank you for the motivation
|
|t:|1730185614
|switch|p1a: Skarmory|Skarmory, M|60/100
|move|p2a: Aerodactyl|Rock Slide|p1a: Skarmory|[miss]
|-miss|p2a: Aerodactyl|p1a: Skarmory
|
|-weather|Sandstorm|[upkeep]
|-heal|p1a: Skarmory|66/100|[from] item: Leftovers
|upkeep
|turn|16
|c|☆violet river|yea i 
|
|t:|1730185624
|switch|p2a: Venusaur|Venusaur, F, shiny|42/100
|-damage|p2a: Venusaur|25/100|[from] Spikes
|move|p1a: Skarmory|Toxic|p2a: Venusaur
|-immune|p2a: Venusaur
|
|-weather|Sandstorm|[upkeep]
|-damage|p2a: Venusaur|19/100|[from] Sandstorm
|-heal|p2a: Venusaur|25/100|[from] item: Leftovers
|-heal|p1a: Skarmory|72/100|[from] item: Leftovers
|upkeep
|turn|17
|c|☆violet river|dont think youve done anything super wrong
|inactive|violet river has 240 seconds left.
|
|t:|1730185629
|move|p2a: Venusaur|Sleep Powder|p1a: Skarmory
|-status|p1a: Skarmory|slp|[from] move: Sleep Powder
|cant|p1a: Skarmory|slp
|
|-weather|Sandstorm|[upkeep]
|-damage|p2a: Venusaur|19/100|[from] Sandstorm
|-heal|p2a: Venusaur|25/100|[from] item: Leftovers
|-heal|p1a: Skarmory|78/100 slp|[from] item: Leftovers
|upkeep
|turn|18
|c|☆violet river|sequences just havent gone ur way
|
|t:|1730185636
|move|p2a: Venusaur|Leech Seed|p1a: Skarmory
|-start|p1a: Skarmory|move: Leech Seed
|cant|p1a: Skarmory|slp
|
|-weather|Sandstorm|[upkeep]
|-damage|p2a: Venusaur|19/100|[from] Sandstorm
|-heal|p2a: Venusaur|25/100|[from] item: Leftovers
|-heal|p1a: Skarmory|84/100 slp|[from] item: Leftovers
|-damage|p1a: Skarmory|71/100 slp|[from] Leech Seed|[of] p2a: Venusaur
|-heal|p2a: Venusaur|39/100|[silent]
|upkeep
|turn|19
|
|t:|1730185643
|move|p2a: Venusaur|Leech Seed||[still]
|-fail|p2a: Venusaur
|cant|p1a: Skarmory|slp
|
|-weather|Sandstorm|[upkeep]
|-damage|p2a: Venusaur|33/100|[from] Sandstorm
|-heal|p2a: Venusaur|39/100|[from] item: Leftovers
|-heal|p1a: Skarmory|77/100 slp|[from] item: Leftovers
|-damage|p1a: Skarmory|65/100 slp|[from] Leech Seed|[of] p2a: Venusaur
|-heal|p2a: Venusaur|53/100|[silent]
|upkeep
|turn|20
|
|t:|1730185646
|switch|p1a: Starmie|Starmie|59/100
|-damage|p1a: Starmie|34/100|[from] Spikes
|move|p2a: Venusaur|Substitute|p2a: Venusaur
|-start|p2a: Venusaur|Substitute
|-damage|p2a: Venusaur|28/100
|
|-weather|Sandstorm|[upkeep]
|-damage|p1a: Starmie|28/100|[from] Sandstorm
|-damage|p2a: Venusaur|22/100|[from] Sandstorm
|-heal|p1a: Starmie|34/100|[from] item: Leftovers
|-heal|p2a: Venusaur|28/100|[from] item: Leftovers
|upkeep
|turn|21
|
|t:|1730185652
|move|p1a: Starmie|Rapid Spin|p2a: Venusaur
|-activate|p2a: Venusaur|Substitute|[damage]
|-sideend|p1: violet river|Spikes|[from] move: Rapid Spin|[of] p1a: Starmie
|move|p2a: Venusaur|Sludge Bomb|p1a: Starmie
|-damage|p1a: Starmie|0 fnt
|faint|p1a: Starmie
|c|☆violet river|cool team
|c|☆violet river|modeled off the bkc skarmmag sample?
|
|t:|1730185660
|switch|p1a: Jirachi|Jirachi|100/100
|
|-weather|Sandstorm|[upkeep]
|-damage|p2a: Venusaur|22/100|[from] Sandstorm
|-heal|p2a: Venusaur|28/100|[from] item: Leftovers
|upkeep
|turn|22
|c|☆ADV Fella|thanks
|
|t:|1730185670
|move|p1a: Jirachi|Psychic|p2a: Venusaur
|-supereffective|p2a: Venusaur
|-end|p2a: Venusaur|Substitute
|move|p2a: Venusaur|Leech Seed|p1a: Jirachi
|-start|p1a: Jirachi|move: Leech Seed
|
|-weather|Sandstorm|[upkeep]
|-damage|p2a: Venusaur|22/100|[from] Sandstorm
|-damage|p1a: Jirachi|88/100|[from] Leech Seed|[of] p2a: Venusaur
|-heal|p2a: Venusaur|37/100|[silent]
|-heal|p2a: Venusaur|43/100|[from] item: Leftovers
|upkeep
|turn|23
|
|t:|1730185687
|switch|p1a: Gengar|Gengar, F|100/100
|switch|p2a: Aerodactyl|Aerodactyl, F|100/100
|
|-weather|Sandstorm|[upkeep]
|-damage|p1a: Gengar|95/100|[from] Sandstorm
|-heal|p1a: Gengar|100/100|[from] item: Leftovers
|upkeep
|turn|24
|
|t:|1730185691
|switch|p1a: Swampert|Swampert, M|100/100
|move|p2a: Aerodactyl|Rock Slide|p1a: Swampert
|-resisted|p1a: Swampert
|-damage|p1a: Swampert|79/100
|
|-weather|Sandstorm|[upkeep]
|-heal|p1a: Swampert|85/100|[from] item: Leftovers
|upkeep
|turn|25
|
|t:|1730185697
|switch|p2a: Flygon|Flygon, F, shiny|100/100
|switch|p1a: Gengar|Gengar, F|100/100
|
|-weather|Sandstorm|[upkeep]
|-damage|p1a: Gengar|95/100|[from] Sandstorm
|-heal|p1a: Gengar|100/100|[from] item: Leftovers
|upkeep
|turn|26
|
|t:|1730185701
|move|p1a: Gengar|Will-O-Wisp|p2a: Flygon
|-status|p2a: Flygon|brn
|move|p2a: Flygon|Rock Slide|p1a: Gengar
|-damage|p1a: Gengar|83/100
|
|-weather|Sandstorm|[upkeep]
|-damage|p1a: Gengar|77/100|[from] Sandstorm
|-heal|p1a: Gengar|83/100|[from] item: Leftovers
|-damage|p2a: Flygon|88/100 brn|[from] brn
|upkeep
|turn|27
|-message|ADV Fella forfeited.
|
|win|violet river
|c|☆ADV Fella|ggs
|c|☆violet river|gg

</script>
<script type="application/json" class="data" id="replaydata-smogtours-gen3ou-803229">
{"id":"smogtours-gen3ou-803229","format":"[Gen 3] OU","players":["violet river","ADV Fella"],"uploadtime":1730185708,"views":93,"formatid":"gen3ou","rating":null,"private":0,"password":null}
</script>

<script defer src="js/replays.js?9d40a366"></script>
