<!DOCTYPE html>
<meta charset="utf-8" />
<meta name="viewport" content="width=device-width" />

<title>[Gen 3] OU: T1W1B vs. Xdeacon - Replays - Pok&eacute;mon Showdown!</title>

<meta name="description" content="Watch a replay of a Pok&eacute;mon battle between T1W1B and Xdeacon! Format: [Gen 3] OU; Date: Oct 25, 2024" />
<!--

Hey, you! Looking in the source for the replay log?

You can find them in JSON format, just add `.json` at the end of a replay URL.

https://replay.pokemonshowdown.com/gen7randomdoublesbattle-865046831.json

Or, if you only need the log itself, add `.log` instead:

https://replay.pokemonshowdown.com/gen7randomdoublesbattle-865046831.log

-->

<link rel="stylesheet" href="//pokemonshowdown.com/style/global.css?0.767286132409787" />
<link rel="stylesheet" href="//play.pokemonshowdown.com/style/font-awesome.css?0.9266228007934947" />
<link rel="stylesheet" href="//play.pokemonshowdown.com/style/battle.css?0.7924700842790926" />
<link rel="stylesheet" href="//play.pokemonshowdown.com/style/utilichart.css?0.8777417872839479" />

<!-- Global site tag (gtag.js) - Google Analytics -->
<script async src="https://www.googletagmanager.com/gtag/js?id=UA-26211653-1"></script>
<script>
  window.dataLayer = window.dataLayer || [];
  function gtag(){dataLayer.push(arguments);}
  gtag('js', new Date());

  gtag('config', 'UA-26211653-1');
</script>
<!-- End Google Analytics -->
<!-- Venatus Ad Manager - Install in <HEAD> of page -->
	<script src="https://hb.vntsm.com/v3/live/ad-manager.min.js" type="text/javascript" data-site-id="642aba63ec9a7b11c3c9c1be" data-mode="scan" async></script>
<!-- / Venatus Ad Manager -->

<style>
	@media (max-width:820px) {
		.battle {
			margin: 0 auto;
		}
		.battle-log {
			margin: 7px auto 0;
			max-width: 640px;
			height: 300px;
			position: static;
		}
	}
	.optgroup {
		display: inline-block;
		line-height: 22px;
		font-size: 10pt;
	}
	.optgroup .button {
		height: 25px;
		padding-top: 0;
		padding-bottom: 0;
	}
	.optgroup button.button {
		padding-left: 12px;
		padding-right: 12px;
	}
	.linklist {
		list-style: none;
		margin: 0.5em 0;
		padding: 0;
	}
	.linklist li {
		padding: 2px 0;
	}
	.sidebar {
		float: left;
		width: 320px;
	}
	.bar-wrapper {
		max-width: 1100px;
		margin: 0 auto;
	}
	.bar-wrapper.has-sidebar {
		max-width: 1430px;
	}
	.mainbar {
		margin: 0;
		padding-right: 1px;
	}
	.mainbar.has-sidebar {
		margin-left: 330px;
	}
	@media (min-width: 1511px) {
		.sidebar {
			width: 400px;
		}
		.bar-wrapper.has-sidebar {
			max-width: 1510px;
		}
		.mainbar.has-sidebar {
			margin-left: 410px;
		}
	}
	.section.first-section {
		margin-top: 9px;
	}
	.blocklink small {
		white-space: normal;
	}
	.button {
		vertical-align: middle;
	}
	.replay-controls {
		padding-top: 10px;
	}
	.replay-controls h1 {
		font-size: 16pt;
		font-weight: normal;
		color: #CCC;
	}
	.pagelink {
		text-align: center;
	}
	.pagelink a {
		width: 150px;
	}
	.textbox, .button {
		font-size: 11pt;
		vertical-align: middle;
	}
	@media (max-width: 450px) {
		.button {
			font-size: 9pt;
		}
	}
</style>

<div>

	<header>
		<div class="nav-wrapper"><ul class="nav">
			<li><a class="button nav-first" href="//pokemonshowdown.com/"><img src="//pokemonshowdown.com/images/pokemonshowdownbeta.png" srcset="//pokemonshowdown.com/images/pokemonshowdownbeta.png 1x, //pokemonshowdown.com/images/pokemonshowdownbeta@2x.png 2x" alt="Pok&eacute;mon Showdown" width="146" height="44" /> Home</a></li>
			<li><a class="button" href="//pokemonshowdown.com/dex/">Pok&eacute;dex</a></li>
			<li><a class="button cur" href="/">Replays</a></li>
			<li><a class="button" href="//pokemonshowdown.com/ladder/">Ladder</a></li>
			<li><a class="button nav-last" href="//pokemonshowdown.com/forums/">Forum</a></li>
			<li><a class="button greenbutton nav-first nav-last" href="//play.pokemonshowdown.com/">Play</a></li>
		</ul></div>
	</header>

	<div class="main" id="main">

		<noscript><section class="section">You need to enable JavaScript to use this page; sorry!</section></noscript>

	</div>

</div>

<script defer nomodule src="//play.pokemonshowdown.com/js/lib/ps-polyfill.js"></script>
<script defer src="//play.pokemonshowdown.com/js/lib/preact.min.js"></script>

<script defer src="//play.pokemonshowdown.com/config/config.js?6dec07f6"></script>
<script defer src="//play.pokemonshowdown.com/js/lib/jquery-1.11.0.min.js"></script>
<script defer src="//play.pokemonshowdown.com/js/lib/html-sanitizer-minified.js"></script>
<script defer src="//play.pokemonshowdown.com/js/battle-sound.js"></script>
<script defer src="//play.pokemonshowdown.com/js/battledata.js?0.6315294753075389"></script>
<script defer src="//play.pokemonshowdown.com/data/pokedex-mini.js?0.7603743185311358"></script>
<script defer src="//play.pokemonshowdown.com/data/pokedex-mini-bw.js?0.030888842834281283"></script>
<script defer src="//play.pokemonshowdown.com/data/graphics.js?0.05593094747507488"></script>
<script defer src="//play.pokemonshowdown.com/data/pokedex.js?0.47064822249611904"></script>
<script defer src="//play.pokemonshowdown.com/data/moves.js?0.8583693120512459"></script>
<script defer src="//play.pokemonshowdown.com/data/abilities.js?0.16017181182386842"></script>
<script defer src="//play.pokemonshowdown.com/data/items.js?0.4163379185673943"></script>
<script defer src="//play.pokemonshowdown.com/data/teambuilder-tables.js?0.31075597372830477"></script>
<script defer src="//play.pokemonshowdown.com/js/battle-tooltips.js?0.6536193500708172"></script>
<script defer src="//play.pokemonshowdown.com/js/battle.js?0.1916591943277901"></script>

<script defer src="js/utils.js?e31f9a17"></script>
<script defer src="js/replays-battle.js?7008c182"></script>

<!-- don't scrape this data! just add .json or .log after the URL!
Full API docs: https://github.com/smogon/pokemon-showdown-client/blob/master/WEB-API.md -->
<script type="text/plain" class="log" id="replaylog-smogtours-gen3ou-801816">
|inactive|Battle timer is ON: inactive players will automatically lose when time's up.
|t:|1729871108
|gametype|singles
|player|p1|T1W1B|whitney|
|player|p2|Xdeacon|2|
|teamsize|p1|6
|teamsize|p2|6
|gen|3
|tier|[Gen 3] OU
|rule|Sleep Clause Mod: Limit one foe put to sleep
|rule|Switch Priority Clause Mod: Faster Pokémon switch first
|rule|Species Clause: Limit one of each Pokémon
|rule|OHKO Clause: OHKO moves are banned
|rule|Evasion Items Clause: Evasion items are banned
|rule|Evasion Moves Clause: Evasion moves are banned
|rule|Endless Battle Clause: Forcing endless battles is banned
|rule|HP Percentage Mod: HP is shown in percentages
|rule|One Boost Passer Clause: Limit one Baton Passer that has a way to boost its stats
|rule|Freeze Clause Mod: Limit one foe frozen
|
|t:|1729871108
|start
|switch|p1a: Skarmory|Skarmory, F|100/100
|switch|p2a: Salamence|Salamence, F|100/100
|-ability|p2a: Salamence|Intimidate|boost
|-unboost|p1a: Skarmory|atk|1
|turn|1
|inactive|T1W1B has 270 seconds left.
|
|t:|1729871164
|switch|p1a: Lanturn|Lanturn, M, shiny|100/100
|move|p2a: Salamence|Fire Blast|p1a: Lanturn
|-resisted|p1a: Lanturn
|-damage|p1a: Lanturn|80/100
|
|-heal|p1a: Lanturn|87/100|[from] item: Leftovers
|upkeep
|turn|2
|inactive|T1W1B has 270 seconds left.
|
|t:|1729871215
|switch|p2a: Blissey|Blissey, F|100/100
|switch|p1a: Skarmory|Skarmory, F|100/100
|
|upkeep
|turn|3
|inactive|T1W1B has 240 seconds left.
|
|t:|1729871236
|move|p1a: Skarmory|Spikes|p2a: Blissey
|-sidestart|p2: Xdeacon|Spikes
|move|p2a: Blissey|Thunder Wave|p1a: Skarmory
|-status|p1a: Skarmory|par
|
|upkeep
|turn|4
|
|t:|1729871242
|switch|p2a: Forretress|Forretress, M|100/100
|-damage|p2a: Forretress|88/100|[from] Spikes
|move|p1a: Skarmory|Toxic|p2a: Forretress
|-immune|p2a: Forretress
|
|-heal|p2a: Forretress|94/100|[from] item: Leftovers
|upkeep
|turn|5
|
|t:|1729871252
|switch|p1a: Gengar|Gengar, F|100/100
|move|p2a: Forretress|Rapid Spin|p1a: Gengar
|-immune|p1a: Gengar
|
|-heal|p2a: Forretress|100/100|[from] item: Leftovers
|upkeep
|turn|6
|inactive|T1W1B has 240 seconds left.
|
|t:|1729871271
|switch|p1a: Lanturn|Lanturn, M, shiny|87/100
|switch|p2a: Tyranitar|Tyranitar, F|100/100
|-damage|p2a: Tyranitar|88/100|[from] Spikes
|-weather|Sandstorm|[from] ability: Sand Stream|[of] p2a: Tyranitar
|
|-weather|Sandstorm|[upkeep]
|-damage|p1a: Lanturn|80/100|[from] Sandstorm
|-heal|p1a: Lanturn|87/100|[from] item: Leftovers
|-heal|p2a: Tyranitar|94/100|[from] item: Leftovers
|upkeep
|turn|7
|
|t:|1729871286
|switch|p2a: Blissey|Blissey, F|100/100
|-damage|p2a: Blissey|88/100|[from] Spikes
|move|p1a: Lanturn|Surf|p2a: Blissey
|-damage|p2a: Blissey|78/100
|
|-weather|Sandstorm|[upkeep]
|-damage|p1a: Lanturn|80/100|[from] Sandstorm
|-damage|p2a: Blissey|72/100|[from] Sandstorm
|-heal|p1a: Lanturn|87/100|[from] item: Leftovers
|-heal|p2a: Blissey|78/100|[from] item: Leftovers
|upkeep
|turn|8
|
|t:|1729871293
|switch|p1a: Skarmory|Skarmory, F|100/100 par
|move|p2a: Blissey|Thunder Wave|p1a: Skarmory
|-fail|p1a: Skarmory|par
|
|-weather|Sandstorm|[upkeep]
|-damage|p2a: Blissey|72/100|[from] Sandstorm
|-heal|p2a: Blissey|78/100|[from] item: Leftovers
|upkeep
|turn|9
|
|t:|1729871301
|switch|p2a: Forretress|Forretress, M|100/100
|-damage|p2a: Forretress|88/100|[from] Spikes
|move|p1a: Skarmory|Roar|p2a: Forretress
|drag|p2a: Salamence|Salamence, F|100/100
|-ability|p2a: Salamence|Intimidate|boost
|-unboost|p1a: Skarmory|atk|1
|
|-weather|Sandstorm|[upkeep]
|-damage|p2a: Salamence|95/100|[from] Sandstorm
|-heal|p2a: Salamence|100/100|[from] item: Leftovers
|upkeep
|turn|10
|
|t:|1729871310
|switch|p1a: Lanturn|Lanturn, M, shiny|87/100
|move|p2a: Salamence|Fire Blast|p1a: Lanturn
|-resisted|p1a: Lanturn
|-damage|p1a: Lanturn|67/100
|
|-weather|Sandstorm|[upkeep]
|-damage|p2a: Salamence|95/100|[from] Sandstorm
|-damage|p1a: Lanturn|61/100|[from] Sandstorm
|-heal|p2a: Salamence|100/100|[from] item: Leftovers
|-heal|p1a: Lanturn|67/100|[from] item: Leftovers
|upkeep
|turn|11
|
|t:|1729871318
|switch|p2a: Blissey|Blissey, F|78/100
|-damage|p2a: Blissey|66/100|[from] Spikes
|move|p1a: Lanturn|Thunderbolt|p2a: Blissey
|-damage|p2a: Blissey|55/100
|
|-weather|Sandstorm|[upkeep]
|-damage|p1a: Lanturn|61/100|[from] Sandstorm
|-damage|p2a: Blissey|49/100|[from] Sandstorm
|-heal|p1a: Lanturn|67/100|[from] item: Leftovers
|-heal|p2a: Blissey|55/100|[from] item: Leftovers
|upkeep
|turn|12
|inactive|T1W1B has 270 seconds left.
|
|t:|1729871339
|move|p1a: Lanturn|Screech|p2a: Blissey
|-unboost|p2a: Blissey|def|2
|move|p2a: Blissey|Soft-Boiled|p2a: Blissey
|-heal|p2a: Blissey|100/100
|
|-weather|Sandstorm|[upkeep]
|-damage|p1a: Lanturn|61/100|[from] Sandstorm
|-damage|p2a: Blissey|94/100|[from] Sandstorm
|-heal|p1a: Lanturn|67/100|[from] item: Leftovers
|-heal|p2a: Blissey|100/100|[from] item: Leftovers
|upkeep
|turn|13
|
|t:|1729871349
|move|p1a: Lanturn|Screech|p2a: Blissey
|-unboost|p2a: Blissey|def|2
|move|p2a: Blissey|Thunder Wave|p1a: Lanturn
|-status|p1a: Lanturn|par
|
|-weather|Sandstorm|[upkeep]
|-damage|p2a: Blissey|94/100|[from] Sandstorm
|-damage|p1a: Lanturn|61/100 par|[from] Sandstorm
|-heal|p2a: Blissey|100/100|[from] item: Leftovers
|-heal|p1a: Lanturn|67/100 par|[from] item: Leftovers
|upkeep
|turn|14
|
|t:|1729871354
|switch|p1a: Flygon|Flygon, M|100/100
|move|p2a: Blissey|Seismic Toss|p1a: Flygon
|-damage|p1a: Flygon|73/100
|
|-weather|Sandstorm|[upkeep]
|-damage|p2a: Blissey|94/100|[from] Sandstorm
|-heal|p1a: Flygon|79/100|[from] item: Leftovers
|-heal|p2a: Blissey|100/100|[from] item: Leftovers
|upkeep
|turn|15
|
|t:|1729871372
|switch|p2a: Salamence|Salamence, F|100/100
|-ability|p2a: Salamence|Intimidate|boost
|-unboost|p1a: Flygon|atk|1
|move|p1a: Flygon|Earthquake|p2a: Salamence
|-immune|p2a: Salamence
|
|-weather|Sandstorm|[upkeep]
|-damage|p2a: Salamence|95/100|[from] Sandstorm
|-heal|p2a: Salamence|100/100|[from] item: Leftovers
|-heal|p1a: Flygon|85/100|[from] item: Leftovers
|upkeep
|turn|16
|
|t:|1729871381
|switch|p1a: Lanturn|Lanturn, M, shiny|67/100 par
|move|p2a: Salamence|Dragon Claw|p1a: Lanturn
|-damage|p1a: Lanturn|27/100 par
|
|-weather|Sandstorm|[upkeep]
|-damage|p2a: Salamence|95/100|[from] Sandstorm
|-damage|p1a: Lanturn|21/100 par|[from] Sandstorm
|-heal|p2a: Salamence|100/100|[from] item: Leftovers
|-heal|p1a: Lanturn|27/100 par|[from] item: Leftovers
|upkeep
|turn|17
|
|t:|1729871391
|switch|p1a: Zapdos|Zapdos|100/100
|move|p2a: Salamence|Dragon Claw|p1a: Zapdos
|-crit|p1a: Zapdos
|-damage|p1a: Zapdos|2/100
|
|-weather|Sandstorm|[upkeep]
|-damage|p1a: Zapdos|0 fnt|[from] Sandstorm
|-damage|p2a: Salamence|95/100|[from] Sandstorm
|faint|p1a: Zapdos
|-heal|p2a: Salamence|100/100|[from] item: Leftovers
|upkeep
|
|t:|1729871394
|switch|p1a: Gengar|Gengar, F|100/100
|turn|18
|
|t:|1729871410
|switch|p2a: Tyranitar|Tyranitar, F|94/100
|-damage|p2a: Tyranitar|82/100|[from] Spikes
|move|p1a: Gengar|Ice Punch|p2a: Tyranitar
|-damage|p2a: Tyranitar|64/100
|
|-weather|Sandstorm|[upkeep]
|-damage|p1a: Gengar|94/100|[from] Sandstorm
|-heal|p1a: Gengar|100/100|[from] item: Leftovers
|-heal|p2a: Tyranitar|70/100|[from] item: Leftovers
|upkeep
|turn|19
|inactive|T1W1B has 270 seconds left.
|
|t:|1729871437
|-activate|p1a: Gengar|move: Pursuit
|move|p2a: Tyranitar|Pursuit|p1a: Gengar|[from]Pursuit
|-supereffective|p1a: Gengar
|-damage|p1a: Gengar|15/100
|switch|p1a: Aerodactyl|Aerodactyl, F|100/100
|
|-weather|Sandstorm|[upkeep]
|-heal|p2a: Tyranitar|76/100|[from] item: Leftovers
|upkeep
|turn|20
|
|t:|1729871457
|switch|p2a: Forretress|Forretress, M|88/100
|-damage|p2a: Forretress|76/100|[from] Spikes
|move|p1a: Aerodactyl|Rock Slide|p2a: Forretress
|-damage|p2a: Forretress|36/100
|
|-weather|Sandstorm|[upkeep]
|-heal|p2a: Forretress|43/100|[from] item: Leftovers
|upkeep
|turn|21
|
|t:|1729871465
|switch|p1a: Gengar|Gengar, F|15/100
|switch|p2a: Jirachi|Jirachi|100/100
|-damage|p2a: Jirachi|88/100|[from] Spikes
|
|-weather|Sandstorm|[upkeep]
|-damage|p1a: Gengar|9/100|[from] Sandstorm
|-heal|p1a: Gengar|15/100|[from] item: Leftovers
|-heal|p2a: Jirachi|94/100|[from] item: Leftovers
|upkeep
|turn|22
|
|t:|1729871488
|switch|p1a: Lanturn|Lanturn, M, shiny|27/100 par
|move|p2a: Jirachi|Fire Punch|p1a: Lanturn
|-resisted|p1a: Lanturn
|-damage|p1a: Lanturn|19/100 par
|
|-weather|Sandstorm|[upkeep]
|-damage|p1a: Lanturn|13/100 par|[from] Sandstorm
|-heal|p2a: Jirachi|100/100|[from] item: Leftovers
|-heal|p1a: Lanturn|19/100 par|[from] item: Leftovers
|upkeep
|turn|23
|
|t:|1729871501
|move|p2a: Jirachi|Wish|p2a: Jirachi
|cant|p1a: Lanturn|par
|
|-weather|Sandstorm|[upkeep]
|-damage|p1a: Lanturn|13/100 par|[from] Sandstorm
|-heal|p1a: Lanturn|19/100 par|[from] item: Leftovers
|upkeep
|turn|24
|
|t:|1729871504
|switch|p2a: Forretress|Forretress, M|43/100
|-damage|p2a: Forretress|30/100|[from] Spikes
|move|p1a: Lanturn|Rest|p1a: Lanturn
|-status|p1a: Lanturn|slp|[from] move: Rest
|-heal|p1a: Lanturn|100/100 slp|[silent]
|
|-heal|p2a: Forretress|80/100|[from] move: Wish|[wisher] Jirachi
|-weather|Sandstorm|[upkeep]
|-damage|p1a: Lanturn|94/100 slp|[from] Sandstorm
|-heal|p1a: Lanturn|100/100 slp|[from] item: Leftovers
|-heal|p2a: Forretress|86/100|[from] item: Leftovers
|upkeep
|turn|25
|
|t:|1729871529
|switch|p1a: Gengar|Gengar, F|15/100
|move|p2a: Forretress|Spikes|p1a: Gengar
|-sidestart|p1: T1W1B|Spikes
|
|-weather|Sandstorm|[upkeep]
|-damage|p1a: Gengar|9/100|[from] Sandstorm
|-heal|p1a: Gengar|15/100|[from] item: Leftovers
|-heal|p2a: Forretress|93/100|[from] item: Leftovers
|upkeep
|turn|26
|
|t:|1729871544
|switch|p1a: Aerodactyl|Aerodactyl, F|100/100
|switch|p2a: Tyranitar|Tyranitar, F|76/100
|-damage|p2a: Tyranitar|64/100|[from] Spikes
|
|-weather|Sandstorm|[upkeep]
|-heal|p2a: Tyranitar|70/100|[from] item: Leftovers
|upkeep
|turn|27
|
|t:|1729871553
|switch|p2a: Jirachi|Jirachi|100/100
|-damage|p2a: Jirachi|88/100|[from] Spikes
|move|p1a: Aerodactyl|Earthquake|p2a: Jirachi
|-supereffective|p2a: Jirachi
|-damage|p2a: Jirachi|31/100
|
|-weather|Sandstorm|[upkeep]
|-heal|p2a: Jirachi|38/100|[from] item: Leftovers
|upkeep
|turn|28
|
|t:|1729871558
|move|p2a: Jirachi|Protect|p2a: Jirachi
|-singleturn|p2a: Jirachi|Protect
|move|p1a: Aerodactyl|Earthquake|p2a: Jirachi
|-activate|p2a: Jirachi|Protect
|
|-weather|Sandstorm|[upkeep]
|-heal|p2a: Jirachi|44/100|[from] item: Leftovers
|upkeep
|turn|29
|
|t:|1729871568
|switch|p1a: Gengar|Gengar, F|15/100
|switch|p2a: Aerodactyl|Aerodactyl, M|100/100
|
|-weather|Sandstorm|[upkeep]
|-damage|p1a: Gengar|9/100|[from] Sandstorm
|-heal|p1a: Gengar|15/100|[from] item: Leftovers
|upkeep
|turn|30
|
|t:|1729871575
|switch|p1a: Skarmory|Skarmory, F|100/100 par
|move|p2a: Aerodactyl|Rock Slide|p1a: Skarmory
|-damage|p1a: Skarmory|58/100 par
|
|-weather|Sandstorm|[upkeep]
|-heal|p1a: Skarmory|64/100 par|[from] item: Leftovers
|upkeep
|turn|31
|
|t:|1729871589
|switch|p2a: Salamence|Salamence, F|100/100
|-ability|p2a: Salamence|Intimidate|boost
|-unboost|p1a: Skarmory|atk|1
|move|p1a: Skarmory|Toxic|p2a: Salamence
|-status|p2a: Salamence|tox
|
|-weather|Sandstorm|[upkeep]
|-damage|p2a: Salamence|95/100 tox|[from] Sandstorm
|-heal|p2a: Salamence|100/100 tox|[from] item: Leftovers
|-damage|p2a: Salamence|95/100 tox|[from] psn
|-heal|p1a: Skarmory|70/100 par|[from] item: Leftovers
|upkeep
|turn|32
|
|t:|1729871597
|switch|p1a: Lanturn|Lanturn, M, shiny|100/100 slp
|-damage|p1a: Lanturn|88/100 slp|[from] Spikes
|move|p2a: Salamence|Fire Blast|p1a: Lanturn
|-resisted|p1a: Lanturn
|-damage|p1a: Lanturn|71/100 slp
|
|-weather|Sandstorm|[upkeep]
|-damage|p2a: Salamence|89/100 tox|[from] Sandstorm
|-damage|p1a: Lanturn|64/100 slp|[from] Sandstorm
|-heal|p2a: Salamence|95/100 tox|[from] item: Leftovers
|-damage|p2a: Salamence|83/100 tox|[from] psn
|-heal|p1a: Lanturn|71/100 slp|[from] item: Leftovers
|upkeep
|turn|33
|inactive|Xdeacon has 270 seconds left.
|
|t:|1729871629
|switch|p2a: Jirachi|Jirachi|44/100
|-damage|p2a: Jirachi|31/100|[from] Spikes
|cant|p1a: Lanturn|slp
|
|-weather|Sandstorm|[upkeep]
|-damage|p1a: Lanturn|64/100 slp|[from] Sandstorm
|-heal|p2a: Jirachi|38/100|[from] item: Leftovers
|-heal|p1a: Lanturn|71/100 slp|[from] item: Leftovers
|upkeep
|turn|34
|
|t:|1729871642
|switch|p1a: Flygon|Flygon, M|85/100
|move|p2a: Jirachi|Wish|p2a: Jirachi
|
|-weather|Sandstorm|[upkeep]
|-heal|p2a: Jirachi|44/100|[from] item: Leftovers
|-heal|p1a: Flygon|91/100|[from] item: Leftovers
|upkeep
|turn|35
|
|t:|1729871653
|move|p2a: Jirachi|Protect|p2a: Jirachi
|-singleturn|p2a: Jirachi|Protect
|move|p1a: Flygon|Earthquake|p2a: Jirachi
|-activate|p2a: Jirachi|Protect
|
|-heal|p2a: Jirachi|94/100|[from] move: Wish|[wisher] Jirachi
|-weather|Sandstorm|[upkeep]
|-heal|p1a: Flygon|97/100|[from] item: Leftovers
|-heal|p2a: Jirachi|99/100|[from] item: Leftovers
|upkeep
|turn|36
|
|t:|1729871659
|switch|p1a: Aerodactyl|Aerodactyl, F|100/100
|move|p2a: Jirachi|Toxic|p1a: Aerodactyl
|-status|p1a: Aerodactyl|tox
|
|-weather|Sandstorm|[upkeep]
|-damage|p1a: Aerodactyl|94/100 tox|[from] psn
|-heal|p2a: Jirachi|100/100|[from] item: Leftovers
|upkeep
|turn|37
|
|t:|1729871664
|switch|p1a: Flygon|Flygon, M|97/100
|move|p2a: Jirachi|Protect||[still]
|-fail|p2a: Jirachi
|
|-weather|Sandstorm|[upkeep]
|-heal|p1a: Flygon|100/100|[from] item: Leftovers
|upkeep
|turn|38
|
|t:|1729871677
|switch|p2a: Salamence|Salamence, F|83/100 tox
|-ability|p2a: Salamence|Intimidate|boost
|-unboost|p1a: Flygon|atk|1
|move|p1a: Flygon|Rock Slide|p2a: Salamence
|-supereffective|p2a: Salamence
|-damage|p2a: Salamence|56/100 tox
|
|-weather|Sandstorm|[upkeep]
|-damage|p2a: Salamence|50/100 tox|[from] Sandstorm
|-heal|p2a: Salamence|56/100 tox|[from] item: Leftovers
|-damage|p2a: Salamence|50/100 tox|[from] psn
|upkeep
|turn|39
|
|t:|1729871706
|switch|p2a: Forretress|Forretress, M|93/100
|-damage|p2a: Forretress|80/100|[from] Spikes
|move|p1a: Flygon|Rock Slide|p2a: Forretress
|-damage|p2a: Forretress|72/100
|
|-weather|Sandstorm|[upkeep]
|-heal|p2a: Forretress|78/100|[from] item: Leftovers
|upkeep
|turn|40
|
|t:|1729871712
|switch|p1a: Gengar|Gengar, F|15/100
|move|p2a: Forretress|Rapid Spin|p1a: Gengar
|-immune|p1a: Gengar
|
|-weather|Sandstorm|[upkeep]
|-damage|p1a: Gengar|9/100|[from] Sandstorm
|-heal|p1a: Gengar|15/100|[from] item: Leftovers
|-heal|p2a: Forretress|85/100|[from] item: Leftovers
|upkeep
|turn|41
|
|t:|1729871722
|move|p1a: Gengar|Will-O-Wisp|p2a: Forretress
|-status|p2a: Forretress|brn
|move|p2a: Forretress|Rapid Spin|p1a: Gengar
|-immune|p1a: Gengar
|
|-weather|Sandstorm|[upkeep]
|-damage|p1a: Gengar|9/100|[from] Sandstorm
|-heal|p1a: Gengar|15/100|[from] item: Leftovers
|-heal|p2a: Forretress|91/100 brn|[from] item: Leftovers
|-damage|p2a: Forretress|78/100 brn|[from] brn
|upkeep
|turn|42
|
|t:|1729871725
|switch|p1a: Flygon|Flygon, M|100/100
|move|p2a: Forretress|Spikes|p1a: Flygon
|-sidestart|p1: T1W1B|Spikes
|
|-weather|Sandstorm|[upkeep]
|-heal|p2a: Forretress|85/100 brn|[from] item: Leftovers
|-damage|p2a: Forretress|72/100 brn|[from] brn
|upkeep
|turn|43
|
|t:|1729871746
|switch|p1a: Gengar|Gengar, F|15/100
|move|p2a: Forretress|Rapid Spin|p1a: Gengar
|-immune|p1a: Gengar
|
|-weather|Sandstorm|[upkeep]
|-damage|p1a: Gengar|9/100|[from] Sandstorm
|-heal|p1a: Gengar|15/100|[from] item: Leftovers
|-heal|p2a: Forretress|78/100 brn|[from] item: Leftovers
|-damage|p2a: Forretress|66/100 brn|[from] brn
|upkeep
|turn|44
|
|t:|1729871754
|move|p1a: Gengar|Thunderbolt|p2a: Forretress
|-damage|p2a: Forretress|39/100 brn
|move|p2a: Forretress|Spikes|p1a: Gengar
|-sidestart|p1: T1W1B|Spikes
|
|-weather|Sandstorm|[upkeep]
|-damage|p1a: Gengar|9/100|[from] Sandstorm
|-heal|p1a: Gengar|15/100|[from] item: Leftovers
|-heal|p2a: Forretress|45/100 brn|[from] item: Leftovers
|-damage|p2a: Forretress|33/100 brn|[from] brn
|upkeep
|turn|45
|
|t:|1729871770
|switch|p2a: Tyranitar|Tyranitar, F|70/100
|-damage|p2a: Tyranitar|57/100|[from] Spikes
|move|p1a: Gengar|Thunderbolt|p2a: Tyranitar
|-damage|p2a: Tyranitar|33/100
|
|-weather|Sandstorm|[upkeep]
|-damage|p1a: Gengar|9/100|[from] Sandstorm
|-heal|p1a: Gengar|15/100|[from] item: Leftovers
|-heal|p2a: Tyranitar|39/100|[from] item: Leftovers
|upkeep
|turn|46
|
|t:|1729871781
|move|p1a: Gengar|Ice Punch|p2a: Tyranitar
|-crit|p2a: Tyranitar
|-damage|p2a: Tyranitar|1/100
|move|p2a: Tyranitar|Pursuit|p1a: Gengar
|-supereffective|p1a: Gengar
|-crit|p1a: Gengar
|-damage|p1a: Gengar|0 fnt
|faint|p1a: Gengar
|
|t:|1729871795
|switch|p1a: Flygon|Flygon, M|100/100
|
|-weather|Sandstorm|[upkeep]
|-heal|p2a: Tyranitar|7/100|[from] item: Leftovers
|upkeep
|turn|47
|
|t:|1729871814
|move|p1a: Flygon|Earthquake|p2a: Tyranitar
|-supereffective|p2a: Tyranitar
|-damage|p2a: Tyranitar|0 fnt
|faint|p2a: Tyranitar
|
|t:|1729871822
|switch|p2a: Salamence|Salamence, F|50/100 tox
|-ability|p2a: Salamence|Intimidate|boost
|-unboost|p1a: Flygon|atk|1
|
|-weather|Sandstorm|[upkeep]
|-damage|p2a: Salamence|44/100 tox|[from] Sandstorm
|-heal|p2a: Salamence|50/100 tox|[from] item: Leftovers
|-damage|p2a: Salamence|44/100 tox|[from] psn
|upkeep
|turn|48
|
|t:|1729871827
|switch|p2a: Jirachi|Jirachi|100/100
|-damage|p2a: Jirachi|88/100|[from] Spikes
|move|p1a: Flygon|Rock Slide|p2a: Jirachi
|-resisted|p2a: Jirachi
|-damage|p2a: Jirachi|85/100
|
|-weather|Sandstorm|[upkeep]
|-heal|p2a: Jirachi|91/100|[from] item: Leftovers
|upkeep
|turn|49
|
|t:|1729871835
|switch|p1a: Lanturn|Lanturn, M, shiny|71/100 slp
|-damage|p1a: Lanturn|46/100 slp|[from] Spikes
|move|p2a: Jirachi|Wish|p2a: Jirachi
|
|-weather|Sandstorm|[upkeep]
|-damage|p1a: Lanturn|39/100 slp|[from] Sandstorm
|-heal|p2a: Jirachi|97/100|[from] item: Leftovers
|-heal|p1a: Lanturn|46/100 slp|[from] item: Leftovers
|upkeep
|turn|50
|
|t:|1729871842
|switch|p2a: Forretress|Forretress, M|33/100 brn
|-damage|p2a: Forretress|20/100 brn|[from] Spikes
|cant|p1a: Lanturn|slp
|
|-heal|p2a: Forretress|70/100 brn|[from] move: Wish|[wisher] Jirachi
|-weather|Sandstorm|[upkeep]
|-damage|p1a: Lanturn|39/100 slp|[from] Sandstorm
|-heal|p1a: Lanturn|46/100 slp|[from] item: Leftovers
|-heal|p2a: Forretress|76/100 brn|[from] item: Leftovers
|-damage|p2a: Forretress|64/100 brn|[from] brn
|upkeep
|turn|51
|
|t:|1729871849
|-curestatus|p1a: Lanturn|slp|[msg]
|move|p1a: Lanturn|Surf|p2a: Forretress
|-damage|p2a: Forretress|39/100 brn
|move|p2a: Forretress|Rapid Spin|p1a: Lanturn
|-damage|p1a: Lanturn|44/100
|-sideend|p2: Xdeacon|Spikes|[from] move: Rapid Spin|[of] p2a: Forretress
|
|-weather|Sandstorm|[upkeep]
|-damage|p1a: Lanturn|38/100|[from] Sandstorm
|-heal|p1a: Lanturn|44/100|[from] item: Leftovers
|-heal|p2a: Forretress|46/100 brn|[from] item: Leftovers
|-damage|p2a: Forretress|33/100 brn|[from] brn
|upkeep
|turn|52
|
|t:|1729871860
|move|p1a: Lanturn|Thunderbolt|p2a: Forretress
|-damage|p2a: Forretress|8/100 brn
|move|p2a: Forretress|Explosion|p1a: Lanturn
|-damage|p1a: Lanturn|7/100
|faint|p2a: Forretress
|
|t:|1729871872
|switch|p2a: Aerodactyl|Aerodactyl, M|100/100
|
|-weather|Sandstorm|[upkeep]
|-damage|p1a: Lanturn|1/100|[from] Sandstorm
|-heal|p1a: Lanturn|7/100|[from] item: Leftovers
|upkeep
|turn|53
|
|t:|1729871882
|move|p2a: Aerodactyl|Double-Edge|p1a: Lanturn
|-damage|p1a: Lanturn|0 fnt
|faint|p1a: Lanturn
|
|t:|1729871886
|switch|p1a: Skarmory|Skarmory, F|70/100 par
|
|-weather|Sandstorm|[upkeep]
|-heal|p1a: Skarmory|76/100 par|[from] item: Leftovers
|upkeep
|turn|54
|
|t:|1729871903
|switch|p2a: Jirachi|Jirachi|97/100
|move|p1a: Skarmory|Drill Peck|p2a: Jirachi
|-resisted|p2a: Jirachi
|-damage|p2a: Jirachi|90/100
|
|-weather|Sandstorm|[upkeep]
|-heal|p2a: Jirachi|96/100|[from] item: Leftovers
|-heal|p1a: Skarmory|82/100 par|[from] item: Leftovers
|upkeep
|turn|55
|
|t:|1729871911
|move|p2a: Jirachi|Fire Punch|p1a: Skarmory
|-supereffective|p1a: Skarmory
|-damage|p1a: Skarmory|51/100 par
|cant|p1a: Skarmory|par
|
|-weather|Sandstorm|[upkeep]
|-heal|p2a: Jirachi|100/100|[from] item: Leftovers
|-heal|p1a: Skarmory|57/100 par|[from] item: Leftovers
|upkeep
|turn|56
|
|t:|1729871917
|switch|p1a: Flygon|Flygon, M|100/100
|move|p2a: Jirachi|Fire Punch|p1a: Flygon
|-resisted|p1a: Flygon
|-damage|p1a: Flygon|91/100
|
|-weather|Sandstorm|[upkeep]
|-heal|p1a: Flygon|97/100|[from] item: Leftovers
|upkeep
|turn|57
|
|t:|1729871925
|move|p2a: Jirachi|Toxic|p1a: Flygon
|-status|p1a: Flygon|tox
|move|p1a: Flygon|Earthquake|p2a: Jirachi
|-supereffective|p2a: Jirachi
|-damage|p2a: Jirachi|58/100
|
|-weather|Sandstorm|[upkeep]
|-heal|p2a: Jirachi|64/100|[from] item: Leftovers
|-heal|p1a: Flygon|100/100 tox|[from] item: Leftovers
|-damage|p1a: Flygon|94/100 tox|[from] psn
|upkeep
|turn|58
|
|t:|1729871931
|switch|p1a: Aerodactyl|Aerodactyl, F|94/100 tox
|move|p2a: Jirachi|Protect||[still]
|-fail|p2a: Jirachi
|
|-weather|Sandstorm|[upkeep]
|-damage|p1a: Aerodactyl|88/100 tox|[from] psn
|-heal|p2a: Jirachi|71/100|[from] item: Leftovers
|upkeep
|turn|59
|
|t:|1729871935
|move|p2a: Jirachi|Protect|p2a: Jirachi
|-singleturn|p2a: Jirachi|Protect
|move|p1a: Aerodactyl|Earthquake|p2a: Jirachi
|-activate|p2a: Jirachi|Protect
|
|-weather|Sandstorm|[upkeep]
|-damage|p1a: Aerodactyl|76/100 tox|[from] psn
|-heal|p2a: Jirachi|77/100|[from] item: Leftovers
|upkeep
|turn|60
|
|t:|1729871944
|switch|p1a: Skarmory|Skarmory, F|57/100 par
|switch|p2a: Salamence|Salamence, F|44/100 tox
|-ability|p2a: Salamence|Intimidate|boost
|-unboost|p1a: Skarmory|atk|1
|
|-weather|Sandstorm|[upkeep]
|-damage|p2a: Salamence|38/100 tox|[from] Sandstorm
|-heal|p2a: Salamence|44/100 tox|[from] item: Leftovers
|-damage|p2a: Salamence|38/100 tox|[from] psn
|-heal|p1a: Skarmory|63/100 par|[from] item: Leftovers
|upkeep
|turn|61
|
|t:|1729871951
|switch|p1a: Aerodactyl|Aerodactyl, F|76/100 tox
|move|p2a: Salamence|Fire Blast|p1a: Aerodactyl|[miss]
|-miss|p2a: Salamence|p1a: Aerodactyl
|
|-weather|Sandstorm|[upkeep]
|-damage|p2a: Salamence|32/100 tox|[from] Sandstorm
|-damage|p1a: Aerodactyl|70/100 tox|[from] psn
|-heal|p2a: Salamence|38/100 tox|[from] item: Leftovers
|-damage|p2a: Salamence|26/100 tox|[from] psn
|upkeep
|turn|62
|
|t:|1729871960
|switch|p2a: Blissey|Blissey, F|100/100
|move|p1a: Aerodactyl|Double-Edge|p2a: Blissey
|-damage|p2a: Blissey|54/100
|
|-weather|Sandstorm|[upkeep]
|-damage|p2a: Blissey|48/100|[from] Sandstorm
|-damage|p1a: Aerodactyl|58/100 tox|[from] psn
|-heal|p2a: Blissey|54/100|[from] item: Leftovers
|upkeep
|turn|63
|
|t:|1729871969
|switch|p1a: Flygon|Flygon, M|94/100 tox
|move|p2a: Blissey|Soft-Boiled|p2a: Blissey
|-heal|p2a: Blissey|100/100
|
|-weather|Sandstorm|[upkeep]
|-damage|p2a: Blissey|94/100|[from] Sandstorm
|-heal|p1a: Flygon|100/100 tox|[from] item: Leftovers
|-damage|p1a: Flygon|94/100 tox|[from] psn
|-heal|p2a: Blissey|100/100|[from] item: Leftovers
|upkeep
|turn|64
|
|t:|1729871976
|switch|p1a: Skarmory|Skarmory, F|63/100 par
|move|p2a: Blissey|Seismic Toss|p1a: Skarmory
|-damage|p1a: Skarmory|33/100 par
|
|-weather|Sandstorm|[upkeep]
|-damage|p2a: Blissey|94/100|[from] Sandstorm
|-heal|p2a: Blissey|100/100|[from] item: Leftovers
|-heal|p1a: Skarmory|39/100 par|[from] item: Leftovers
|upkeep
|turn|65
|
|t:|1729871989
|move|p2a: Blissey|Seismic Toss|p1a: Skarmory
|-damage|p1a: Skarmory|9/100 par
|move|p1a: Skarmory|Drill Peck|p2a: Blissey
|-damage|p2a: Blissey|80/100
|
|-weather|Sandstorm|[upkeep]
|-damage|p2a: Blissey|74/100|[from] Sandstorm
|-heal|p2a: Blissey|80/100|[from] item: Leftovers
|-heal|p1a: Skarmory|15/100 par|[from] item: Leftovers
|upkeep
|turn|66
|
|t:|1729871996
|move|p2a: Blissey|Seismic Toss|p1a: Skarmory
|-damage|p1a: Skarmory|0 fnt
|faint|p1a: Skarmory
|
|t:|1729872003
|switch|p1a: Aerodactyl|Aerodactyl, F|58/100 tox
|
|-weather|Sandstorm|[upkeep]
|-damage|p2a: Blissey|74/100|[from] Sandstorm
|-damage|p1a: Aerodactyl|52/100 tox|[from] psn
|-heal|p2a: Blissey|80/100|[from] item: Leftovers
|upkeep
|turn|67
|
|t:|1729872011
|move|p1a: Aerodactyl|Rock Slide|p2a: Blissey
|-damage|p2a: Blissey|33/100
|move|p2a: Blissey|Counter|p1a: Aerodactyl
|-damage|p1a: Aerodactyl|0 fnt
|faint|p1a: Aerodactyl
|
|t:|1729872014
|switch|p1a: Flygon|Flygon, M|94/100 tox
|
|-weather|Sandstorm|[upkeep]
|-damage|p2a: Blissey|27/100|[from] Sandstorm
|-heal|p1a: Flygon|100/100 tox|[from] item: Leftovers
|-damage|p1a: Flygon|94/100 tox|[from] psn
|-heal|p2a: Blissey|33/100|[from] item: Leftovers
|upkeep
|turn|68
|
|t:|1729872018
|move|p1a: Flygon|Earthquake|p2a: Blissey
|-damage|p2a: Blissey|3/100
|move|p2a: Blissey|Soft-Boiled|p2a: Blissey
|-heal|p2a: Blissey|53/100
|
|-weather|Sandstorm|[upkeep]
|-damage|p2a: Blissey|47/100|[from] Sandstorm
|-heal|p1a: Flygon|100/100 tox|[from] item: Leftovers
|-damage|p1a: Flygon|88/100 tox|[from] psn
|-heal|p2a: Blissey|53/100|[from] item: Leftovers
|upkeep
|turn|69
|
|t:|1729872021
|move|p1a: Flygon|Earthquake|p2a: Blissey
|-damage|p2a: Blissey|21/100
|move|p2a: Blissey|Soft-Boiled|p2a: Blissey
|-heal|p2a: Blissey|71/100
|
|-weather|Sandstorm|[upkeep]
|-damage|p2a: Blissey|65/100|[from] Sandstorm
|-heal|p1a: Flygon|94/100 tox|[from] item: Leftovers
|-damage|p1a: Flygon|76/100 tox|[from] psn
|-heal|p2a: Blissey|71/100|[from] item: Leftovers
|upkeep
|turn|70
|
|t:|1729872024
|move|p1a: Flygon|Earthquake|p2a: Blissey
|-damage|p2a: Blissey|42/100
|move|p2a: Blissey|Seismic Toss|p1a: Flygon
|-damage|p1a: Flygon|49/100 tox
|
|-weather|Sandstorm|[upkeep]
|-damage|p2a: Blissey|36/100|[from] Sandstorm
|-heal|p1a: Flygon|55/100 tox|[from] item: Leftovers
|-damage|p1a: Flygon|31/100 tox|[from] psn
|-heal|p2a: Blissey|42/100|[from] item: Leftovers
|upkeep
|turn|71
|
|t:|1729872027
|move|p1a: Flygon|Earthquake|p2a: Blissey
|-damage|p2a: Blissey|13/100
|move|p2a: Blissey|Seismic Toss|p1a: Flygon
|-damage|p1a: Flygon|3/100 tox
|
|-weather|Sandstorm|[upkeep]
|-damage|p2a: Blissey|7/100|[from] Sandstorm
|-heal|p1a: Flygon|9/100 tox|[from] item: Leftovers
|-damage|p1a: Flygon|0 fnt|[from] psn
|faint|p1a: Flygon
|
|win|Xdeacon
|upkeep
|c|☆Xdeacon|Gg
|c|☆T1W1B|gg

</script>
<script type="application/json" class="data" id="replaydata-smogtours-gen3ou-801816">
{"id":"smogtours-gen3ou-801816","format":"[Gen 3] OU","players":["T1W1B","Xdeacon"],"uploadtime":1729872027,"views":101,"formatid":"gen3ou","rating":null,"private":0,"password":null}
</script>

<script defer src="js/replays.js?9d40a366"></script>
