<!DOCTYPE html>
<meta charset="utf-8" />
<meta name="viewport" content="width=device-width" />

<title>[Gen 3] OU: Skarpherim vs. lax - Replays - Pok&eacute;mon Showdown!</title>

<meta name="description" content="Watch a replay of a Pok&eacute;mon battle between Skarpherim and lax! Format: [Gen 3] OU; Date: Nov 9, 2024" />
<!--

Hey, you! Looking in the source for the replay log?

You can find them in JSON format, just add `.json` at the end of a replay URL.

https://replay.pokemonshowdown.com/gen7randomdoublesbattle-865046831.json

Or, if you only need the log itself, add `.log` instead:

https://replay.pokemonshowdown.com/gen7randomdoublesbattle-865046831.log

-->

<link rel="stylesheet" href="//pokemonshowdown.com/style/global.css?0.023195364461161105" />
<link rel="stylesheet" href="//play.pokemonshowdown.com/style/font-awesome.css?0.13261647063804238" />
<link rel="stylesheet" href="//play.pokemonshowdown.com/style/battle.css?0.8753245789963631" />
<link rel="stylesheet" href="//play.pokemonshowdown.com/style/utilichart.css?0.8627959624976733" />

<!-- Global site tag (gtag.js) - Google Analytics -->
<script async src="https://www.googletagmanager.com/gtag/js?id=UA-26211653-1"></script>
<script>
  window.dataLayer = window.dataLayer || [];
  function gtag(){dataLayer.push(arguments);}
  gtag('js', new Date());

  gtag('config', 'UA-26211653-1');
</script>
<!-- End Google Analytics -->
<!-- Venatus Ad Manager - Install in <HEAD> of page -->
	<script src="https://hb.vntsm.com/v3/live/ad-manager.min.js" type="text/javascript" data-site-id="642aba63ec9a7b11c3c9c1be" data-mode="scan" async></script>
<!-- / Venatus Ad Manager -->

<style>
	@media (max-width:820px) {
		.battle {
			margin: 0 auto;
		}
		.battle-log {
			margin: 7px auto 0;
			max-width: 640px;
			height: 300px;
			position: static;
		}
	}
	.optgroup {
		display: inline-block;
		line-height: 22px;
		font-size: 10pt;
	}
	.optgroup .button {
		height: 25px;
		padding-top: 0;
		padding-bottom: 0;
	}
	.optgroup button.button {
		padding-left: 12px;
		padding-right: 12px;
	}
	.linklist {
		list-style: none;
		margin: 0.5em 0;
		padding: 0;
	}
	.linklist li {
		padding: 2px 0;
	}
	.sidebar {
		float: left;
		width: 320px;
	}
	.bar-wrapper {
		max-width: 1100px;
		margin: 0 auto;
	}
	.bar-wrapper.has-sidebar {
		max-width: 1430px;
	}
	.mainbar {
		margin: 0;
		padding-right: 1px;
	}
	.mainbar.has-sidebar {
		margin-left: 330px;
	}
	@media (min-width: 1511px) {
		.sidebar {
			width: 400px;
		}
		.bar-wrapper.has-sidebar {
			max-width: 1510px;
		}
		.mainbar.has-sidebar {
			margin-left: 410px;
		}
	}
	.section.first-section {
		margin-top: 9px;
	}
	.blocklink small {
		white-space: normal;
	}
	.button {
		vertical-align: middle;
	}
	.replay-controls {
		padding-top: 10px;
	}
	.replay-controls h1 {
		font-size: 16pt;
		font-weight: normal;
		color: #CCC;
	}
	.pagelink {
		text-align: center;
	}
	.pagelink a {
		width: 150px;
	}
	.textbox, .button {
		font-size: 11pt;
		vertical-align: middle;
	}
	@media (max-width: 450px) {
		.button {
			font-size: 9pt;
		}
	}
</style>

<div>

	<header>
		<div class="nav-wrapper"><ul class="nav">
			<li><a class="button nav-first" href="//pokemonshowdown.com/"><img src="//pokemonshowdown.com/images/pokemonshowdownbeta.png" srcset="//pokemonshowdown.com/images/pokemonshowdownbeta.png 1x, //pokemonshowdown.com/images/pokemonshowdownbeta@2x.png 2x" alt="Pok&eacute;mon Showdown" width="146" height="44" /> Home</a></li>
			<li><a class="button" href="//pokemonshowdown.com/dex/">Pok&eacute;dex</a></li>
			<li><a class="button cur" href="/">Replays</a></li>
			<li><a class="button" href="//pokemonshowdown.com/ladder/">Ladder</a></li>
			<li><a class="button nav-last" href="//pokemonshowdown.com/forums/">Forum</a></li>
			<li><a class="button greenbutton nav-first nav-last" href="//play.pokemonshowdown.com/">Play</a></li>
		</ul></div>
	</header>

	<div class="main" id="main">

		<noscript><section class="section">You need to enable JavaScript to use this page; sorry!</section></noscript>

	</div>

</div>

<script defer nomodule src="//play.pokemonshowdown.com/js/lib/ps-polyfill.js"></script>
<script defer src="//play.pokemonshowdown.com/js/lib/preact.min.js"></script>

<script defer src="//play.pokemonshowdown.com/config/config.js?2bddbc15"></script>
<script defer src="//play.pokemonshowdown.com/js/lib/jquery-1.11.0.min.js"></script>
<script defer src="//play.pokemonshowdown.com/js/lib/html-sanitizer-minified.js"></script>
<script defer src="//play.pokemonshowdown.com/js/battle-sound.js"></script>
<script defer src="//play.pokemonshowdown.com/js/battledata.js?0.7209276989879541"></script>
<script defer src="//play.pokemonshowdown.com/data/pokedex-mini.js?0.6111056340867951"></script>
<script defer src="//play.pokemonshowdown.com/data/pokedex-mini-bw.js?0.3532142036491459"></script>
<script defer src="//play.pokemonshowdown.com/data/graphics.js?0.24223875632456182"></script>
<script defer src="//play.pokemonshowdown.com/data/pokedex.js?0.38839984266356864"></script>
<script defer src="//play.pokemonshowdown.com/data/moves.js?0.21866028504024015"></script>
<script defer src="//play.pokemonshowdown.com/data/abilities.js?0.2005157953846628"></script>
<script defer src="//play.pokemonshowdown.com/data/items.js?0.9894211263848525"></script>
<script defer src="//play.pokemonshowdown.com/data/teambuilder-tables.js?0.6008791140282215"></script>
<script defer src="//play.pokemonshowdown.com/js/battle-tooltips.js?0.7580118955022959"></script>
<script defer src="//play.pokemonshowdown.com/js/battle.js?0.6057722274234274"></script>

<script defer src="js/utils.js?e31f9a17"></script>
<script defer src="js/replays-battle.js?7008c182"></script>

<!-- don't scrape this data! just add .json or .log after the URL!
Full API docs: https://github.com/smogon/pokemon-showdown-client/blob/master/WEB-API.md -->
<script type="text/plain" class="log" id="replaylog-smogtours-gen3ou-805493">
|inactive|Battle timer is ON: inactive players will automatically lose when time's up.
|t:|1731175585
|gametype|singles
|player|p1|Skarpherim|lucas-gen4pt|
|player|p2|lax|#lax|
|teamsize|p1|6
|teamsize|p2|6
|gen|3
|tier|[Gen 3] OU
|rule|Sleep Clause Mod: Limit one foe put to sleep
|rule|Switch Priority Clause Mod: Faster Pokémon switch first
|rule|Species Clause: Limit one of each Pokémon
|rule|OHKO Clause: OHKO moves are banned
|rule|Evasion Items Clause: Evasion items are banned
|rule|Evasion Moves Clause: Evasion moves are banned
|rule|Endless Battle Clause: Forcing endless battles is banned
|rule|HP Percentage Mod: HP is shown in percentages
|rule|One Boost Passer Clause: Limit one Baton Passer that has a way to boost its stats
|rule|Freeze Clause Mod: Limit one foe frozen
|
|t:|1731175585
|start
|switch|p1a: Salamence|Salamence, M|100/100
|switch|p2a: Tyranitar|Tyranitar, M|100/100
|-ability|p1a: Salamence|Intimidate|boost
|-unboost|p2a: Tyranitar|atk|1
|-weather|Sandstorm|[from] ability: Sand Stream|[of] p2a: Tyranitar
|turn|1
|raw|<div class="broadcast-red"><strong>Moderated chat was set to ☆!<\/strong><br />Only users of rank ☆ and higher can talk.<\/div>
|c|☆Skarpherim|hf
|c|☆lax|u2
|c|☆Skarpherim|/log Skarpherim made the replay of this battle unlisted.
|
|t:|1731175611
|move|p1a: Salamence|Dragon Claw|p2a: Tyranitar
|-damage|p2a: Tyranitar|67/100
|move|p2a: Tyranitar|Thunder Wave|p1a: Salamence
|-status|p1a: Salamence|par
|
|-weather|Sandstorm|[upkeep]
|-damage|p1a: Salamence|94/100 par|[from] Sandstorm
|-heal|p2a: Tyranitar|73/100|[from] item: Leftovers
|-heal|p1a: Salamence|100/100 par|[from] item: Leftovers
|upkeep
|turn|2
|inactive|Skarpherim has 270 seconds left.
|inactive|Skarpherim has 240 seconds left.
|
|t:|1731175687
|switch|p1a: Suicune|Suicune|100/100
|move|p2a: Tyranitar|Rock Slide|p1a: Suicune
|-damage|p1a: Suicune|82/100
|
|-weather|Sandstorm|[upkeep]
|-damage|p1a: Suicune|75/100|[from] Sandstorm
|-heal|p1a: Suicune|82/100|[from] item: Leftovers
|-heal|p2a: Tyranitar|79/100|[from] item: Leftovers
|upkeep
|turn|3
|inactive|lax has 270 seconds left.
|
|t:|1731175711
|switch|p2a: Starmie|Starmie|100/100
|move|p1a: Suicune|Surf|p2a: Starmie
|-resisted|p2a: Starmie
|-damage|p2a: Starmie|79/100
|
|-weather|Sandstorm|[upkeep]
|-damage|p2a: Starmie|73/100|[from] Sandstorm
|-damage|p1a: Suicune|75/100|[from] Sandstorm
|-heal|p2a: Starmie|79/100|[from] item: Leftovers
|-heal|p1a: Suicune|82/100|[from] item: Leftovers
|upkeep
|turn|4
|inactive|Skarpherim has 210 seconds left.
|
|t:|1731175731
|switch|p1a: Blissey|Blissey, F|100/100
|move|p2a: Starmie|Thunderbolt|p1a: Blissey
|-damage|p1a: Blissey|89/100
|
|-weather|Sandstorm|[upkeep]
|-damage|p2a: Starmie|73/100|[from] Sandstorm
|-damage|p1a: Blissey|83/100|[from] Sandstorm
|-heal|p2a: Starmie|79/100|[from] item: Leftovers
|-heal|p1a: Blissey|89/100|[from] item: Leftovers
|upkeep
|turn|5
|inactive|Skarpherim has 210 seconds left.
|inactive|lax has 270 seconds left.
|
|t:|1731175760
|switch|p2a: Tyranitar|Tyranitar, M|79/100
|move|p1a: Blissey|Thunder Wave|p2a: Tyranitar
|-status|p2a: Tyranitar|par
|
|-weather|Sandstorm|[upkeep]
|-damage|p1a: Blissey|83/100|[from] Sandstorm
|-heal|p1a: Blissey|89/100|[from] item: Leftovers
|-heal|p2a: Tyranitar|86/100 par|[from] item: Leftovers
|upkeep
|turn|6
|
|t:|1731175783
|switch|p1a: Claydol|Claydol|100/100
|switch|p2a: Skarmory|Skarmory, M|100/100
|
|-weather|Sandstorm|[upkeep]
|upkeep
|turn|7
|
|t:|1731175795
|switch|p1a: Salamence|Salamence, M|100/100 par
|-ability|p1a: Salamence|Intimidate|boost
|-unboost|p2a: Skarmory|atk|1
|move|p2a: Skarmory|Spikes|p1a: Salamence
|-sidestart|p1: Skarpherim|Spikes
|
|-weather|Sandstorm|[upkeep]
|-damage|p1a: Salamence|94/100 par|[from] Sandstorm
|-heal|p1a: Salamence|100/100 par|[from] item: Leftovers
|upkeep
|turn|8
|inactive|lax has 270 seconds left.
|inactive|Skarpherim has 180 seconds left.
|
|t:|1731175814
|switch|p2a: Gengar|Gengar, M|100/100
|move|p1a: Salamence|Hidden Power|p2a: Gengar
|-resisted|p2a: Gengar
|-damage|p2a: Gengar|82/100
|
|-weather|Sandstorm|[upkeep]
|-damage|p2a: Gengar|76/100|[from] Sandstorm
|-damage|p1a: Salamence|94/100 par|[from] Sandstorm
|-heal|p2a: Gengar|82/100|[from] item: Leftovers
|-heal|p1a: Salamence|100/100 par|[from] item: Leftovers
|upkeep
|turn|9
|inactive|lax has 270 seconds left.
|inactive|Skarpherim has 180 seconds left.
|
|t:|1731175834
|switch|p1a: Blissey|Blissey, F|89/100
|-damage|p1a: Blissey|77/100|[from] Spikes
|move|p2a: Gengar|Ice Punch|p1a: Blissey
|-damage|p1a: Blissey|66/100
|
|-weather|Sandstorm|[upkeep]
|-damage|p2a: Gengar|76/100|[from] Sandstorm
|-damage|p1a: Blissey|60/100|[from] Sandstorm
|-heal|p2a: Gengar|82/100|[from] item: Leftovers
|-heal|p1a: Blissey|66/100|[from] item: Leftovers
|upkeep
|turn|10
|inactive|lax has 270 seconds left.
|
|t:|1731175849
|move|p2a: Gengar|Explosion|p1a: Blissey
|-damage|p1a: Blissey|0 fnt
|faint|p2a: Gengar
|faint|p1a: Blissey
|inactive|Skarpherim has 180 seconds left.
|
|t:|1731175856
|switch|p2a: Starmie|Starmie|79/100
|switch|p1a: Metagross|Metagross|100/100
|-damage|p1a: Metagross|88/100|[from] Spikes
|
|-weather|Sandstorm|[upkeep]
|-damage|p2a: Starmie|73/100|[from] Sandstorm
|-heal|p2a: Starmie|79/100|[from] item: Leftovers
|-heal|p1a: Metagross|94/100|[from] item: Leftovers
|upkeep
|turn|11
|inactive|Skarpherim has 180 seconds left.
|
|t:|1731175872
|switch|p2a: Skarmory|Skarmory, M|100/100
|move|p1a: Metagross|Protect||[still]
|-fail|p1a: Metagross
|
|-weather|Sandstorm|[upkeep]
|-heal|p1a: Metagross|99/100|[from] item: Leftovers
|upkeep
|turn|12
|inactive|Skarpherim has 180 seconds left.
|
|t:|1731175890
|move|p1a: Metagross|Meteor Mash|p2a: Skarmory
|-resisted|p2a: Skarmory
|-damage|p2a: Skarmory|76/100
|move|p2a: Skarmory|Roar|p1a: Metagross
|drag|p1a: Suicune|Suicune|82/100
|-damage|p1a: Suicune|69/100|[from] Spikes
|
|-weather|Sandstorm|[upkeep]
|-damage|p1a: Suicune|63/100|[from] Sandstorm
|-heal|p2a: Skarmory|82/100|[from] item: Leftovers
|-heal|p1a: Suicune|69/100|[from] item: Leftovers
|upkeep
|turn|13
|
|t:|1731175908
|switch|p2a: Starmie|Starmie|79/100
|move|p1a: Suicune|Calm Mind|p1a: Suicune
|-boost|p1a: Suicune|spa|1
|-boost|p1a: Suicune|spd|1
|
|-weather|Sandstorm|[upkeep]
|-damage|p2a: Starmie|73/100|[from] Sandstorm
|-damage|p1a: Suicune|63/100|[from] Sandstorm
|-heal|p2a: Starmie|79/100|[from] item: Leftovers
|-heal|p1a: Suicune|69/100|[from] item: Leftovers
|upkeep
|turn|14
|
|t:|1731175915
|move|p2a: Starmie|Thunderbolt|p1a: Suicune
|-supereffective|p1a: Suicune
|-damage|p1a: Suicune|38/100
|move|p1a: Suicune|Surf|p2a: Starmie
|-resisted|p2a: Starmie
|-damage|p2a: Starmie|44/100
|
|-weather|Sandstorm|[upkeep]
|-damage|p2a: Starmie|38/100|[from] Sandstorm
|-damage|p1a: Suicune|32/100|[from] Sandstorm
|-heal|p2a: Starmie|44/100|[from] item: Leftovers
|-heal|p1a: Suicune|38/100|[from] item: Leftovers
|upkeep
|turn|15
|
|t:|1731175930
|switch|p1a: Claydol|Claydol|100/100
|move|p2a: Starmie|Thunderbolt|p1a: Claydol
|-immune|p1a: Claydol
|
|-weather|Sandstorm|[upkeep]
|-damage|p2a: Starmie|38/100|[from] Sandstorm
|-heal|p2a: Starmie|44/100|[from] item: Leftovers
|upkeep
|turn|16
|
|t:|1731175940
|move|p2a: Starmie|Surf|p1a: Claydol
|-supereffective|p1a: Claydol
|-damage|p1a: Claydol|13/100
|move|p1a: Claydol|Earthquake|p2a: Starmie
|-damage|p2a: Starmie|0 fnt
|faint|p2a: Starmie
|
|t:|1731175948
|switch|p2a: Skarmory|Skarmory, M|82/100
|
|-weather|Sandstorm|[upkeep]
|-heal|p2a: Skarmory|88/100|[from] item: Leftovers
|-heal|p1a: Claydol|20/100|[from] item: Leftovers
|upkeep
|turn|17
|inactive|Skarpherim has 180 seconds left.
|
|t:|1731175974
|switch|p1a: Salamence|Salamence, M|100/100 par
|-ability|p1a: Salamence|Intimidate|boost
|-unboost|p2a: Skarmory|atk|1
|move|p2a: Skarmory|Drill Peck|p1a: Salamence
|-damage|p1a: Salamence|82/100 par
|
|-weather|Sandstorm|[upkeep]
|-damage|p1a: Salamence|76/100 par|[from] Sandstorm
|-heal|p2a: Skarmory|94/100|[from] item: Leftovers
|-heal|p1a: Salamence|82/100 par|[from] item: Leftovers
|upkeep
|turn|18
|
|t:|1731175993
|move|p2a: Skarmory|Spikes|p1a: Salamence
|-sidestart|p1: Skarpherim|Spikes
|cant|p1a: Salamence|par
|
|-weather|Sandstorm|[upkeep]
|-damage|p1a: Salamence|76/100 par|[from] Sandstorm
|-heal|p2a: Skarmory|100/100|[from] item: Leftovers
|-heal|p1a: Salamence|82/100 par|[from] item: Leftovers
|upkeep
|turn|19
|
|t:|1731176005
|move|p2a: Skarmory|Drill Peck|p1a: Salamence
|-damage|p1a: Salamence|62/100 par
|move|p1a: Salamence|Fire Blast|p2a: Skarmory
|-supereffective|p2a: Skarmory
|-damage|p2a: Skarmory|6/100
|
|-weather|Sandstorm|[upkeep]
|-damage|p1a: Salamence|56/100 par|[from] Sandstorm
|-heal|p2a: Skarmory|12/100|[from] item: Leftovers
|-heal|p1a: Salamence|62/100 par|[from] item: Leftovers
|upkeep
|turn|20
|
|t:|1731176022
|switch|p1a: Claydol|Claydol|20/100
|move|p2a: Skarmory|Drill Peck|p1a: Claydol
|-damage|p1a: Claydol|4/100
|
|-weather|Sandstorm|[upkeep]
|-heal|p2a: Skarmory|18/100|[from] item: Leftovers
|-heal|p1a: Claydol|10/100|[from] item: Leftovers
|upkeep
|turn|21
|
|t:|1731176039
|switch|p1a: Metagross|Metagross|99/100
|-damage|p1a: Metagross|84/100|[from] Spikes
|move|p2a: Skarmory|Drill Peck|p1a: Metagross
|-resisted|p1a: Metagross
|-damage|p1a: Metagross|78/100
|
|-weather|Sandstorm|[upkeep]
|-heal|p2a: Skarmory|24/100|[from] item: Leftovers
|-heal|p1a: Metagross|84/100|[from] item: Leftovers
|upkeep
|turn|22
|
|t:|1731176053
|move|p2a: Skarmory|Spikes|p1a: Metagross
|-sidestart|p1: Skarpherim|Spikes
|move|p1a: Metagross|Meteor Mash|p2a: Skarmory
|-resisted|p2a: Skarmory
|-damage|p2a: Skarmory|2/100
|
|-weather|Sandstorm|[upkeep]
|-heal|p2a: Skarmory|8/100|[from] item: Leftovers
|-heal|p1a: Metagross|90/100|[from] item: Leftovers
|upkeep
|turn|23
|
|t:|1731176061
|move|p2a: Skarmory|Drill Peck|p1a: Metagross
|-resisted|p1a: Metagross
|-damage|p1a: Metagross|85/100
|move|p1a: Metagross|Meteor Mash|p2a: Skarmory
|-resisted|p2a: Skarmory
|-damage|p2a: Skarmory|0 fnt
|faint|p2a: Skarmory
|
|t:|1731176063
|switch|p2a: Metagross|Metagross|100/100
|
|-weather|Sandstorm|[upkeep]
|-heal|p1a: Metagross|91/100|[from] item: Leftovers
|upkeep
|turn|24
|inactive|Skarpherim has 180 seconds left.
|
|t:|1731176092
|move|p1a: Metagross|Protect|p1a: Metagross
|-singleturn|p1a: Metagross|Protect
|move|p2a: Metagross|Agility|p2a: Metagross
|-boost|p2a: Metagross|spe|2
|
|-weather|Sandstorm|[upkeep]
|-heal|p1a: Metagross|97/100|[from] item: Leftovers
|upkeep
|turn|25
|inactive|Skarpherim has 150 seconds left.
|inactive|Skarpherim has 120 seconds left.
|inactive|Skarpherim has 90 seconds left.
|
|t:|1731176188
|move|p2a: Metagross|Earthquake|p1a: Metagross
|-supereffective|p1a: Metagross
|-damage|p1a: Metagross|44/100
|move|p1a: Metagross|Earthquake|p2a: Metagross
|-supereffective|p2a: Metagross
|-damage|p2a: Metagross|41/100
|
|-weather|Sandstorm|[upkeep]
|-heal|p2a: Metagross|47/100|[from] item: Leftovers
|-heal|p1a: Metagross|50/100|[from] item: Leftovers
|upkeep
|turn|26
|
|t:|1731176199
|move|p1a: Metagross|Protect|p1a: Metagross
|-singleturn|p1a: Metagross|Protect
|move|p2a: Metagross|Earthquake|p1a: Metagross
|-activate|p1a: Metagross|Protect
|
|-weather|Sandstorm|[upkeep]
|-heal|p2a: Metagross|53/100|[from] item: Leftovers
|-heal|p1a: Metagross|57/100|[from] item: Leftovers
|upkeep
|turn|27
|
|t:|1731176202
|move|p2a: Metagross|Earthquake|p1a: Metagross
|-supereffective|p1a: Metagross
|-damage|p1a: Metagross|0 fnt
|faint|p1a: Metagross
|c|☆Skarpherim|nooo
|
|t:|1731176206
|switch|p1a: Machamp|Machamp, M|100/100
|-damage|p1a: Machamp|76/100|[from] Spikes
|
|-weather|Sandstorm|[upkeep]
|-damage|p1a: Machamp|70/100|[from] Sandstorm
|-heal|p2a: Metagross|59/100|[from] item: Leftovers
|upkeep
|turn|28
|
|t:|1731176214
|move|p2a: Metagross|Meteor Mash|p1a: Machamp
|-damage|p1a: Machamp|0 fnt
|faint|p1a: Machamp
|c|☆Skarpherim|gg
|-message|Skarpherim forfeited.
|
|win|lax

</script>
<script type="application/json" class="data" id="replaydata-smogtours-gen3ou-805493">
{"id":"smogtours-gen3ou-805493","format":"[Gen 3] OU","players":["Skarpherim","lax"],"uploadtime":1731176220,"views":17,"formatid":"gen3ou","rating":null,"private":1,"password":null}
</script>

<script defer src="js/replays.js?9d40a366"></script>
