<!DOCTYPE html>
<meta charset="utf-8" />
<meta name="viewport" content="width=device-width" />

<title>[Gen 3] OU: leng loi vs. drogasas - Replays - Pok&eacute;mon Showdown!</title>

<meta name="description" content="Watch a replay of a Pok&eacute;mon battle between leng loi and drogasas! Format: [Gen 3] OU; Date: Oct 28, 2024" />
<!--

Hey, you! Looking in the source for the replay log?

You can find them in JSON format, just add `.json` at the end of a replay URL.

https://replay.pokemonshowdown.com/gen7randomdoublesbattle-865046831.json

Or, if you only need the log itself, add `.log` instead:

https://replay.pokemonshowdown.com/gen7randomdoublesbattle-865046831.log

-->

<link rel="stylesheet" href="//pokemonshowdown.com/style/global.css?0.023195364461161105" />
<link rel="stylesheet" href="//play.pokemonshowdown.com/style/font-awesome.css?0.13261647063804238" />
<link rel="stylesheet" href="//play.pokemonshowdown.com/style/battle.css?0.8753245789963631" />
<link rel="stylesheet" href="//play.pokemonshowdown.com/style/utilichart.css?0.8627959624976733" />

<!-- Global site tag (gtag.js) - Google Analytics -->
<script async src="https://www.googletagmanager.com/gtag/js?id=UA-26211653-1"></script>
<script>
  window.dataLayer = window.dataLayer || [];
  function gtag(){dataLayer.push(arguments);}
  gtag('js', new Date());

  gtag('config', 'UA-26211653-1');
</script>
<!-- End Google Analytics -->
<!-- Venatus Ad Manager - Install in <HEAD> of page -->
	<script src="https://hb.vntsm.com/v3/live/ad-manager.min.js" type="text/javascript" data-site-id="642aba63ec9a7b11c3c9c1be" data-mode="scan" async></script>
<!-- / Venatus Ad Manager -->

<style>
	@media (max-width:820px) {
		.battle {
			margin: 0 auto;
		}
		.battle-log {
			margin: 7px auto 0;
			max-width: 640px;
			height: 300px;
			position: static;
		}
	}
	.optgroup {
		display: inline-block;
		line-height: 22px;
		font-size: 10pt;
	}
	.optgroup .button {
		height: 25px;
		padding-top: 0;
		padding-bottom: 0;
	}
	.optgroup button.button {
		padding-left: 12px;
		padding-right: 12px;
	}
	.linklist {
		list-style: none;
		margin: 0.5em 0;
		padding: 0;
	}
	.linklist li {
		padding: 2px 0;
	}
	.sidebar {
		float: left;
		width: 320px;
	}
	.bar-wrapper {
		max-width: 1100px;
		margin: 0 auto;
	}
	.bar-wrapper.has-sidebar {
		max-width: 1430px;
	}
	.mainbar {
		margin: 0;
		padding-right: 1px;
	}
	.mainbar.has-sidebar {
		margin-left: 330px;
	}
	@media (min-width: 1511px) {
		.sidebar {
			width: 400px;
		}
		.bar-wrapper.has-sidebar {
			max-width: 1510px;
		}
		.mainbar.has-sidebar {
			margin-left: 410px;
		}
	}
	.section.first-section {
		margin-top: 9px;
	}
	.blocklink small {
		white-space: normal;
	}
	.button {
		vertical-align: middle;
	}
	.replay-controls {
		padding-top: 10px;
	}
	.replay-controls h1 {
		font-size: 16pt;
		font-weight: normal;
		color: #CCC;
	}
	.pagelink {
		text-align: center;
	}
	.pagelink a {
		width: 150px;
	}
	.textbox, .button {
		font-size: 11pt;
		vertical-align: middle;
	}
	@media (max-width: 450px) {
		.button {
			font-size: 9pt;
		}
	}
</style>

<div>

	<header>
		<div class="nav-wrapper"><ul class="nav">
			<li><a class="button nav-first" href="//pokemonshowdown.com/"><img src="//pokemonshowdown.com/images/pokemonshowdownbeta.png" srcset="//pokemonshowdown.com/images/pokemonshowdownbeta.png 1x, //pokemonshowdown.com/images/pokemonshowdownbeta@2x.png 2x" alt="Pok&eacute;mon Showdown" width="146" height="44" /> Home</a></li>
			<li><a class="button" href="//pokemonshowdown.com/dex/">Pok&eacute;dex</a></li>
			<li><a class="button cur" href="/">Replays</a></li>
			<li><a class="button" href="//pokemonshowdown.com/ladder/">Ladder</a></li>
			<li><a class="button nav-last" href="//pokemonshowdown.com/forums/">Forum</a></li>
			<li><a class="button greenbutton nav-first nav-last" href="//play.pokemonshowdown.com/">Play</a></li>
		</ul></div>
	</header>

	<div class="main" id="main">

		<noscript><section class="section">You need to enable JavaScript to use this page; sorry!</section></noscript>

	</div>

</div>

<script defer nomodule src="//play.pokemonshowdown.com/js/lib/ps-polyfill.js"></script>
<script defer src="//play.pokemonshowdown.com/js/lib/preact.min.js"></script>

<script defer src="//play.pokemonshowdown.com/config/config.js?2bddbc15"></script>
<script defer src="//play.pokemonshowdown.com/js/lib/jquery-1.11.0.min.js"></script>
<script defer src="//play.pokemonshowdown.com/js/lib/html-sanitizer-minified.js"></script>
<script defer src="//play.pokemonshowdown.com/js/battle-sound.js"></script>
<script defer src="//play.pokemonshowdown.com/js/battledata.js?0.7209276989879541"></script>
<script defer src="//play.pokemonshowdown.com/data/pokedex-mini.js?0.6111056340867951"></script>
<script defer src="//play.pokemonshowdown.com/data/pokedex-mini-bw.js?0.3532142036491459"></script>
<script defer src="//play.pokemonshowdown.com/data/graphics.js?0.24223875632456182"></script>
<script defer src="//play.pokemonshowdown.com/data/pokedex.js?0.38839984266356864"></script>
<script defer src="//play.pokemonshowdown.com/data/moves.js?0.21866028504024015"></script>
<script defer src="//play.pokemonshowdown.com/data/abilities.js?0.2005157953846628"></script>
<script defer src="//play.pokemonshowdown.com/data/items.js?0.9894211263848525"></script>
<script defer src="//play.pokemonshowdown.com/data/teambuilder-tables.js?0.6008791140282215"></script>
<script defer src="//play.pokemonshowdown.com/js/battle-tooltips.js?0.7580118955022959"></script>
<script defer src="//play.pokemonshowdown.com/js/battle.js?0.6057722274234274"></script>

<script defer src="js/utils.js?e31f9a17"></script>
<script defer src="js/replays-battle.js?7008c182"></script>

<!-- don't scrape this data! just add .json or .log after the URL!
Full API docs: https://github.com/smogon/pokemon-showdown-client/blob/master/WEB-API.md -->
<script type="text/plain" class="log" id="replaylog-smogtours-gen3ou-803091">
|inactive|Battle timer is ON: inactive players will automatically lose when time's up.
|t:|1730137907
|gametype|singles
|player|p1|leng loi|#scl4machines2|
|player|p2|drogasas|scientist-gen4|
|teamsize|p1|6
|teamsize|p2|6
|gen|3
|tier|[Gen 3] OU
|rule|Sleep Clause Mod: Limit one foe put to sleep
|rule|Switch Priority Clause Mod: Faster Pokémon switch first
|rule|Species Clause: Limit one of each Pokémon
|rule|OHKO Clause: OHKO moves are banned
|rule|Evasion Items Clause: Evasion items are banned
|rule|Evasion Moves Clause: Evasion moves are banned
|rule|Endless Battle Clause: Forcing endless battles is banned
|rule|HP Percentage Mod: HP is shown in percentages
|rule|One Boost Passer Clause: Limit one Baton Passer that has a way to boost its stats
|rule|Freeze Clause Mod: Limit one foe frozen
|
|t:|1730137907
|start
|switch|p1a: Salamence|Salamence, M|100/100
|switch|p2a: Skarmory|Skarmory, M|100/100
|-ability|p1a: Salamence|Intimidate|boost
|-unboost|p2a: Skarmory|atk|1
|turn|1
|
|t:|1730137929
|switch|p2a: Blissey|Blissey, F|100/100
|move|p1a: Salamence|Flamethrower|p2a: Blissey
|-damage|p2a: Blissey|88/100
|
|-heal|p2a: Blissey|94/100|[from] item: Leftovers
|upkeep
|turn|2
|
|t:|1730137953
|switch|p1a: Tyranitar|Tyranitar, F|100/100
|-weather|Sandstorm|[from] ability: Sand Stream|[of] p1a: Tyranitar
|switch|p2a: Gengar|Gengar, M|100/100
|
|-weather|Sandstorm|[upkeep]
|-damage|p2a: Gengar|95/100|[from] Sandstorm
|-heal|p2a: Gengar|100/100|[from] item: Leftovers
|upkeep
|turn|3
|
|t:|1730137967
|switch|p2a: Flygon|Flygon, M|100/100
|switch|p1a: Blissey|Blissey, F|100/100
|
|-weather|Sandstorm|[upkeep]
|-damage|p1a: Blissey|94/100|[from] Sandstorm
|-heal|p1a: Blissey|100/100|[from] item: Leftovers
|upkeep
|turn|4
|
|t:|1730137980
|switch|p2a: Skarmory|Skarmory, M|100/100
|move|p1a: Blissey|Ice Beam|p2a: Skarmory
|-damage|p2a: Skarmory|76/100
|
|-weather|Sandstorm|[upkeep]
|-damage|p1a: Blissey|94/100|[from] Sandstorm
|-heal|p2a: Skarmory|82/100|[from] item: Leftovers
|-heal|p1a: Blissey|100/100|[from] item: Leftovers
|upkeep
|turn|5
|
|t:|1730137983
|move|p2a: Skarmory|Spikes|p1a: Blissey
|-sidestart|p1: leng loi|Spikes
|move|p1a: Blissey|Fire Blast|p2a: Skarmory
|-supereffective|p2a: Skarmory
|-crit|p2a: Skarmory
|-damage|p2a: Skarmory|0 fnt
|faint|p2a: Skarmory
|inactive|drogasas has 270 seconds left.
|
|t:|1730138027
|switch|p2a: Gyarados|Gyarados, M|100/100
|-ability|p2a: Gyarados|Intimidate|boost
|-unboost|p1a: Blissey|atk|1
|
|-weather|Sandstorm|[upkeep]
|-damage|p2a: Gyarados|94/100|[from] Sandstorm
|-damage|p1a: Blissey|94/100|[from] Sandstorm
|-heal|p2a: Gyarados|100/100|[from] item: Leftovers
|-heal|p1a: Blissey|100/100|[from] item: Leftovers
|upkeep
|turn|6
|
|t:|1730138042
|move|p2a: Gyarados|Double-Edge|p1a: Blissey
|-damage|p1a: Blissey|53/100
|-damage|p2a: Gyarados|71/100|[from] Recoil|[of] p1a: Blissey
|move|p1a: Blissey|Toxic|p2a: Gyarados
|-status|p2a: Gyarados|tox
|
|-weather|Sandstorm|[upkeep]
|-damage|p2a: Gyarados|65/100 tox|[from] Sandstorm
|-damage|p1a: Blissey|47/100|[from] Sandstorm
|-heal|p2a: Gyarados|71/100 tox|[from] item: Leftovers
|-damage|p2a: Gyarados|65/100 tox|[from] psn
|-heal|p1a: Blissey|53/100|[from] item: Leftovers
|upkeep
|turn|7
|inactive|drogasas has 270 seconds left.
|
|t:|1730138063
|switch|p2a: Blissey|Blissey, F|94/100
|switch|p1a: Salamence|Salamence, M|100/100
|-ability|p1a: Salamence|Intimidate|boost
|-unboost|p2a: Blissey|atk|1
|
|-weather|Sandstorm|[upkeep]
|-damage|p1a: Salamence|94/100|[from] Sandstorm
|-damage|p2a: Blissey|88/100|[from] Sandstorm
|-heal|p1a: Salamence|100/100|[from] item: Leftovers
|-heal|p2a: Blissey|94/100|[from] item: Leftovers
|upkeep
|turn|8
|
|t:|1730138070
|switch|p1a: Blissey|Blissey, F|53/100
|-damage|p1a: Blissey|41/100|[from] Spikes
|switch|p2a: Gengar|Gengar, M|100/100
|
|-weather|Sandstorm|[upkeep]
|-damage|p2a: Gengar|95/100|[from] Sandstorm
|-damage|p1a: Blissey|35/100|[from] Sandstorm
|-heal|p2a: Gengar|100/100|[from] item: Leftovers
|-heal|p1a: Blissey|41/100|[from] item: Leftovers
|upkeep
|turn|9
|
|t:|1730138073
|move|p2a: Gengar|Taunt|p1a: Blissey
|-start|p1a: Blissey|move: Taunt
|cant|p1a: Blissey|move: Taunt|Soft-Boiled
|
|-weather|Sandstorm|[upkeep]
|-damage|p2a: Gengar|95/100|[from] Sandstorm
|-damage|p1a: Blissey|35/100|[from] Sandstorm
|-heal|p2a: Gengar|100/100|[from] item: Leftovers
|-heal|p1a: Blissey|41/100|[from] item: Leftovers
|upkeep
|turn|10
|
|t:|1730138078
|move|p2a: Gengar|Will-O-Wisp|p1a: Blissey
|-status|p1a: Blissey|brn
|move|p1a: Blissey|Ice Beam|p2a: Gengar
|-damage|p2a: Gengar|74/100
|
|-weather|Sandstorm|[upkeep]
|-damage|p2a: Gengar|68/100|[from] Sandstorm
|-damage|p1a: Blissey|35/100 brn|[from] Sandstorm
|-heal|p2a: Gengar|74/100|[from] item: Leftovers
|-heal|p1a: Blissey|41/100 brn|[from] item: Leftovers
|-damage|p1a: Blissey|28/100 brn|[from] brn
|-end|p1a: Blissey|move: Taunt|[silent]
|upkeep
|turn|11
|
|t:|1730138086
|-curestatus|p1a: Blissey|brn|[from] ability: Natural Cure
|switch|p1a: Aerodactyl|Aerodactyl, M|100/100
|move|p2a: Gengar|Taunt|p1a: Aerodactyl
|-start|p1a: Aerodactyl|move: Taunt
|
|-weather|Sandstorm|[upkeep]
|-damage|p2a: Gengar|68/100|[from] Sandstorm
|-heal|p2a: Gengar|74/100|[from] item: Leftovers
|upkeep
|turn|12
|inactive|leng loi has 270 seconds left.
|
|t:|1730138120
|switch|p2a: Flygon|Flygon, M|100/100
|move|p1a: Aerodactyl|Double-Edge|p2a: Flygon
|-damage|p2a: Flygon|32/100
|
|-weather|Sandstorm|[upkeep]
|-end|p1a: Aerodactyl|move: Taunt|[silent]
|upkeep
|turn|13
|
|t:|1730138129
|switch|p1a: Tyranitar|Tyranitar, F|100/100
|-damage|p1a: Tyranitar|88/100|[from] Spikes
|switch|p2a: Gengar|Gengar, M|74/100
|
|-weather|Sandstorm|[upkeep]
|-damage|p2a: Gengar|68/100|[from] Sandstorm
|-heal|p2a: Gengar|74/100|[from] item: Leftovers
|-heal|p1a: Tyranitar|94/100|[from] item: Leftovers
|upkeep
|turn|14
|
|t:|1730138140
|move|p2a: Gengar|Will-O-Wisp|p1a: Tyranitar
|-status|p1a: Tyranitar|brn
|move|p1a: Tyranitar|Ice Beam|p2a: Gengar
|-damage|p2a: Gengar|45/100
|
|-weather|Sandstorm|[upkeep]
|-damage|p2a: Gengar|39/100|[from] Sandstorm
|-heal|p2a: Gengar|45/100|[from] item: Leftovers
|-heal|p1a: Tyranitar|100/100 brn|[from] item: Leftovers
|-damage|p1a: Tyranitar|88/100 brn|[from] brn
|upkeep
|turn|15
|
|t:|1730138153
|switch|p1a: Cloyster|Cloyster, F|100/100
|-damage|p1a: Cloyster|88/100|[from] Spikes
|move|p2a: Gengar|Giga Drain|p1a: Cloyster
|-supereffective|p1a: Cloyster
|-damage|p1a: Cloyster|31/100
|-heal|p2a: Gengar|69/100|[from] drain|[of] p1a: Cloyster
|
|-weather|Sandstorm|[upkeep]
|-damage|p2a: Gengar|63/100|[from] Sandstorm
|-damage|p1a: Cloyster|25/100|[from] Sandstorm
|-heal|p2a: Gengar|69/100|[from] item: Leftovers
|-heal|p1a: Cloyster|31/100|[from] item: Leftovers
|upkeep
|turn|16
|
|t:|1730138172
|switch|p1a: Metagross|Metagross|100/100
|-damage|p1a: Metagross|88/100|[from] Spikes
|move|p2a: Gengar|Giga Drain|p1a: Metagross
|-resisted|p1a: Metagross
|-damage|p1a: Metagross|80/100
|-heal|p2a: Gengar|74/100|[from] drain|[of] p1a: Metagross
|
|-weather|Sandstorm|[upkeep]
|-damage|p2a: Gengar|68/100|[from] Sandstorm
|-heal|p2a: Gengar|74/100|[from] item: Leftovers
|-heal|p1a: Metagross|86/100|[from] item: Leftovers
|upkeep
|turn|17
|
|t:|1730138187
|switch|p2a: Charizard|Charizard, M|100/100
|move|p1a: Metagross|Meteor Mash|p2a: Charizard
|-resisted|p2a: Charizard
|-crit|p2a: Charizard
|-damage|p2a: Charizard|15/100
|
|-weather|Sandstorm|[upkeep]
|-damage|p2a: Charizard|9/100|[from] Sandstorm
|-heal|p2a: Charizard|15/100|[from] item: Leftovers
|-heal|p1a: Metagross|92/100|[from] item: Leftovers
|upkeep
|turn|18
|
|t:|1730138197
|switch|p1a: Tyranitar|Tyranitar, F|88/100 brn
|-damage|p1a: Tyranitar|76/100 brn|[from] Spikes
|move|p2a: Charizard|Fire Blast|p1a: Tyranitar
|-resisted|p1a: Tyranitar
|-damage|p1a: Tyranitar|37/100 brn
|
|-weather|Sandstorm|[upkeep]
|-damage|p2a: Charizard|9/100|[from] Sandstorm
|-heal|p2a: Charizard|15/100|[from] item: Leftovers
|-heal|p1a: Tyranitar|43/100 brn|[from] item: Leftovers
|-damage|p1a: Tyranitar|31/100 brn|[from] brn
|upkeep
|turn|19
|
|t:|1730138204
|move|p2a: Charizard|Hidden Power|p1a: Tyranitar
|-supereffective|p1a: Tyranitar
|-damage|p1a: Tyranitar|0 fnt
|faint|p1a: Tyranitar
|
|t:|1730138208
|switch|p1a: Aerodactyl|Aerodactyl, M|100/100
|
|-weather|Sandstorm|[upkeep]
|-damage|p2a: Charizard|9/100|[from] Sandstorm
|-heal|p2a: Charizard|15/100|[from] item: Leftovers
|upkeep
|turn|20
|
|t:|1730138216
|switch|p2a: Gyarados|Gyarados, M|65/100 tox
|-ability|p2a: Gyarados|Intimidate|boost
|-unboost|p1a: Aerodactyl|atk|1
|move|p1a: Aerodactyl|Rock Slide|p2a: Gyarados
|-supereffective|p2a: Gyarados
|-damage|p2a: Gyarados|0 fnt
|faint|p2a: Gyarados
|
|t:|1730138219
|switch|p2a: Flygon|Flygon, M|32/100
|
|-weather|Sandstorm|[upkeep]
|upkeep
|turn|21
|
|t:|1730138230
|switch|p1a: Blissey|Blissey, F|28/100
|-damage|p1a: Blissey|16/100|[from] Spikes
|move|p2a: Flygon|Earthquake|p1a: Blissey
|-damage|p1a: Blissey|0 fnt
|faint|p1a: Blissey
|
|t:|1730138233
|switch|p1a: Salamence|Salamence, M|100/100
|-ability|p1a: Salamence|Intimidate|boost
|-unboost|p2a: Flygon|atk|1
|
|-weather|Sandstorm|[upkeep]
|-damage|p1a: Salamence|94/100|[from] Sandstorm
|-heal|p1a: Salamence|100/100|[from] item: Leftovers
|upkeep
|turn|22
|
|t:|1730138238
|switch|p2a: Blissey|Blissey, F|94/100
|move|p1a: Salamence|Dragon Claw|p2a: Blissey
|-damage|p2a: Blissey|77/100
|
|-weather|Sandstorm|[upkeep]
|-damage|p1a: Salamence|94/100|[from] Sandstorm
|-damage|p2a: Blissey|71/100|[from] Sandstorm
|-heal|p1a: Salamence|100/100|[from] item: Leftovers
|-heal|p2a: Blissey|77/100|[from] item: Leftovers
|upkeep
|turn|23
|
|t:|1730138253
|switch|p2a: Gengar|Gengar, M|74/100
|move|p1a: Salamence|Rock Slide|p2a: Gengar
|-crit|p2a: Gengar
|-damage|p2a: Gengar|0 fnt
|faint|p2a: Gengar
|c|☆leng loi|mb
|
|t:|1730138264
|switch|p2a: Blissey|Blissey, F|77/100
|
|-weather|Sandstorm|[upkeep]
|-damage|p1a: Salamence|94/100|[from] Sandstorm
|-damage|p2a: Blissey|71/100|[from] Sandstorm
|-heal|p1a: Salamence|100/100|[from] item: Leftovers
|-heal|p2a: Blissey|77/100|[from] item: Leftovers
|upkeep
|turn|24
|
|t:|1730138271
|move|p1a: Salamence|Brick Break|p2a: Blissey
|-supereffective|p2a: Blissey
|-damage|p2a: Blissey|28/100
|move|p2a: Blissey|Ice Beam|p1a: Salamence
|-supereffective|p1a: Salamence
|-damage|p1a: Salamence|0 fnt
|faint|p1a: Salamence
|
|t:|1730138273
|switch|p1a: Metagross|Metagross|92/100
|-damage|p1a: Metagross|79/100|[from] Spikes
|
|-weather|Sandstorm|[upkeep]
|-damage|p2a: Blissey|21/100|[from] Sandstorm
|-heal|p1a: Metagross|85/100|[from] item: Leftovers
|-heal|p2a: Blissey|28/100|[from] item: Leftovers
|upkeep
|turn|25
|
|t:|1730138282
|move|p1a: Metagross|Agility|p1a: Metagross
|-boost|p1a: Metagross|spe|2
|move|p2a: Blissey|Seismic Toss|p1a: Metagross
|-damage|p1a: Metagross|57/100
|
|-weather|Sandstorm|[upkeep]
|-damage|p2a: Blissey|21/100|[from] Sandstorm
|-heal|p1a: Metagross|63/100|[from] item: Leftovers
|-heal|p2a: Blissey|28/100|[from] item: Leftovers
|upkeep
|turn|26
|
|t:|1730138284
|move|p1a: Metagross|Meteor Mash|p2a: Blissey
|-damage|p2a: Blissey|0 fnt
|faint|p2a: Blissey
|
|t:|1730138301
|switch|p2a: Charizard|Charizard, M|15/100
|
|-weather|Sandstorm|[upkeep]
|-damage|p2a: Charizard|9/100|[from] Sandstorm
|-heal|p1a: Metagross|69/100|[from] item: Leftovers
|-heal|p2a: Charizard|15/100|[from] item: Leftovers
|upkeep
|turn|27
|
|t:|1730138303
|move|p1a: Metagross|Meteor Mash|p2a: Charizard
|-resisted|p2a: Charizard
|-damage|p2a: Charizard|0 fnt
|faint|p2a: Charizard
|
|t:|1730138306
|switch|p2a: Flygon|Flygon, M|32/100
|
|-weather|Sandstorm|[upkeep]
|-heal|p1a: Metagross|75/100|[from] item: Leftovers
|upkeep
|turn|28
|
|t:|1730138309
|move|p1a: Metagross|Meteor Mash|p2a: Flygon
|-damage|p2a: Flygon|0 fnt
|faint|p2a: Flygon
|
|win|leng loi
|c|☆drogasas|gg
|c|☆leng loi|gg

</script>
<script type="application/json" class="data" id="replaydata-smogtours-gen3ou-803091">
{"id":"smogtours-gen3ou-803091","format":"[Gen 3] OU","players":["leng loi","drogasas"],"uploadtime":1730138309,"views":77,"formatid":"gen3ou","rating":null,"private":0,"password":null}
</script>

<script defer src="js/replays.js?9d40a366"></script>
