<!DOCTYPE html>
<meta charset="utf-8" />
<meta name="viewport" content="width=device-width" />

<title>[Gen 3] OU: kewta vs. Jsockamisama - Replays - Pok&eacute;mon Showdown!</title>

<meta name="description" content="Watch a replay of a Pok&eacute;mon battle between kewta and Jsockamisama! Format: [Gen 3] OU; Date: Oct 20, 2024" />
<!--

Hey, you! Looking in the source for the replay log?

You can find them in JSON format, just add `.json` at the end of a replay URL.

https://replay.pokemonshowdown.com/gen7randomdoublesbattle-865046831.json

Or, if you only need the log itself, add `.log` instead:

https://replay.pokemonshowdown.com/gen7randomdoublesbattle-865046831.log

-->

<link rel="stylesheet" href="//pokemonshowdown.com/style/global.css?0.767286132409787" />
<link rel="stylesheet" href="//play.pokemonshowdown.com/style/font-awesome.css?0.9266228007934947" />
<link rel="stylesheet" href="//play.pokemonshowdown.com/style/battle.css?0.7924700842790926" />
<link rel="stylesheet" href="//play.pokemonshowdown.com/style/utilichart.css?0.8777417872839479" />

<!-- Global site tag (gtag.js) - Google Analytics -->
<script async src="https://www.googletagmanager.com/gtag/js?id=UA-26211653-1"></script>
<script>
  window.dataLayer = window.dataLayer || [];
  function gtag(){dataLayer.push(arguments);}
  gtag('js', new Date());

  gtag('config', 'UA-26211653-1');
</script>
<!-- End Google Analytics -->
<!-- Venatus Ad Manager - Install in <HEAD> of page -->
	<script src="https://hb.vntsm.com/v3/live/ad-manager.min.js" type="text/javascript" data-site-id="642aba63ec9a7b11c3c9c1be" data-mode="scan" async></script>
<!-- / Venatus Ad Manager -->

<style>
	@media (max-width:820px) {
		.battle {
			margin: 0 auto;
		}
		.battle-log {
			margin: 7px auto 0;
			max-width: 640px;
			height: 300px;
			position: static;
		}
	}
	.optgroup {
		display: inline-block;
		line-height: 22px;
		font-size: 10pt;
	}
	.optgroup .button {
		height: 25px;
		padding-top: 0;
		padding-bottom: 0;
	}
	.optgroup button.button {
		padding-left: 12px;
		padding-right: 12px;
	}
	.linklist {
		list-style: none;
		margin: 0.5em 0;
		padding: 0;
	}
	.linklist li {
		padding: 2px 0;
	}
	.sidebar {
		float: left;
		width: 320px;
	}
	.bar-wrapper {
		max-width: 1100px;
		margin: 0 auto;
	}
	.bar-wrapper.has-sidebar {
		max-width: 1430px;
	}
	.mainbar {
		margin: 0;
		padding-right: 1px;
	}
	.mainbar.has-sidebar {
		margin-left: 330px;
	}
	@media (min-width: 1511px) {
		.sidebar {
			width: 400px;
		}
		.bar-wrapper.has-sidebar {
			max-width: 1510px;
		}
		.mainbar.has-sidebar {
			margin-left: 410px;
		}
	}
	.section.first-section {
		margin-top: 9px;
	}
	.blocklink small {
		white-space: normal;
	}
	.button {
		vertical-align: middle;
	}
	.replay-controls {
		padding-top: 10px;
	}
	.replay-controls h1 {
		font-size: 16pt;
		font-weight: normal;
		color: #CCC;
	}
	.pagelink {
		text-align: center;
	}
	.pagelink a {
		width: 150px;
	}
	.textbox, .button {
		font-size: 11pt;
		vertical-align: middle;
	}
	@media (max-width: 450px) {
		.button {
			font-size: 9pt;
		}
	}
</style>

<div>

	<header>
		<div class="nav-wrapper"><ul class="nav">
			<li><a class="button nav-first" href="//pokemonshowdown.com/"><img src="//pokemonshowdown.com/images/pokemonshowdownbeta.png" srcset="//pokemonshowdown.com/images/pokemonshowdownbeta.png 1x, //pokemonshowdown.com/images/pokemonshowdownbeta@2x.png 2x" alt="Pok&eacute;mon Showdown" width="146" height="44" /> Home</a></li>
			<li><a class="button" href="//pokemonshowdown.com/dex/">Pok&eacute;dex</a></li>
			<li><a class="button cur" href="/">Replays</a></li>
			<li><a class="button" href="//pokemonshowdown.com/ladder/">Ladder</a></li>
			<li><a class="button nav-last" href="//pokemonshowdown.com/forums/">Forum</a></li>
			<li><a class="button greenbutton nav-first nav-last" href="//play.pokemonshowdown.com/">Play</a></li>
		</ul></div>
	</header>

	<div class="main" id="main">

		<noscript><section class="section">You need to enable JavaScript to use this page; sorry!</section></noscript>

	</div>

</div>

<script defer nomodule src="//play.pokemonshowdown.com/js/lib/ps-polyfill.js"></script>
<script defer src="//play.pokemonshowdown.com/js/lib/preact.min.js"></script>

<script defer src="//play.pokemonshowdown.com/config/config.js?6dec07f6"></script>
<script defer src="//play.pokemonshowdown.com/js/lib/jquery-1.11.0.min.js"></script>
<script defer src="//play.pokemonshowdown.com/js/lib/html-sanitizer-minified.js"></script>
<script defer src="//play.pokemonshowdown.com/js/battle-sound.js"></script>
<script defer src="//play.pokemonshowdown.com/js/battledata.js?0.6315294753075389"></script>
<script defer src="//play.pokemonshowdown.com/data/pokedex-mini.js?0.7603743185311358"></script>
<script defer src="//play.pokemonshowdown.com/data/pokedex-mini-bw.js?0.030888842834281283"></script>
<script defer src="//play.pokemonshowdown.com/data/graphics.js?0.05593094747507488"></script>
<script defer src="//play.pokemonshowdown.com/data/pokedex.js?0.47064822249611904"></script>
<script defer src="//play.pokemonshowdown.com/data/moves.js?0.8583693120512459"></script>
<script defer src="//play.pokemonshowdown.com/data/abilities.js?0.16017181182386842"></script>
<script defer src="//play.pokemonshowdown.com/data/items.js?0.4163379185673943"></script>
<script defer src="//play.pokemonshowdown.com/data/teambuilder-tables.js?0.31075597372830477"></script>
<script defer src="//play.pokemonshowdown.com/js/battle-tooltips.js?0.6536193500708172"></script>
<script defer src="//play.pokemonshowdown.com/js/battle.js?0.1916591943277901"></script>

<script defer src="js/utils.js?e31f9a17"></script>
<script defer src="js/replays-battle.js?7008c182"></script>

<!-- don't scrape this data! just add .json or .log after the URL!
Full API docs: https://github.com/smogon/pokemon-showdown-client/blob/master/WEB-API.md -->
<script type="text/plain" class="log" id="replaylog-smogtours-gen3ou-800278">
|inactive|Battle timer is ON: inactive players will automatically lose when time's up.
|t:|1729396983
|gametype|singles
|player|p1|kewta|169|
|player|p2|Jsockamisama|265|
|teamsize|p1|6
|teamsize|p2|6
|gen|3
|tier|[Gen 3] OU
|rule|Sleep Clause Mod: Limit one foe put to sleep
|rule|Switch Priority Clause Mod: Faster Pokémon switch first
|rule|Species Clause: Limit one of each Pokémon
|rule|OHKO Clause: OHKO moves are banned
|rule|Evasion Items Clause: Evasion items are banned
|rule|Evasion Moves Clause: Evasion moves are banned
|rule|Endless Battle Clause: Forcing endless battles is banned
|rule|HP Percentage Mod: HP is shown in percentages
|rule|One Boost Passer Clause: Limit one Baton Passer that has a way to boost its stats
|rule|Freeze Clause Mod: Limit one foe frozen
|
|t:|1729396983
|start
|switch|p1a: Salamence|Salamence, M|100/100
|switch|p2a: Monodam|Tyranitar, F, shiny|100/100
|-ability|p1a: Salamence|Intimidate|boost
|-unboost|p2a: Monodam|atk|1
|-weather|Sandstorm|[from] ability: Sand Stream|[of] p2a: Monodam
|turn|1
|c|☆Jsockamisama|Glhf 
|inactive|Jsockamisama has 270 seconds left.
|
|t:|1729397029
|move|p1a: Salamence|Brick Break|p2a: Monodam
|-supereffective|p2a: Monodam
|-damage|p2a: Monodam|2/100
|move|p2a: Monodam|Rock Slide|p1a: Salamence
|-supereffective|p1a: Salamence
|-damage|p1a: Salamence|50/100
|
|-weather|Sandstorm|[upkeep]
|-damage|p1a: Salamence|44/100|[from] Sandstorm
|-heal|p1a: Salamence|50/100|[from] item: Leftovers
|upkeep
|turn|2
|
|t:|1729397042
|switch|p2a: Monosuke|Gengar, F, shiny|100/100
|move|p1a: Salamence|Dragon Claw|p2a: Monosuke
|-damage|p2a: Monosuke|52/100
|
|-weather|Sandstorm|[upkeep]
|-damage|p2a: Monosuke|46/100|[from] Sandstorm
|-damage|p1a: Salamence|44/100|[from] Sandstorm
|-heal|p2a: Monosuke|52/100|[from] item: Leftovers
|-heal|p1a: Salamence|50/100|[from] item: Leftovers
|upkeep
|turn|3
|
|t:|1729397052
|switch|p1a: Tyranitar|Tyranitar, M|100/100
|move|p2a: Monosuke|Ice Punch|p1a: Tyranitar
|-crit|p1a: Tyranitar
|-damage|p1a: Tyranitar|64/100
|
|-weather|Sandstorm|[upkeep]
|-damage|p2a: Monosuke|46/100|[from] Sandstorm
|-heal|p2a: Monosuke|52/100|[from] item: Leftovers
|-heal|p1a: Tyranitar|70/100|[from] item: Leftovers
|upkeep
|turn|4
|
|t:|1729397066
|-activate|p2a: Monosuke|move: Pursuit
|move|p1a: Tyranitar|Pursuit|p2a: Monosuke|[from]Pursuit
|-supereffective|p2a: Monosuke
|-damage|p2a: Monosuke|0 fnt
|faint|p2a: Monosuke
|-hint|Previously chosen switches continue in Gen 2-4 after a Pursuit target faints.
|switch|p2a: Monokid|Skarmory, M, shiny|100/100
|
|-weather|Sandstorm|[upkeep]
|-heal|p1a: Tyranitar|76/100|[from] item: Leftovers
|upkeep
|turn|5
|
|t:|1729397077
|move|p2a: Monokid|Spikes|p1a: Tyranitar
|-sidestart|p1: kewta|Spikes
|move|p1a: Tyranitar|Fire Blast|p2a: Monokid|[miss]
|-miss|p1a: Tyranitar|p2a: Monokid
|
|-weather|Sandstorm|[upkeep]
|-heal|p1a: Tyranitar|82/100|[from] item: Leftovers
|upkeep
|turn|6
|
|t:|1729397090
|switch|p2a: Monophanie|Blissey, F, shiny|100/100
|move|p1a: Tyranitar|Fire Blast|p2a: Monophanie
|-damage|p2a: Monophanie|87/100
|
|-weather|Sandstorm|[upkeep]
|-damage|p2a: Monophanie|80/100|[from] Sandstorm
|-heal|p1a: Tyranitar|88/100|[from] item: Leftovers
|-heal|p2a: Monophanie|87/100|[from] item: Leftovers
|upkeep
|turn|7
|
|t:|1729397117
|switch|p1a: Jirachi|Jirachi|100/100
|-damage|p1a: Jirachi|88/100|[from] Spikes
|move|p2a: Monophanie|Thunder Wave|p1a: Jirachi
|-status|p1a: Jirachi|par
|
|-weather|Sandstorm|[upkeep]
|-damage|p2a: Monophanie|80/100|[from] Sandstorm
|-heal|p2a: Monophanie|87/100|[from] item: Leftovers
|-heal|p1a: Jirachi|94/100 par|[from] item: Leftovers
|upkeep
|turn|8
|
|t:|1729397126
|move|p2a: Monophanie|Seismic Toss|p1a: Jirachi
|-damage|p1a: Jirachi|70/100 par
|cant|p1a: Jirachi|par
|
|-weather|Sandstorm|[upkeep]
|-damage|p2a: Monophanie|80/100|[from] Sandstorm
|-heal|p2a: Monophanie|87/100|[from] item: Leftovers
|-heal|p1a: Jirachi|76/100 par|[from] item: Leftovers
|upkeep
|turn|9
|
|t:|1729397132
|move|p2a: Monophanie|Seismic Toss|p1a: Jirachi
|-damage|p1a: Jirachi|51/100 par
|cant|p1a: Jirachi|par
|
|-weather|Sandstorm|[upkeep]
|-damage|p2a: Monophanie|80/100|[from] Sandstorm
|-heal|p2a: Monophanie|87/100|[from] item: Leftovers
|-heal|p1a: Jirachi|57/100 par|[from] item: Leftovers
|upkeep
|turn|10
|
|t:|1729397137
|move|p2a: Monophanie|Seismic Toss|p1a: Jirachi
|-damage|p1a: Jirachi|32/100 par
|move|p1a: Jirachi|Toxic|p2a: Monophanie
|-status|p2a: Monophanie|tox
|
|-weather|Sandstorm|[upkeep]
|-damage|p2a: Monophanie|80/100 tox|[from] Sandstorm
|-heal|p2a: Monophanie|87/100 tox|[from] item: Leftovers
|-damage|p2a: Monophanie|80/100 tox|[from] psn
|-heal|p1a: Jirachi|39/100 par|[from] item: Leftovers
|upkeep
|turn|11
|
|t:|1729397145
|move|p2a: Monophanie|Seismic Toss|p1a: Jirachi
|-damage|p1a: Jirachi|14/100 par
|move|p1a: Jirachi|Wish|p1a: Jirachi
|
|-weather|Sandstorm|[upkeep]
|-damage|p2a: Monophanie|74/100 tox|[from] Sandstorm
|-heal|p2a: Monophanie|80/100 tox|[from] item: Leftovers
|-damage|p2a: Monophanie|68/100 tox|[from] psn
|-heal|p1a: Jirachi|20/100 par|[from] item: Leftovers
|upkeep
|turn|12
|
|t:|1729397152
|-curestatus|p2a: Monophanie|tox|[from] ability: Natural Cure
|switch|p2a: Monodam|Tyranitar, F, shiny|2/100
|move|p1a: Jirachi|Protect||[still]
|-fail|p1a: Jirachi
|
|-heal|p1a: Jirachi|70/100 par|[from] move: Wish|[wisher] Jirachi
|-weather|Sandstorm|[upkeep]
|-heal|p1a: Jirachi|76/100 par|[from] item: Leftovers
|upkeep
|turn|13
|
|t:|1729397160
|move|p2a: Monodam|Flamethrower|p1a: Jirachi
|-supereffective|p1a: Jirachi
|-damage|p1a: Jirachi|28/100 par
|cant|p1a: Jirachi|par
|
|-weather|Sandstorm|[upkeep]
|-heal|p1a: Jirachi|34/100 par|[from] item: Leftovers
|upkeep
|turn|14
|c|☆Jsockamisama|Mb
|
|t:|1729397184
|move|p2a: Monodam|Flamethrower|p1a: Jirachi
|-supereffective|p1a: Jirachi
|-damage|p1a: Jirachi|0 fnt
|faint|p1a: Jirachi
|
|t:|1729397189
|switch|p1a: Salamence|Salamence, M|50/100
|-ability|p1a: Salamence|Intimidate|boost
|-unboost|p2a: Monodam|atk|1
|
|-weather|Sandstorm|[upkeep]
|-damage|p1a: Salamence|44/100|[from] Sandstorm
|-heal|p1a: Salamence|50/100|[from] item: Leftovers
|upkeep
|turn|15
|
|t:|1729397199
|switch|p2a: Monotaro|Swampert, F|100/100
|move|p1a: Salamence|Dragon Claw|p2a: Monotaro
|-damage|p2a: Monotaro|67/100
|
|-weather|Sandstorm|[upkeep]
|-damage|p1a: Salamence|44/100|[from] Sandstorm
|-heal|p1a: Salamence|50/100|[from] item: Leftovers
|-heal|p2a: Monotaro|74/100|[from] item: Leftovers
|upkeep
|turn|16
|
|t:|1729397211
|switch|p1a: Forretress|Forretress, M|100/100
|-damage|p1a: Forretress|88/100|[from] Spikes
|move|p2a: Monotaro|Protect||[still]
|-fail|p2a: Monotaro
|
|-weather|Sandstorm|[upkeep]
|-heal|p2a: Monotaro|80/100|[from] item: Leftovers
|-heal|p1a: Forretress|94/100|[from] item: Leftovers
|upkeep
|turn|17
|
|t:|1729397220
|move|p1a: Forretress|Rapid Spin|p2a: Monotaro
|-damage|p2a: Monotaro|77/100
|-sideend|p1: kewta|Spikes|[from] move: Rapid Spin|[of] p1a: Forretress
|move|p2a: Monotaro|Roar|p1a: Forretress
|drag|p1a: Tyranitar|Tyranitar, M|88/100
|
|-weather|Sandstorm|[upkeep]
|-heal|p1a: Tyranitar|94/100|[from] item: Leftovers
|-heal|p2a: Monotaro|83/100|[from] item: Leftovers
|upkeep
|turn|18
|
|t:|1729397231
|switch|p1a: Blissey|Blissey, F|100/100
|switch|p2a: Monophanie|Blissey, F, shiny|68/100
|
|-weather|Sandstorm|[upkeep]
|-damage|p2a: Monophanie|62/100|[from] Sandstorm
|-damage|p1a: Blissey|94/100|[from] Sandstorm
|-heal|p2a: Monophanie|68/100|[from] item: Leftovers
|-heal|p1a: Blissey|100/100|[from] item: Leftovers
|upkeep
|turn|19
|
|t:|1729397253
|move|p2a: Monophanie|Thunder Wave|p1a: Blissey
|-status|p1a: Blissey|par
|cant|p1a: Blissey|par
|
|-weather|Sandstorm|[upkeep]
|-damage|p2a: Monophanie|62/100|[from] Sandstorm
|-damage|p1a: Blissey|94/100 par|[from] Sandstorm
|-heal|p2a: Monophanie|68/100|[from] item: Leftovers
|-heal|p1a: Blissey|100/100 par|[from] item: Leftovers
|upkeep
|turn|20
|
|t:|1729397268
|switch|p2a: Monokid|Skarmory, M, shiny|100/100
|move|p1a: Blissey|Thunder Wave|p2a: Monokid
|-status|p2a: Monokid|par
|
|-weather|Sandstorm|[upkeep]
|-damage|p1a: Blissey|94/100 par|[from] Sandstorm
|-heal|p1a: Blissey|100/100 par|[from] item: Leftovers
|upkeep
|turn|21
|
|t:|1729397274
|-curestatus|p1a: Blissey|par|[from] ability: Natural Cure
|switch|p1a: Forretress|Forretress, M|94/100
|move|p2a: Monokid|Spikes|p1a: Forretress
|-sidestart|p1: kewta|Spikes
|
|-weather|Sandstorm|[upkeep]
|-heal|p1a: Forretress|100/100|[from] item: Leftovers
|upkeep
|turn|22
|
|t:|1729397284
|switch|p2a: K1-B0|Medicham, F, shiny|100/100
|move|p1a: Forretress|Spikes|p2a: K1-B0
|-sidestart|p2: Jsockamisama|Spikes
|
|-weather|Sandstorm|[upkeep]
|-damage|p2a: K1-B0|94/100|[from] Sandstorm
|-heal|p2a: K1-B0|100/100|[from] item: Leftovers
|upkeep
|turn|23
|
|t:|1729397300
|move|p2a: K1-B0|Brick Break|p1a: Forretress
|-damage|p1a: Forretress|60/100
|move|p1a: Forretress|Earthquake|p2a: K1-B0
|-damage|p2a: K1-B0|68/100
|
|-weather|Sandstorm|[upkeep]
|-damage|p2a: K1-B0|62/100|[from] Sandstorm
|-heal|p2a: K1-B0|68/100|[from] item: Leftovers
|-heal|p1a: Forretress|66/100|[from] item: Leftovers
|upkeep
|turn|24
|
|t:|1729397311
|move|p2a: K1-B0|Brick Break|p1a: Forretress
|-damage|p1a: Forretress|25/100
|move|p1a: Forretress|Explosion|p2a: K1-B0
|-damage|p2a: K1-B0|0 fnt
|faint|p1a: Forretress
|faint|p2a: K1-B0
|
|t:|1729397319
|switch|p2a: Monokid|Skarmory, M, shiny|100/100 par
|switch|p1a: Salamence|Salamence, M|50/100
|-ability|p1a: Salamence|Intimidate|boost
|-unboost|p2a: Monokid|atk|1
|
|-weather|Sandstorm|[upkeep]
|-damage|p1a: Salamence|44/100|[from] Sandstorm
|-heal|p1a: Salamence|50/100|[from] item: Leftovers
|upkeep
|turn|25
|
|t:|1729397325
|move|p1a: Salamence|Fire Blast|p2a: Monokid
|-supereffective|p2a: Monokid
|-damage|p2a: Monokid|22/100 par
|cant|p2a: Monokid|par
|
|-weather|Sandstorm|[upkeep]
|-damage|p1a: Salamence|44/100|[from] Sandstorm
|-heal|p1a: Salamence|50/100|[from] item: Leftovers
|-heal|p2a: Monokid|28/100 par|[from] item: Leftovers
|upkeep
|turn|26
|
|t:|1729397334
|move|p2a: Monokid|Protect|p2a: Monokid
|-singleturn|p2a: Monokid|Protect
|move|p1a: Salamence|Fire Blast|p2a: Monokid|[miss]
|-miss|p1a: Salamence|p2a: Monokid
|
|-weather|Sandstorm|[upkeep]
|-damage|p1a: Salamence|44/100|[from] Sandstorm
|-heal|p1a: Salamence|50/100|[from] item: Leftovers
|-heal|p2a: Monokid|34/100 par|[from] item: Leftovers
|upkeep
|turn|27
|
|t:|1729397341
|move|p1a: Salamence|Fire Blast|p2a: Monokid
|-supereffective|p2a: Monokid
|-damage|p2a: Monokid|0 fnt
|faint|p2a: Monokid
|
|t:|1729397344
|switch|p2a: Monophanie|Blissey, F, shiny|68/100
|-damage|p2a: Monophanie|56/100|[from] Spikes
|
|-weather|Sandstorm|[upkeep]
|-damage|p1a: Salamence|44/100|[from] Sandstorm
|-damage|p2a: Monophanie|49/100|[from] Sandstorm
|-heal|p1a: Salamence|50/100|[from] item: Leftovers
|-heal|p2a: Monophanie|56/100|[from] item: Leftovers
|upkeep
|turn|28
|
|t:|1729397355
|move|p1a: Salamence|Brick Break|p2a: Monophanie
|-supereffective|p2a: Monophanie
|-damage|p2a: Monophanie|14/100
|move|p2a: Monophanie|Ice Beam|p1a: Salamence
|-supereffective|p1a: Salamence
|-crit|p1a: Salamence
|-damage|p1a: Salamence|0 fnt
|faint|p1a: Salamence
|
|t:|1729397362
|switch|p1a: Aerodactyl|Aerodactyl, M|100/100
|
|-weather|Sandstorm|[upkeep]
|-damage|p2a: Monophanie|8/100|[from] Sandstorm
|-heal|p2a: Monophanie|14/100|[from] item: Leftovers
|upkeep
|turn|29
|
|t:|1729397369
|switch|p2a: Monodam|Tyranitar, F, shiny|2/100
|-damage|p2a: Monodam|0 fnt|[from] Spikes
|faint|p2a: Monodam
|
|t:|1729397372
|switch|p2a: Monotaro|Swampert, F|83/100
|-damage|p2a: Monotaro|70/100|[from] Spikes
|
|-weather|Sandstorm|[upkeep]
|-heal|p2a: Monotaro|77/100|[from] item: Leftovers
|upkeep
|turn|30
|
|t:|1729397379
|switch|p1a: Blissey|Blissey, F|100/100
|-damage|p1a: Blissey|88/100|[from] Spikes
|move|p2a: Monotaro|Ice Beam|p1a: Blissey
|-damage|p1a: Blissey|81/100
|
|-weather|Sandstorm|[upkeep]
|-damage|p1a: Blissey|74/100|[from] Sandstorm
|-heal|p1a: Blissey|81/100|[from] item: Leftovers
|-heal|p2a: Monotaro|83/100|[from] item: Leftovers
|upkeep
|turn|31
|
|t:|1729397383
|move|p2a: Monotaro|Protect|p2a: Monotaro
|-singleturn|p2a: Monotaro|Protect
|move|p1a: Blissey|Seismic Toss|p2a: Monotaro
|-activate|p2a: Monotaro|Protect
|
|-weather|Sandstorm|[upkeep]
|-damage|p1a: Blissey|74/100|[from] Sandstorm
|-heal|p1a: Blissey|81/100|[from] item: Leftovers
|-heal|p2a: Monotaro|89/100|[from] item: Leftovers
|upkeep
|turn|32
|
|t:|1729397392
|move|p1a: Blissey|Seismic Toss|p2a: Monotaro
|-damage|p2a: Monotaro|64/100
|move|p2a: Monotaro|Roar|p1a: Blissey
|drag|p1a: Tyranitar|Tyranitar, M|94/100
|-damage|p1a: Tyranitar|82/100|[from] Spikes
|
|-weather|Sandstorm|[upkeep]
|-heal|p1a: Tyranitar|88/100|[from] item: Leftovers
|-heal|p2a: Monotaro|70/100|[from] item: Leftovers
|upkeep
|turn|33
|
|t:|1729397413
|move|p1a: Tyranitar|Crunch|p2a: Monotaro
|-crit|p2a: Monotaro
|-damage|p2a: Monotaro|12/100
|move|p2a: Monotaro|Earthquake|p1a: Tyranitar
|-supereffective|p1a: Tyranitar
|-damage|p1a: Tyranitar|28/100
|
|-weather|Sandstorm|[upkeep]
|-heal|p1a: Tyranitar|34/100|[from] item: Leftovers
|-heal|p2a: Monotaro|18/100|[from] item: Leftovers
|upkeep
|turn|34
|
|t:|1729397419
|move|p2a: Monotaro|Protect|p2a: Monotaro
|-singleturn|p2a: Monotaro|Protect
|move|p1a: Tyranitar|Crunch|p2a: Monotaro
|-activate|p2a: Monotaro|Protect
|
|-weather|Sandstorm|[upkeep]
|-heal|p1a: Tyranitar|40/100|[from] item: Leftovers
|-heal|p2a: Monotaro|24/100|[from] item: Leftovers
|upkeep
|turn|35
|
|t:|1729397427
|move|p1a: Tyranitar|Crunch|p2a: Monotaro
|-damage|p2a: Monotaro|0 fnt
|faint|p2a: Monotaro
|
|t:|1729397429
|switch|p2a: Monophanie|Blissey, F, shiny|14/100
|-damage|p2a: Monophanie|2/100|[from] Spikes
|
|-weather|Sandstorm|[upkeep]
|-damage|p2a: Monophanie|0 fnt|[from] Sandstorm
|faint|p2a: Monophanie
|
|win|kewta
|upkeep
|c|☆Jsockamisama|Gg
|player|p2|

</script>
<script type="application/json" class="data" id="replaydata-smogtours-gen3ou-800278">
{"id":"smogtours-gen3ou-800278","format":"[Gen 3] OU","players":["kewta","Jsockamisama"],"uploadtime":1729397429,"views":79,"formatid":"gen3ou","rating":null,"private":0,"password":null}
</script>

<script defer src="js/replays.js?9d40a366"></script>
