<!DOCTYPE html>
<meta charset="utf-8" />
<meta name="viewport" content="width=device-width" />

<title>[Gen 3] OU: Sieeeffmon vs. antantantantant - Replays - Pok&eacute;mon Showdown!</title>

<meta name="description" content="Watch a replay of a Pok&eacute;mon battle between Sieeeffmon and antantantantant! Format: [Gen 3] OU; Date: Nov 5, 2024" />
<!--

Hey, you! Looking in the source for the replay log?

You can find them in JSON format, just add `.json` at the end of a replay URL.

https://replay.pokemonshowdown.com/gen7randomdoublesbattle-865046831.json

Or, if you only need the log itself, add `.log` instead:

https://replay.pokemonshowdown.com/gen7randomdoublesbattle-865046831.log

-->

<link rel="stylesheet" href="//pokemonshowdown.com/style/global.css?0.023195364461161105" />
<link rel="stylesheet" href="//play.pokemonshowdown.com/style/font-awesome.css?0.13261647063804238" />
<link rel="stylesheet" href="//play.pokemonshowdown.com/style/battle.css?0.8753245789963631" />
<link rel="stylesheet" href="//play.pokemonshowdown.com/style/utilichart.css?0.8627959624976733" />

<!-- Global site tag (gtag.js) - Google Analytics -->
<script async src="https://www.googletagmanager.com/gtag/js?id=UA-26211653-1"></script>
<script>
  window.dataLayer = window.dataLayer || [];
  function gtag(){dataLayer.push(arguments);}
  gtag('js', new Date());

  gtag('config', 'UA-26211653-1');
</script>
<!-- End Google Analytics -->
<!-- Venatus Ad Manager - Install in <HEAD> of page -->
	<script src="https://hb.vntsm.com/v3/live/ad-manager.min.js" type="text/javascript" data-site-id="642aba63ec9a7b11c3c9c1be" data-mode="scan" async></script>
<!-- / Venatus Ad Manager -->

<style>
	@media (max-width:820px) {
		.battle {
			margin: 0 auto;
		}
		.battle-log {
			margin: 7px auto 0;
			max-width: 640px;
			height: 300px;
			position: static;
		}
	}
	.optgroup {
		display: inline-block;
		line-height: 22px;
		font-size: 10pt;
	}
	.optgroup .button {
		height: 25px;
		padding-top: 0;
		padding-bottom: 0;
	}
	.optgroup button.button {
		padding-left: 12px;
		padding-right: 12px;
	}
	.linklist {
		list-style: none;
		margin: 0.5em 0;
		padding: 0;
	}
	.linklist li {
		padding: 2px 0;
	}
	.sidebar {
		float: left;
		width: 320px;
	}
	.bar-wrapper {
		max-width: 1100px;
		margin: 0 auto;
	}
	.bar-wrapper.has-sidebar {
		max-width: 1430px;
	}
	.mainbar {
		margin: 0;
		padding-right: 1px;
	}
	.mainbar.has-sidebar {
		margin-left: 330px;
	}
	@media (min-width: 1511px) {
		.sidebar {
			width: 400px;
		}
		.bar-wrapper.has-sidebar {
			max-width: 1510px;
		}
		.mainbar.has-sidebar {
			margin-left: 410px;
		}
	}
	.section.first-section {
		margin-top: 9px;
	}
	.blocklink small {
		white-space: normal;
	}
	.button {
		vertical-align: middle;
	}
	.replay-controls {
		padding-top: 10px;
	}
	.replay-controls h1 {
		font-size: 16pt;
		font-weight: normal;
		color: #CCC;
	}
	.pagelink {
		text-align: center;
	}
	.pagelink a {
		width: 150px;
	}
	.textbox, .button {
		font-size: 11pt;
		vertical-align: middle;
	}
	@media (max-width: 450px) {
		.button {
			font-size: 9pt;
		}
	}
</style>

<div>

	<header>
		<div class="nav-wrapper"><ul class="nav">
			<li><a class="button nav-first" href="//pokemonshowdown.com/"><img src="//pokemonshowdown.com/images/pokemonshowdownbeta.png" srcset="//pokemonshowdown.com/images/pokemonshowdownbeta.png 1x, //pokemonshowdown.com/images/pokemonshowdownbeta@2x.png 2x" alt="Pok&eacute;mon Showdown" width="146" height="44" /> Home</a></li>
			<li><a class="button" href="//pokemonshowdown.com/dex/">Pok&eacute;dex</a></li>
			<li><a class="button cur" href="/">Replays</a></li>
			<li><a class="button" href="//pokemonshowdown.com/ladder/">Ladder</a></li>
			<li><a class="button nav-last" href="//pokemonshowdown.com/forums/">Forum</a></li>
			<li><a class="button greenbutton nav-first nav-last" href="//play.pokemonshowdown.com/">Play</a></li>
		</ul></div>
	</header>

	<div class="main" id="main">

		<noscript><section class="section">You need to enable JavaScript to use this page; sorry!</section></noscript>

	</div>

</div>

<script defer nomodule src="//play.pokemonshowdown.com/js/lib/ps-polyfill.js"></script>
<script defer src="//play.pokemonshowdown.com/js/lib/preact.min.js"></script>

<script defer src="//play.pokemonshowdown.com/config/config.js?2bddbc15"></script>
<script defer src="//play.pokemonshowdown.com/js/lib/jquery-1.11.0.min.js"></script>
<script defer src="//play.pokemonshowdown.com/js/lib/html-sanitizer-minified.js"></script>
<script defer src="//play.pokemonshowdown.com/js/battle-sound.js"></script>
<script defer src="//play.pokemonshowdown.com/js/battledata.js?0.7209276989879541"></script>
<script defer src="//play.pokemonshowdown.com/data/pokedex-mini.js?0.6111056340867951"></script>
<script defer src="//play.pokemonshowdown.com/data/pokedex-mini-bw.js?0.3532142036491459"></script>
<script defer src="//play.pokemonshowdown.com/data/graphics.js?0.24223875632456182"></script>
<script defer src="//play.pokemonshowdown.com/data/pokedex.js?0.38839984266356864"></script>
<script defer src="//play.pokemonshowdown.com/data/moves.js?0.21866028504024015"></script>
<script defer src="//play.pokemonshowdown.com/data/abilities.js?0.2005157953846628"></script>
<script defer src="//play.pokemonshowdown.com/data/items.js?0.9894211263848525"></script>
<script defer src="//play.pokemonshowdown.com/data/teambuilder-tables.js?0.6008791140282215"></script>
<script defer src="//play.pokemonshowdown.com/js/battle-tooltips.js?0.7580118955022959"></script>
<script defer src="//play.pokemonshowdown.com/js/battle.js?0.6057722274234274"></script>

<script defer src="js/utils.js?e31f9a17"></script>
<script defer src="js/replays-battle.js?7008c182"></script>

<!-- don't scrape this data! just add .json or .log after the URL!
Full API docs: https://github.com/smogon/pokemon-showdown-client/blob/master/WEB-API.md -->
<script type="text/plain" class="log" id="replaylog-smogtours-gen3ou-804900">
|inactive|Battle timer is ON: inactive players will automatically lose when time's up.
|t:|1730827513
|gametype|singles
|player|p1|Sieeeffmon|169|
|player|p2|antantantantant|170|
|teamsize|p1|6
|teamsize|p2|6
|gen|3
|tier|[Gen 3] OU
|rule|Sleep Clause Mod: Limit one foe put to sleep
|rule|Switch Priority Clause Mod: Faster Pokémon switch first
|rule|Species Clause: Limit one of each Pokémon
|rule|OHKO Clause: OHKO moves are banned
|rule|Evasion Items Clause: Evasion items are banned
|rule|Evasion Moves Clause: Evasion moves are banned
|rule|Endless Battle Clause: Forcing endless battles is banned
|rule|HP Percentage Mod: HP is shown in percentages
|rule|One Boost Passer Clause: Limit one Baton Passer that has a way to boost its stats
|rule|Freeze Clause Mod: Limit one foe frozen
|
|t:|1730827513
|start
|switch|p1a: Zapdos|Zapdos|100/100
|switch|p2a: Tyranitar|Tyranitar, F|100/100
|-weather|Sandstorm|[from] ability: Sand Stream|[of] p2a: Tyranitar
|turn|1
|c|☆antantantantant|glhf
|c|☆Sieeeffmon|u2!
|
|t:|1730827536
|switch|p1a: Swampert|Swampert, F|100/100
|move|p2a: Tyranitar|Hidden Power|p1a: Swampert
|-supereffective|p1a: Swampert
|-damage|p1a: Swampert|33/100
|
|-weather|Sandstorm|[upkeep]
|-heal|p1a: Swampert|39/100|[from] item: Leftovers
|upkeep
|turn|2
|
|t:|1730827557
|switch|p1a: Celebi|Celebi|100/100
|move|p2a: Tyranitar|Hidden Power|p1a: Celebi
|-resisted|p1a: Celebi
|-damage|p1a: Celebi|92/100
|
|-weather|Sandstorm|[upkeep]
|-damage|p1a: Celebi|86/100|[from] Sandstorm
|-heal|p1a: Celebi|92/100|[from] item: Leftovers
|upkeep
|turn|3
|
|t:|1730827565
|move|p1a: Celebi|Leech Seed|p2a: Tyranitar
|-start|p2a: Tyranitar|move: Leech Seed
|move|p2a: Tyranitar|Fire Blast|p1a: Celebi
|-supereffective|p1a: Celebi
|-damage|p1a: Celebi|33/100
|-status|p1a: Celebi|brn
|
|-weather|Sandstorm|[upkeep]
|-damage|p1a: Celebi|27/100 brn|[from] Sandstorm
|-heal|p1a: Celebi|33/100 brn|[from] item: Leftovers
|-damage|p1a: Celebi|21/100 brn|[from] brn
|-damage|p2a: Tyranitar|88/100|[from] Leech Seed|[of] p1a: Celebi
|-heal|p1a: Celebi|31/100 brn|[silent]
|upkeep
|turn|4
|inactive|Sieeeffmon has 270 seconds left.
|
|t:|1730827594
|move|p1a: Celebi|Giga Drain|p2a: Tyranitar
|-supereffective|p2a: Tyranitar
|-damage|p2a: Tyranitar|33/100
|-heal|p1a: Celebi|56/100 brn|[from] drain|[of] p2a: Tyranitar
|move|p2a: Tyranitar|Ice Beam|p1a: Celebi
|-supereffective|p1a: Celebi
|-damage|p1a: Celebi|9/100 brn
|
|-weather|Sandstorm|[upkeep]
|-damage|p1a: Celebi|3/100 brn|[from] Sandstorm
|-heal|p1a: Celebi|9/100 brn|[from] item: Leftovers
|-damage|p1a: Celebi|0 fnt|[from] brn
|faint|p1a: Celebi
|upkeep
|inactive|Sieeeffmon has 270 seconds left.
|
|t:|1730827619
|switch|p1a: Dugtrio|Dugtrio, M|100/100
|turn|5
|
|t:|1730827624
|move|p1a: Dugtrio|Earthquake|p2a: Tyranitar
|-supereffective|p2a: Tyranitar
|-damage|p2a: Tyranitar|0 fnt
|faint|p2a: Tyranitar
|
|t:|1730827645
|switch|p2a: Aerodactyl|Aerodactyl, M|100/100
|
|-weather|Sandstorm|[upkeep]
|upkeep
|turn|6
|inactive|Sieeeffmon has 270 seconds left.
|
|t:|1730827658
|switch|p1a: Jirachi|Jirachi|100/100
|move|p2a: Aerodactyl|Double-Edge|p1a: Jirachi
|-resisted|p1a: Jirachi
|-damage|p1a: Jirachi|81/100
|
|-weather|Sandstorm|[upkeep]
|-heal|p1a: Jirachi|88/100|[from] item: Leftovers
|upkeep
|turn|7
|inactive|Sieeeffmon has 270 seconds left.
|
|t:|1730827670
|switch|p2a: Skarmory|Skarmory, F|100/100
|switch|p1a: Dugtrio|Dugtrio, M|100/100
|
|-weather|Sandstorm|[upkeep]
|upkeep
|turn|8
|inactive|Sieeeffmon has 270 seconds left.
|
|t:|1730827677
|switch|p1a: Zapdos|Zapdos|100/100
|move|p2a: Skarmory|Spikes|p1a: Zapdos
|-sidestart|p1: Sieeeffmon|Spikes
|
|-weather|Sandstorm|[upkeep]
|-damage|p1a: Zapdos|94/100|[from] Sandstorm
|-heal|p1a: Zapdos|100/100|[from] item: Leftovers
|upkeep
|turn|9
|
|t:|1730827690
|switch|p2a: Jirachi|Jirachi|100/100
|move|p1a: Zapdos|Thunderbolt|p2a: Jirachi
|-damage|p2a: Jirachi|70/100
|-status|p2a: Jirachi|par
|
|-weather|Sandstorm|[upkeep]
|-damage|p1a: Zapdos|94/100|[from] Sandstorm
|-heal|p1a: Zapdos|100/100|[from] item: Leftovers
|-heal|p2a: Jirachi|76/100 par|[from] item: Leftovers
|upkeep
|turn|10
|inactive|Sieeeffmon has 270 seconds left.
|
|t:|1730827714
|switch|p1a: Dugtrio|Dugtrio, M|100/100
|-damage|p1a: Dugtrio|88/100|[from] Spikes
|switch|p2a: Zapdos|Zapdos|100/100
|
|-weather|Sandstorm|[upkeep]
|-damage|p2a: Zapdos|94/100|[from] Sandstorm
|-heal|p2a: Zapdos|100/100|[from] item: Leftovers
|upkeep
|turn|11
|inactive|Sieeeffmon has 270 seconds left.
|
|t:|1730827733
|switch|p1a: Zapdos|Zapdos|100/100
|move|p2a: Zapdos|Thunderbolt|p1a: Zapdos
|-damage|p1a: Zapdos|49/100
|
|-weather|Sandstorm|[upkeep]
|-damage|p2a: Zapdos|94/100|[from] Sandstorm
|-damage|p1a: Zapdos|43/100|[from] Sandstorm
|-heal|p2a: Zapdos|100/100|[from] item: Leftovers
|-heal|p1a: Zapdos|49/100|[from] item: Leftovers
|upkeep
|turn|12
|inactive|Sieeeffmon has 240 seconds left.
|
|t:|1730827774
|switch|p1a: Dugtrio|Dugtrio, M|88/100
|-damage|p1a: Dugtrio|76/100|[from] Spikes
|move|p2a: Zapdos|Thunderbolt|p1a: Dugtrio
|-immune|p1a: Dugtrio
|
|-weather|Sandstorm|[upkeep]
|-damage|p2a: Zapdos|94/100|[from] Sandstorm
|-heal|p2a: Zapdos|100/100|[from] item: Leftovers
|upkeep
|turn|13
|
|t:|1730827778
|switch|p2a: Skarmory|Skarmory, F|100/100
|move|p1a: Dugtrio|Rock Slide|p2a: Skarmory
|-damage|p2a: Skarmory|79/100
|
|-weather|Sandstorm|[upkeep]
|-heal|p2a: Skarmory|85/100|[from] item: Leftovers
|upkeep
|turn|14
|
|t:|1730827786
|switch|p1a: Zapdos|Zapdos|49/100
|move|p2a: Skarmory|Toxic|p1a: Zapdos
|-status|p1a: Zapdos|tox
|
|-weather|Sandstorm|[upkeep]
|-damage|p1a: Zapdos|43/100 tox|[from] Sandstorm
|-heal|p1a: Zapdos|49/100 tox|[from] item: Leftovers
|-damage|p1a: Zapdos|43/100 tox|[from] psn
|-heal|p2a: Skarmory|91/100|[from] item: Leftovers
|upkeep
|turn|15
|
|t:|1730827791
|move|p2a: Skarmory|Protect|p2a: Skarmory
|-singleturn|p2a: Skarmory|Protect
|move|p1a: Zapdos|Thunderbolt|p2a: Skarmory
|-activate|p2a: Skarmory|Protect
|
|-weather|Sandstorm|[upkeep]
|-damage|p1a: Zapdos|36/100 tox|[from] Sandstorm
|-heal|p1a: Zapdos|43/100 tox|[from] item: Leftovers
|-damage|p1a: Zapdos|30/100 tox|[from] psn
|-heal|p2a: Skarmory|97/100|[from] item: Leftovers
|upkeep
|turn|16
|
|t:|1730827795
|switch|p2a: Jirachi|Jirachi|76/100 par
|move|p1a: Zapdos|Thunderbolt|p2a: Jirachi
|-damage|p2a: Jirachi|43/100 par
|
|-weather|Sandstorm|[upkeep]
|-damage|p1a: Zapdos|24/100 tox|[from] Sandstorm
|-heal|p1a: Zapdos|30/100 tox|[from] item: Leftovers
|-damage|p1a: Zapdos|12/100 tox|[from] psn
|-heal|p2a: Jirachi|49/100 par|[from] item: Leftovers
|upkeep
|turn|17
|
|t:|1730827804
|switch|p1a: Dugtrio|Dugtrio, M|76/100
|-damage|p1a: Dugtrio|64/100|[from] Spikes
|move|p2a: Jirachi|Protect||[still]
|-fail|p2a: Jirachi
|
|-weather|Sandstorm|[upkeep]
|-heal|p2a: Jirachi|55/100 par|[from] item: Leftovers
|upkeep
|turn|18
|
|t:|1730827809
|move|p1a: Dugtrio|Earthquake|p2a: Jirachi
|-supereffective|p2a: Jirachi
|-crit|p2a: Jirachi
|-damage|p2a: Jirachi|0 fnt
|faint|p2a: Jirachi
|inactive|antantantantant has 270 seconds left.
|
|t:|1730827849
|switch|p2a: Skarmory|Skarmory, F|97/100
|
|-weather|Sandstorm|[upkeep]
|-heal|p2a: Skarmory|100/100|[from] item: Leftovers
|upkeep
|turn|19
|
|t:|1730827856
|switch|p1a: Gengar|Gengar, M|100/100
|move|p2a: Skarmory|Spikes|p1a: Gengar
|-sidestart|p1: Sieeeffmon|Spikes
|
|-weather|Sandstorm|[upkeep]
|-damage|p1a: Gengar|94/100|[from] Sandstorm
|-heal|p1a: Gengar|100/100|[from] item: Leftovers
|upkeep
|turn|20
|inactive|antantantantant has 270 seconds left.
|
|t:|1730827891
|move|p2a: Skarmory|Protect|p2a: Skarmory
|-singleturn|p2a: Skarmory|Protect
|move|p1a: Gengar|Will-O-Wisp|p2a: Skarmory
|-activate|p2a: Skarmory|Protect
|
|-weather|Sandstorm|[upkeep]
|-damage|p1a: Gengar|94/100|[from] Sandstorm
|-heal|p1a: Gengar|100/100|[from] item: Leftovers
|upkeep
|turn|21
|
|t:|1730827896
|switch|p2a: Zapdos|Zapdos|100/100
|move|p1a: Gengar|Will-O-Wisp|p2a: Zapdos
|-status|p2a: Zapdos|brn
|
|-weather|Sandstorm|[upkeep]
|-damage|p1a: Gengar|94/100|[from] Sandstorm
|-damage|p2a: Zapdos|94/100 brn|[from] Sandstorm
|-heal|p1a: Gengar|100/100|[from] item: Leftovers
|-heal|p2a: Zapdos|100/100 brn|[from] item: Leftovers
|-damage|p2a: Zapdos|88/100 brn|[from] brn
|upkeep
|turn|22
|
|t:|1730827924
|switch|p1a: Swampert|Swampert, F|39/100
|-damage|p1a: Swampert|22/100|[from] Spikes
|move|p2a: Zapdos|Thunderbolt|p1a: Swampert
|-immune|p1a: Swampert
|
|-weather|Sandstorm|[upkeep]
|-damage|p2a: Zapdos|82/100 brn|[from] Sandstorm
|-heal|p2a: Zapdos|88/100 brn|[from] item: Leftovers
|-damage|p2a: Zapdos|76/100 brn|[from] brn
|-heal|p1a: Swampert|29/100|[from] item: Leftovers
|upkeep
|turn|23
|
|t:|1730827940
|switch|p1a: Zapdos|Zapdos|12/100 tox
|move|p2a: Zapdos|Hidden Power|p1a: Zapdos
|-resisted|p1a: Zapdos
|-damage|p1a: Zapdos|0 fnt
|faint|p1a: Zapdos
|inactive|Sieeeffmon has 270 seconds left.
|inactive|Sieeeffmon has 240 seconds left.
|
|t:|1730827985
|switch|p1a: Dugtrio|Dugtrio, M|64/100
|-damage|p1a: Dugtrio|47/100|[from] Spikes
|
|-weather|Sandstorm|[upkeep]
|-damage|p2a: Zapdos|69/100 brn|[from] Sandstorm
|-heal|p2a: Zapdos|76/100 brn|[from] item: Leftovers
|-damage|p2a: Zapdos|63/100 brn|[from] brn
|upkeep
|turn|24
|
|t:|1730827990
|switch|p1a: Gengar|Gengar, M|100/100
|switch|p2a: Skarmory|Skarmory, F|100/100
|
|-weather|Sandstorm|[upkeep]
|-damage|p1a: Gengar|94/100|[from] Sandstorm
|-heal|p1a: Gengar|100/100|[from] item: Leftovers
|upkeep
|turn|25
|
|t:|1730828006
|move|p1a: Gengar|Thunderbolt|p2a: Skarmory
|-supereffective|p2a: Skarmory
|-damage|p2a: Skarmory|44/100
|move|p2a: Skarmory|Spikes|p1a: Gengar
|-sidestart|p1: Sieeeffmon|Spikes
|
|-weather|Sandstorm|[upkeep]
|-damage|p1a: Gengar|94/100|[from] Sandstorm
|-heal|p1a: Gengar|100/100|[from] item: Leftovers
|-heal|p2a: Skarmory|50/100|[from] item: Leftovers
|upkeep
|turn|26
|
|t:|1730828018
|move|p2a: Skarmory|Protect|p2a: Skarmory
|-singleturn|p2a: Skarmory|Protect
|move|p1a: Gengar|Thunderbolt|p2a: Skarmory
|-activate|p2a: Skarmory|Protect
|
|-weather|Sandstorm|[upkeep]
|-damage|p1a: Gengar|94/100|[from] Sandstorm
|-heal|p1a: Gengar|100/100|[from] item: Leftovers
|-heal|p2a: Skarmory|56/100|[from] item: Leftovers
|upkeep
|turn|27
|
|t:|1730828030
|move|p1a: Gengar|Thunderbolt|p2a: Skarmory
|-supereffective|p2a: Skarmory
|-damage|p2a: Skarmory|0 fnt
|faint|p2a: Skarmory
|inactive|antantantantant has 240 seconds left.
|inactive|antantantantant has 210 seconds left.
|
|t:|1730828085
|switch|p2a: Suicune|Suicune|100/100
|
|-weather|Sandstorm|[upkeep]
|-damage|p1a: Gengar|94/100|[from] Sandstorm
|-damage|p2a: Suicune|94/100|[from] Sandstorm
|-heal|p1a: Gengar|100/100|[from] item: Leftovers
|-heal|p2a: Suicune|100/100|[from] item: Leftovers
|upkeep
|turn|28
|inactive|antantantantant has 210 seconds left.
|
|t:|1730828097
|move|p1a: Gengar|Thunderbolt|p2a: Suicune
|-supereffective|p2a: Suicune
|-damage|p2a: Suicune|53/100
|move|p2a: Suicune|Surf|p1a: Gengar
|-damage|p1a: Gengar|47/100
|
|-weather|Sandstorm|[upkeep]
|-damage|p1a: Gengar|41/100|[from] Sandstorm
|-damage|p2a: Suicune|47/100|[from] Sandstorm
|-heal|p1a: Gengar|47/100|[from] item: Leftovers
|-heal|p2a: Suicune|53/100|[from] item: Leftovers
|upkeep
|turn|29
|inactive|Sieeeffmon has 270 seconds left.
|inactive|Sieeeffmon has 240 seconds left.
|inactive|antantantantant has 210 seconds left.
|
|t:|1730828159
|switch|p1a: Swampert|Swampert, F|29/100
|-damage|p1a: Swampert|4/100|[from] Spikes
|move|p2a: Suicune|Surf|p1a: Swampert
|-damage|p1a: Swampert|0 fnt
|faint|p1a: Swampert
|
|t:|1730828172
|switch|p1a: Dugtrio|Dugtrio, M|47/100
|-damage|p1a: Dugtrio|22/100|[from] Spikes
|
|-weather|Sandstorm|[upkeep]
|-damage|p2a: Suicune|47/100|[from] Sandstorm
|-heal|p2a: Suicune|53/100|[from] item: Leftovers
|upkeep
|turn|30
|
|t:|1730828176
|move|p1a: Dugtrio|Earthquake|p2a: Suicune
|-crit|p2a: Suicune
|-damage|p2a: Suicune|0 fnt
|faint|p2a: Suicune
|
|t:|1730828194
|switch|p2a: Zapdos|Zapdos|63/100 brn
|
|-weather|Sandstorm|[upkeep]
|-damage|p2a: Zapdos|57/100 brn|[from] Sandstorm
|-heal|p2a: Zapdos|63/100 brn|[from] item: Leftovers
|-damage|p2a: Zapdos|51/100 brn|[from] brn
|upkeep
|turn|31
|inactive|Sieeeffmon has 240 seconds left.
|
|t:|1730828205
|switch|p2a: Aerodactyl|Aerodactyl, M|100/100
|move|p1a: Dugtrio|Earthquake|p2a: Aerodactyl
|-immune|p2a: Aerodactyl
|
|-weather|Sandstorm|[upkeep]
|upkeep
|turn|32
|inactive|antantantantant has 210 seconds left.
|
|t:|1730828225
|move|p2a: Aerodactyl|Hidden Power|p1a: Dugtrio
|-damage|p1a: Dugtrio|0 fnt
|faint|p1a: Dugtrio
|
|t:|1730828235
|switch|p1a: Jirachi|Jirachi|88/100
|-damage|p1a: Jirachi|63/100|[from] Spikes
|
|-weather|Sandstorm|[upkeep]
|-heal|p1a: Jirachi|69/100|[from] item: Leftovers
|upkeep
|turn|33
|
|t:|1730828247
|switch|p2a: Zapdos|Zapdos|51/100 brn
|move|p1a: Jirachi|Calm Mind|p1a: Jirachi
|-boost|p1a: Jirachi|spa|1
|-boost|p1a: Jirachi|spd|1
|
|-weather|Sandstorm|[upkeep]
|-damage|p2a: Zapdos|45/100 brn|[from] Sandstorm
|-heal|p2a: Zapdos|51/100 brn|[from] item: Leftovers
|-damage|p2a: Zapdos|38/100 brn|[from] brn
|-heal|p1a: Jirachi|75/100|[from] item: Leftovers
|upkeep
|turn|34
|inactive|antantantantant has 210 seconds left.
|
|t:|1730828268
|move|p2a: Zapdos|Thunderbolt|p1a: Jirachi
|-damage|p1a: Jirachi|43/100
|move|p1a: Jirachi|Psychic|p2a: Zapdos
|-damage|p2a: Zapdos|0 fnt
|faint|p2a: Zapdos
|
|t:|1730828273
|switch|p2a: Aerodactyl|Aerodactyl, M|100/100
|
|-weather|Sandstorm|[upkeep]
|-heal|p1a: Jirachi|49/100|[from] item: Leftovers
|upkeep
|turn|35
|inactive|antantantantant has 210 seconds left.
|
|t:|1730828297
|move|p2a: Aerodactyl|Rock Slide|p1a: Jirachi
|-resisted|p1a: Jirachi
|-damage|p1a: Jirachi|31/100
|cant|p1a: Jirachi|flinch
|
|-weather|Sandstorm|[upkeep]
|-heal|p1a: Jirachi|37/100|[from] item: Leftovers
|upkeep
|turn|36
|inactive|Sieeeffmon has 270 seconds left.
|
|t:|1730828306
|move|p2a: Aerodactyl|Rock Slide|p1a: Jirachi
|-resisted|p1a: Jirachi
|-damage|p1a: Jirachi|19/100
|move|p1a: Jirachi|Psychic|p2a: Aerodactyl
|-damage|p2a: Aerodactyl|19/100
|-unboost|p2a: Aerodactyl|spd|1
|
|-weather|Sandstorm|[upkeep]
|-heal|p1a: Jirachi|25/100|[from] item: Leftovers
|upkeep
|turn|37
|
|t:|1730828312
|move|p2a: Aerodactyl|Rock Slide|p1a: Jirachi
|-resisted|p1a: Jirachi
|-damage|p1a: Jirachi|4/100
|move|p1a: Jirachi|Psychic|p2a: Aerodactyl
|-damage|p2a: Aerodactyl|0 fnt
|faint|p2a: Aerodactyl
|
|win|Sieeeffmon
|c|☆antantantantant|gg
|c|☆Sieeeffmon|gg

</script>
<script type="application/json" class="data" id="replaydata-smogtours-gen3ou-804900">
{"id":"smogtours-gen3ou-804900","format":"[Gen 3] OU","players":["Sieeeffmon","antantantantant"],"uploadtime":1730828312,"views":75,"formatid":"gen3ou","rating":null,"private":0,"password":null}
</script>

<script defer src="js/replays.js?9d40a366"></script>
