<!DOCTYPE html>
<meta charset="utf-8" />
<meta name="viewport" content="width=device-width" />

<title>[Gen 3] OU: Bhol vs. Sieeeffmon - Replays - Pok&eacute;mon Showdown!</title>

<meta name="description" content="Watch a replay of a Pok&eacute;mon battle between Bhol and Sieeeffmon! Format: [Gen 3] OU; Date: Nov 1, 2024" />
<!--

Hey, you! Looking in the source for the replay log?

You can find them in JSON format, just add `.json` at the end of a replay URL.

https://replay.pokemonshowdown.com/gen7randomdoublesbattle-865046831.json

Or, if you only need the log itself, add `.log` instead:

https://replay.pokemonshowdown.com/gen7randomdoublesbattle-865046831.log

-->

<link rel="stylesheet" href="//pokemonshowdown.com/style/global.css?0.023195364461161105" />
<link rel="stylesheet" href="//play.pokemonshowdown.com/style/font-awesome.css?0.13261647063804238" />
<link rel="stylesheet" href="//play.pokemonshowdown.com/style/battle.css?0.8753245789963631" />
<link rel="stylesheet" href="//play.pokemonshowdown.com/style/utilichart.css?0.8627959624976733" />

<!-- Global site tag (gtag.js) - Google Analytics -->
<script async src="https://www.googletagmanager.com/gtag/js?id=UA-26211653-1"></script>
<script>
  window.dataLayer = window.dataLayer || [];
  function gtag(){dataLayer.push(arguments);}
  gtag('js', new Date());

  gtag('config', 'UA-26211653-1');
</script>
<!-- End Google Analytics -->
<!-- Venatus Ad Manager - Install in <HEAD> of page -->
	<script src="https://hb.vntsm.com/v3/live/ad-manager.min.js" type="text/javascript" data-site-id="642aba63ec9a7b11c3c9c1be" data-mode="scan" async></script>
<!-- / Venatus Ad Manager -->

<style>
	@media (max-width:820px) {
		.battle {
			margin: 0 auto;
		}
		.battle-log {
			margin: 7px auto 0;
			max-width: 640px;
			height: 300px;
			position: static;
		}
	}
	.optgroup {
		display: inline-block;
		line-height: 22px;
		font-size: 10pt;
	}
	.optgroup .button {
		height: 25px;
		padding-top: 0;
		padding-bottom: 0;
	}
	.optgroup button.button {
		padding-left: 12px;
		padding-right: 12px;
	}
	.linklist {
		list-style: none;
		margin: 0.5em 0;
		padding: 0;
	}
	.linklist li {
		padding: 2px 0;
	}
	.sidebar {
		float: left;
		width: 320px;
	}
	.bar-wrapper {
		max-width: 1100px;
		margin: 0 auto;
	}
	.bar-wrapper.has-sidebar {
		max-width: 1430px;
	}
	.mainbar {
		margin: 0;
		padding-right: 1px;
	}
	.mainbar.has-sidebar {
		margin-left: 330px;
	}
	@media (min-width: 1511px) {
		.sidebar {
			width: 400px;
		}
		.bar-wrapper.has-sidebar {
			max-width: 1510px;
		}
		.mainbar.has-sidebar {
			margin-left: 410px;
		}
	}
	.section.first-section {
		margin-top: 9px;
	}
	.blocklink small {
		white-space: normal;
	}
	.button {
		vertical-align: middle;
	}
	.replay-controls {
		padding-top: 10px;
	}
	.replay-controls h1 {
		font-size: 16pt;
		font-weight: normal;
		color: #CCC;
	}
	.pagelink {
		text-align: center;
	}
	.pagelink a {
		width: 150px;
	}
	.textbox, .button {
		font-size: 11pt;
		vertical-align: middle;
	}
	@media (max-width: 450px) {
		.button {
			font-size: 9pt;
		}
	}
</style>

<div>

	<header>
		<div class="nav-wrapper"><ul class="nav">
			<li><a class="button nav-first" href="//pokemonshowdown.com/"><img src="//pokemonshowdown.com/images/pokemonshowdownbeta.png" srcset="//pokemonshowdown.com/images/pokemonshowdownbeta.png 1x, //pokemonshowdown.com/images/pokemonshowdownbeta@2x.png 2x" alt="Pok&eacute;mon Showdown" width="146" height="44" /> Home</a></li>
			<li><a class="button" href="//pokemonshowdown.com/dex/">Pok&eacute;dex</a></li>
			<li><a class="button cur" href="/">Replays</a></li>
			<li><a class="button" href="//pokemonshowdown.com/ladder/">Ladder</a></li>
			<li><a class="button nav-last" href="//pokemonshowdown.com/forums/">Forum</a></li>
			<li><a class="button greenbutton nav-first nav-last" href="//play.pokemonshowdown.com/">Play</a></li>
		</ul></div>
	</header>

	<div class="main" id="main">

		<noscript><section class="section">You need to enable JavaScript to use this page; sorry!</section></noscript>

	</div>

</div>

<script defer nomodule src="//play.pokemonshowdown.com/js/lib/ps-polyfill.js"></script>
<script defer src="//play.pokemonshowdown.com/js/lib/preact.min.js"></script>

<script defer src="//play.pokemonshowdown.com/config/config.js?2bddbc15"></script>
<script defer src="//play.pokemonshowdown.com/js/lib/jquery-1.11.0.min.js"></script>
<script defer src="//play.pokemonshowdown.com/js/lib/html-sanitizer-minified.js"></script>
<script defer src="//play.pokemonshowdown.com/js/battle-sound.js"></script>
<script defer src="//play.pokemonshowdown.com/js/battledata.js?0.7209276989879541"></script>
<script defer src="//play.pokemonshowdown.com/data/pokedex-mini.js?0.6111056340867951"></script>
<script defer src="//play.pokemonshowdown.com/data/pokedex-mini-bw.js?0.3532142036491459"></script>
<script defer src="//play.pokemonshowdown.com/data/graphics.js?0.24223875632456182"></script>
<script defer src="//play.pokemonshowdown.com/data/pokedex.js?0.38839984266356864"></script>
<script defer src="//play.pokemonshowdown.com/data/moves.js?0.21866028504024015"></script>
<script defer src="//play.pokemonshowdown.com/data/abilities.js?0.2005157953846628"></script>
<script defer src="//play.pokemonshowdown.com/data/items.js?0.9894211263848525"></script>
<script defer src="//play.pokemonshowdown.com/data/teambuilder-tables.js?0.6008791140282215"></script>
<script defer src="//play.pokemonshowdown.com/js/battle-tooltips.js?0.7580118955022959"></script>
<script defer src="//play.pokemonshowdown.com/js/battle.js?0.6057722274234274"></script>

<script defer src="js/utils.js?e31f9a17"></script>
<script defer src="js/replays-battle.js?7008c182"></script>

<!-- don't scrape this data! just add .json or .log after the URL!
Full API docs: https://github.com/smogon/pokemon-showdown-client/blob/master/WEB-API.md -->
<script type="text/plain" class="log" id="replaylog-gen3ou-2235416130">
|j|☆Bhol
|j|☆Sieeeffmon
|t:|1730477015
|gametype|singles
|player|p1|Bhol|sabrina|
|player|p2|Sieeeffmon|1|
|teamsize|p1|6
|teamsize|p2|6
|gen|3
|tier|[Gen 3] OU
|rule|Sleep Clause Mod: Limit one foe put to sleep
|rule|Switch Priority Clause Mod: Faster Pokémon switch first
|rule|Species Clause: Limit one of each Pokémon
|rule|OHKO Clause: OHKO moves are banned
|rule|Evasion Items Clause: Evasion items are banned
|rule|Evasion Moves Clause: Evasion moves are banned
|rule|Endless Battle Clause: Forcing endless battles is banned
|rule|HP Percentage Mod: HP is shown in percentages
|rule|One Boost Passer Clause: Limit one Baton Passer that has a way to boost its stats
|rule|Freeze Clause Mod: Limit one foe frozen
|
|t:|1730477015
|start
|switch|p1a: Suicune|Suicune|100/100
|switch|p2a: Tyranitar|Tyranitar, F|100/100
|-weather|Sandstorm|[from] ability: Sand Stream|[of] p2a: Tyranitar
|turn|1
|c|☆Bhol|glhf
|c|☆Sieeeffmon|u2!
|
|t:|1730477038
|switch|p2a: Blissey|Blissey, F|100/100
|move|p1a: Suicune|Hydro Pump|p2a: Blissey
|-damage|p2a: Blissey|83/100
|
|-weather|Sandstorm|[upkeep]
|-damage|p1a: Suicune|94/100|[from] Sandstorm
|-damage|p2a: Blissey|77/100|[from] Sandstorm
|-heal|p1a: Suicune|100/100|[from] item: Leftovers
|-heal|p2a: Blissey|83/100|[from] item: Leftovers
|upkeep
|turn|2
|
|t:|1730477058
|switch|p1a: Snorlax|Snorlax, M|100/100
|move|p2a: Blissey|Ice Beam|p1a: Snorlax
|-damage|p1a: Snorlax|88/100
|
|-weather|Sandstorm|[upkeep]
|-damage|p2a: Blissey|77/100|[from] Sandstorm
|-damage|p1a: Snorlax|82/100|[from] Sandstorm
|-heal|p2a: Blissey|83/100|[from] item: Leftovers
|-heal|p1a: Snorlax|88/100|[from] item: Leftovers
|upkeep
|turn|3
|
|t:|1730477067
|switch|p2a: Skarmory|Skarmory, F|100/100
|move|p1a: Snorlax|Curse|p1a: Snorlax
|-unboost|p1a: Snorlax|spe|1
|-boost|p1a: Snorlax|atk|1
|-boost|p1a: Snorlax|def|1
|
|-weather|Sandstorm|[upkeep]
|-damage|p1a: Snorlax|82/100|[from] Sandstorm
|-heal|p1a: Snorlax|88/100|[from] item: Leftovers
|upkeep
|turn|4
|
|t:|1730477076
|switch|p1a: Magneton|Magneton|100/100
|move|p2a: Skarmory|Spikes|p1a: Magneton
|-sidestart|p1: Bhol|Spikes
|
|-weather|Sandstorm|[upkeep]
|upkeep
|turn|5
|
|t:|1730477083
|move|p1a: Magneton|Thunderbolt|p2a: Skarmory
|-supereffective|p2a: Skarmory
|-damage|p2a: Skarmory|0 fnt
|faint|p2a: Skarmory
|
|t:|1730477121
|switch|p2a: Aerodactyl|Aerodactyl, F|100/100
|
|-weather|Sandstorm|[upkeep]
|upkeep
|turn|6
|
|t:|1730477145
|switch|p1a: Salamence|Salamence, F|100/100
|-ability|p1a: Salamence|Intimidate|boost
|-unboost|p2a: Aerodactyl|atk|1
|move|p2a: Aerodactyl|Earthquake|p1a: Salamence
|-immune|p1a: Salamence
|
|-weather|Sandstorm|[upkeep]
|-damage|p1a: Salamence|94/100|[from] Sandstorm
|-heal|p1a: Salamence|100/100|[from] item: Leftovers
|upkeep
|turn|7
|
|t:|1730477154
|switch|p2a: Jirachi|Jirachi|100/100
|move|p1a: Salamence|Brick Break|p2a: Jirachi
|-crit|p2a: Jirachi
|-damage|p2a: Jirachi|66/100
|
|-weather|Sandstorm|[upkeep]
|-damage|p1a: Salamence|94/100|[from] Sandstorm
|-heal|p1a: Salamence|100/100|[from] item: Leftovers
|-heal|p2a: Jirachi|72/100|[from] item: Leftovers
|upkeep
|turn|8
|
|t:|1730477169
|switch|p1a: Magneton|Magneton|100/100
|-damage|p1a: Magneton|88/100|[from] Spikes
|move|p2a: Jirachi|Protect||[still]
|-fail|p2a: Jirachi
|
|-weather|Sandstorm|[upkeep]
|-heal|p2a: Jirachi|78/100|[from] item: Leftovers
|upkeep
|turn|9
|
|t:|1730477174
|move|p2a: Jirachi|Protect|p2a: Jirachi
|-singleturn|p2a: Jirachi|Protect
|move|p1a: Magneton|Thunder Wave|p2a: Jirachi
|-activate|p2a: Jirachi|Protect
|
|-weather|Sandstorm|[upkeep]
|-heal|p2a: Jirachi|85/100|[from] item: Leftovers
|upkeep
|turn|10
|
|t:|1730477180
|move|p2a: Jirachi|Fire Punch|p1a: Magneton
|-supereffective|p1a: Magneton
|-damage|p1a: Magneton|30/100
|move|p1a: Magneton|Thunder Wave|p2a: Jirachi
|-status|p2a: Jirachi|par
|
|-weather|Sandstorm|[upkeep]
|-heal|p2a: Jirachi|91/100 par|[from] item: Leftovers
|upkeep
|turn|11
|
|t:|1730477186
|move|p1a: Magneton|Thunderbolt|p2a: Jirachi
|-damage|p2a: Jirachi|45/100 par
|move|p2a: Jirachi|Fire Punch|p1a: Magneton
|-supereffective|p1a: Magneton
|-damage|p1a: Magneton|0 fnt
|faint|p1a: Magneton
|
|t:|1730477214
|switch|p1a: Snorlax|Snorlax, M|88/100
|-damage|p1a: Snorlax|75/100|[from] Spikes
|
|-weather|Sandstorm|[upkeep]
|-damage|p1a: Snorlax|69/100|[from] Sandstorm
|-heal|p1a: Snorlax|75/100|[from] item: Leftovers
|-heal|p2a: Jirachi|51/100 par|[from] item: Leftovers
|upkeep
|turn|12
|
|t:|1730477226
|switch|p2a: Tyranitar|Tyranitar, F|100/100
|move|p1a: Snorlax|Curse|p1a: Snorlax
|-unboost|p1a: Snorlax|spe|1
|-boost|p1a: Snorlax|atk|1
|-boost|p1a: Snorlax|def|1
|
|-weather|Sandstorm|[upkeep]
|-damage|p1a: Snorlax|69/100|[from] Sandstorm
|-heal|p1a: Snorlax|75/100|[from] item: Leftovers
|upkeep
|turn|13
|
|t:|1730477235
|move|p2a: Tyranitar|Rock Slide|p1a: Snorlax
|-damage|p1a: Snorlax|49/100
|move|p1a: Snorlax|Earthquake|p2a: Tyranitar
|-supereffective|p2a: Tyranitar
|-damage|p2a: Tyranitar|28/100
|
|-weather|Sandstorm|[upkeep]
|-damage|p1a: Snorlax|43/100|[from] Sandstorm
|-heal|p2a: Tyranitar|34/100|[from] item: Leftovers
|-heal|p1a: Snorlax|49/100|[from] item: Leftovers
|upkeep
|turn|14
|
|t:|1730477249
|move|p2a: Tyranitar|Rock Slide|p1a: Snorlax
|-damage|p1a: Snorlax|25/100
|move|p1a: Snorlax|Earthquake|p2a: Tyranitar
|-supereffective|p2a: Tyranitar
|-damage|p2a: Tyranitar|0 fnt
|faint|p2a: Tyranitar
|
|t:|1730477268
|switch|p2a: Aerodactyl|Aerodactyl, F|100/100
|
|-weather|Sandstorm|[upkeep]
|-damage|p1a: Snorlax|19/100|[from] Sandstorm
|-heal|p1a: Snorlax|25/100|[from] item: Leftovers
|upkeep
|turn|15
|
|t:|1730477277
|move|p2a: Aerodactyl|Double-Edge|p1a: Snorlax
|-damage|p1a: Snorlax|0 fnt
|faint|p1a: Snorlax
|
|t:|1730477301
|switch|p1a: Salamence|Salamence, F|100/100
|-ability|p1a: Salamence|Intimidate|boost
|-unboost|p2a: Aerodactyl|atk|1
|
|-weather|Sandstorm|[upkeep]
|-damage|p1a: Salamence|94/100|[from] Sandstorm
|-heal|p1a: Salamence|100/100|[from] item: Leftovers
|upkeep
|turn|16
|
|t:|1730477322
|switch|p2a: Claydol|Claydol|100/100
|move|p1a: Salamence|Brick Break|p2a: Claydol
|-resisted|p2a: Claydol
|-crit|p2a: Claydol
|-damage|p2a: Claydol|73/100
|
|-weather|Sandstorm|[upkeep]
|-damage|p1a: Salamence|94/100|[from] Sandstorm
|-heal|p1a: Salamence|100/100|[from] item: Leftovers
|-heal|p2a: Claydol|79/100|[from] item: Leftovers
|upkeep
|turn|17
|
|t:|1730477346
|switch|p1a: Celebi|Celebi|100/100
|-damage|p1a: Celebi|88/100|[from] Spikes
|switch|p2a: Blissey|Blissey, F|83/100
|
|-weather|Sandstorm|[upkeep]
|-damage|p1a: Celebi|82/100|[from] Sandstorm
|-damage|p2a: Blissey|77/100|[from] Sandstorm
|-heal|p1a: Celebi|88/100|[from] item: Leftovers
|-heal|p2a: Blissey|83/100|[from] item: Leftovers
|upkeep
|turn|18
|
|t:|1730477358
|move|p1a: Celebi|Leech Seed|p2a: Blissey
|-start|p2a: Blissey|move: Leech Seed
|move|p2a: Blissey|Ice Beam|p1a: Celebi
|-supereffective|p1a: Celebi
|-damage|p1a: Celebi|48/100
|
|-weather|Sandstorm|[upkeep]
|-damage|p1a: Celebi|42/100|[from] Sandstorm
|-damage|p2a: Blissey|77/100|[from] Sandstorm
|-heal|p1a: Celebi|48/100|[from] item: Leftovers
|-heal|p2a: Blissey|83/100|[from] item: Leftovers
|-damage|p2a: Blissey|71/100|[from] Leech Seed|[of] p1a: Celebi
|-heal|p1a: Celebi|68/100|[silent]
|upkeep
|turn|19
|
|t:|1730477372
|switch|p2a: Aerodactyl|Aerodactyl, F|100/100
|move|p1a: Celebi|Calm Mind|p1a: Celebi
|-boost|p1a: Celebi|spa|1
|-boost|p1a: Celebi|spd|1
|
|-weather|Sandstorm|[upkeep]
|-damage|p1a: Celebi|62/100|[from] Sandstorm
|-heal|p1a: Celebi|68/100|[from] item: Leftovers
|upkeep
|turn|20
|
|t:|1730477392
|switch|p1a: Salamence|Salamence, F|100/100
|-ability|p1a: Salamence|Intimidate|boost
|-unboost|p2a: Aerodactyl|atk|1
|move|p2a: Aerodactyl|Hidden Power|p1a: Salamence
|-resisted|p1a: Salamence
|-damage|p1a: Salamence|88/100
|
|-weather|Sandstorm|[upkeep]
|-damage|p1a: Salamence|82/100|[from] Sandstorm
|-heal|p1a: Salamence|88/100|[from] item: Leftovers
|upkeep
|turn|21
|
|t:|1730477411
|switch|p2a: Claydol|Claydol|79/100
|switch|p1a: Celebi|Celebi|68/100
|-damage|p1a: Celebi|56/100|[from] Spikes
|
|-weather|Sandstorm|[upkeep]
|-damage|p1a: Celebi|50/100|[from] Sandstorm
|-heal|p1a: Celebi|56/100|[from] item: Leftovers
|-heal|p2a: Claydol|85/100|[from] item: Leftovers
|upkeep
|turn|22
|
|t:|1730477425
|move|p1a: Celebi|Leech Seed|p2a: Claydol
|-start|p2a: Claydol|move: Leech Seed
|move|p2a: Claydol|Explosion|p1a: Celebi
|-damage|p1a: Celebi|0 fnt
|faint|p2a: Claydol
|faint|p1a: Celebi
|
|t:|1730477447
|switch|p1a: Swampert|Swampert, M|100/100
|switch|p2a: Blissey|Blissey, F|71/100
|-damage|p1a: Swampert|88/100|[from] Spikes
|
|-weather|Sandstorm|[upkeep]
|-damage|p2a: Blissey|64/100|[from] Sandstorm
|-heal|p2a: Blissey|71/100|[from] item: Leftovers
|-heal|p1a: Swampert|94/100|[from] item: Leftovers
|upkeep
|turn|23
|
|t:|1730477467
|move|p2a: Blissey|Calm Mind|p2a: Blissey
|-boost|p2a: Blissey|spa|1
|-boost|p2a: Blissey|spd|1
|move|p1a: Swampert|Curse|p1a: Swampert
|-unboost|p1a: Swampert|spe|1
|-boost|p1a: Swampert|atk|1
|-boost|p1a: Swampert|def|1
|
|-weather|Sandstorm|[upkeep]
|-damage|p2a: Blissey|64/100|[from] Sandstorm
|-heal|p2a: Blissey|71/100|[from] item: Leftovers
|-heal|p1a: Swampert|100/100|[from] item: Leftovers
|upkeep
|turn|24
|
|t:|1730477492
|move|p2a: Blissey|Ice Beam|p1a: Swampert
|-damage|p1a: Swampert|67/100
|move|p1a: Swampert|Earthquake|p2a: Blissey
|-damage|p2a: Blissey|17/100
|
|-weather|Sandstorm|[upkeep]
|-damage|p2a: Blissey|10/100|[from] Sandstorm
|-heal|p2a: Blissey|17/100|[from] item: Leftovers
|-heal|p1a: Swampert|74/100|[from] item: Leftovers
|upkeep
|turn|25
|
|t:|1730477511
|move|p2a: Blissey|Ice Beam|p1a: Swampert
|-damage|p1a: Swampert|38/100
|move|p1a: Swampert|Earthquake|p2a: Blissey
|-damage|p2a: Blissey|0 fnt
|faint|p2a: Blissey
|
|t:|1730477527
|switch|p2a: Aerodactyl|Aerodactyl, F|100/100
|
|-weather|Sandstorm|[upkeep]
|-heal|p1a: Swampert|44/100|[from] item: Leftovers
|upkeep
|turn|26
|
|t:|1730477534
|move|p2a: Aerodactyl|Double-Edge|p1a: Swampert
|-damage|p1a: Swampert|20/100
|move|p1a: Swampert|Hydro Pump|p2a: Aerodactyl
|-supereffective|p2a: Aerodactyl
|-damage|p2a: Aerodactyl|0 fnt
|faint|p2a: Aerodactyl
|
|t:|1730477539
|switch|p2a: Jirachi|Jirachi|51/100 par
|
|-weather|Sandstorm|[upkeep]
|-heal|p1a: Swampert|26/100|[from] item: Leftovers
|-heal|p2a: Jirachi|57/100 par|[from] item: Leftovers
|upkeep
|turn|27
|
|t:|1730477542
|move|p1a: Swampert|Earthquake|p2a: Jirachi
|-supereffective|p2a: Jirachi
|-damage|p2a: Jirachi|0 fnt
|faint|p2a: Jirachi
|
|win|Bhol
|c|☆Sieeeffmon|gg
|c|☆Bhol|gg
|l|☆Bhol
|player|p1|
|j|☆Bhol
|player|p1|Bhol|sabrina|

</script>
<script type="application/json" class="data" id="replaydata-gen3ou-2235416130">
{"id":"gen3ou-2235416130","format":"[Gen 3] OU","players":["Bhol","Sieeeffmon"],"uploadtime":1730477552,"views":185,"formatid":"gen3ou","rating":null,"private":0,"password":null}
</script>

<script defer src="js/replays.js?9d40a366"></script>
