<!DOCTYPE html>
<meta charset="utf-8" />
<meta name="viewport" content="width=device-width" />

<title>[Gen 3] OU: woeishuen vs. zinc3 - Replays - Pok&eacute;mon Showdown!</title>

<meta name="description" content="Watch a replay of a Pok&eacute;mon battle between woeishuen and zinc3! Format: [Gen 3] OU; Date: Nov 3, 2024" />
<!--

Hey, you! Looking in the source for the replay log?

You can find them in JSON format, just add `.json` at the end of a replay URL.

https://replay.pokemonshowdown.com/gen7randomdoublesbattle-865046831.json

Or, if you only need the log itself, add `.log` instead:

https://replay.pokemonshowdown.com/gen7randomdoublesbattle-865046831.log

-->

<link rel="stylesheet" href="//pokemonshowdown.com/style/global.css?0.023195364461161105" />
<link rel="stylesheet" href="//play.pokemonshowdown.com/style/font-awesome.css?0.13261647063804238" />
<link rel="stylesheet" href="//play.pokemonshowdown.com/style/battle.css?0.8753245789963631" />
<link rel="stylesheet" href="//play.pokemonshowdown.com/style/utilichart.css?0.8627959624976733" />

<!-- Global site tag (gtag.js) - Google Analytics -->
<script async src="https://www.googletagmanager.com/gtag/js?id=UA-26211653-1"></script>
<script>
  window.dataLayer = window.dataLayer || [];
  function gtag(){dataLayer.push(arguments);}
  gtag('js', new Date());

  gtag('config', 'UA-26211653-1');
</script>
<!-- End Google Analytics -->
<!-- Venatus Ad Manager - Install in <HEAD> of page -->
	<script src="https://hb.vntsm.com/v3/live/ad-manager.min.js" type="text/javascript" data-site-id="642aba63ec9a7b11c3c9c1be" data-mode="scan" async></script>
<!-- / Venatus Ad Manager -->

<style>
	@media (max-width:820px) {
		.battle {
			margin: 0 auto;
		}
		.battle-log {
			margin: 7px auto 0;
			max-width: 640px;
			height: 300px;
			position: static;
		}
	}
	.optgroup {
		display: inline-block;
		line-height: 22px;
		font-size: 10pt;
	}
	.optgroup .button {
		height: 25px;
		padding-top: 0;
		padding-bottom: 0;
	}
	.optgroup button.button {
		padding-left: 12px;
		padding-right: 12px;
	}
	.linklist {
		list-style: none;
		margin: 0.5em 0;
		padding: 0;
	}
	.linklist li {
		padding: 2px 0;
	}
	.sidebar {
		float: left;
		width: 320px;
	}
	.bar-wrapper {
		max-width: 1100px;
		margin: 0 auto;
	}
	.bar-wrapper.has-sidebar {
		max-width: 1430px;
	}
	.mainbar {
		margin: 0;
		padding-right: 1px;
	}
	.mainbar.has-sidebar {
		margin-left: 330px;
	}
	@media (min-width: 1511px) {
		.sidebar {
			width: 400px;
		}
		.bar-wrapper.has-sidebar {
			max-width: 1510px;
		}
		.mainbar.has-sidebar {
			margin-left: 410px;
		}
	}
	.section.first-section {
		margin-top: 9px;
	}
	.blocklink small {
		white-space: normal;
	}
	.button {
		vertical-align: middle;
	}
	.replay-controls {
		padding-top: 10px;
	}
	.replay-controls h1 {
		font-size: 16pt;
		font-weight: normal;
		color: #CCC;
	}
	.pagelink {
		text-align: center;
	}
	.pagelink a {
		width: 150px;
	}
	.textbox, .button {
		font-size: 11pt;
		vertical-align: middle;
	}
	@media (max-width: 450px) {
		.button {
			font-size: 9pt;
		}
	}
</style>

<div>

	<header>
		<div class="nav-wrapper"><ul class="nav">
			<li><a class="button nav-first" href="//pokemonshowdown.com/"><img src="//pokemonshowdown.com/images/pokemonshowdownbeta.png" srcset="//pokemonshowdown.com/images/pokemonshowdownbeta.png 1x, //pokemonshowdown.com/images/pokemonshowdownbeta@2x.png 2x" alt="Pok&eacute;mon Showdown" width="146" height="44" /> Home</a></li>
			<li><a class="button" href="//pokemonshowdown.com/dex/">Pok&eacute;dex</a></li>
			<li><a class="button cur" href="/">Replays</a></li>
			<li><a class="button" href="//pokemonshowdown.com/ladder/">Ladder</a></li>
			<li><a class="button nav-last" href="//pokemonshowdown.com/forums/">Forum</a></li>
			<li><a class="button greenbutton nav-first nav-last" href="//play.pokemonshowdown.com/">Play</a></li>
		</ul></div>
	</header>

	<div class="main" id="main">

		<noscript><section class="section">You need to enable JavaScript to use this page; sorry!</section></noscript>

	</div>

</div>

<script defer nomodule src="//play.pokemonshowdown.com/js/lib/ps-polyfill.js"></script>
<script defer src="//play.pokemonshowdown.com/js/lib/preact.min.js"></script>

<script defer src="//play.pokemonshowdown.com/config/config.js?2bddbc15"></script>
<script defer src="//play.pokemonshowdown.com/js/lib/jquery-1.11.0.min.js"></script>
<script defer src="//play.pokemonshowdown.com/js/lib/html-sanitizer-minified.js"></script>
<script defer src="//play.pokemonshowdown.com/js/battle-sound.js"></script>
<script defer src="//play.pokemonshowdown.com/js/battledata.js?0.7209276989879541"></script>
<script defer src="//play.pokemonshowdown.com/data/pokedex-mini.js?0.6111056340867951"></script>
<script defer src="//play.pokemonshowdown.com/data/pokedex-mini-bw.js?0.3532142036491459"></script>
<script defer src="//play.pokemonshowdown.com/data/graphics.js?0.24223875632456182"></script>
<script defer src="//play.pokemonshowdown.com/data/pokedex.js?0.38839984266356864"></script>
<script defer src="//play.pokemonshowdown.com/data/moves.js?0.21866028504024015"></script>
<script defer src="//play.pokemonshowdown.com/data/abilities.js?0.2005157953846628"></script>
<script defer src="//play.pokemonshowdown.com/data/items.js?0.9894211263848525"></script>
<script defer src="//play.pokemonshowdown.com/data/teambuilder-tables.js?0.6008791140282215"></script>
<script defer src="//play.pokemonshowdown.com/js/battle-tooltips.js?0.7580118955022959"></script>
<script defer src="//play.pokemonshowdown.com/js/battle.js?0.6057722274234274"></script>

<script defer src="js/utils.js?e31f9a17"></script>
<script defer src="js/replays-battle.js?7008c182"></script>

<!-- don't scrape this data! just add .json or .log after the URL!
Full API docs: https://github.com/smogon/pokemon-showdown-client/blob/master/WEB-API.md -->
<script type="text/plain" class="log" id="replaylog-smogtours-gen3ou-804540">
|inactive|Battle timer is ON: inactive players will automatically lose when time's up.
|t:|1730664654
|gametype|singles
|player|p1|woeishuen|falkner|
|player|p2|zinc3|touristf|
|teamsize|p1|6
|teamsize|p2|6
|gen|3
|tier|[Gen 3] OU
|rule|Sleep Clause Mod: Limit one foe put to sleep
|rule|Switch Priority Clause Mod: Faster Pokémon switch first
|rule|Species Clause: Limit one of each Pokémon
|rule|OHKO Clause: OHKO moves are banned
|rule|Evasion Items Clause: Evasion items are banned
|rule|Evasion Moves Clause: Evasion moves are banned
|rule|Endless Battle Clause: Forcing endless battles is banned
|rule|HP Percentage Mod: HP is shown in percentages
|rule|One Boost Passer Clause: Limit one Baton Passer that has a way to boost its stats
|rule|Freeze Clause Mod: Limit one foe frozen
|
|t:|1730664654
|start
|switch|p1a: Birb|Salamence, F|100/100
|switch|p2a: Tyranitar|Tyranitar, F|100/100
|-ability|p1a: Birb|Intimidate|boost
|-unboost|p2a: Tyranitar|atk|1
|-weather|Sandstorm|[from] ability: Sand Stream|[of] p2a: Tyranitar
|turn|1
|c|☆woeishuen|glhf
|c|☆zinc3|u2
|inactive|zinc3 has 270 seconds left.
|
|t:|1730664689
|switch|p2a: Swampert|Swampert, F|100/100
|move|p1a: Birb|Brick Break|p2a: Swampert
|-damage|p2a: Swampert|62/100
|
|-weather|Sandstorm|[upkeep]
|-damage|p1a: Birb|94/100|[from] Sandstorm
|-heal|p2a: Swampert|68/100|[from] item: Leftovers
|upkeep
|turn|2
|
|t:|1730664708
|switch|p1a: Hariyama|Hariyama, F, shiny|100/100
|switch|p2a: Gengar|Gengar, F|100/100
|
|-weather|Sandstorm|[upkeep]
|-damage|p2a: Gengar|95/100|[from] Sandstorm
|-damage|p1a: Hariyama|94/100|[from] Sandstorm
|-heal|p2a: Gengar|100/100|[from] item: Leftovers
|-heal|p1a: Hariyama|100/100|[from] item: Leftovers
|upkeep
|turn|3
|
|t:|1730664722
|move|p2a: Gengar|Will-O-Wisp|p1a: Hariyama
|-status|p1a: Hariyama|brn
|move|p1a: Hariyama|Knock Off|p2a: Gengar
|-supereffective|p2a: Gengar
|-crit|p2a: Gengar
|-damage|p2a: Gengar|89/100
|-enditem|p2a: Gengar|Leftovers|[from] move: Knock Off|[of] p1a: Hariyama
|-hint|In Gens 3-4, Knock Off only makes the target's item unusable; it cannot obtain a new item.
|
|-weather|Sandstorm|[upkeep]
|-damage|p2a: Gengar|83/100|[from] Sandstorm
|-damage|p1a: Hariyama|94/100 brn|[from] Sandstorm
|-heal|p1a: Hariyama|100/100 brn|[from] item: Leftovers
|-damage|p1a: Hariyama|88/100 brn|[from] brn
|upkeep
|turn|4
|
|t:|1730664738
|switch|p2a: Skarmory|Skarmory, M|100/100
|switch|p1a: Blissey|Blissey, F|100/100
|
|-weather|Sandstorm|[upkeep]
|-damage|p1a: Blissey|94/100|[from] Sandstorm
|-heal|p1a: Blissey|100/100|[from] item: Leftovers
|upkeep
|turn|5
|inactive|zinc3 has 270 seconds left.
|
|t:|1730664791
|move|p2a: Skarmory|Spikes|p1a: Blissey
|-sidestart|p1: woeishuen|Spikes
|move|p1a: Blissey|Thunderbolt|p2a: Skarmory
|-supereffective|p2a: Skarmory
|-damage|p2a: Skarmory|51/100
|
|-weather|Sandstorm|[upkeep]
|-damage|p1a: Blissey|94/100|[from] Sandstorm
|-heal|p2a: Skarmory|57/100|[from] item: Leftovers
|-heal|p1a: Blissey|100/100|[from] item: Leftovers
|upkeep
|turn|6
|
|t:|1730664812
|switch|p2a: Tyranitar|Tyranitar, F|100/100
|move|p1a: Blissey|Thunderbolt|p2a: Tyranitar
|-crit|p2a: Tyranitar
|-damage|p2a: Tyranitar|57/100
|
|-weather|Sandstorm|[upkeep]
|-damage|p1a: Blissey|94/100|[from] Sandstorm
|-heal|p2a: Tyranitar|64/100|[from] item: Leftovers
|-heal|p1a: Blissey|100/100|[from] item: Leftovers
|upkeep
|turn|7
|
|t:|1730664820
|move|p2a: Tyranitar|Rock Slide|p1a: Blissey
|-damage|p1a: Blissey|52/100
|move|p1a: Blissey|Thunderbolt|p2a: Tyranitar
|-damage|p2a: Tyranitar|42/100
|
|-weather|Sandstorm|[upkeep]
|-damage|p1a: Blissey|46/100|[from] Sandstorm
|-heal|p2a: Tyranitar|48/100|[from] item: Leftovers
|-heal|p1a: Blissey|52/100|[from] item: Leftovers
|upkeep
|turn|8
|
|t:|1730664826
|-singleturn|p2a: Tyranitar|move: Focus Punch
|switch|p1a: Claydol|Claydol|100/100
|move|p2a: Tyranitar|Focus Punch|p1a: Claydol
|-resisted|p1a: Claydol
|-damage|p1a: Claydol|67/100
|
|-weather|Sandstorm|[upkeep]
|-heal|p1a: Claydol|73/100|[from] item: Leftovers
|-heal|p2a: Tyranitar|54/100|[from] item: Leftovers
|upkeep
|turn|9
|inactive|zinc3 has 270 seconds left.
|
|t:|1730664834
|move|p1a: Claydol|Shadow Ball|p2a: Tyranitar
|-resisted|p2a: Tyranitar
|-damage|p2a: Tyranitar|46/100
|move|p2a: Tyranitar|Hidden Power|p1a: Claydol
|-supereffective|p1a: Claydol
|-crit|p1a: Claydol
|-damage|p1a: Claydol|0 fnt
|faint|p1a: Claydol
|
|t:|1730664840
|switch|p1a: Doge|Suicune|100/100
|-damage|p1a: Doge|88/100|[from] Spikes
|
|-weather|Sandstorm|[upkeep]
|-damage|p1a: Doge|82/100|[from] Sandstorm
|-heal|p1a: Doge|88/100|[from] item: Leftovers
|-heal|p2a: Tyranitar|53/100|[from] item: Leftovers
|upkeep
|turn|10
|
|t:|1730664850
|switch|p2a: Celebi|Celebi|100/100
|move|p1a: Doge|Calm Mind|p1a: Doge
|-boost|p1a: Doge|spa|1
|-boost|p1a: Doge|spd|1
|
|-weather|Sandstorm|[upkeep]
|-damage|p2a: Celebi|94/100|[from] Sandstorm
|-damage|p1a: Doge|82/100|[from] Sandstorm
|-heal|p2a: Celebi|100/100|[from] item: Leftovers
|-heal|p1a: Doge|88/100|[from] item: Leftovers
|upkeep
|turn|11
|
|t:|1730664855
|switch|p1a: Jirachi|Jirachi|100/100
|-damage|p1a: Jirachi|88/100|[from] Spikes
|move|p2a: Celebi|Leech Seed|p1a: Jirachi
|-start|p1a: Jirachi|move: Leech Seed
|
|-weather|Sandstorm|[upkeep]
|-damage|p2a: Celebi|94/100|[from] Sandstorm
|-heal|p2a: Celebi|100/100|[from] item: Leftovers
|-heal|p1a: Jirachi|94/100|[from] item: Leftovers
|-damage|p1a: Jirachi|82/100|[from] Leech Seed|[of] p2a: Celebi
|upkeep
|turn|12
|
|t:|1730664862
|move|p2a: Celebi|Hidden Power|p1a: Jirachi
|-supereffective|p1a: Jirachi
|-damage|p1a: Jirachi|42/100
|move|p1a: Jirachi|Wish|p1a: Jirachi
|
|-weather|Sandstorm|[upkeep]
|-damage|p2a: Celebi|94/100|[from] Sandstorm
|-heal|p2a: Celebi|100/100|[from] item: Leftovers
|-heal|p1a: Jirachi|48/100|[from] item: Leftovers
|-damage|p1a: Jirachi|35/100|[from] Leech Seed|[of] p2a: Celebi
|upkeep
|turn|13
|
|t:|1730664868
|switch|p1a: Hariyama|Hariyama, F, shiny|88/100 brn
|-damage|p1a: Hariyama|76/100 brn|[from] Spikes
|move|p2a: Celebi|Leech Seed|p1a: Hariyama
|-start|p1a: Hariyama|move: Leech Seed
|
|-heal|p1a: Hariyama|100/100 brn|[from] move: Wish|[wisher] Jirachi
|-weather|Sandstorm|[upkeep]
|-damage|p2a: Celebi|94/100|[from] Sandstorm
|-damage|p1a: Hariyama|94/100 brn|[from] Sandstorm
|-heal|p2a: Celebi|100/100|[from] item: Leftovers
|-heal|p1a: Hariyama|100/100 brn|[from] item: Leftovers
|-damage|p1a: Hariyama|88/100 brn|[from] Leech Seed|[of] p2a: Celebi
|-damage|p1a: Hariyama|76/100 brn|[from] brn
|upkeep
|turn|14
|
|t:|1730664877
|-singleturn|p1a: Hariyama|move: Focus Punch
|move|p2a: Celebi|Psychic|p1a: Hariyama
|-supereffective|p1a: Hariyama
|-damage|p1a: Hariyama|0 fnt
|faint|p1a: Hariyama
|
|t:|1730664881
|switch|p1a: Birb|Salamence, F|94/100
|-ability|p1a: Birb|Intimidate|boost
|-unboost|p2a: Celebi|atk|1
|
|-weather|Sandstorm|[upkeep]
|-damage|p1a: Birb|88/100|[from] Sandstorm
|-damage|p2a: Celebi|94/100|[from] Sandstorm
|-heal|p2a: Celebi|100/100|[from] item: Leftovers
|upkeep
|turn|15
|
|t:|1730664888
|switch|p2a: Skarmory|Skarmory, M|57/100
|move|p1a: Birb|Hidden Power|p2a: Skarmory
|-resisted|p2a: Skarmory
|-damage|p2a: Skarmory|34/100
|
|-weather|Sandstorm|[upkeep]
|-damage|p1a: Birb|82/100|[from] Sandstorm
|-heal|p2a: Skarmory|40/100|[from] item: Leftovers
|upkeep
|turn|16
|
|t:|1730664895
|switch|p1a: Jirachi|Jirachi|35/100
|-damage|p1a: Jirachi|23/100|[from] Spikes
|move|p2a: Skarmory|Spikes|p1a: Jirachi
|-sidestart|p1: woeishuen|Spikes
|
|-weather|Sandstorm|[upkeep]
|-heal|p1a: Jirachi|29/100|[from] item: Leftovers
|-heal|p2a: Skarmory|46/100|[from] item: Leftovers
|upkeep
|turn|17
|
|t:|1730664906
|move|p1a: Jirachi|Wish|p1a: Jirachi
|move|p2a: Skarmory|Spikes|p1a: Jirachi
|-sidestart|p1: woeishuen|Spikes
|
|-weather|Sandstorm|[upkeep]
|-heal|p1a: Jirachi|35/100|[from] item: Leftovers
|-heal|p2a: Skarmory|52/100|[from] item: Leftovers
|upkeep
|turn|18
|
|t:|1730664913
|switch|p2a: Gengar|Gengar, F|83/100
|move|p1a: Jirachi|Fire Punch|p2a: Gengar
|-damage|p2a: Gengar|63/100
|-status|p2a: Gengar|brn
|
|-heal|p1a: Jirachi|85/100|[from] move: Wish|[wisher] Jirachi
|-weather|Sandstorm|[upkeep]
|-damage|p2a: Gengar|57/100 brn|[from] Sandstorm
|-damage|p2a: Gengar|45/100 brn|[from] brn
|-heal|p1a: Jirachi|92/100|[from] item: Leftovers
|upkeep
|turn|19
|
|t:|1730664920
|move|p2a: Gengar|Will-O-Wisp|p1a: Jirachi
|-status|p1a: Jirachi|brn
|move|p1a: Jirachi|Wish|p1a: Jirachi
|
|-weather|Sandstorm|[upkeep]
|-damage|p2a: Gengar|39/100 brn|[from] Sandstorm
|-damage|p2a: Gengar|27/100 brn|[from] brn
|-heal|p1a: Jirachi|98/100 brn|[from] item: Leftovers
|-damage|p1a: Jirachi|85/100 brn|[from] brn
|upkeep
|turn|20
|
|t:|1730664935
|switch|p2a: Celebi|Celebi|100/100
|switch|p1a: Blissey|Blissey, F|52/100
|-damage|p1a: Blissey|27/100|[from] Spikes
|
|-heal|p1a: Blissey|77/100|[from] move: Wish|[wisher] Jirachi
|-weather|Sandstorm|[upkeep]
|-damage|p2a: Celebi|94/100|[from] Sandstorm
|-damage|p1a: Blissey|71/100|[from] Sandstorm
|-heal|p2a: Celebi|100/100|[from] item: Leftovers
|-heal|p1a: Blissey|77/100|[from] item: Leftovers
|upkeep
|turn|21
|
|t:|1730664939
|move|p2a: Celebi|Leech Seed|p1a: Blissey
|-start|p1a: Blissey|move: Leech Seed
|move|p1a: Blissey|Aromatherapy|p1a: Blissey
|-cureteam|p1a: Blissey|[from] move: Aromatherapy
|
|-weather|Sandstorm|[upkeep]
|-damage|p2a: Celebi|94/100|[from] Sandstorm
|-damage|p1a: Blissey|71/100|[from] Sandstorm
|-heal|p2a: Celebi|100/100|[from] item: Leftovers
|-heal|p1a: Blissey|77/100|[from] item: Leftovers
|-damage|p1a: Blissey|64/100|[from] Leech Seed|[of] p2a: Celebi
|upkeep
|turn|22
|
|t:|1730664944
|switch|p1a: Jirachi|Jirachi|85/100
|-damage|p1a: Jirachi|61/100|[from] Spikes
|move|p2a: Celebi|Leech Seed|p1a: Jirachi
|-start|p1a: Jirachi|move: Leech Seed
|
|-weather|Sandstorm|[upkeep]
|-damage|p2a: Celebi|94/100|[from] Sandstorm
|-heal|p2a: Celebi|100/100|[from] item: Leftovers
|-heal|p1a: Jirachi|67/100|[from] item: Leftovers
|-damage|p1a: Jirachi|54/100|[from] Leech Seed|[of] p2a: Celebi
|upkeep
|turn|23
|
|t:|1730664947
|move|p2a: Celebi|Hidden Power|p1a: Jirachi
|-supereffective|p1a: Jirachi
|-damage|p1a: Jirachi|15/100
|move|p1a: Jirachi|Wish|p1a: Jirachi
|
|-weather|Sandstorm|[upkeep]
|-damage|p2a: Celebi|94/100|[from] Sandstorm
|-heal|p2a: Celebi|100/100|[from] item: Leftovers
|-heal|p1a: Jirachi|21/100|[from] item: Leftovers
|-damage|p1a: Jirachi|9/100|[from] Leech Seed|[of] p2a: Celebi
|upkeep
|turn|24
|
|t:|1730664958
|move|p1a: Jirachi|Protect|p1a: Jirachi
|-singleturn|p1a: Jirachi|Protect
|move|p2a: Celebi|Leech Seed|p1a: Jirachi
|-activate|p1a: Jirachi|Protect
|
|-heal|p1a: Jirachi|59/100|[from] move: Wish|[wisher] Jirachi
|-weather|Sandstorm|[upkeep]
|-damage|p2a: Celebi|94/100|[from] Sandstorm
|-heal|p2a: Celebi|100/100|[from] item: Leftovers
|-heal|p1a: Jirachi|65/100|[from] item: Leftovers
|-damage|p1a: Jirachi|53/100|[from] Leech Seed|[of] p2a: Celebi
|upkeep
|turn|25
|
|t:|1730664968
|switch|p1a: Birb|Salamence, F|82/100
|-ability|p1a: Birb|Intimidate|boost
|-unboost|p2a: Celebi|atk|1
|move|p2a: Celebi|Hidden Power|p1a: Birb
|-resisted|p1a: Birb
|-damage|p1a: Birb|68/100
|
|-weather|Sandstorm|[upkeep]
|-damage|p1a: Birb|62/100|[from] Sandstorm
|-damage|p2a: Celebi|94/100|[from] Sandstorm
|-heal|p2a: Celebi|100/100|[from] item: Leftovers
|upkeep
|turn|26
|
|t:|1730664978
|switch|p2a: Skarmory|Skarmory, M|52/100
|move|p1a: Birb|Hidden Power|p2a: Skarmory
|-resisted|p2a: Skarmory
|-damage|p2a: Skarmory|31/100
|
|-weather|Sandstorm|[upkeep]
|-damage|p1a: Birb|56/100|[from] Sandstorm
|-heal|p2a: Skarmory|37/100|[from] item: Leftovers
|upkeep
|turn|27
|
|t:|1730664984
|move|p1a: Birb|Hidden Power|p2a: Skarmory
|-resisted|p2a: Skarmory
|-damage|p2a: Skarmory|17/100
|move|p2a: Skarmory|Roar|p1a: Birb
|drag|p1a: Doge|Suicune|88/100
|-damage|p1a: Doge|63/100|[from] Spikes
|
|-weather|Sandstorm|[upkeep]
|-damage|p1a: Doge|57/100|[from] Sandstorm
|-heal|p1a: Doge|63/100|[from] item: Leftovers
|-heal|p2a: Skarmory|23/100|[from] item: Leftovers
|upkeep
|turn|28
|
|t:|1730664989
|move|p1a: Doge|Calm Mind|p1a: Doge
|-boost|p1a: Doge|spa|1
|-boost|p1a: Doge|spd|1
|move|p2a: Skarmory|Roar|p1a: Doge
|drag|p1a: Birb|Salamence, F|56/100
|-ability|p1a: Birb|Intimidate|boost
|-unboost|p2a: Skarmory|atk|1
|
|-weather|Sandstorm|[upkeep]
|-damage|p1a: Birb|50/100|[from] Sandstorm
|-heal|p2a: Skarmory|29/100|[from] item: Leftovers
|upkeep
|turn|29
|
|t:|1730664994
|move|p2a: Skarmory|Protect|p2a: Skarmory
|-singleturn|p2a: Skarmory|Protect
|move|p1a: Birb|Brick Break|p2a: Skarmory
|-activate|p2a: Skarmory|Protect
|
|-weather|Sandstorm|[upkeep]
|-damage|p1a: Birb|44/100|[from] Sandstorm
|-heal|p2a: Skarmory|35/100|[from] item: Leftovers
|upkeep
|turn|30
|
|t:|1730665000
|switch|p1a: Blissey|Blissey, F|64/100
|-damage|p1a: Blissey|39/100|[from] Spikes
|switch|p2a: Gengar|Gengar, F|27/100 brn
|
|-weather|Sandstorm|[upkeep]
|-damage|p2a: Gengar|21/100 brn|[from] Sandstorm
|-damage|p1a: Blissey|33/100|[from] Sandstorm
|-damage|p2a: Gengar|8/100 brn|[from] brn
|-heal|p1a: Blissey|39/100|[from] item: Leftovers
|upkeep
|turn|31
|
|t:|1730665004
|move|p2a: Gengar|Explosion|p1a: Blissey
|-damage|p1a: Blissey|5/100
|faint|p2a: Gengar
|
|t:|1730665011
|switch|p2a: Aerodactyl|Aerodactyl, M|100/100
|
|-weather|Sandstorm|[upkeep]
|-damage|p1a: Blissey|0 fnt|[from] Sandstorm
|faint|p1a: Blissey
|upkeep
|
|t:|1730665013
|switch|p1a: Doge|Suicune|63/100
|-damage|p1a: Doge|38/100|[from] Spikes
|turn|32
|
|t:|1730665017
|switch|p2a: Celebi|Celebi|100/100
|move|p1a: Doge|Surf|p2a: Celebi
|-resisted|p2a: Celebi
|-crit|p2a: Celebi
|-damage|p2a: Celebi|72/100
|
|-weather|Sandstorm|[upkeep]
|-damage|p2a: Celebi|66/100|[from] Sandstorm
|-damage|p1a: Doge|32/100|[from] Sandstorm
|-heal|p2a: Celebi|72/100|[from] item: Leftovers
|-heal|p1a: Doge|38/100|[from] item: Leftovers
|upkeep
|turn|33
|
|t:|1730665021
|move|p2a: Celebi|Giga Drain|p1a: Doge
|-supereffective|p1a: Doge
|-crit|p1a: Doge
|-damage|p1a: Doge|0 fnt
|-heal|p2a: Celebi|91/100|[from] drain|[of] p1a: Doge
|faint|p1a: Doge
|c|☆woeishuen|gl further
|c|☆woeishuen|gg
|c|☆zinc3|gg
|-message|woeishuen forfeited.
|
|win|zinc3

</script>
<script type="application/json" class="data" id="replaydata-smogtours-gen3ou-804540">
{"id":"smogtours-gen3ou-804540","format":"[Gen 3] OU","players":["woeishuen","zinc3"],"uploadtime":1730665031,"views":86,"formatid":"gen3ou","rating":null,"private":0,"password":null}
</script>

<script defer src="js/replays.js?9d40a366"></script>
