<!DOCTYPE html>
<meta charset="utf-8" />
<meta name="viewport" content="width=device-width" />

<title>[Gen 3] OU: pressle54 vs. cloud bolt - Replays - Pok&eacute;mon Showdown!</title>

<meta name="description" content="Watch a replay of a Pok&eacute;mon battle between pressle54 and cloud bolt! Format: [Gen 3] OU; Date: Oct 10, 2024" />
<!--

Hey, you! Looking in the source for the replay log?

You can find them in JSON format, just add `.json` at the end of a replay URL.

https://replay.pokemonshowdown.com/gen7randomdoublesbattle-865046831.json

Or, if you only need the log itself, add `.log` instead:

https://replay.pokemonshowdown.com/gen7randomdoublesbattle-865046831.log

-->

<link rel="stylesheet" href="//pokemonshowdown.com/style/global.css?0.767286132409787" />
<link rel="stylesheet" href="//play.pokemonshowdown.com/style/font-awesome.css?0.9266228007934947" />
<link rel="stylesheet" href="//play.pokemonshowdown.com/style/battle.css?0.7924700842790926" />
<link rel="stylesheet" href="//play.pokemonshowdown.com/style/utilichart.css?0.8777417872839479" />

<!-- Global site tag (gtag.js) - Google Analytics -->
<script async src="https://www.googletagmanager.com/gtag/js?id=UA-26211653-1"></script>
<script>
  window.dataLayer = window.dataLayer || [];
  function gtag(){dataLayer.push(arguments);}
  gtag('js', new Date());

  gtag('config', 'UA-26211653-1');
</script>
<!-- End Google Analytics -->
<!-- Venatus Ad Manager - Install in <HEAD> of page -->
	<script src="https://hb.vntsm.com/v3/live/ad-manager.min.js" type="text/javascript" data-site-id="642aba63ec9a7b11c3c9c1be" data-mode="scan" async></script>
<!-- / Venatus Ad Manager -->

<style>
	@media (max-width:820px) {
		.battle {
			margin: 0 auto;
		}
		.battle-log {
			margin: 7px auto 0;
			max-width: 640px;
			height: 300px;
			position: static;
		}
	}
	.optgroup {
		display: inline-block;
		line-height: 22px;
		font-size: 10pt;
	}
	.optgroup .button {
		height: 25px;
		padding-top: 0;
		padding-bottom: 0;
	}
	.optgroup button.button {
		padding-left: 12px;
		padding-right: 12px;
	}
	.linklist {
		list-style: none;
		margin: 0.5em 0;
		padding: 0;
	}
	.linklist li {
		padding: 2px 0;
	}
	.sidebar {
		float: left;
		width: 320px;
	}
	.bar-wrapper {
		max-width: 1100px;
		margin: 0 auto;
	}
	.bar-wrapper.has-sidebar {
		max-width: 1430px;
	}
	.mainbar {
		margin: 0;
		padding-right: 1px;
	}
	.mainbar.has-sidebar {
		margin-left: 330px;
	}
	@media (min-width: 1511px) {
		.sidebar {
			width: 400px;
		}
		.bar-wrapper.has-sidebar {
			max-width: 1510px;
		}
		.mainbar.has-sidebar {
			margin-left: 410px;
		}
	}
	.section.first-section {
		margin-top: 9px;
	}
	.blocklink small {
		white-space: normal;
	}
	.button {
		vertical-align: middle;
	}
	.replay-controls {
		padding-top: 10px;
	}
	.replay-controls h1 {
		font-size: 16pt;
		font-weight: normal;
		color: #CCC;
	}
	.pagelink {
		text-align: center;
	}
	.pagelink a {
		width: 150px;
	}
	.textbox, .button {
		font-size: 11pt;
		vertical-align: middle;
	}
	@media (max-width: 450px) {
		.button {
			font-size: 9pt;
		}
	}
</style>

<div>

	<header>
		<div class="nav-wrapper"><ul class="nav">
			<li><a class="button nav-first" href="//pokemonshowdown.com/"><img src="//pokemonshowdown.com/images/pokemonshowdownbeta.png" srcset="//pokemonshowdown.com/images/pokemonshowdownbeta.png 1x, //pokemonshowdown.com/images/pokemonshowdownbeta@2x.png 2x" alt="Pok&eacute;mon Showdown" width="146" height="44" /> Home</a></li>
			<li><a class="button" href="//pokemonshowdown.com/dex/">Pok&eacute;dex</a></li>
			<li><a class="button cur" href="/">Replays</a></li>
			<li><a class="button" href="//pokemonshowdown.com/ladder/">Ladder</a></li>
			<li><a class="button nav-last" href="//pokemonshowdown.com/forums/">Forum</a></li>
			<li><a class="button greenbutton nav-first nav-last" href="//play.pokemonshowdown.com/">Play</a></li>
		</ul></div>
	</header>

	<div class="main" id="main">

		<noscript><section class="section">You need to enable JavaScript to use this page; sorry!</section></noscript>

	</div>

</div>

<script defer nomodule src="//play.pokemonshowdown.com/js/lib/ps-polyfill.js"></script>
<script defer src="//play.pokemonshowdown.com/js/lib/preact.min.js"></script>

<script defer src="//play.pokemonshowdown.com/config/config.js?6dec07f6"></script>
<script defer src="//play.pokemonshowdown.com/js/lib/jquery-1.11.0.min.js"></script>
<script defer src="//play.pokemonshowdown.com/js/lib/html-sanitizer-minified.js"></script>
<script defer src="//play.pokemonshowdown.com/js/battle-sound.js"></script>
<script defer src="//play.pokemonshowdown.com/js/battledata.js?0.6315294753075389"></script>
<script defer src="//play.pokemonshowdown.com/data/pokedex-mini.js?0.7603743185311358"></script>
<script defer src="//play.pokemonshowdown.com/data/pokedex-mini-bw.js?0.030888842834281283"></script>
<script defer src="//play.pokemonshowdown.com/data/graphics.js?0.05593094747507488"></script>
<script defer src="//play.pokemonshowdown.com/data/pokedex.js?0.47064822249611904"></script>
<script defer src="//play.pokemonshowdown.com/data/moves.js?0.8583693120512459"></script>
<script defer src="//play.pokemonshowdown.com/data/abilities.js?0.16017181182386842"></script>
<script defer src="//play.pokemonshowdown.com/data/items.js?0.4163379185673943"></script>
<script defer src="//play.pokemonshowdown.com/data/teambuilder-tables.js?0.31075597372830477"></script>
<script defer src="//play.pokemonshowdown.com/js/battle-tooltips.js?0.6536193500708172"></script>
<script defer src="//play.pokemonshowdown.com/js/battle.js?0.1916591943277901"></script>

<script defer src="js/utils.js?e31f9a17"></script>
<script defer src="js/replays-battle.js?7008c182"></script>

<!-- don't scrape this data! just add .json or .log after the URL!
Full API docs: https://github.com/smogon/pokemon-showdown-client/blob/master/WEB-API.md -->
<script type="text/plain" class="log" id="replaylog-smogtours-gen3ou-796836">
|inactive|Battle timer is ON: inactive players will automatically lose when time's up.
|t:|1728521740
|gametype|singles
|player|p1|pressle54|boarder|
|player|p2|cloud bolt|flannery|
|teamsize|p1|6
|teamsize|p2|6
|gen|3
|tier|[Gen 3] OU
|rule|Sleep Clause Mod: Limit one foe put to sleep
|rule|Switch Priority Clause Mod: Faster Pokémon switch first
|rule|Species Clause: Limit one of each Pokémon
|rule|OHKO Clause: OHKO moves are banned
|rule|Evasion Items Clause: Evasion items are banned
|rule|Evasion Moves Clause: Evasion moves are banned
|rule|Endless Battle Clause: Forcing endless battles is banned
|rule|HP Percentage Mod: HP is shown in percentages
|rule|One Boost Passer Clause: Limit one Baton Passer that has a way to boost its stats
|rule|Freeze Clause Mod: Limit one foe frozen
|
|t:|1728521740
|start
|switch|p1a: Salamence|Salamence, M|100/100
|switch|p2a: Zapdos|Zapdos|100/100
|-ability|p1a: Salamence|Intimidate|boost
|-unboost|p2a: Zapdos|atk|1
|turn|1
|
|t:|1728521749
|move|p2a: Zapdos|Hidden Power|p1a: Salamence
|-supereffective|p1a: Salamence
|-crit|p1a: Salamence
|-damage|p1a: Salamence|0 fnt
|faint|p1a: Salamence
|
|t:|1728521756
|switch|p1a: Blissey|Blissey, F|100/100
|
|upkeep
|turn|2
|
|t:|1728521761
|switch|p2a: Claydol|Claydol|100/100
|move|p1a: Blissey|Ice Beam|p2a: Claydol
|-supereffective|p2a: Claydol
|-damage|p2a: Claydol|56/100
|
|-heal|p2a: Claydol|62/100|[from] item: Leftovers
|upkeep
|turn|3
|
|t:|1728521770
|switch|p2a: Metagross|Metagross|100/100
|move|p1a: Blissey|Ice Beam|p2a: Metagross
|-resisted|p2a: Metagross
|-damage|p2a: Metagross|84/100
|
|-heal|p2a: Metagross|90/100|[from] item: Leftovers
|upkeep
|turn|4
|
|t:|1728521785
|switch|p1a: Hariyama|Hariyama, M|100/100
|move|p2a: Metagross|Meteor Mash|p1a: Hariyama
|-damage|p1a: Hariyama|59/100
|
|-heal|p2a: Metagross|96/100|[from] item: Leftovers
|-heal|p1a: Hariyama|65/100|[from] item: Leftovers
|upkeep
|turn|5
|
|t:|1728521794
|move|p2a: Metagross|Psychic|p1a: Hariyama
|-supereffective|p1a: Hariyama
|-crit|p1a: Hariyama
|-damage|p1a: Hariyama|0 fnt
|faint|p1a: Hariyama
|
|t:|1728521800
|switch|p1a: Jirachi|Jirachi|100/100
|
|-heal|p2a: Metagross|100/100|[from] item: Leftovers
|upkeep
|turn|6
|
|t:|1728521806
|switch|p2a: Snorlax|Snorlax, F|100/100
|move|p1a: Jirachi|Fire Punch|p2a: Snorlax
|-damage|p2a: Snorlax|89/100
|-status|p2a: Snorlax|brn
|
|-heal|p2a: Snorlax|95/100 brn|[from] item: Leftovers
|-damage|p2a: Snorlax|83/100 brn|[from] brn
|upkeep
|turn|7
|
|t:|1728521814
|switch|p1a: Claydol|Claydol|100/100
|move|p2a: Snorlax|Earthquake|p1a: Claydol
|-immune|p1a: Claydol
|
|-heal|p2a: Snorlax|89/100 brn|[from] item: Leftovers
|-damage|p2a: Snorlax|77/100 brn|[from] brn
|upkeep
|turn|8
|
|t:|1728521821
|move|p1a: Claydol|Earthquake|p2a: Snorlax
|-damage|p2a: Snorlax|41/100 brn
|move|p2a: Snorlax|Shadow Ball|p1a: Claydol
|-supereffective|p1a: Claydol
|-damage|p1a: Claydol|71/100
|-unboost|p1a: Claydol|spd|1
|
|-heal|p1a: Claydol|77/100|[from] item: Leftovers
|-heal|p2a: Snorlax|47/100 brn|[from] item: Leftovers
|-damage|p2a: Snorlax|35/100 brn|[from] brn
|upkeep
|turn|9
|
|t:|1728521827
|move|p1a: Claydol|Earthquake|p2a: Snorlax
|-damage|p2a: Snorlax|0 fnt
|faint|p2a: Snorlax
|
|t:|1728521834
|switch|p2a: Suicune|Suicune|100/100
|
|-heal|p1a: Claydol|83/100|[from] item: Leftovers
|upkeep
|turn|10
|
|t:|1728521840
|switch|p1a: Blissey|Blissey, F|100/100
|move|p2a: Suicune|Substitute|p2a: Suicune
|-start|p2a: Suicune|Substitute
|-damage|p2a: Suicune|75/100
|
|-heal|p2a: Suicune|82/100|[from] item: Leftovers
|upkeep
|turn|11
|
|t:|1728521846
|move|p2a: Suicune|Calm Mind|p2a: Suicune
|-boost|p2a: Suicune|spa|1
|-boost|p2a: Suicune|spd|1
|move|p1a: Blissey|Thunderbolt|p2a: Suicune
|-supereffective|p2a: Suicune
|-end|p2a: Suicune|Substitute
|
|-heal|p2a: Suicune|88/100|[from] item: Leftovers
|upkeep
|turn|12
|
|t:|1728521858
|switch|p2a: Metagross|Metagross|100/100
|move|p1a: Blissey|Thunderbolt|p2a: Metagross
|-damage|p2a: Metagross|72/100
|
|-heal|p2a: Metagross|78/100|[from] item: Leftovers
|upkeep
|turn|13
|
|t:|1728521865
|switch|p1a: Jirachi|Jirachi|100/100
|move|p2a: Metagross|Meteor Mash|p1a: Jirachi
|-resisted|p1a: Jirachi
|-damage|p1a: Jirachi|86/100
|-boost|p2a: Metagross|atk|1
|
|-heal|p1a: Jirachi|92/100|[from] item: Leftovers
|-heal|p2a: Metagross|84/100|[from] item: Leftovers
|upkeep
|turn|14
|
|t:|1728521871
|move|p1a: Jirachi|Fire Punch|p2a: Metagross
|-supereffective|p2a: Metagross
|-damage|p2a: Metagross|38/100
|-status|p2a: Metagross|brn
|move|p2a: Metagross|Explosion|p1a: Jirachi
|-resisted|p1a: Jirachi
|-damage|p1a: Jirachi|58/100
|faint|p2a: Metagross
|
|t:|1728521875
|switch|p2a: Charizard|Charizard, M|100/100
|
|-heal|p1a: Jirachi|64/100|[from] item: Leftovers
|upkeep
|turn|15
|
|t:|1728521885
|switch|p1a: Suicune|Suicune|100/100
|move|p2a: Charizard|Substitute|p2a: Charizard
|-start|p2a: Charizard|Substitute
|-damage|p2a: Charizard|76/100
|
|-heal|p2a: Charizard|82/100|[from] item: Leftovers
|upkeep
|turn|16
|
|t:|1728521891
|move|p2a: Charizard|Hidden Power|p1a: Suicune
|-supereffective|p1a: Suicune
|-damage|p1a: Suicune|62/100
|move|p1a: Suicune|Surf|p2a: Charizard
|-supereffective|p2a: Charizard
|-end|p2a: Charizard|Substitute
|
|-heal|p2a: Charizard|88/100|[from] item: Leftovers
|-heal|p1a: Suicune|68/100|[from] item: Leftovers
|upkeep
|turn|17
|
|t:|1728521895
|switch|p2a: Zapdos|Zapdos|100/100
|move|p1a: Suicune|Surf|p2a: Zapdos
|-damage|p2a: Zapdos|65/100
|
|-heal|p2a: Zapdos|71/100|[from] item: Leftovers
|-heal|p1a: Suicune|75/100|[from] item: Leftovers
|upkeep
|turn|18
|
|t:|1728521900
|switch|p2a: Claydol|Claydol|62/100
|switch|p1a: Claydol|Claydol|83/100
|
|-heal|p1a: Claydol|89/100|[from] item: Leftovers
|-heal|p2a: Claydol|68/100|[from] item: Leftovers
|upkeep
|turn|19
|
|t:|1728521905
|move|p1a: Claydol|Shadow Ball|p2a: Claydol
|-supereffective|p2a: Claydol
|-damage|p2a: Claydol|27/100
|move|p2a: Claydol|Explosion|p1a: Claydol
|-damage|p1a: Claydol|0 fnt
|faint|p2a: Claydol
|faint|p1a: Claydol
|
|t:|1728521916
|switch|p1a: Jirachi|Jirachi|64/100
|switch|p2a: Zapdos|Zapdos|71/100
|
|-heal|p2a: Zapdos|78/100|[from] item: Leftovers
|-heal|p1a: Jirachi|70/100|[from] item: Leftovers
|upkeep
|turn|20
|
|t:|1728521919
|move|p2a: Zapdos|Thunder Wave|p1a: Jirachi
|-status|p1a: Jirachi|par
|move|p1a: Jirachi|Wish|p1a: Jirachi
|
|-heal|p2a: Zapdos|84/100|[from] item: Leftovers
|-heal|p1a: Jirachi|77/100 par|[from] item: Leftovers
|upkeep
|turn|21
|
|t:|1728521926
|move|p1a: Jirachi|Protect|p1a: Jirachi
|-singleturn|p1a: Jirachi|Protect
|move|p2a: Zapdos|Thunderbolt|p1a: Jirachi
|-activate|p1a: Jirachi|Protect
|
|-heal|p1a: Jirachi|100/100 par|[from] move: Wish|[wisher] Jirachi
|-heal|p2a: Zapdos|90/100|[from] item: Leftovers
|upkeep
|turn|22
|
|t:|1728521939
|switch|p2a: Suicune|Suicune|88/100
|move|p1a: Jirachi|Toxic|p2a: Suicune
|-status|p2a: Suicune|tox
|
|-heal|p2a: Suicune|94/100 tox|[from] item: Leftovers
|-damage|p2a: Suicune|88/100 tox|[from] psn
|upkeep
|turn|23
|
|t:|1728521946
|switch|p1a: Blissey|Blissey, F|100/100
|move|p2a: Suicune|Hydro Pump|p1a: Blissey
|-damage|p1a: Blissey|81/100
|
|-heal|p2a: Suicune|94/100 tox|[from] item: Leftovers
|-damage|p2a: Suicune|82/100 tox|[from] psn
|-heal|p1a: Blissey|87/100|[from] item: Leftovers
|upkeep
|turn|24
|
|t:|1728521952
|move|p2a: Suicune|Hydro Pump|p1a: Blissey
|-damage|p1a: Blissey|68/100
|move|p1a: Blissey|Thunderbolt|p2a: Suicune
|-supereffective|p2a: Suicune
|-damage|p2a: Suicune|42/100 tox
|
|-heal|p2a: Suicune|48/100 tox|[from] item: Leftovers
|-damage|p2a: Suicune|29/100 tox|[from] psn
|-heal|p1a: Blissey|74/100|[from] item: Leftovers
|upkeep
|turn|25
|
|t:|1728521959
|move|p2a: Suicune|Hydro Pump|p1a: Blissey
|-damage|p1a: Blissey|53/100
|move|p1a: Blissey|Soft-Boiled|p1a: Blissey
|-heal|p1a: Blissey|100/100
|
|-heal|p2a: Suicune|36/100 tox|[from] item: Leftovers
|-damage|p2a: Suicune|11/100 tox|[from] psn
|upkeep
|turn|26
|
|t:|1728521968
|move|p2a: Suicune|Ice Beam|p1a: Blissey
|-damage|p1a: Blissey|90/100
|move|p1a: Blissey|Thunderbolt|p2a: Suicune
|-supereffective|p2a: Suicune
|-damage|p2a: Suicune|0 fnt
|faint|p2a: Suicune
|
|t:|1728521971
|switch|p2a: Zapdos|Zapdos|90/100
|
|-heal|p2a: Zapdos|96/100|[from] item: Leftovers
|-heal|p1a: Blissey|96/100|[from] item: Leftovers
|upkeep
|turn|27
|
|t:|1728521976
|move|p2a: Zapdos|Thunder Wave|p1a: Blissey
|-status|p1a: Blissey|par
|move|p1a: Blissey|Ice Beam|p2a: Zapdos
|-supereffective|p2a: Zapdos
|-damage|p2a: Zapdos|39/100
|
|-heal|p2a: Zapdos|46/100|[from] item: Leftovers
|-heal|p1a: Blissey|100/100 par|[from] item: Leftovers
|upkeep
|turn|28
|
|t:|1728521982
|move|p2a: Zapdos|Sunny Day|p2a: Zapdos
|-weather|SunnyDay
|move|p1a: Blissey|Ice Beam|p2a: Zapdos
|-supereffective|p2a: Zapdos
|-damage|p2a: Zapdos|0 fnt
|faint|p2a: Zapdos
|
|t:|1728521984
|switch|p2a: Charizard|Charizard, M|88/100
|
|-weather|SunnyDay|[upkeep]
|-heal|p2a: Charizard|94/100|[from] item: Leftovers
|upkeep
|turn|29
|
|t:|1728521990
|move|p2a: Charizard|Substitute|p2a: Charizard
|-start|p2a: Charizard|Substitute
|-damage|p2a: Charizard|69/100
|move|p1a: Blissey|Ice Beam|p2a: Charizard
|-end|p2a: Charizard|Substitute
|
|-weather|SunnyDay|[upkeep]
|-heal|p2a: Charizard|75/100|[from] item: Leftovers
|upkeep
|turn|30
|
|t:|1728521996
|move|p2a: Charizard|Substitute|p2a: Charizard
|-start|p2a: Charizard|Substitute
|-damage|p2a: Charizard|50/100
|move|p1a: Blissey|Ice Beam|p2a: Charizard
|-end|p2a: Charizard|Substitute
|
|-weather|SunnyDay|[upkeep]
|-heal|p2a: Charizard|56/100|[from] item: Leftovers
|upkeep
|turn|31
|
|t:|1728521999
|move|p2a: Charizard|Substitute|p2a: Charizard
|-start|p2a: Charizard|Substitute
|-damage|p2a: Charizard|31/100
|move|p1a: Blissey|Ice Beam|p2a: Charizard
|-crit|p2a: Charizard
|-end|p2a: Charizard|Substitute
|
|-weather|SunnyDay|[upkeep]
|-heal|p2a: Charizard|37/100|[from] item: Leftovers
|upkeep
|turn|32
|
|t:|1728522001
|move|p2a: Charizard|Substitute|p2a: Charizard
|-start|p2a: Charizard|Substitute
|-damage|p2a: Charizard|12/100
|move|p1a: Blissey|Ice Beam|p2a: Charizard
|-end|p2a: Charizard|Substitute
|
|-weather|none
|-heal|p2a: Charizard|18/100|[from] item: Leftovers
|upkeep
|turn|33
|
|t:|1728522004
|-singleturn|p2a: Charizard|move: Focus Punch
|move|p1a: Blissey|Ice Beam|p2a: Charizard
|-damage|p2a: Charizard|0 fnt
|faint|p2a: Charizard
|
|win|pressle54
|c|☆pressle54|gg

</script>
<script type="application/json" class="data" id="replaydata-smogtours-gen3ou-796836">
{"id":"smogtours-gen3ou-796836","format":"[Gen 3] OU","players":["pressle54","cloud bolt"],"uploadtime":1728522004,"views":92,"formatid":"gen3ou","rating":null,"private":0,"password":null}
</script>

<script defer src="js/replays.js?9d40a366"></script>
