<!DOCTYPE html>
<meta charset="utf-8" />
<meta name="viewport" content="width=device-width" />

<title>[Gen 3] OU: Nardgo vs. Tree69420 - Replays - Pok&eacute;mon Showdown!</title>

<meta name="description" content="Watch a replay of a Pok&eacute;mon battle between Nardgo and Tree69420! Format: [Gen 3] OU; Date: Oct 12, 2024" />
<!--

Hey, you! Looking in the source for the replay log?

You can find them in JSON format, just add `.json` at the end of a replay URL.

https://replay.pokemonshowdown.com/gen7randomdoublesbattle-865046831.json

Or, if you only need the log itself, add `.log` instead:

https://replay.pokemonshowdown.com/gen7randomdoublesbattle-865046831.log

-->

<link rel="stylesheet" href="//pokemonshowdown.com/style/global.css?0.023195364461161105" />
<link rel="stylesheet" href="//play.pokemonshowdown.com/style/font-awesome.css?0.13261647063804238" />
<link rel="stylesheet" href="//play.pokemonshowdown.com/style/battle.css?0.8753245789963631" />
<link rel="stylesheet" href="//play.pokemonshowdown.com/style/utilichart.css?0.8627959624976733" />

<!-- Global site tag (gtag.js) - Google Analytics -->
<script async src="https://www.googletagmanager.com/gtag/js?id=UA-26211653-1"></script>
<script>
  window.dataLayer = window.dataLayer || [];
  function gtag(){dataLayer.push(arguments);}
  gtag('js', new Date());

  gtag('config', 'UA-26211653-1');
</script>
<!-- End Google Analytics -->
<!-- Venatus Ad Manager - Install in <HEAD> of page -->
	<script src="https://hb.vntsm.com/v3/live/ad-manager.min.js" type="text/javascript" data-site-id="642aba63ec9a7b11c3c9c1be" data-mode="scan" async></script>
<!-- / Venatus Ad Manager -->

<style>
	@media (max-width:820px) {
		.battle {
			margin: 0 auto;
		}
		.battle-log {
			margin: 7px auto 0;
			max-width: 640px;
			height: 300px;
			position: static;
		}
	}
	.optgroup {
		display: inline-block;
		line-height: 22px;
		font-size: 10pt;
	}
	.optgroup .button {
		height: 25px;
		padding-top: 0;
		padding-bottom: 0;
	}
	.optgroup button.button {
		padding-left: 12px;
		padding-right: 12px;
	}
	.linklist {
		list-style: none;
		margin: 0.5em 0;
		padding: 0;
	}
	.linklist li {
		padding: 2px 0;
	}
	.sidebar {
		float: left;
		width: 320px;
	}
	.bar-wrapper {
		max-width: 1100px;
		margin: 0 auto;
	}
	.bar-wrapper.has-sidebar {
		max-width: 1430px;
	}
	.mainbar {
		margin: 0;
		padding-right: 1px;
	}
	.mainbar.has-sidebar {
		margin-left: 330px;
	}
	@media (min-width: 1511px) {
		.sidebar {
			width: 400px;
		}
		.bar-wrapper.has-sidebar {
			max-width: 1510px;
		}
		.mainbar.has-sidebar {
			margin-left: 410px;
		}
	}
	.section.first-section {
		margin-top: 9px;
	}
	.blocklink small {
		white-space: normal;
	}
	.button {
		vertical-align: middle;
	}
	.replay-controls {
		padding-top: 10px;
	}
	.replay-controls h1 {
		font-size: 16pt;
		font-weight: normal;
		color: #CCC;
	}
	.pagelink {
		text-align: center;
	}
	.pagelink a {
		width: 150px;
	}
	.textbox, .button {
		font-size: 11pt;
		vertical-align: middle;
	}
	@media (max-width: 450px) {
		.button {
			font-size: 9pt;
		}
	}
</style>

<div>

	<header>
		<div class="nav-wrapper"><ul class="nav">
			<li><a class="button nav-first" href="//pokemonshowdown.com/"><img src="//pokemonshowdown.com/images/pokemonshowdownbeta.png" srcset="//pokemonshowdown.com/images/pokemonshowdownbeta.png 1x, //pokemonshowdown.com/images/pokemonshowdownbeta@2x.png 2x" alt="Pok&eacute;mon Showdown" width="146" height="44" /> Home</a></li>
			<li><a class="button" href="//pokemonshowdown.com/dex/">Pok&eacute;dex</a></li>
			<li><a class="button cur" href="/">Replays</a></li>
			<li><a class="button" href="//pokemonshowdown.com/ladder/">Ladder</a></li>
			<li><a class="button nav-last" href="//pokemonshowdown.com/forums/">Forum</a></li>
			<li><a class="button greenbutton nav-first nav-last" href="//play.pokemonshowdown.com/">Play</a></li>
		</ul></div>
	</header>

	<div class="main" id="main">

		<noscript><section class="section">You need to enable JavaScript to use this page; sorry!</section></noscript>

	</div>

</div>

<script defer nomodule src="//play.pokemonshowdown.com/js/lib/ps-polyfill.js"></script>
<script defer src="//play.pokemonshowdown.com/js/lib/preact.min.js"></script>

<script defer src="//play.pokemonshowdown.com/config/config.js?2bddbc15"></script>
<script defer src="//play.pokemonshowdown.com/js/lib/jquery-1.11.0.min.js"></script>
<script defer src="//play.pokemonshowdown.com/js/lib/html-sanitizer-minified.js"></script>
<script defer src="//play.pokemonshowdown.com/js/battle-sound.js"></script>
<script defer src="//play.pokemonshowdown.com/js/battledata.js?0.7209276989879541"></script>
<script defer src="//play.pokemonshowdown.com/data/pokedex-mini.js?0.6111056340867951"></script>
<script defer src="//play.pokemonshowdown.com/data/pokedex-mini-bw.js?0.3532142036491459"></script>
<script defer src="//play.pokemonshowdown.com/data/graphics.js?0.24223875632456182"></script>
<script defer src="//play.pokemonshowdown.com/data/pokedex.js?0.38839984266356864"></script>
<script defer src="//play.pokemonshowdown.com/data/moves.js?0.21866028504024015"></script>
<script defer src="//play.pokemonshowdown.com/data/abilities.js?0.2005157953846628"></script>
<script defer src="//play.pokemonshowdown.com/data/items.js?0.9894211263848525"></script>
<script defer src="//play.pokemonshowdown.com/data/teambuilder-tables.js?0.6008791140282215"></script>
<script defer src="//play.pokemonshowdown.com/js/battle-tooltips.js?0.7580118955022959"></script>
<script defer src="//play.pokemonshowdown.com/js/battle.js?0.6057722274234274"></script>

<script defer src="js/utils.js?e31f9a17"></script>
<script defer src="js/replays-battle.js?7008c182"></script>

<!-- don't scrape this data! just add .json or .log after the URL!
Full API docs: https://github.com/smogon/pokemon-showdown-client/blob/master/WEB-API.md -->
<script type="text/plain" class="log" id="replaylog-smogtours-gen3ou-797678">
|inactive|Battle timer is ON: inactive players will automatically lose when time's up.
|badge|p2|silver|gen9uu|30-3
|uhtml|medal-msg|<div class="broadcast-blue">Curious what those medals under the avatar are? PS now has Ladder Seasons! For more information, check out the <a href="https://www.smogon.com/forums/threads/3740067/">thread on Smogon.<\/a><\/div>
|t:|1728759532
|gametype|singles
|player|p1|Nardgo|steven|
|player|p2|Tree69420|#rbyplivglacialarticunos|
|teamsize|p1|6
|teamsize|p2|6
|gen|3
|tier|[Gen 3] OU
|rule|Sleep Clause Mod: Limit one foe put to sleep
|rule|Switch Priority Clause Mod: Faster Pokémon switch first
|rule|Species Clause: Limit one of each Pokémon
|rule|OHKO Clause: OHKO moves are banned
|rule|Evasion Items Clause: Evasion items are banned
|rule|Evasion Moves Clause: Evasion moves are banned
|rule|Endless Battle Clause: Forcing endless battles is banned
|rule|HP Percentage Mod: HP is shown in percentages
|rule|One Boost Passer Clause: Limit one Baton Passer that has a way to boost its stats
|rule|Freeze Clause Mod: Limit one foe frozen
|
|t:|1728759532
|start
|switch|p1a: Zapdos|Zapdos|100/100
|switch|p2a: Salamence|Salamence, F|100/100
|-ability|p2a: Salamence|Intimidate|boost
|-unboost|p1a: Zapdos|atk|1
|turn|1
|
|t:|1728759538
|switch|p2a: Blissey|Blissey, F|100/100
|move|p1a: Zapdos|Hidden Power|p2a: Blissey
|-crit|p2a: Blissey
|-damage|p2a: Blissey|81/100
|
|-heal|p2a: Blissey|87/100|[from] item: Leftovers
|upkeep
|turn|2
|
|t:|1728759542
|switch|p1a: Regirock|Regirock|100/100
|move|p2a: Blissey|Thunder Wave|p1a: Regirock
|-status|p1a: Regirock|par
|
|-heal|p2a: Blissey|93/100|[from] item: Leftovers
|upkeep
|turn|3
|
|t:|1728759548
|-singleturn|p1a: Regirock|move: Focus Punch
|switch|p2a: Skarmory|Skarmory, M|100/100
|move|p1a: Regirock|Focus Punch|p2a: Skarmory
|-damage|p2a: Skarmory|66/100
|
|-heal|p2a: Skarmory|72/100|[from] item: Leftovers
|upkeep
|turn|4
|
|t:|1728759558
|-singleturn|p1a: Regirock|move: Focus Punch
|move|p2a: Skarmory|Spikes|p1a: Regirock
|-sidestart|p1: Nardgo|Spikes
|move|p1a: Regirock|Focus Punch|p2a: Skarmory
|-damage|p2a: Skarmory|32/100
|
|-heal|p2a: Skarmory|38/100|[from] item: Leftovers
|upkeep
|turn|5
|
|t:|1728759562
|-singleturn|p1a: Regirock|move: Focus Punch
|move|p2a: Skarmory|Hidden Power|p1a: Regirock
|-supereffective|p1a: Regirock
|-damage|p1a: Regirock|79/100 par
|cant|p1a: Regirock|par
|
|-heal|p2a: Skarmory|44/100|[from] item: Leftovers
|-heal|p1a: Regirock|85/100 par|[from] item: Leftovers
|upkeep
|turn|6
|
|t:|1728759566
|switch|p2a: Metagross|Metagross|100/100
|cant|p1a: Regirock|par
|
|-heal|p1a: Regirock|91/100 par|[from] item: Leftovers
|upkeep
|turn|7
|
|t:|1728759572
|switch|p1a: Zapdos|Zapdos|100/100
|move|p2a: Metagross|Meteor Mash|p1a: Zapdos
|-resisted|p1a: Zapdos
|-damage|p1a: Zapdos|62/100
|
|-heal|p1a: Zapdos|69/100|[from] item: Leftovers
|upkeep
|turn|8
|
|t:|1728759580
|switch|p2a: Quagsire|Quagsire, M|100/100
|move|p1a: Zapdos|Thunderbolt|p2a: Quagsire
|-immune|p2a: Quagsire
|
|-heal|p1a: Zapdos|75/100|[from] item: Leftovers
|upkeep
|turn|9
|c|☆Nardgo|the sire
|
|t:|1728759598
|switch|p1a: Snorlax|Snorlax, F|100/100
|-damage|p1a: Snorlax|88/100|[from] Spikes
|move|p2a: Quagsire|Ice Beam|p1a: Snorlax
|-damage|p1a: Snorlax|80/100
|
|-heal|p1a: Snorlax|86/100|[from] item: Leftovers
|upkeep
|turn|10
|
|t:|1728759607
|switch|p2a: Skarmory|Skarmory, M|44/100
|move|p1a: Snorlax|Curse|p1a: Snorlax
|-unboost|p1a: Snorlax|spe|1
|-boost|p1a: Snorlax|atk|1
|-boost|p1a: Snorlax|def|1
|
|-heal|p2a: Skarmory|50/100|[from] item: Leftovers
|-heal|p1a: Snorlax|92/100|[from] item: Leftovers
|upkeep
|turn|11
|
|t:|1728759610
|move|p1a: Snorlax|Return|p2a: Skarmory
|-resisted|p2a: Skarmory
|-damage|p2a: Skarmory|28/100
|move|p2a: Skarmory|Roar|p1a: Snorlax
|drag|p1a: Regirock|Regirock|91/100 par
|-damage|p1a: Regirock|79/100 par|[from] Spikes
|
|-heal|p2a: Skarmory|34/100|[from] item: Leftovers
|-heal|p1a: Regirock|85/100 par|[from] item: Leftovers
|upkeep
|turn|12
|
|t:|1728759618
|move|p2a: Skarmory|Spikes|p1a: Regirock
|-sidestart|p1: Nardgo|Spikes
|cant|p1a: Regirock|par
|
|-heal|p2a: Skarmory|40/100|[from] item: Leftovers
|-heal|p1a: Regirock|91/100 par|[from] item: Leftovers
|upkeep
|turn|13
|
|t:|1728759623
|move|p2a: Skarmory|Hidden Power|p1a: Regirock
|-supereffective|p1a: Regirock
|-damage|p1a: Regirock|71/100 par
|move|p1a: Regirock|Thunder Wave|p2a: Skarmory
|-status|p2a: Skarmory|par
|
|-heal|p2a: Skarmory|46/100 par|[from] item: Leftovers
|-heal|p1a: Regirock|77/100 par|[from] item: Leftovers
|upkeep
|turn|14
|
|t:|1728759626
|move|p2a: Skarmory|Spikes|p1a: Regirock
|-sidestart|p1: Nardgo|Spikes
|move|p1a: Regirock|Rock Slide|p2a: Skarmory
|-damage|p2a: Skarmory|20/100 par
|
|-heal|p2a: Skarmory|26/100 par|[from] item: Leftovers
|-heal|p1a: Regirock|83/100 par|[from] item: Leftovers
|upkeep
|turn|15
|
|t:|1728759630
|switch|p2a: Metagross|Metagross|100/100
|cant|p1a: Regirock|par
|
|-heal|p1a: Regirock|89/100 par|[from] item: Leftovers
|upkeep
|turn|16
|
|t:|1728759639
|switch|p1a: Zapdos|Zapdos|75/100
|move|p2a: Metagross|Meteor Mash|p1a: Zapdos
|-resisted|p1a: Zapdos
|-damage|p1a: Zapdos|39/100
|-boost|p2a: Metagross|atk|1
|
|-heal|p1a: Zapdos|45/100|[from] item: Leftovers
|upkeep
|turn|17
|
|t:|1728759646
|switch|p2a: Blissey|Blissey, F|93/100
|move|p1a: Zapdos|Thunderbolt|p2a: Blissey
|-damage|p2a: Blissey|72/100
|
|-heal|p1a: Zapdos|51/100|[from] item: Leftovers
|-heal|p2a: Blissey|78/100|[from] item: Leftovers
|upkeep
|turn|18
|
|t:|1728759656
|switch|p1a: Regirock|Regirock|89/100 par
|-damage|p1a: Regirock|64/100 par|[from] Spikes
|move|p2a: Blissey|Ice Beam|p1a: Regirock
|-damage|p1a: Regirock|42/100 par
|
|-heal|p2a: Blissey|84/100|[from] item: Leftovers
|-heal|p1a: Regirock|48/100 par|[from] item: Leftovers
|upkeep
|turn|19
|
|t:|1728759675
|switch|p2a: Magneton|Magneton|100/100
|cant|p1a: Regirock|par
|
|-heal|p1a: Regirock|54/100 par|[from] item: Leftovers
|upkeep
|turn|20
|
|t:|1728759685
|switch|p1a: Dugtrio|Dugtrio, M|100/100
|-damage|p1a: Dugtrio|76/100|[from] Spikes
|move|p2a: Magneton|Thunderbolt|p1a: Dugtrio
|-immune|p1a: Dugtrio
|
|upkeep
|turn|21
|
|t:|1728759687
|move|p2a: Magneton|Protect|p2a: Magneton
|-singleturn|p2a: Magneton|Protect
|move|p1a: Dugtrio|Earthquake|p2a: Magneton
|-activate|p2a: Magneton|Protect
|
|upkeep
|turn|22
|
|t:|1728759690
|move|p1a: Dugtrio|Earthquake|p2a: Magneton
|-supereffective|p2a: Magneton
|-damage|p2a: Magneton|0 fnt
|faint|p2a: Magneton
|
|t:|1728759693
|switch|p2a: Salamence|Salamence, F|100/100
|-ability|p2a: Salamence|Intimidate|boost
|-unboost|p1a: Dugtrio|atk|1
|
|upkeep
|turn|23
|
|t:|1728759698
|switch|p1a: Regirock|Regirock|54/100 par
|-damage|p1a: Regirock|29/100 par|[from] Spikes
|move|p2a: Salamence|Dragon Dance|p2a: Salamence
|-boost|p2a: Salamence|atk|1
|-boost|p2a: Salamence|spe|1
|
|-heal|p1a: Regirock|35/100 par|[from] item: Leftovers
|upkeep
|turn|24
|
|t:|1728759700
|move|p2a: Salamence|Brick Break|p1a: Regirock
|-supereffective|p1a: Regirock
|-damage|p1a: Regirock|0 fnt
|faint|p1a: Regirock
|
|t:|1728759705
|switch|p1a: Kingdra|Kingdra, M|100/100
|-damage|p1a: Kingdra|75/100|[from] Spikes
|
|-heal|p1a: Kingdra|82/100|[from] item: Leftovers
|upkeep
|turn|25
|
|t:|1728759710
|switch|p2a: Blissey|Blissey, F|84/100
|move|p1a: Kingdra|Ice Beam|p2a: Blissey
|-damage|p2a: Blissey|73/100
|
|-heal|p1a: Kingdra|88/100|[from] item: Leftovers
|-heal|p2a: Blissey|79/100|[from] item: Leftovers
|upkeep
|turn|26
|
|t:|1728759731
|switch|p1a: Dugtrio|Dugtrio, M|76/100
|-damage|p1a: Dugtrio|51/100|[from] Spikes
|move|p2a: Blissey|Ice Beam|p1a: Dugtrio
|-supereffective|p1a: Dugtrio
|-damage|p1a: Dugtrio|0 fnt
|faint|p1a: Dugtrio
|
|t:|1728759742
|switch|p1a: Raikou|Raikou|100/100
|-damage|p1a: Raikou|76/100|[from] Spikes
|
|-heal|p1a: Raikou|82/100|[from] item: Leftovers
|-heal|p2a: Blissey|85/100|[from] item: Leftovers
|upkeep
|turn|27
|
|t:|1728759749
|move|p1a: Raikou|Substitute|p1a: Raikou
|-start|p1a: Raikou|Substitute
|-damage|p1a: Raikou|57/100
|move|p2a: Blissey|Ice Beam|p1a: Raikou
|-activate|p1a: Raikou|Substitute|[damage]
|
|-heal|p1a: Raikou|63/100|[from] item: Leftovers
|-heal|p2a: Blissey|92/100|[from] item: Leftovers
|upkeep
|turn|28
|
|t:|1728759751
|move|p1a: Raikou|Calm Mind|p1a: Raikou
|-boost|p1a: Raikou|spa|1
|-boost|p1a: Raikou|spd|1
|move|p2a: Blissey|Ice Beam|p1a: Raikou
|-end|p1a: Raikou|Substitute
|
|-heal|p1a: Raikou|69/100|[from] item: Leftovers
|-heal|p2a: Blissey|98/100|[from] item: Leftovers
|upkeep
|turn|29
|
|t:|1728759767
|move|p1a: Raikou|Substitute|p1a: Raikou
|-start|p1a: Raikou|Substitute
|-damage|p1a: Raikou|45/100
|move|p2a: Blissey|Ice Beam|p1a: Raikou
|-activate|p1a: Raikou|Substitute|[damage]
|
|-heal|p1a: Raikou|51/100|[from] item: Leftovers
|-heal|p2a: Blissey|100/100|[from] item: Leftovers
|upkeep
|turn|30
|
|t:|1728759769
|move|p1a: Raikou|Calm Mind|p1a: Raikou
|-boost|p1a: Raikou|spa|1
|-boost|p1a: Raikou|spd|1
|move|p2a: Blissey|Ice Beam|p1a: Raikou
|-end|p1a: Raikou|Substitute
|
|-heal|p1a: Raikou|57/100|[from] item: Leftovers
|upkeep
|turn|31
|
|t:|1728759773
|move|p1a: Raikou|Substitute|p1a: Raikou
|-start|p1a: Raikou|Substitute
|-damage|p1a: Raikou|32/100
|move|p2a: Blissey|Ice Beam|p1a: Raikou
|-activate|p1a: Raikou|Substitute|[damage]
|
|-heal|p1a: Raikou|38/100|[from] item: Leftovers
|upkeep
|turn|32
|
|t:|1728759777
|move|p1a: Raikou|Calm Mind|p1a: Raikou
|-boost|p1a: Raikou|spa|1
|-boost|p1a: Raikou|spd|1
|move|p2a: Blissey|Fire Blast|p1a: Raikou
|-end|p1a: Raikou|Substitute
|
|-heal|p1a: Raikou|45/100|[from] item: Leftovers
|upkeep
|turn|33
|
|t:|1728759793
|move|p1a: Raikou|Substitute|p1a: Raikou
|-start|p1a: Raikou|Substitute
|-damage|p1a: Raikou|20/100
|move|p2a: Blissey|Ice Beam|p1a: Raikou
|-activate|p1a: Raikou|Substitute|[damage]
|
|-heal|p1a: Raikou|26/100|[from] item: Leftovers
|upkeep
|turn|34
|
|t:|1728759795
|move|p1a: Raikou|Calm Mind|p1a: Raikou
|-boost|p1a: Raikou|spa|1
|-boost|p1a: Raikou|spd|1
|move|p2a: Blissey|Fire Blast|p1a: Raikou|[miss]
|-miss|p2a: Blissey|p1a: Raikou
|
|-heal|p1a: Raikou|32/100|[from] item: Leftovers
|upkeep
|turn|35
|
|t:|1728759797
|move|p1a: Raikou|Calm Mind|p1a: Raikou
|-boost|p1a: Raikou|spa|1
|-boost|p1a: Raikou|spd|1
|move|p2a: Blissey|Ice Beam|p1a: Raikou
|-activate|p1a: Raikou|Substitute|[damage]
|
|-heal|p1a: Raikou|38/100|[from] item: Leftovers
|upkeep
|turn|36
|
|t:|1728759799
|move|p1a: Raikou|Calm Mind|p1a: Raikou
|-boost|p1a: Raikou|spa|1
|-boost|p1a: Raikou|spd|1
|move|p2a: Blissey|Fire Blast|p1a: Raikou
|-crit|p1a: Raikou
|-end|p1a: Raikou|Substitute
|
|-heal|p1a: Raikou|45/100|[from] item: Leftovers
|upkeep
|turn|37
|
|t:|1728759808
|move|p1a: Raikou|Substitute|p1a: Raikou
|-start|p1a: Raikou|Substitute
|-damage|p1a: Raikou|20/100
|move|p2a: Blissey|Fire Blast|p1a: Raikou
|-activate|p1a: Raikou|Substitute|[damage]
|
|-heal|p1a: Raikou|26/100|[from] item: Leftovers
|upkeep
|turn|38
|
|t:|1728759814
|switch|p2a: Skarmory|Skarmory, M|26/100 par
|move|p1a: Raikou|Hidden Power|p2a: Skarmory
|-resisted|p2a: Skarmory
|-damage|p2a: Skarmory|7/100 par
|
|-heal|p1a: Raikou|32/100|[from] item: Leftovers
|-heal|p2a: Skarmory|13/100 par|[from] item: Leftovers
|upkeep
|turn|39
|
|t:|1728759822
|switch|p2a: Quagsire|Quagsire, M|100/100
|move|p1a: Raikou|Thunderbolt|p2a: Quagsire
|-immune|p2a: Quagsire
|
|-heal|p1a: Raikou|38/100|[from] item: Leftovers
|upkeep
|turn|40
|
|t:|1728759825
|switch|p2a: Blissey|Blissey, F|100/100
|move|p1a: Raikou|Hidden Power|p2a: Blissey
|-damage|p2a: Blissey|63/100
|
|-heal|p1a: Raikou|45/100|[from] item: Leftovers
|-heal|p2a: Blissey|69/100|[from] item: Leftovers
|upkeep
|turn|41
|
|t:|1728759831
|switch|p2a: Quagsire|Quagsire, M|100/100
|move|p1a: Raikou|Hidden Power|p2a: Quagsire
|-supereffective|p2a: Quagsire
|-crit|p2a: Quagsire
|-damage|p2a: Quagsire|0 fnt
|faint|p2a: Quagsire
|-message|Tree69420 forfeited.
|
|win|Nardgo
|c|☆Nardgo|gg
|c|☆Nardgo|sorry about game 1

</script>
<script type="application/json" class="data" id="replaydata-smogtours-gen3ou-797678">
{"id":"smogtours-gen3ou-797678","format":"[Gen 3] OU","players":["Nardgo","Tree69420"],"uploadtime":1728759833,"views":124,"formatid":"gen3ou","rating":null,"private":0,"password":null}
</script>

<script defer src="js/replays.js?9d40a366"></script>
