<!DOCTYPE html>
<meta charset="utf-8" />
<meta name="viewport" content="width=device-width" />

<title>[Gen 3] OU: HunarPG vs. racerl - Replays - Pok&eacute;mon Showdown!</title>

<meta name="description" content="Watch a replay of a Pok&eacute;mon battle between HunarPG and racerl! Format: [Gen 3] OU; Date: Oct 18, 2024" />
<!--

Hey, you! Looking in the source for the replay log?

You can find them in JSON format, just add `.json` at the end of a replay URL.

https://replay.pokemonshowdown.com/gen7randomdoublesbattle-865046831.json

Or, if you only need the log itself, add `.log` instead:

https://replay.pokemonshowdown.com/gen7randomdoublesbattle-865046831.log

-->

<link rel="stylesheet" href="//pokemonshowdown.com/style/global.css?0.023195364461161105" />
<link rel="stylesheet" href="//play.pokemonshowdown.com/style/font-awesome.css?0.13261647063804238" />
<link rel="stylesheet" href="//play.pokemonshowdown.com/style/battle.css?0.8753245789963631" />
<link rel="stylesheet" href="//play.pokemonshowdown.com/style/utilichart.css?0.8627959624976733" />

<!-- Global site tag (gtag.js) - Google Analytics -->
<script async src="https://www.googletagmanager.com/gtag/js?id=UA-26211653-1"></script>
<script>
  window.dataLayer = window.dataLayer || [];
  function gtag(){dataLayer.push(arguments);}
  gtag('js', new Date());

  gtag('config', 'UA-26211653-1');
</script>
<!-- End Google Analytics -->
<!-- Venatus Ad Manager - Install in <HEAD> of page -->
	<script src="https://hb.vntsm.com/v3/live/ad-manager.min.js" type="text/javascript" data-site-id="642aba63ec9a7b11c3c9c1be" data-mode="scan" async></script>
<!-- / Venatus Ad Manager -->

<style>
	@media (max-width:820px) {
		.battle {
			margin: 0 auto;
		}
		.battle-log {
			margin: 7px auto 0;
			max-width: 640px;
			height: 300px;
			position: static;
		}
	}
	.optgroup {
		display: inline-block;
		line-height: 22px;
		font-size: 10pt;
	}
	.optgroup .button {
		height: 25px;
		padding-top: 0;
		padding-bottom: 0;
	}
	.optgroup button.button {
		padding-left: 12px;
		padding-right: 12px;
	}
	.linklist {
		list-style: none;
		margin: 0.5em 0;
		padding: 0;
	}
	.linklist li {
		padding: 2px 0;
	}
	.sidebar {
		float: left;
		width: 320px;
	}
	.bar-wrapper {
		max-width: 1100px;
		margin: 0 auto;
	}
	.bar-wrapper.has-sidebar {
		max-width: 1430px;
	}
	.mainbar {
		margin: 0;
		padding-right: 1px;
	}
	.mainbar.has-sidebar {
		margin-left: 330px;
	}
	@media (min-width: 1511px) {
		.sidebar {
			width: 400px;
		}
		.bar-wrapper.has-sidebar {
			max-width: 1510px;
		}
		.mainbar.has-sidebar {
			margin-left: 410px;
		}
	}
	.section.first-section {
		margin-top: 9px;
	}
	.blocklink small {
		white-space: normal;
	}
	.button {
		vertical-align: middle;
	}
	.replay-controls {
		padding-top: 10px;
	}
	.replay-controls h1 {
		font-size: 16pt;
		font-weight: normal;
		color: #CCC;
	}
	.pagelink {
		text-align: center;
	}
	.pagelink a {
		width: 150px;
	}
	.textbox, .button {
		font-size: 11pt;
		vertical-align: middle;
	}
	@media (max-width: 450px) {
		.button {
			font-size: 9pt;
		}
	}
</style>

<div>

	<header>
		<div class="nav-wrapper"><ul class="nav">
			<li><a class="button nav-first" href="//pokemonshowdown.com/"><img src="//pokemonshowdown.com/images/pokemonshowdownbeta.png" srcset="//pokemonshowdown.com/images/pokemonshowdownbeta.png 1x, //pokemonshowdown.com/images/pokemonshowdownbeta@2x.png 2x" alt="Pok&eacute;mon Showdown" width="146" height="44" /> Home</a></li>
			<li><a class="button" href="//pokemonshowdown.com/dex/">Pok&eacute;dex</a></li>
			<li><a class="button cur" href="/">Replays</a></li>
			<li><a class="button" href="//pokemonshowdown.com/ladder/">Ladder</a></li>
			<li><a class="button nav-last" href="//pokemonshowdown.com/forums/">Forum</a></li>
			<li><a class="button greenbutton nav-first nav-last" href="//play.pokemonshowdown.com/">Play</a></li>
		</ul></div>
	</header>

	<div class="main" id="main">

		<noscript><section class="section">You need to enable JavaScript to use this page; sorry!</section></noscript>

	</div>

</div>

<script defer nomodule src="//play.pokemonshowdown.com/js/lib/ps-polyfill.js"></script>
<script defer src="//play.pokemonshowdown.com/js/lib/preact.min.js"></script>

<script defer src="//play.pokemonshowdown.com/config/config.js?2bddbc15"></script>
<script defer src="//play.pokemonshowdown.com/js/lib/jquery-1.11.0.min.js"></script>
<script defer src="//play.pokemonshowdown.com/js/lib/html-sanitizer-minified.js"></script>
<script defer src="//play.pokemonshowdown.com/js/battle-sound.js"></script>
<script defer src="//play.pokemonshowdown.com/js/battledata.js?0.7209276989879541"></script>
<script defer src="//play.pokemonshowdown.com/data/pokedex-mini.js?0.6111056340867951"></script>
<script defer src="//play.pokemonshowdown.com/data/pokedex-mini-bw.js?0.3532142036491459"></script>
<script defer src="//play.pokemonshowdown.com/data/graphics.js?0.24223875632456182"></script>
<script defer src="//play.pokemonshowdown.com/data/pokedex.js?0.38839984266356864"></script>
<script defer src="//play.pokemonshowdown.com/data/moves.js?0.21866028504024015"></script>
<script defer src="//play.pokemonshowdown.com/data/abilities.js?0.2005157953846628"></script>
<script defer src="//play.pokemonshowdown.com/data/items.js?0.9894211263848525"></script>
<script defer src="//play.pokemonshowdown.com/data/teambuilder-tables.js?0.6008791140282215"></script>
<script defer src="//play.pokemonshowdown.com/js/battle-tooltips.js?0.7580118955022959"></script>
<script defer src="//play.pokemonshowdown.com/js/battle.js?0.6057722274234274"></script>

<script defer src="js/utils.js?e31f9a17"></script>
<script defer src="js/replays-battle.js?7008c182"></script>

<!-- don't scrape this data! just add .json or .log after the URL!
Full API docs: https://github.com/smogon/pokemon-showdown-client/blob/master/WEB-API.md -->
<script type="text/plain" class="log" id="replaylog-smogtours-gen3ou-799525">
|inactive|Battle timer is ON: inactive players will automatically lose when time's up.
|t:|1729264484
|gametype|singles
|player|p1|HunarPG|brawly|
|player|p2|racerl|266|
|teamsize|p1|6
|teamsize|p2|6
|gen|3
|tier|[Gen 3] OU
|rule|Sleep Clause Mod: Limit one foe put to sleep
|rule|Switch Priority Clause Mod: Faster Pokémon switch first
|rule|Species Clause: Limit one of each Pokémon
|rule|OHKO Clause: OHKO moves are banned
|rule|Evasion Items Clause: Evasion items are banned
|rule|Evasion Moves Clause: Evasion moves are banned
|rule|Endless Battle Clause: Forcing endless battles is banned
|rule|HP Percentage Mod: HP is shown in percentages
|rule|One Boost Passer Clause: Limit one Baton Passer that has a way to boost its stats
|rule|Freeze Clause Mod: Limit one foe frozen
|
|t:|1729264484
|start
|switch|p1a: Forretress|Forretress, M|100/100
|switch|p2a: Zapdos|Zapdos|100/100
|turn|1
|inactive|racerl has 270 seconds left.
|inactive|HunarPG has 270 seconds left.
|
|t:|1729264537
|switch|p1a: Blissey|Blissey, F|100/100
|move|p2a: Zapdos|Thunderbolt|p1a: Blissey
|-damage|p1a: Blissey|80/100
|
|-heal|p1a: Blissey|86/100|[from] item: Leftovers
|upkeep
|turn|2
|
|t:|1729264550
|move|p2a: Zapdos|Baton Pass|p2a: Zapdos
|
|t:|1729264553
|switch|p2a: Metagross|Metagross|100/100|[from] Baton Pass
|move|p1a: Blissey|Toxic|p2a: Metagross
|-immune|p2a: Metagross
|
|-heal|p1a: Blissey|92/100|[from] item: Leftovers
|upkeep
|turn|3
|
|t:|1729264568
|switch|p1a: Forretress|Forretress, M|100/100
|move|p2a: Metagross|Meteor Mash|p1a: Forretress|[miss]
|-miss|p2a: Metagross|p1a: Forretress
|
|upkeep
|turn|4
|inactive|racerl has 270 seconds left.
|
|t:|1729264610
|switch|p2a: Charizard|Charizard, F|100/100
|move|p1a: Forretress|Spikes|p2a: Charizard
|-sidestart|p2: racerl|Spikes
|
|upkeep
|turn|5
|
|t:|1729264634
|switch|p1a: Tyranitar|Tyranitar, M|100/100
|-weather|Sandstorm|[from] ability: Sand Stream|[of] p1a: Tyranitar
|move|p2a: Charizard|Substitute|p2a: Charizard
|-start|p2a: Charizard|Substitute
|-damage|p2a: Charizard|76/100
|
|-weather|Sandstorm|[upkeep]
|-damage|p2a: Charizard|70/100|[from] Sandstorm
|-heal|p2a: Charizard|76/100|[from] item: Leftovers
|upkeep
|turn|6
|inactive|racerl has 270 seconds left.
|inactive|HunarPG has 270 seconds left.
|
|t:|1729264672
|-singleturn|p2a: Charizard|move: Focus Punch
|switch|p1a: Swampert|Swampert, F|100/100
|move|p2a: Charizard|Focus Punch|p1a: Swampert
|-damage|p1a: Swampert|77/100
|
|-weather|Sandstorm|[upkeep]
|-damage|p2a: Charizard|70/100|[from] Sandstorm
|-heal|p2a: Charizard|76/100|[from] item: Leftovers
|-heal|p1a: Swampert|83/100|[from] item: Leftovers
|upkeep
|turn|7
|inactive|HunarPG has 270 seconds left.
|
|t:|1729264687
|move|p1a: Swampert|Protect|p1a: Swampert
|-singleturn|p1a: Swampert|Protect
|move|p2a: Charizard|Hidden Power|p1a: Swampert
|-activate|p1a: Swampert|Protect
|
|-weather|Sandstorm|[upkeep]
|-damage|p2a: Charizard|70/100|[from] Sandstorm
|-heal|p2a: Charizard|76/100|[from] item: Leftovers
|-heal|p1a: Swampert|90/100|[from] item: Leftovers
|upkeep
|turn|8
|
|t:|1729264696
|switch|p1a: Blissey|Blissey, F|92/100
|move|p2a: Charizard|Hidden Power|p1a: Blissey
|-damage|p1a: Blissey|83/100
|
|-weather|Sandstorm|[upkeep]
|-damage|p2a: Charizard|70/100|[from] Sandstorm
|-damage|p1a: Blissey|76/100|[from] Sandstorm
|-heal|p2a: Charizard|76/100|[from] item: Leftovers
|-heal|p1a: Blissey|83/100|[from] item: Leftovers
|upkeep
|turn|9
|
|t:|1729264704
|-singleturn|p2a: Charizard|move: Focus Punch
|move|p1a: Blissey|Seismic Toss|p2a: Charizard
|-end|p2a: Charizard|Substitute
|move|p2a: Charizard|Focus Punch|p1a: Blissey
|-supereffective|p1a: Blissey
|-damage|p1a: Blissey|25/100
|
|-weather|Sandstorm|[upkeep]
|-damage|p2a: Charizard|70/100|[from] Sandstorm
|-damage|p1a: Blissey|19/100|[from] Sandstorm
|-heal|p2a: Charizard|76/100|[from] item: Leftovers
|-heal|p1a: Blissey|25/100|[from] item: Leftovers
|upkeep
|turn|10
|inactive|HunarPG has 270 seconds left.
|
|t:|1729264741
|switch|p2a: Metagross|Metagross|100/100
|-damage|p2a: Metagross|88/100|[from] Spikes
|move|p1a: Blissey|Toxic|p2a: Metagross
|-immune|p2a: Metagross
|
|-weather|Sandstorm|[upkeep]
|-damage|p1a: Blissey|19/100|[from] Sandstorm
|-heal|p1a: Blissey|25/100|[from] item: Leftovers
|upkeep
|turn|11
|inactive|HunarPG has 270 seconds left.
|
|t:|1729264752
|switch|p1a: Swampert|Swampert, F|90/100
|move|p2a: Metagross|Meteor Mash|p1a: Swampert
|-resisted|p1a: Swampert
|-damage|p1a: Swampert|54/100
|
|-weather|Sandstorm|[upkeep]
|-heal|p1a: Swampert|61/100|[from] item: Leftovers
|upkeep
|turn|12
|
|t:|1729264770
|switch|p2a: Celebi|Celebi|100/100
|-damage|p2a: Celebi|88/100|[from] Spikes
|move|p1a: Swampert|Hydro Pump|p2a: Celebi|[miss]
|-miss|p1a: Swampert|p2a: Celebi
|
|-weather|Sandstorm|[upkeep]
|-damage|p2a: Celebi|82/100|[from] Sandstorm
|-heal|p2a: Celebi|88/100|[from] item: Leftovers
|-heal|p1a: Swampert|67/100|[from] item: Leftovers
|upkeep
|turn|13
|
|t:|1729264775
|move|p1a: Swampert|Protect|p1a: Swampert
|-singleturn|p1a: Swampert|Protect
|move|p2a: Celebi|Calm Mind|p2a: Celebi
|-boost|p2a: Celebi|spa|1
|-boost|p2a: Celebi|spd|1
|
|-weather|Sandstorm|[upkeep]
|-damage|p2a: Celebi|82/100|[from] Sandstorm
|-heal|p2a: Celebi|88/100|[from] item: Leftovers
|-heal|p1a: Swampert|73/100|[from] item: Leftovers
|upkeep
|turn|14
|
|t:|1729264780
|switch|p1a: Forretress|Forretress, M|100/100
|move|p2a: Celebi|Giga Drain|p1a: Forretress
|-resisted|p1a: Forretress
|-damage|p1a: Forretress|93/100
|-heal|p2a: Celebi|92/100|[from] drain|[of] p1a: Forretress
|
|-weather|Sandstorm|[upkeep]
|-damage|p2a: Celebi|85/100|[from] Sandstorm
|-heal|p2a: Celebi|92/100|[from] item: Leftovers
|-heal|p1a: Forretress|99/100|[from] item: Leftovers
|upkeep
|turn|15
|
|t:|1729264789
|move|p2a: Celebi|Baton Pass|p2a: Celebi
|
|t:|1729264790
|switch|p2a: Charizard|Charizard, F|76/100|[from] Baton Pass
|move|p1a: Forretress|Hidden Power|p2a: Charizard
|-resisted|p2a: Charizard
|-damage|p2a: Charizard|66/100
|
|-weather|Sandstorm|[upkeep]
|-damage|p2a: Charizard|60/100|[from] Sandstorm
|-heal|p2a: Charizard|66/100|[from] item: Leftovers
|-heal|p1a: Forretress|100/100|[from] item: Leftovers
|upkeep
|turn|16
|
|t:|1729264797
|switch|p1a: Blissey|Blissey, F|25/100
|move|p2a: Charizard|Fire Blast|p1a: Blissey
|-damage|p1a: Blissey|0 fnt
|faint|p1a: Blissey
|
|t:|1729264802
|switch|p1a: Aerodactyl|Aerodactyl, M|100/100
|
|-weather|Sandstorm|[upkeep]
|-damage|p2a: Charizard|60/100|[from] Sandstorm
|-heal|p2a: Charizard|66/100|[from] item: Leftovers
|upkeep
|turn|17
|
|t:|1729264822
|switch|p2a: Swampert|Swampert, F|100/100
|-damage|p2a: Swampert|88/100|[from] Spikes
|move|p1a: Aerodactyl|Earthquake|p2a: Swampert
|-damage|p2a: Swampert|50/100
|
|-weather|Sandstorm|[upkeep]
|-heal|p2a: Swampert|56/100|[from] item: Leftovers
|upkeep
|turn|18
|
|t:|1729264829
|switch|p1a: Venusaur|Venusaur, M|100/100
|move|p2a: Swampert|Hydro Pump|p1a: Venusaur
|-resisted|p1a: Venusaur
|-damage|p1a: Venusaur|73/100
|
|-weather|Sandstorm|[upkeep]
|-damage|p1a: Venusaur|67/100|[from] Sandstorm
|-heal|p1a: Venusaur|73/100|[from] item: Leftovers
|-heal|p2a: Swampert|63/100|[from] item: Leftovers
|upkeep
|turn|19
|
|t:|1729264840
|switch|p2a: Metagross|Metagross|88/100
|-damage|p2a: Metagross|76/100|[from] Spikes
|move|p1a: Venusaur|Sleep Powder|p2a: Metagross
|-status|p2a: Metagross|slp|[from] move: Sleep Powder
|
|-weather|Sandstorm|[upkeep]
|-damage|p1a: Venusaur|67/100|[from] Sandstorm
|-heal|p1a: Venusaur|73/100|[from] item: Leftovers
|upkeep
|turn|20
|inactive|racerl has 270 seconds left.
|
|t:|1729264870
|switch|p1a: Aerodactyl|Aerodactyl, M|100/100
|switch|p2a: Gengar|Gengar, M|100/100
|
|-weather|Sandstorm|[upkeep]
|-damage|p2a: Gengar|94/100|[from] Sandstorm
|-heal|p2a: Gengar|100/100|[from] item: Leftovers
|upkeep
|turn|21
|inactive|racerl has 270 seconds left.
|
|t:|1729264883
|switch|p1a: Tyranitar|Tyranitar, M|100/100
|switch|p2a: Swampert|Swampert, F|63/100
|-damage|p2a: Swampert|50/100|[from] Spikes
|
|-weather|Sandstorm|[upkeep]
|-heal|p2a: Swampert|56/100|[from] item: Leftovers
|upkeep
|turn|22
|
|t:|1729264890
|move|p1a: Tyranitar|Crunch|p2a: Swampert
|-damage|p2a: Swampert|26/100
|move|p2a: Swampert|Hydro Pump|p1a: Tyranitar|[miss]
|-miss|p2a: Swampert|p1a: Tyranitar
|
|-weather|Sandstorm|[upkeep]
|-heal|p2a: Swampert|32/100|[from] item: Leftovers
|upkeep
|turn|23
|
|t:|1729264900
|move|p1a: Tyranitar|Crunch|p2a: Swampert
|-damage|p2a: Swampert|0 fnt
|faint|p2a: Swampert
|inactive|racerl has 270 seconds left.
|
|t:|1729264927
|switch|p2a: Zapdos|Zapdos|100/100
|
|-weather|Sandstorm|[upkeep]
|-damage|p2a: Zapdos|94/100|[from] Sandstorm
|-heal|p2a: Zapdos|100/100|[from] item: Leftovers
|upkeep
|turn|24
|
|t:|1729264934
|switch|p1a: Venusaur|Venusaur, M|73/100
|move|p2a: Zapdos|Hidden Power|p1a: Venusaur
|-resisted|p1a: Venusaur
|-damage|p1a: Venusaur|66/100
|
|-weather|Sandstorm|[upkeep]
|-damage|p2a: Zapdos|94/100|[from] Sandstorm
|-damage|p1a: Venusaur|60/100|[from] Sandstorm
|-heal|p2a: Zapdos|100/100|[from] item: Leftovers
|-heal|p1a: Venusaur|66/100|[from] item: Leftovers
|upkeep
|turn|25
|
|t:|1729264942
|switch|p2a: Metagross|Metagross|76/100 slp
|-damage|p2a: Metagross|64/100 slp|[from] Spikes
|move|p1a: Venusaur|Leech Seed|p2a: Metagross
|-start|p2a: Metagross|move: Leech Seed
|
|-weather|Sandstorm|[upkeep]
|-damage|p1a: Venusaur|60/100|[from] Sandstorm
|-heal|p1a: Venusaur|66/100|[from] item: Leftovers
|-damage|p2a: Metagross|51/100 slp|[from] Leech Seed|[of] p1a: Venusaur
|-heal|p1a: Venusaur|80/100|[silent]
|upkeep
|turn|26
|
|t:|1729264952
|switch|p1a: Aerodactyl|Aerodactyl, M|100/100
|switch|p2a: Gengar|Gengar, M|100/100
|
|-weather|Sandstorm|[upkeep]
|-damage|p2a: Gengar|94/100|[from] Sandstorm
|-heal|p2a: Gengar|100/100|[from] item: Leftovers
|upkeep
|turn|27
|
|t:|1729264958
|switch|p1a: Tyranitar|Tyranitar, M|100/100
|move|p2a: Gengar|Thunderbolt|p1a: Tyranitar
|-damage|p1a: Tyranitar|75/100
|
|-weather|Sandstorm|[upkeep]
|-damage|p2a: Gengar|94/100|[from] Sandstorm
|-heal|p2a: Gengar|100/100|[from] item: Leftovers
|-heal|p1a: Tyranitar|82/100|[from] item: Leftovers
|upkeep
|turn|28
|
|t:|1729264965
|move|p2a: Gengar|Giga Drain|p1a: Tyranitar
|-supereffective|p1a: Tyranitar
|-damage|p1a: Tyranitar|48/100
|move|p1a: Tyranitar|Pursuit|p2a: Gengar
|-supereffective|p2a: Gengar
|-damage|p2a: Gengar|40/100
|
|-weather|Sandstorm|[upkeep]
|-damage|p2a: Gengar|34/100|[from] Sandstorm
|-heal|p2a: Gengar|40/100|[from] item: Leftovers
|-heal|p1a: Tyranitar|54/100|[from] item: Leftovers
|upkeep
|turn|29
|
|t:|1729264969
|move|p2a: Gengar|Giga Drain|p1a: Tyranitar
|-supereffective|p1a: Tyranitar
|-damage|p1a: Tyranitar|20/100
|-heal|p2a: Gengar|65/100|[from] drain|[of] p1a: Tyranitar
|move|p1a: Tyranitar|Pursuit|p2a: Gengar
|-supereffective|p2a: Gengar
|-damage|p2a: Gengar|4/100
|
|-weather|Sandstorm|[upkeep]
|-damage|p2a: Gengar|0 fnt|[from] Sandstorm
|faint|p2a: Gengar
|-heal|p1a: Tyranitar|27/100|[from] item: Leftovers
|upkeep
|
|t:|1729264974
|switch|p2a: Zapdos|Zapdos|100/100
|turn|30
|
|t:|1729264986
|switch|p1a: Venusaur|Venusaur, M|80/100
|move|p2a: Zapdos|Hidden Power|p1a: Venusaur
|-resisted|p1a: Venusaur
|-damage|p1a: Venusaur|73/100
|
|-weather|Sandstorm|[upkeep]
|-damage|p2a: Zapdos|94/100|[from] Sandstorm
|-damage|p1a: Venusaur|67/100|[from] Sandstorm
|-heal|p2a: Zapdos|100/100|[from] item: Leftovers
|-heal|p1a: Venusaur|73/100|[from] item: Leftovers
|upkeep
|turn|31
|
|t:|1729264995
|switch|p2a: Charizard|Charizard, F|66/100
|switch|p1a: Aerodactyl|Aerodactyl, M|100/100
|
|-weather|Sandstorm|[upkeep]
|-damage|p2a: Charizard|60/100|[from] Sandstorm
|-heal|p2a: Charizard|66/100|[from] item: Leftovers
|upkeep
|turn|32
|
|t:|1729265009
|switch|p2a: Metagross|Metagross|51/100 slp
|-damage|p2a: Metagross|39/100 slp|[from] Spikes
|move|p1a: Aerodactyl|Rock Slide|p2a: Metagross
|-resisted|p2a: Metagross
|-damage|p2a: Metagross|20/100 slp
|
|-weather|Sandstorm|[upkeep]
|upkeep
|turn|33
|
|t:|1729265014
|move|p1a: Aerodactyl|Rock Slide|p2a: Metagross
|-resisted|p2a: Metagross
|-damage|p2a: Metagross|1/100 slp
|cant|p2a: Metagross|slp
|
|-weather|Sandstorm|[upkeep]
|upkeep
|turn|34
|
|t:|1729265019
|move|p1a: Aerodactyl|Rock Slide|p2a: Metagross
|-resisted|p2a: Metagross
|-damage|p2a: Metagross|0 fnt
|faint|p2a: Metagross
|
|t:|1729265025
|switch|p2a: Celebi|Celebi|92/100
|-damage|p2a: Celebi|79/100|[from] Spikes
|
|-weather|Sandstorm|[upkeep]
|-damage|p2a: Celebi|73/100|[from] Sandstorm
|-heal|p2a: Celebi|79/100|[from] item: Leftovers
|upkeep
|turn|35
|
|t:|1729265038
|switch|p1a: Tyranitar|Tyranitar, M|27/100
|move|p2a: Celebi|Calm Mind|p2a: Celebi
|-boost|p2a: Celebi|spa|1
|-boost|p2a: Celebi|spd|1
|
|-weather|Sandstorm|[upkeep]
|-damage|p2a: Celebi|73/100|[from] Sandstorm
|-heal|p2a: Celebi|79/100|[from] item: Leftovers
|-heal|p1a: Tyranitar|33/100|[from] item: Leftovers
|upkeep
|turn|36
|
|t:|1729265043
|move|p2a: Celebi|Giga Drain|p1a: Tyranitar
|-supereffective|p1a: Tyranitar
|-crit|p1a: Tyranitar
|-damage|p1a: Tyranitar|0 fnt
|-heal|p2a: Celebi|95/100|[from] drain|[of] p1a: Tyranitar
|faint|p1a: Tyranitar
|
|t:|1729265051
|switch|p1a: Forretress|Forretress, M|100/100
|
|-weather|Sandstorm|[upkeep]
|-damage|p2a: Celebi|89/100|[from] Sandstorm
|-heal|p2a: Celebi|95/100|[from] item: Leftovers
|upkeep
|turn|37
|
|t:|1729265059
|switch|p1a: Swampert|Swampert, F|73/100
|move|p2a: Celebi|Baton Pass|p2a: Celebi
|
|t:|1729265071
|switch|p2a: Zapdos|Zapdos|100/100|[from] Baton Pass
|
|-weather|Sandstorm|[upkeep]
|-damage|p2a: Zapdos|94/100|[from] Sandstorm
|-heal|p2a: Zapdos|100/100|[from] item: Leftovers
|-heal|p1a: Swampert|79/100|[from] item: Leftovers
|upkeep
|turn|38
|inactive|racerl has 270 seconds left.
|inactive|HunarPG has 270 seconds left.
|
|t:|1729265107
|switch|p1a: Forretress|Forretress, M|100/100
|move|p2a: Zapdos|Thunderbolt|p1a: Forretress
|-damage|p1a: Forretress|26/100
|
|-weather|Sandstorm|[upkeep]
|-damage|p2a: Zapdos|94/100|[from] Sandstorm
|-heal|p2a: Zapdos|100/100|[from] item: Leftovers
|-heal|p1a: Forretress|32/100|[from] item: Leftovers
|upkeep
|turn|39
|
|t:|1729265111
|move|p2a: Zapdos|Thunderbolt|p1a: Forretress
|-damage|p1a: Forretress|0 fnt
|faint|p1a: Forretress
|
|t:|1729265116
|switch|p1a: Aerodactyl|Aerodactyl, M|100/100
|
|-weather|Sandstorm|[upkeep]
|-damage|p2a: Zapdos|94/100|[from] Sandstorm
|-heal|p2a: Zapdos|100/100|[from] item: Leftovers
|upkeep
|turn|40
|c|+aplaguedoc|Revival?
|inactive|racerl has 270 seconds left.
|c|☆HunarPG|yes
|
|t:|1729265141
|switch|p2a: Celebi|Celebi|95/100
|-damage|p2a: Celebi|83/100|[from] Spikes
|move|p1a: Aerodactyl|Rock Slide|p2a: Celebi
|-damage|p2a: Celebi|40/100
|
|-weather|Sandstorm|[upkeep]
|-damage|p2a: Celebi|34/100|[from] Sandstorm
|-heal|p2a: Celebi|40/100|[from] item: Leftovers
|upkeep
|turn|41
|inactive|racerl has 270 seconds left.
|
|t:|1729265152
|move|p1a: Aerodactyl|Rock Slide|p2a: Celebi
|-damage|p2a: Celebi|0 fnt
|faint|p2a: Celebi
|
|t:|1729265159
|switch|p2a: Zapdos|Zapdos|100/100
|
|-weather|Sandstorm|[upkeep]
|-damage|p2a: Zapdos|94/100|[from] Sandstorm
|-heal|p2a: Zapdos|100/100|[from] item: Leftovers
|upkeep
|turn|42
|
|t:|1729265164
|move|p1a: Aerodactyl|Rock Slide|p2a: Zapdos|[miss]
|-miss|p1a: Aerodactyl|p2a: Zapdos
|move|p2a: Zapdos|Thunderbolt|p1a: Aerodactyl
|-supereffective|p1a: Aerodactyl
|-damage|p1a: Aerodactyl|0 fnt
|faint|p1a: Aerodactyl
|c|☆racerl|oh damn
|c|☆racerl|unlucky
|
|t:|1729265178
|switch|p1a: Venusaur|Venusaur, M|73/100
|
|-weather|Sandstorm|[upkeep]
|-damage|p2a: Zapdos|94/100|[from] Sandstorm
|-damage|p1a: Venusaur|67/100|[from] Sandstorm
|-heal|p2a: Zapdos|100/100|[from] item: Leftovers
|-heal|p1a: Venusaur|73/100|[from] item: Leftovers
|upkeep
|turn|43
|
|t:|1729265193
|move|p2a: Zapdos|Thunderbolt|p1a: Venusaur
|-resisted|p1a: Venusaur
|-damage|p1a: Venusaur|45/100
|move|p1a: Venusaur|Leech Seed|p2a: Zapdos
|-start|p2a: Zapdos|move: Leech Seed
|
|-weather|Sandstorm|[upkeep]
|-damage|p2a: Zapdos|94/100|[from] Sandstorm
|-damage|p1a: Venusaur|39/100|[from] Sandstorm
|-heal|p2a: Zapdos|100/100|[from] item: Leftovers
|-damage|p2a: Zapdos|88/100|[from] Leech Seed|[of] p1a: Venusaur
|-heal|p1a: Venusaur|52/100|[silent]
|-heal|p1a: Venusaur|58/100|[from] item: Leftovers
|upkeep
|turn|44
|
|t:|1729265207
|move|p2a: Zapdos|Baton Pass|p2a: Zapdos
|
|t:|1729265209
|switch|p2a: Charizard|Charizard, F|66/100|[from] Baton Pass
|move|p1a: Venusaur|Sleep Powder|p2a: Charizard|[miss]
|-miss|p1a: Venusaur|p2a: Charizard
|
|-weather|Sandstorm|[upkeep]
|-damage|p2a: Charizard|60/100|[from] Sandstorm
|-damage|p1a: Venusaur|52/100|[from] Sandstorm
|-heal|p2a: Charizard|66/100|[from] item: Leftovers
|-damage|p2a: Charizard|54/100|[from] Leech Seed|[of] p1a: Venusaur
|-heal|p1a: Venusaur|64/100|[silent]
|-heal|p1a: Venusaur|70/100|[from] item: Leftovers
|upkeep
|turn|45
|
|t:|1729265219
|move|p2a: Charizard|Fire Blast|p1a: Venusaur
|-supereffective|p1a: Venusaur
|-damage|p1a: Venusaur|0 fnt
|faint|p1a: Venusaur
|
|t:|1729265222
|switch|p1a: Swampert|Swampert, F|79/100
|
|-weather|Sandstorm|[upkeep]
|-damage|p2a: Charizard|48/100|[from] Sandstorm
|-heal|p2a: Charizard|54/100|[from] item: Leftovers
|-damage|p2a: Charizard|42/100|[from] Leech Seed|[of] p1a: Swampert
|-heal|p1a: Swampert|88/100|[silent]
|-heal|p1a: Swampert|95/100|[from] item: Leftovers
|upkeep
|turn|46
|inactive|HunarPG disconnected and has 300 seconds to reconnect!
|player|p1|
|inactive|HunarPG reconnected and has 280 seconds left.
|player|p1|HunarPG|brawly|
|
|t:|1729265272
|move|p1a: Swampert|Protect|p1a: Swampert
|-singleturn|p1a: Swampert|Protect
|move|p2a: Charizard|Hidden Power|p1a: Swampert
|-activate|p1a: Swampert|Protect
|
|-weather|Sandstorm|[upkeep]
|-damage|p2a: Charizard|36/100|[from] Sandstorm
|-heal|p2a: Charizard|42/100|[from] item: Leftovers
|-damage|p2a: Charizard|29/100|[from] Leech Seed|[of] p1a: Swampert
|-heal|p1a: Swampert|100/100|[silent]
|upkeep
|turn|47
|
|t:|1729265277
|move|p2a: Charizard|Hidden Power|p1a: Swampert
|-supereffective|p1a: Swampert
|-damage|p1a: Swampert|17/100
|move|p1a: Swampert|Ice Beam|p2a: Charizard
|-damage|p2a: Charizard|0 fnt
|faint|p2a: Charizard
|
|t:|1729265280
|switch|p2a: Zapdos|Zapdos|88/100
|
|-weather|Sandstorm|[upkeep]
|-damage|p2a: Zapdos|82/100|[from] Sandstorm
|-heal|p2a: Zapdos|88/100|[from] item: Leftovers
|-heal|p1a: Swampert|23/100|[from] item: Leftovers
|upkeep
|turn|48
|
|t:|1729265283
|move|p1a: Swampert|Protect|p1a: Swampert
|-singleturn|p1a: Swampert|Protect
|move|p2a: Zapdos|Hidden Power|p1a: Swampert
|-activate|p1a: Swampert|Protect
|
|-weather|Sandstorm|[upkeep]
|-damage|p2a: Zapdos|82/100|[from] Sandstorm
|-heal|p2a: Zapdos|88/100|[from] item: Leftovers
|-heal|p1a: Swampert|29/100|[from] item: Leftovers
|upkeep
|turn|49
|
|t:|1729265288
|move|p1a: Swampert|Protect||[still]
|-fail|p1a: Swampert
|move|p2a: Zapdos|Hidden Power|p1a: Swampert
|-supereffective|p1a: Swampert
|-damage|p1a: Swampert|0 fnt
|faint|p1a: Swampert
|
|win|racerl
|c|☆HunarPG|gg 
|c|☆racerl|ggwp

</script>
<script type="application/json" class="data" id="replaydata-smogtours-gen3ou-799525">
{"id":"smogtours-gen3ou-799525","format":"[Gen 3] OU","players":["HunarPG","racerl"],"uploadtime":1729265288,"views":90,"formatid":"gen3ou","rating":null,"private":0,"password":null}
</script>

<script defer src="js/replays.js?9d40a366"></script>
