<!DOCTYPE html>
<meta charset="utf-8" />
<meta name="viewport" content="width=device-width" />

<title>[Gen 3] OU: EatYourToast vs. AutumnMint - Replays - Pok&eacute;mon Showdown!</title>

<meta name="description" content="Watch a replay of a Pok&eacute;mon battle between EatYourToast and AutumnMint! Format: [Gen 3] OU; Date: Oct 30, 2024" />
<!--

Hey, you! Looking in the source for the replay log?

You can find them in JSON format, just add `.json` at the end of a replay URL.

https://replay.pokemonshowdown.com/gen7randomdoublesbattle-865046831.json

Or, if you only need the log itself, add `.log` instead:

https://replay.pokemonshowdown.com/gen7randomdoublesbattle-865046831.log

-->

<link rel="stylesheet" href="//pokemonshowdown.com/style/global.css?0.023195364461161105" />
<link rel="stylesheet" href="//play.pokemonshowdown.com/style/font-awesome.css?0.13261647063804238" />
<link rel="stylesheet" href="//play.pokemonshowdown.com/style/battle.css?0.8753245789963631" />
<link rel="stylesheet" href="//play.pokemonshowdown.com/style/utilichart.css?0.8627959624976733" />

<!-- Global site tag (gtag.js) - Google Analytics -->
<script async src="https://www.googletagmanager.com/gtag/js?id=UA-26211653-1"></script>
<script>
  window.dataLayer = window.dataLayer || [];
  function gtag(){dataLayer.push(arguments);}
  gtag('js', new Date());

  gtag('config', 'UA-26211653-1');
</script>
<!-- End Google Analytics -->
<!-- Venatus Ad Manager - Install in <HEAD> of page -->
	<script src="https://hb.vntsm.com/v3/live/ad-manager.min.js" type="text/javascript" data-site-id="642aba63ec9a7b11c3c9c1be" data-mode="scan" async></script>
<!-- / Venatus Ad Manager -->

<style>
	@media (max-width:820px) {
		.battle {
			margin: 0 auto;
		}
		.battle-log {
			margin: 7px auto 0;
			max-width: 640px;
			height: 300px;
			position: static;
		}
	}
	.optgroup {
		display: inline-block;
		line-height: 22px;
		font-size: 10pt;
	}
	.optgroup .button {
		height: 25px;
		padding-top: 0;
		padding-bottom: 0;
	}
	.optgroup button.button {
		padding-left: 12px;
		padding-right: 12px;
	}
	.linklist {
		list-style: none;
		margin: 0.5em 0;
		padding: 0;
	}
	.linklist li {
		padding: 2px 0;
	}
	.sidebar {
		float: left;
		width: 320px;
	}
	.bar-wrapper {
		max-width: 1100px;
		margin: 0 auto;
	}
	.bar-wrapper.has-sidebar {
		max-width: 1430px;
	}
	.mainbar {
		margin: 0;
		padding-right: 1px;
	}
	.mainbar.has-sidebar {
		margin-left: 330px;
	}
	@media (min-width: 1511px) {
		.sidebar {
			width: 400px;
		}
		.bar-wrapper.has-sidebar {
			max-width: 1510px;
		}
		.mainbar.has-sidebar {
			margin-left: 410px;
		}
	}
	.section.first-section {
		margin-top: 9px;
	}
	.blocklink small {
		white-space: normal;
	}
	.button {
		vertical-align: middle;
	}
	.replay-controls {
		padding-top: 10px;
	}
	.replay-controls h1 {
		font-size: 16pt;
		font-weight: normal;
		color: #CCC;
	}
	.pagelink {
		text-align: center;
	}
	.pagelink a {
		width: 150px;
	}
	.textbox, .button {
		font-size: 11pt;
		vertical-align: middle;
	}
	@media (max-width: 450px) {
		.button {
			font-size: 9pt;
		}
	}
</style>

<div>

	<header>
		<div class="nav-wrapper"><ul class="nav">
			<li><a class="button nav-first" href="//pokemonshowdown.com/"><img src="//pokemonshowdown.com/images/pokemonshowdownbeta.png" srcset="//pokemonshowdown.com/images/pokemonshowdownbeta.png 1x, //pokemonshowdown.com/images/pokemonshowdownbeta@2x.png 2x" alt="Pok&eacute;mon Showdown" width="146" height="44" /> Home</a></li>
			<li><a class="button" href="//pokemonshowdown.com/dex/">Pok&eacute;dex</a></li>
			<li><a class="button cur" href="/">Replays</a></li>
			<li><a class="button" href="//pokemonshowdown.com/ladder/">Ladder</a></li>
			<li><a class="button nav-last" href="//pokemonshowdown.com/forums/">Forum</a></li>
			<li><a class="button greenbutton nav-first nav-last" href="//play.pokemonshowdown.com/">Play</a></li>
		</ul></div>
	</header>

	<div class="main" id="main">

		<noscript><section class="section">You need to enable JavaScript to use this page; sorry!</section></noscript>

	</div>

</div>

<script defer nomodule src="//play.pokemonshowdown.com/js/lib/ps-polyfill.js"></script>
<script defer src="//play.pokemonshowdown.com/js/lib/preact.min.js"></script>

<script defer src="//play.pokemonshowdown.com/config/config.js?2bddbc15"></script>
<script defer src="//play.pokemonshowdown.com/js/lib/jquery-1.11.0.min.js"></script>
<script defer src="//play.pokemonshowdown.com/js/lib/html-sanitizer-minified.js"></script>
<script defer src="//play.pokemonshowdown.com/js/battle-sound.js"></script>
<script defer src="//play.pokemonshowdown.com/js/battledata.js?0.7209276989879541"></script>
<script defer src="//play.pokemonshowdown.com/data/pokedex-mini.js?0.6111056340867951"></script>
<script defer src="//play.pokemonshowdown.com/data/pokedex-mini-bw.js?0.3532142036491459"></script>
<script defer src="//play.pokemonshowdown.com/data/graphics.js?0.24223875632456182"></script>
<script defer src="//play.pokemonshowdown.com/data/pokedex.js?0.38839984266356864"></script>
<script defer src="//play.pokemonshowdown.com/data/moves.js?0.21866028504024015"></script>
<script defer src="//play.pokemonshowdown.com/data/abilities.js?0.2005157953846628"></script>
<script defer src="//play.pokemonshowdown.com/data/items.js?0.9894211263848525"></script>
<script defer src="//play.pokemonshowdown.com/data/teambuilder-tables.js?0.6008791140282215"></script>
<script defer src="//play.pokemonshowdown.com/js/battle-tooltips.js?0.7580118955022959"></script>
<script defer src="//play.pokemonshowdown.com/js/battle.js?0.6057722274234274"></script>

<script defer src="js/utils.js?e31f9a17"></script>
<script defer src="js/replays-battle.js?7008c182"></script>

<!-- don't scrape this data! just add .json or .log after the URL!
Full API docs: https://github.com/smogon/pokemon-showdown-client/blob/master/WEB-API.md -->
<script type="text/plain" class="log" id="replaylog-smogtours-gen3ou-803514">
|inactive|Battle timer is ON: inactive players will automatically lose when time's up.
|t:|1730330751
|gametype|singles
|player|p1|EatYourToast|clown|
|player|p2|AutumnMint|riley|
|teamsize|p1|6
|teamsize|p2|6
|gen|3
|tier|[Gen 3] OU
|rule|Sleep Clause Mod: Limit one foe put to sleep
|rule|Switch Priority Clause Mod: Faster Pokémon switch first
|rule|Species Clause: Limit one of each Pokémon
|rule|OHKO Clause: OHKO moves are banned
|rule|Evasion Items Clause: Evasion items are banned
|rule|Evasion Moves Clause: Evasion moves are banned
|rule|Endless Battle Clause: Forcing endless battles is banned
|rule|HP Percentage Mod: HP is shown in percentages
|rule|One Boost Passer Clause: Limit one Baton Passer that has a way to boost its stats
|rule|Freeze Clause Mod: Limit one foe frozen
|
|t:|1730330751
|start
|switch|p1a: Captain Crunch|Tyranitar, F, shiny|100/100
|switch|p2a: Medicham|Medicham, M|100/100
|-weather|Sandstorm|[from] ability: Sand Stream|[of] p1a: Captain Crunch
|turn|1
|
|t:|1730330769
|switch|p1a: America's Dragon|Salamence, M, shiny|100/100
|-ability|p1a: America's Dragon|Intimidate|boost
|-unboost|p2a: Medicham|atk|1
|move|p2a: Medicham|Brick Break|p1a: America's Dragon
|-resisted|p1a: America's Dragon
|-damage|p1a: America's Dragon|81/100
|
|-weather|Sandstorm|[upkeep]
|-damage|p1a: America's Dragon|75/100|[from] Sandstorm
|-damage|p2a: Medicham|94/100|[from] Sandstorm
|-heal|p1a: America's Dragon|81/100|[from] item: Leftovers
|upkeep
|turn|2
|inactive|AutumnMint has 270 seconds left.
|
|t:|1730330802
|move|p1a: America's Dragon|Dragon Claw|p2a: Medicham
|-damage|p2a: Medicham|36/100
|move|p2a: Medicham|Rock Slide|p1a: America's Dragon
|-supereffective|p1a: America's Dragon
|-damage|p1a: America's Dragon|27/100
|
|-weather|Sandstorm|[upkeep]
|-damage|p1a: America's Dragon|21/100|[from] Sandstorm
|-damage|p2a: Medicham|30/100|[from] Sandstorm
|-heal|p1a: America's Dragon|27/100|[from] item: Leftovers
|upkeep
|turn|3
|inactive|AutumnMint has 270 seconds left.
|inactive|EatYourToast has 270 seconds left.
|
|t:|1730330819
|switch|p2a: Suicune|Suicune|100/100
|move|p1a: America's Dragon|Dragon Claw|p2a: Suicune
|-damage|p2a: Suicune|76/100
|
|-weather|Sandstorm|[upkeep]
|-damage|p1a: America's Dragon|21/100|[from] Sandstorm
|-damage|p2a: Suicune|70/100|[from] Sandstorm
|-heal|p1a: America's Dragon|27/100|[from] item: Leftovers
|-heal|p2a: Suicune|76/100|[from] item: Leftovers
|upkeep
|turn|4
|inactive|EatYourToast has 270 seconds left.
|inactive|AutumnMint has 270 seconds left.
|
|t:|1730330842
|switch|p1a: Sesame Street|Zapdos, shiny|100/100
|move|p2a: Suicune|Calm Mind|p2a: Suicune
|-boost|p2a: Suicune|spa|1
|-boost|p2a: Suicune|spd|1
|
|-weather|Sandstorm|[upkeep]
|-damage|p1a: Sesame Street|94/100|[from] Sandstorm
|-damage|p2a: Suicune|70/100|[from] Sandstorm
|-heal|p1a: Sesame Street|100/100|[from] item: Leftovers
|-heal|p2a: Suicune|76/100|[from] item: Leftovers
|upkeep
|turn|5
|inactive|AutumnMint has 240 seconds left.
|
|t:|1730330883
|move|p1a: Sesame Street|Thunderbolt|p2a: Suicune
|-supereffective|p2a: Suicune
|-damage|p2a: Suicune|44/100
|-status|p2a: Suicune|par
|move|p2a: Suicune|Ice Beam|p1a: Sesame Street
|-supereffective|p1a: Sesame Street
|-damage|p1a: Sesame Street|47/100
|
|-weather|Sandstorm|[upkeep]
|-damage|p1a: Sesame Street|41/100|[from] Sandstorm
|-damage|p2a: Suicune|38/100 par|[from] Sandstorm
|-heal|p1a: Sesame Street|47/100|[from] item: Leftovers
|-heal|p2a: Suicune|44/100 par|[from] item: Leftovers
|upkeep
|turn|6
|inactive|AutumnMint has 240 seconds left.
|inactive|EatYourToast has 240 seconds left.
|
|t:|1730330904
|switch|p1a: Life of the Party|Swampert, F, shiny|100/100
|move|p2a: Suicune|Rest|p2a: Suicune
|-status|p2a: Suicune|slp|[from] move: Rest
|-heal|p2a: Suicune|100/100 slp|[silent]
|
|-weather|Sandstorm|[upkeep]
|-damage|p2a: Suicune|94/100 slp|[from] Sandstorm
|-heal|p2a: Suicune|100/100 slp|[from] item: Leftovers
|upkeep
|turn|7
|inactive|AutumnMint has 240 seconds left.
|
|t:|1730330917
|switch|p2a: Snorlax|Snorlax, F|100/100
|switch|p1a: Sesame Street|Zapdos, shiny|47/100
|
|-weather|Sandstorm|[upkeep]
|-damage|p1a: Sesame Street|41/100|[from] Sandstorm
|-damage|p2a: Snorlax|94/100|[from] Sandstorm
|-heal|p1a: Sesame Street|47/100|[from] item: Leftovers
|-heal|p2a: Snorlax|100/100|[from] item: Leftovers
|upkeep
|turn|8
|inactive|EatYourToast has 240 seconds left.
|inactive|AutumnMint has 240 seconds left.
|
|t:|1730330946
|switch|p1a: Life of the Party|Swampert, F, shiny|100/100
|move|p2a: Snorlax|Earthquake|p1a: Life of the Party
|-damage|p1a: Life of the Party|78/100
|
|-weather|Sandstorm|[upkeep]
|-damage|p2a: Snorlax|94/100|[from] Sandstorm
|-heal|p1a: Life of the Party|84/100|[from] item: Leftovers
|-heal|p2a: Snorlax|100/100|[from] item: Leftovers
|upkeep
|turn|9
|inactive|AutumnMint has 240 seconds left.
|inactive|AutumnMint has 210 seconds left.
|
|t:|1730330986
|move|p1a: Life of the Party|Earthquake|p2a: Snorlax
|-damage|p2a: Snorlax|68/100
|move|p2a: Snorlax|Body Slam|p1a: Life of the Party
|-damage|p1a: Life of the Party|57/100
|
|-weather|Sandstorm|[upkeep]
|-damage|p2a: Snorlax|62/100|[from] Sandstorm
|-heal|p1a: Life of the Party|64/100|[from] item: Leftovers
|-heal|p2a: Snorlax|68/100|[from] item: Leftovers
|upkeep
|turn|10
|c|☆EatYourToast|ow
|
|t:|1730330997
|move|p2a: Snorlax|Self-Destruct|p1a: Life of the Party
|-crit|p1a: Life of the Party
|-damage|p1a: Life of the Party|0 fnt
|faint|p2a: Snorlax
|faint|p1a: Life of the Party
|inactive|AutumnMint has 210 seconds left.
|
|t:|1730331019
|switch|p1a: America's Dragon|Salamence, M, shiny|27/100
|switch|p2a: Metagross|Metagross|100/100
|-ability|p1a: America's Dragon|Intimidate|boost
|-fail|p2a: Metagross|unboost|[from] ability: Clear Body|[of] p2a: Metagross
|
|-weather|Sandstorm|[upkeep]
|-damage|p1a: America's Dragon|21/100|[from] Sandstorm
|-heal|p1a: America's Dragon|27/100|[from] item: Leftovers
|upkeep
|turn|11
|
|t:|1730331029
|move|p1a: America's Dragon|Fire Blast|p2a: Metagross|[miss]
|-miss|p1a: America's Dragon|p2a: Metagross
|move|p2a: Metagross|Agility|p2a: Metagross
|-boost|p2a: Metagross|spe|2
|
|-weather|Sandstorm|[upkeep]
|-damage|p1a: America's Dragon|21/100|[from] Sandstorm
|-heal|p1a: America's Dragon|27/100|[from] item: Leftovers
|upkeep
|turn|12
|
|t:|1730331041
|move|p2a: Metagross|Meteor Mash|p1a: America's Dragon
|-damage|p1a: America's Dragon|0 fnt
|faint|p1a: America's Dragon
|
|t:|1730331045
|switch|p1a: Sesame Street|Zapdos, shiny|47/100
|
|-weather|Sandstorm|[upkeep]
|-damage|p1a: Sesame Street|41/100|[from] Sandstorm
|-heal|p1a: Sesame Street|47/100|[from] item: Leftovers
|upkeep
|turn|13
|
|t:|1730331054
|move|p2a: Metagross|Meteor Mash|p1a: Sesame Street
|-resisted|p1a: Sesame Street
|-damage|p1a: Sesame Street|21/100
|move|p1a: Sesame Street|Thunderbolt|p2a: Metagross
|-damage|p2a: Metagross|61/100
|-status|p2a: Metagross|par
|
|-weather|Sandstorm|[upkeep]
|-damage|p1a: Sesame Street|15/100|[from] Sandstorm
|-heal|p1a: Sesame Street|21/100|[from] item: Leftovers
|-heal|p2a: Metagross|67/100 par|[from] item: Leftovers
|upkeep
|turn|14
|
|t:|1730331064
|move|p1a: Sesame Street|Rest|p1a: Sesame Street
|-status|p1a: Sesame Street|slp|[from] move: Rest
|-heal|p1a: Sesame Street|100/100 slp|[silent]
|move|p2a: Metagross|Meteor Mash|p1a: Sesame Street
|-resisted|p1a: Sesame Street
|-damage|p1a: Sesame Street|72/100 slp
|
|-weather|Sandstorm|[upkeep]
|-damage|p1a: Sesame Street|66/100 slp|[from] Sandstorm
|-heal|p1a: Sesame Street|72/100 slp|[from] item: Leftovers
|-heal|p2a: Metagross|73/100 par|[from] item: Leftovers
|upkeep
|turn|15
|
|t:|1730331081
|cant|p1a: Sesame Street|slp
|move|p2a: Metagross|Explosion|p1a: Sesame Street
|-damage|p1a: Sesame Street|0 fnt
|faint|p2a: Metagross
|faint|p1a: Sesame Street
|
|t:|1730331095
|switch|p1a: Dugdugdug|Dugtrio, F, shiny|100/100
|switch|p2a: Suicune|Suicune|100/100 slp
|
|-weather|Sandstorm|[upkeep]
|-damage|p2a: Suicune|94/100 slp|[from] Sandstorm
|-heal|p2a: Suicune|100/100 slp|[from] item: Leftovers
|upkeep
|turn|16
|
|t:|1730331101
|move|p1a: Dugdugdug|Earthquake|p2a: Suicune
|-damage|p2a: Suicune|60/100 slp
|cant|p2a: Suicune|slp
|
|-weather|Sandstorm|[upkeep]
|-damage|p2a: Suicune|53/100 slp|[from] Sandstorm
|-heal|p2a: Suicune|60/100 slp|[from] item: Leftovers
|upkeep
|turn|17
|
|t:|1730331109
|move|p1a: Dugdugdug|Earthquake|p2a: Suicune
|-damage|p2a: Suicune|19/100 slp
|cant|p2a: Suicune|slp
|
|-weather|Sandstorm|[upkeep]
|-damage|p2a: Suicune|13/100 slp|[from] Sandstorm
|-heal|p2a: Suicune|19/100 slp|[from] item: Leftovers
|upkeep
|turn|18
|inactive|EatYourToast has 270 seconds left.
|
|t:|1730331116
|move|p1a: Dugdugdug|Earthquake|p2a: Suicune
|-damage|p2a: Suicune|0 fnt
|faint|p2a: Suicune
|
|t:|1730331119
|switch|p2a: Salamence|Salamence, M|100/100
|-ability|p2a: Salamence|Intimidate|boost
|-unboost|p1a: Dugdugdug|atk|1
|
|-weather|Sandstorm|[upkeep]
|-damage|p2a: Salamence|94/100|[from] Sandstorm
|-heal|p2a: Salamence|100/100|[from] item: Leftovers
|upkeep
|turn|19
|inactive|EatYourToast has 270 seconds left.
|inactive|EatYourToast has 240 seconds left.
|
|t:|1730331173
|switch|p1a: Captain Crunch|Tyranitar, F, shiny|100/100
|move|p2a: Salamence|Dragon Dance|p2a: Salamence
|-boost|p2a: Salamence|atk|1
|-boost|p2a: Salamence|spe|1
|
|-weather|Sandstorm|[upkeep]
|-damage|p2a: Salamence|94/100|[from] Sandstorm
|-heal|p2a: Salamence|100/100|[from] item: Leftovers
|upkeep
|turn|20
|inactive|EatYourToast has 240 seconds left.
|
|t:|1730331188
|move|p2a: Salamence|Earthquake|p1a: Captain Crunch
|-supereffective|p1a: Captain Crunch
|-damage|p1a: Captain Crunch|5/100
|move|p1a: Captain Crunch|Rock Slide|p2a: Salamence
|-supereffective|p2a: Salamence
|-damage|p2a: Salamence|19/100
|
|-weather|Sandstorm|[upkeep]
|-damage|p2a: Salamence|13/100|[from] Sandstorm
|-heal|p2a: Salamence|19/100|[from] item: Leftovers
|upkeep
|turn|21
|
|t:|1730331198
|move|p2a: Salamence|Earthquake|p1a: Captain Crunch
|-supereffective|p1a: Captain Crunch
|-damage|p1a: Captain Crunch|0 fnt
|faint|p1a: Captain Crunch
|
|t:|1730331202
|switch|p1a: The Guy.|Electrode, shiny|100/100
|
|-weather|Sandstorm|[upkeep]
|-damage|p2a: Salamence|13/100|[from] Sandstorm
|-damage|p1a: The Guy.|94/100|[from] Sandstorm
|-heal|p2a: Salamence|19/100|[from] item: Leftovers
|-heal|p1a: The Guy.|100/100|[from] item: Leftovers
|upkeep
|turn|22
|
|t:|1730331209
|move|p2a: Salamence|Earthquake|p1a: The Guy.
|-supereffective|p1a: The Guy.
|-damage|p1a: The Guy.|0 fnt
|faint|p1a: The Guy.
|
|t:|1730331213
|switch|p1a: Dugdugdug|Dugtrio, F, shiny|100/100
|
|-weather|Sandstorm|[upkeep]
|-damage|p2a: Salamence|13/100|[from] Sandstorm
|-heal|p2a: Salamence|19/100|[from] item: Leftovers
|upkeep
|turn|23
|c|☆EatYourToast|gg
|c|☆AutumnMint|gg
|
|t:|1730331223
|move|p2a: Salamence|Earthquake|p1a: Dugdugdug
|-damage|p1a: Dugdugdug|0 fnt
|faint|p1a: Dugdugdug
|
|win|AutumnMint

</script>
<script type="application/json" class="data" id="replaydata-smogtours-gen3ou-803514">
{"id":"smogtours-gen3ou-803514","format":"[Gen 3] OU","players":["EatYourToast","AutumnMint"],"uploadtime":1730331223,"views":56,"formatid":"gen3ou","rating":null,"private":0,"password":null}
</script>

<script defer src="js/replays.js?9d40a366"></script>
