<!DOCTYPE html>
<meta charset="utf-8" />
<meta name="viewport" content="width=device-width" />

<title>[Gen 3] OU: AutumnWailord vs. Fakes - Replays - Pok&eacute;mon Showdown!</title>

<meta name="description" content="Watch a replay of a Pok&eacute;mon battle between AutumnWailord and Fakes! Format: [Gen 3] OU; Date: Oct 6, 2024" />
<!--

Hey, you! Looking in the source for the replay log?

You can find them in JSON format, just add `.json` at the end of a replay URL.

https://replay.pokemonshowdown.com/gen7randomdoublesbattle-865046831.json

Or, if you only need the log itself, add `.log` instead:

https://replay.pokemonshowdown.com/gen7randomdoublesbattle-865046831.log

-->

<link rel="stylesheet" href="//pokemonshowdown.com/style/global.css?0.023195364461161105" />
<link rel="stylesheet" href="//play.pokemonshowdown.com/style/font-awesome.css?0.13261647063804238" />
<link rel="stylesheet" href="//play.pokemonshowdown.com/style/battle.css?0.8753245789963631" />
<link rel="stylesheet" href="//play.pokemonshowdown.com/style/utilichart.css?0.8627959624976733" />

<!-- Global site tag (gtag.js) - Google Analytics -->
<script async src="https://www.googletagmanager.com/gtag/js?id=UA-26211653-1"></script>
<script>
  window.dataLayer = window.dataLayer || [];
  function gtag(){dataLayer.push(arguments);}
  gtag('js', new Date());

  gtag('config', 'UA-26211653-1');
</script>
<!-- End Google Analytics -->
<!-- Venatus Ad Manager - Install in <HEAD> of page -->
	<script src="https://hb.vntsm.com/v3/live/ad-manager.min.js" type="text/javascript" data-site-id="642aba63ec9a7b11c3c9c1be" data-mode="scan" async></script>
<!-- / Venatus Ad Manager -->

<style>
	@media (max-width:820px) {
		.battle {
			margin: 0 auto;
		}
		.battle-log {
			margin: 7px auto 0;
			max-width: 640px;
			height: 300px;
			position: static;
		}
	}
	.optgroup {
		display: inline-block;
		line-height: 22px;
		font-size: 10pt;
	}
	.optgroup .button {
		height: 25px;
		padding-top: 0;
		padding-bottom: 0;
	}
	.optgroup button.button {
		padding-left: 12px;
		padding-right: 12px;
	}
	.linklist {
		list-style: none;
		margin: 0.5em 0;
		padding: 0;
	}
	.linklist li {
		padding: 2px 0;
	}
	.sidebar {
		float: left;
		width: 320px;
	}
	.bar-wrapper {
		max-width: 1100px;
		margin: 0 auto;
	}
	.bar-wrapper.has-sidebar {
		max-width: 1430px;
	}
	.mainbar {
		margin: 0;
		padding-right: 1px;
	}
	.mainbar.has-sidebar {
		margin-left: 330px;
	}
	@media (min-width: 1511px) {
		.sidebar {
			width: 400px;
		}
		.bar-wrapper.has-sidebar {
			max-width: 1510px;
		}
		.mainbar.has-sidebar {
			margin-left: 410px;
		}
	}
	.section.first-section {
		margin-top: 9px;
	}
	.blocklink small {
		white-space: normal;
	}
	.button {
		vertical-align: middle;
	}
	.replay-controls {
		padding-top: 10px;
	}
	.replay-controls h1 {
		font-size: 16pt;
		font-weight: normal;
		color: #CCC;
	}
	.pagelink {
		text-align: center;
	}
	.pagelink a {
		width: 150px;
	}
	.textbox, .button {
		font-size: 11pt;
		vertical-align: middle;
	}
	@media (max-width: 450px) {
		.button {
			font-size: 9pt;
		}
	}
</style>

<div>

	<header>
		<div class="nav-wrapper"><ul class="nav">
			<li><a class="button nav-first" href="//pokemonshowdown.com/"><img src="//pokemonshowdown.com/images/pokemonshowdownbeta.png" srcset="//pokemonshowdown.com/images/pokemonshowdownbeta.png 1x, //pokemonshowdown.com/images/pokemonshowdownbeta@2x.png 2x" alt="Pok&eacute;mon Showdown" width="146" height="44" /> Home</a></li>
			<li><a class="button" href="//pokemonshowdown.com/dex/">Pok&eacute;dex</a></li>
			<li><a class="button cur" href="/">Replays</a></li>
			<li><a class="button" href="//pokemonshowdown.com/ladder/">Ladder</a></li>
			<li><a class="button nav-last" href="//pokemonshowdown.com/forums/">Forum</a></li>
			<li><a class="button greenbutton nav-first nav-last" href="//play.pokemonshowdown.com/">Play</a></li>
		</ul></div>
	</header>

	<div class="main" id="main">

		<noscript><section class="section">You need to enable JavaScript to use this page; sorry!</section></noscript>

	</div>

</div>

<script defer nomodule src="//play.pokemonshowdown.com/js/lib/ps-polyfill.js"></script>
<script defer src="//play.pokemonshowdown.com/js/lib/preact.min.js"></script>

<script defer src="//play.pokemonshowdown.com/config/config.js?2bddbc15"></script>
<script defer src="//play.pokemonshowdown.com/js/lib/jquery-1.11.0.min.js"></script>
<script defer src="//play.pokemonshowdown.com/js/lib/html-sanitizer-minified.js"></script>
<script defer src="//play.pokemonshowdown.com/js/battle-sound.js"></script>
<script defer src="//play.pokemonshowdown.com/js/battledata.js?0.7209276989879541"></script>
<script defer src="//play.pokemonshowdown.com/data/pokedex-mini.js?0.6111056340867951"></script>
<script defer src="//play.pokemonshowdown.com/data/pokedex-mini-bw.js?0.3532142036491459"></script>
<script defer src="//play.pokemonshowdown.com/data/graphics.js?0.24223875632456182"></script>
<script defer src="//play.pokemonshowdown.com/data/pokedex.js?0.38839984266356864"></script>
<script defer src="//play.pokemonshowdown.com/data/moves.js?0.21866028504024015"></script>
<script defer src="//play.pokemonshowdown.com/data/abilities.js?0.2005157953846628"></script>
<script defer src="//play.pokemonshowdown.com/data/items.js?0.9894211263848525"></script>
<script defer src="//play.pokemonshowdown.com/data/teambuilder-tables.js?0.6008791140282215"></script>
<script defer src="//play.pokemonshowdown.com/js/battle-tooltips.js?0.7580118955022959"></script>
<script defer src="//play.pokemonshowdown.com/js/battle.js?0.6057722274234274"></script>

<script defer src="js/utils.js?e31f9a17"></script>
<script defer src="js/replays-battle.js?7008c182"></script>

<!-- don't scrape this data! just add .json or .log after the URL!
Full API docs: https://github.com/smogon/pokemon-showdown-client/blob/master/WEB-API.md -->
<script type="text/plain" class="log" id="replaylog-smogtours-gen3ou-795958">
|inactive|Battle timer is ON: inactive players will automatically lose when time's up.
|t:|1728246212
|gametype|singles
|player|p1|AutumnWailord|skyla-masters2|
|player|p2|Fakes|lucas|
|teamsize|p1|6
|teamsize|p2|6
|gen|3
|tier|[Gen 3] OU
|rule|Sleep Clause Mod: Limit one foe put to sleep
|rule|Switch Priority Clause Mod: Faster Pokémon switch first
|rule|Species Clause: Limit one of each Pokémon
|rule|OHKO Clause: OHKO moves are banned
|rule|Evasion Items Clause: Evasion items are banned
|rule|Evasion Moves Clause: Evasion moves are banned
|rule|Endless Battle Clause: Forcing endless battles is banned
|rule|HP Percentage Mod: HP is shown in percentages
|rule|One Boost Passer Clause: Limit one Baton Passer that has a way to boost its stats
|rule|Freeze Clause Mod: Limit one foe frozen
|
|t:|1728246212
|start
|switch|p1a: Metagross|Metagross|100/100
|switch|p2a: Milotic|Milotic, M|100/100
|turn|1
|
|t:|1728246221
|switch|p2a: Jirachi|Jirachi|100/100
|move|p1a: Metagross|Explosion|p2a: Jirachi
|-resisted|p2a: Jirachi
|-damage|p2a: Jirachi|2/100
|faint|p1a: Metagross
|
|t:|1728246226
|switch|p1a: Dugtrio|Dugtrio, M|100/100
|
|-heal|p2a: Jirachi|8/100|[from] item: Leftovers
|upkeep
|turn|2
|
|t:|1728246239
|move|p1a: Dugtrio|Earthquake|p2a: Jirachi
|-supereffective|p2a: Jirachi
|-damage|p2a: Jirachi|0 fnt
|faint|p2a: Jirachi
|
|t:|1728246242
|switch|p2a: Skarmory|Skarmory, F|100/100
|
|upkeep
|turn|3
|inactive|Fakes has 270 seconds left.
|
|t:|1728246276
|switch|p1a: Gengar|Gengar, F|100/100
|move|p2a: Skarmory|Spikes|p1a: Gengar
|-sidestart|p1: AutumnWailord|Spikes
|
|upkeep
|turn|4
|
|t:|1728246282
|switch|p2a: Celebi|Celebi|100/100
|move|p1a: Gengar|Fire Punch|p2a: Celebi
|-supereffective|p2a: Celebi
|-damage|p2a: Celebi|67/100
|
|-heal|p2a: Celebi|73/100|[from] item: Leftovers
|upkeep
|turn|5
|
|t:|1728246290
|switch|p1a: Dugtrio|Dugtrio, M|100/100
|-damage|p1a: Dugtrio|88/100|[from] Spikes
|move|p2a: Celebi|Leech Seed|p1a: Dugtrio
|-start|p1a: Dugtrio|move: Leech Seed
|
|-damage|p1a: Dugtrio|76/100|[from] Leech Seed|[of] p2a: Celebi
|-heal|p2a: Celebi|80/100|[silent]
|-heal|p2a: Celebi|86/100|[from] item: Leftovers
|upkeep
|turn|6
|
|t:|1728246301
|move|p1a: Dugtrio|Hidden Power|p2a: Celebi
|-supereffective|p2a: Celebi
|-damage|p2a: Celebi|0 fnt
|faint|p2a: Celebi
|
|t:|1728246309
|switch|p2a: Milotic|Milotic, M|100/100
|
|-damage|p1a: Dugtrio|64/100|[from] Leech Seed|[of] p2a: Milotic
|upkeep
|turn|7
|
|t:|1728246316
|switch|p1a: Skarmory|Skarmory, M|100/100
|move|p2a: Milotic|Surf|p1a: Skarmory
|-damage|p1a: Skarmory|71/100
|
|-heal|p1a: Skarmory|77/100|[from] item: Leftovers
|upkeep
|turn|8
|
|t:|1728246319
|move|p2a: Milotic|Surf|p1a: Skarmory
|-damage|p1a: Skarmory|49/100
|move|p1a: Skarmory|Spikes|p2a: Milotic
|-sidestart|p2: Fakes|Spikes
|
|-heal|p1a: Skarmory|55/100|[from] item: Leftovers
|upkeep
|turn|9
|
|t:|1728246321
|move|p1a: Skarmory|Protect|p1a: Skarmory
|-singleturn|p1a: Skarmory|Protect
|move|p2a: Milotic|Surf|p1a: Skarmory
|-activate|p1a: Skarmory|Protect
|
|-heal|p1a: Skarmory|61/100|[from] item: Leftovers
|upkeep
|turn|10
|
|t:|1728246323
|move|p2a: Milotic|Surf|p1a: Skarmory
|-damage|p1a: Skarmory|32/100
|move|p1a: Skarmory|Spikes|p2a: Milotic
|-sidestart|p2: Fakes|Spikes
|
|-heal|p1a: Skarmory|38/100|[from] item: Leftovers
|upkeep
|turn|11
|
|t:|1728246325
|move|p1a: Skarmory|Protect|p1a: Skarmory
|-singleturn|p1a: Skarmory|Protect
|move|p2a: Milotic|Surf|p1a: Skarmory
|-activate|p1a: Skarmory|Protect
|
|-heal|p1a: Skarmory|44/100|[from] item: Leftovers
|upkeep
|turn|12
|
|t:|1728246327
|move|p2a: Milotic|Surf|p1a: Skarmory
|-crit|p1a: Skarmory
|-damage|p1a: Skarmory|0 fnt
|faint|p1a: Skarmory
|
|t:|1728246330
|switch|p1a: Sceptile|Sceptile, M, shiny|100/100
|-damage|p1a: Sceptile|88/100|[from] Spikes
|
|-heal|p1a: Sceptile|94/100|[from] item: Leftovers
|upkeep
|turn|13
|
|t:|1728246337
|switch|p2a: Skarmory|Skarmory, F|100/100
|move|p1a: Sceptile|Leech Seed|p2a: Skarmory
|-start|p2a: Skarmory|move: Leech Seed
|
|-heal|p1a: Sceptile|99/100|[from] item: Leftovers
|-damage|p2a: Skarmory|88/100|[from] Leech Seed|[of] p1a: Sceptile
|-heal|p1a: Sceptile|100/100|[silent]
|upkeep
|turn|14
|
|t:|1728246349
|move|p1a: Sceptile|Substitute|p1a: Sceptile
|-start|p1a: Sceptile|Substitute
|-damage|p1a: Sceptile|76/100
|move|p2a: Skarmory|Drill Peck|p1a: Sceptile
|-supereffective|p1a: Sceptile
|-end|p1a: Sceptile|Substitute
|
|-heal|p1a: Sceptile|82/100|[from] item: Leftovers
|-heal|p2a: Skarmory|94/100|[from] item: Leftovers
|-damage|p2a: Skarmory|82/100|[from] Leech Seed|[of] p1a: Sceptile
|-heal|p1a: Sceptile|96/100|[silent]
|upkeep
|turn|15
|
|t:|1728246362
|move|p1a: Sceptile|Substitute|p1a: Sceptile
|-start|p1a: Sceptile|Substitute
|-damage|p1a: Sceptile|71/100
|move|p2a: Skarmory|Roar|p1a: Sceptile
|drag|p1a: Dugtrio|Dugtrio, M|64/100
|-damage|p1a: Dugtrio|51/100|[from] Spikes
|
|-heal|p2a: Skarmory|88/100|[from] item: Leftovers
|-damage|p2a: Skarmory|76/100|[from] Leech Seed|[of] p1a: Dugtrio
|-heal|p1a: Dugtrio|71/100|[silent]
|upkeep
|turn|16
|
|t:|1728246369
|switch|p1a: Gengar|Gengar, F|100/100
|switch|p2a: Claydol|Claydol|100/100
|
|upkeep
|turn|17
|
|t:|1728246376
|switch|p1a: Swampert|Swampert, M|100/100
|-damage|p1a: Swampert|88/100|[from] Spikes
|move|p2a: Claydol|Psychic|p1a: Swampert
|-damage|p1a: Swampert|66/100
|-unboost|p1a: Swampert|spd|1
|
|-heal|p1a: Swampert|72/100|[from] item: Leftovers
|upkeep
|turn|18
|
|t:|1728246396
|switch|p2a: Milotic|Milotic, M|100/100
|-damage|p2a: Milotic|84/100|[from] Spikes
|move|p1a: Swampert|Protect||[still]
|-fail|p1a: Swampert
|
|-heal|p2a: Milotic|90/100|[from] item: Leftovers
|-heal|p1a: Swampert|78/100|[from] item: Leftovers
|upkeep
|turn|19
|
|t:|1728246401
|switch|p1a: Sceptile|Sceptile, M, shiny|71/100
|-damage|p1a: Sceptile|59/100|[from] Spikes
|move|p2a: Milotic|Surf|p1a: Sceptile
|-resisted|p1a: Sceptile
|-damage|p1a: Sceptile|35/100
|
|-heal|p1a: Sceptile|41/100|[from] item: Leftovers
|-heal|p2a: Milotic|96/100|[from] item: Leftovers
|upkeep
|turn|20
|
|t:|1728246407
|move|p1a: Sceptile|Substitute|p1a: Sceptile
|-start|p1a: Sceptile|Substitute
|-damage|p1a: Sceptile|16/100
|move|p2a: Milotic|Toxic||[still]
|-fail|p2a: Milotic
|
|-heal|p1a: Sceptile|22/100|[from] item: Leftovers
|-heal|p2a: Milotic|100/100|[from] item: Leftovers
|upkeep
|turn|21
|
|t:|1728246411
|switch|p2a: Skarmory|Skarmory, F|76/100
|move|p1a: Sceptile|Leech Seed|p2a: Skarmory
|-start|p2a: Skarmory|move: Leech Seed
|
|-heal|p1a: Sceptile|28/100|[from] item: Leftovers
|-heal|p2a: Skarmory|82/100|[from] item: Leftovers
|-damage|p2a: Skarmory|69/100|[from] Leech Seed|[of] p1a: Sceptile
|-heal|p1a: Sceptile|43/100|[silent]
|upkeep
|turn|22
|
|t:|1728246418
|move|p1a: Sceptile|Hidden Power|p2a: Skarmory
|-damage|p2a: Skarmory|48/100
|move|p2a: Skarmory|Roar|p1a: Sceptile
|drag|p1a: Dugtrio|Dugtrio, M|71/100
|-damage|p1a: Dugtrio|58/100|[from] Spikes
|
|-heal|p2a: Skarmory|54/100|[from] item: Leftovers
|-damage|p2a: Skarmory|42/100|[from] Leech Seed|[of] p1a: Dugtrio
|-heal|p1a: Dugtrio|78/100|[silent]
|upkeep
|turn|23
|
|t:|1728246433
|switch|p1a: Sceptile|Sceptile, M, shiny|43/100
|-damage|p1a: Sceptile|30/100|[from] Spikes
|switch|p2a: Milotic|Milotic, M|100/100
|-damage|p2a: Milotic|84/100|[from] Spikes
|
|-heal|p1a: Sceptile|36/100|[from] item: Leftovers
|-heal|p2a: Milotic|90/100|[from] item: Leftovers
|upkeep
|turn|24
|
|t:|1728246443
|move|p1a: Sceptile|Leech Seed|p2a: Milotic
|-start|p2a: Milotic|move: Leech Seed
|move|p2a: Milotic|Surf|p1a: Sceptile
|-resisted|p1a: Sceptile
|-damage|p1a: Sceptile|14/100
|
|-heal|p1a: Sceptile|20/100|[from] item: Leftovers
|-heal|p2a: Milotic|96/100|[from] item: Leftovers
|-damage|p2a: Milotic|84/100|[from] Leech Seed|[of] p1a: Sceptile
|-heal|p1a: Sceptile|38/100|[silent]
|upkeep
|turn|25
|
|t:|1728246453
|switch|p2a: Skarmory|Skarmory, F|42/100
|move|p1a: Sceptile|Substitute|p1a: Sceptile
|-start|p1a: Sceptile|Substitute
|-damage|p1a: Sceptile|13/100
|
|-heal|p1a: Sceptile|19/100|[from] item: Leftovers
|-heal|p2a: Skarmory|48/100|[from] item: Leftovers
|upkeep
|turn|26
|
|t:|1728246469
|move|p2a: Skarmory|Protect|p2a: Skarmory
|-singleturn|p2a: Skarmory|Protect
|move|p1a: Sceptile|Leech Seed|p2a: Skarmory
|-activate|p2a: Skarmory|Protect
|
|-heal|p1a: Sceptile|25/100|[from] item: Leftovers
|-heal|p2a: Skarmory|54/100|[from] item: Leftovers
|upkeep
|turn|27
|
|t:|1728246472
|move|p1a: Sceptile|Leech Seed|p2a: Skarmory
|-start|p2a: Skarmory|move: Leech Seed
|move|p2a: Skarmory|Roar|p1a: Sceptile
|drag|p1a: Swampert|Swampert, M|78/100
|-damage|p1a: Swampert|66/100|[from] Spikes
|
|-heal|p2a: Skarmory|60/100|[from] item: Leftovers
|-damage|p2a: Skarmory|48/100|[from] Leech Seed|[of] p1a: Swampert
|-heal|p1a: Swampert|76/100|[silent]
|-heal|p1a: Swampert|82/100|[from] item: Leftovers
|upkeep
|turn|28
|
|t:|1728246484
|-singleturn|p1a: Swampert|move: Focus Punch
|switch|p2a: Milotic|Milotic, M|84/100
|-damage|p2a: Milotic|67/100|[from] Spikes
|move|p1a: Swampert|Focus Punch|p2a: Milotic
|-damage|p2a: Milotic|40/100
|
|-heal|p2a: Milotic|46/100|[from] item: Leftovers
|-heal|p1a: Swampert|89/100|[from] item: Leftovers
|upkeep
|turn|29
|
|t:|1728246496
|switch|p1a: Gengar|Gengar, F|100/100
|move|p2a: Milotic|Recover|p2a: Milotic
|-heal|p2a: Milotic|96/100
|
|-heal|p2a: Milotic|100/100|[from] item: Leftovers
|upkeep
|turn|30
|
|t:|1728246521
|move|p1a: Gengar|Thunderbolt|p2a: Milotic
|-supereffective|p2a: Milotic
|-damage|p2a: Milotic|55/100
|-status|p2a: Milotic|par
|move|p2a: Milotic|Recover|p2a: Milotic
|-heal|p2a: Milotic|100/100 par
|
|upkeep
|turn|31
|
|t:|1728246530
|switch|p2a: Claydol|Claydol|100/100
|move|p1a: Gengar|Thunderbolt|p2a: Claydol
|-immune|p2a: Claydol
|
|upkeep
|turn|32
|
|t:|1728246538
|switch|p1a: Swampert|Swampert, M|89/100
|-damage|p1a: Swampert|76/100|[from] Spikes
|move|p2a: Claydol|Rapid Spin|p1a: Swampert
|-damage|p1a: Swampert|74/100
|-sideend|p2: Fakes|Spikes|[from] move: Rapid Spin|[of] p2a: Claydol
|
|-heal|p1a: Swampert|80/100|[from] item: Leftovers
|upkeep
|turn|33
|
|t:|1728246548
|switch|p2a: Milotic|Milotic, M|100/100 par
|move|p1a: Swampert|Ice Beam|p2a: Milotic
|-resisted|p2a: Milotic
|-crit|p2a: Milotic
|-damage|p2a: Milotic|88/100 par
|
|-heal|p1a: Swampert|86/100|[from] item: Leftovers
|-heal|p2a: Milotic|94/100 par|[from] item: Leftovers
|upkeep
|turn|34
|
|t:|1728246575
|switch|p1a: Gengar|Gengar, F|100/100
|move|p2a: Milotic|Surf|p1a: Gengar
|-damage|p1a: Gengar|46/100
|
|-heal|p1a: Gengar|53/100|[from] item: Leftovers
|-heal|p2a: Milotic|99/100 par|[from] item: Leftovers
|upkeep
|turn|35
|
|t:|1728246582
|switch|p2a: Claydol|Claydol|100/100
|move|p1a: Gengar|Thunderbolt|p2a: Claydol
|-immune|p2a: Claydol
|
|-heal|p1a: Gengar|59/100|[from] item: Leftovers
|upkeep
|turn|36
|
|t:|1728246595
|switch|p1a: Swampert|Swampert, M|86/100
|-damage|p1a: Swampert|74/100|[from] Spikes
|move|p2a: Claydol|Psychic|p1a: Swampert
|-damage|p1a: Swampert|55/100
|
|-heal|p1a: Swampert|61/100|[from] item: Leftovers
|upkeep
|turn|37
|
|t:|1728246624
|switch|p2a: Milotic|Milotic, M|99/100 par
|move|p1a: Swampert|Ice Beam|p2a: Milotic
|-resisted|p2a: Milotic
|-damage|p2a: Milotic|93/100 par
|
|-heal|p1a: Swampert|67/100|[from] item: Leftovers
|-heal|p2a: Milotic|99/100 par|[from] item: Leftovers
|upkeep
|turn|38
|
|t:|1728246627
|move|p1a: Swampert|Protect|p1a: Swampert
|-singleturn|p1a: Swampert|Protect
|move|p2a: Milotic|Surf|p1a: Swampert
|-activate|p1a: Swampert|Protect
|
|-heal|p1a: Swampert|74/100|[from] item: Leftovers
|-heal|p2a: Milotic|100/100 par|[from] item: Leftovers
|upkeep
|turn|39
|
|t:|1728246643
|switch|p1a: Dugtrio|Dugtrio, M|78/100
|-damage|p1a: Dugtrio|65/100|[from] Spikes
|move|p2a: Milotic|Surf|p1a: Dugtrio
|-supereffective|p1a: Dugtrio
|-damage|p1a: Dugtrio|0 fnt
|faint|p1a: Dugtrio
|
|t:|1728246645
|switch|p1a: Sceptile|Sceptile, M, shiny|25/100
|-damage|p1a: Sceptile|13/100|[from] Spikes
|
|-heal|p1a: Sceptile|19/100|[from] item: Leftovers
|upkeep
|turn|40
|
|t:|1728246668
|switch|p2a: Skarmory|Skarmory, F|48/100
|move|p1a: Sceptile|Leaf Blade|p2a: Skarmory
|-resisted|p2a: Skarmory
|-damage|p2a: Skarmory|38/100
|
|-heal|p1a: Sceptile|25/100|[from] item: Leftovers
|-heal|p2a: Skarmory|44/100|[from] item: Leftovers
|upkeep
|turn|41
|inactive|AutumnWailord has 270 seconds left.
|
|t:|1728246696
|move|p1a: Sceptile|Leech Seed|p2a: Skarmory
|-start|p2a: Skarmory|move: Leech Seed
|move|p2a: Skarmory|Drill Peck|p1a: Sceptile
|-supereffective|p1a: Sceptile
|-damage|p1a: Sceptile|0 fnt
|faint|p1a: Sceptile
|
|t:|1728246701
|switch|p1a: Gengar|Gengar, F|59/100
|
|-heal|p1a: Gengar|65/100|[from] item: Leftovers
|-heal|p2a: Skarmory|50/100|[from] item: Leftovers
|-damage|p2a: Skarmory|37/100|[from] Leech Seed|[of] p1a: Gengar
|-heal|p1a: Gengar|81/100|[silent]
|upkeep
|turn|42
|
|t:|1728246721
|move|p1a: Gengar|Ice Punch|p2a: Skarmory
|-crit|p2a: Skarmory
|-damage|p2a: Skarmory|0 fnt
|faint|p2a: Skarmory
|
|t:|1728246725
|switch|p2a: Claydol|Claydol|100/100
|
|-heal|p1a: Gengar|87/100|[from] item: Leftovers
|upkeep
|turn|43
|
|t:|1728246734
|move|p1a: Gengar|Ice Punch|p2a: Claydol
|-supereffective|p2a: Claydol
|-damage|p2a: Claydol|57/100
|move|p2a: Claydol|Psychic|p1a: Gengar
|-supereffective|p1a: Gengar
|-damage|p1a: Gengar|7/100
|
|-heal|p1a: Gengar|13/100|[from] item: Leftovers
|-heal|p2a: Claydol|63/100|[from] item: Leftovers
|upkeep
|turn|44
|
|t:|1728246747
|switch|p1a: Swampert|Swampert, M|74/100
|-damage|p1a: Swampert|61/100|[from] Spikes
|move|p2a: Claydol|Psychic|p1a: Swampert
|-damage|p1a: Swampert|42/100
|
|-heal|p2a: Claydol|69/100|[from] item: Leftovers
|-heal|p1a: Swampert|48/100|[from] item: Leftovers
|upkeep
|turn|45
|
|t:|1728246754
|switch|p2a: Milotic|Milotic, M|100/100 par
|move|p1a: Swampert|Ice Beam|p2a: Milotic
|-resisted|p2a: Milotic
|-damage|p2a: Milotic|94/100 par
|
|-heal|p1a: Swampert|54/100|[from] item: Leftovers
|-heal|p2a: Milotic|99/100 par|[from] item: Leftovers
|upkeep
|turn|46
|
|t:|1728246757
|move|p1a: Swampert|Protect|p1a: Swampert
|-singleturn|p1a: Swampert|Protect
|cant|p2a: Milotic|par
|
|-heal|p1a: Swampert|60/100|[from] item: Leftovers
|-heal|p2a: Milotic|100/100 par|[from] item: Leftovers
|upkeep
|turn|47
|
|t:|1728246761
|move|p1a: Swampert|Earthquake|p2a: Milotic
|-damage|p2a: Milotic|83/100 par
|move|p2a: Milotic|Surf|p1a: Swampert
|-damage|p1a: Swampert|34/100
|
|-heal|p1a: Swampert|40/100|[from] item: Leftovers
|-heal|p2a: Milotic|89/100 par|[from] item: Leftovers
|upkeep
|turn|48
|
|t:|1728246764
|move|p1a: Swampert|Earthquake|p2a: Milotic
|-damage|p2a: Milotic|71/100 par
|move|p2a: Milotic|Surf|p1a: Swampert
|-damage|p1a: Swampert|12/100
|
|-heal|p1a: Swampert|18/100|[from] item: Leftovers
|-heal|p2a: Milotic|77/100 par|[from] item: Leftovers
|upkeep
|turn|49
|
|t:|1728246767
|move|p1a: Swampert|Protect|p1a: Swampert
|-singleturn|p1a: Swampert|Protect
|move|p2a: Milotic|Refresh|p2a: Milotic
|-curestatus|p2a: Milotic|par|[msg]
|
|-heal|p2a: Milotic|83/100|[from] item: Leftovers
|-heal|p1a: Swampert|24/100|[from] item: Leftovers
|upkeep
|turn|50
|
|t:|1728246775
|move|p2a: Milotic|Surf|p1a: Swampert
|-damage|p1a: Swampert|0 fnt
|faint|p1a: Swampert
|
|t:|1728246777
|switch|p1a: Gengar|Gengar, F|13/100
|
|-heal|p1a: Gengar|19/100|[from] item: Leftovers
|-heal|p2a: Milotic|89/100|[from] item: Leftovers
|upkeep
|turn|51
|
|t:|1728246790
|move|p1a: Gengar|Thunderbolt|p2a: Milotic
|-supereffective|p2a: Milotic
|-damage|p2a: Milotic|45/100
|move|p2a: Milotic|Surf|p1a: Gengar
|-damage|p1a: Gengar|0 fnt
|faint|p1a: Gengar
|
|win|Fakes
|c|☆Fakes|gg
|c|☆AutumnWailord|gg
|player|p2|
|player|p1|
|player|p2|Fakes|lucas|

</script>
<script type="application/json" class="data" id="replaydata-smogtours-gen3ou-795958">
{"id":"smogtours-gen3ou-795958","format":"[Gen 3] OU","players":["AutumnWailord","Fakes"],"uploadtime":1728246790,"views":144,"formatid":"gen3ou","rating":null,"private":1,"password":null}
</script>

<script defer src="js/replays.js?9d40a366"></script>
