<!DOCTYPE html>
<meta charset="utf-8" />
<meta name="viewport" content="width=device-width" />

<title>[Gen 3] OU: Colteor vs. Sieeeffmon - Replays - Pok&eacute;mon Showdown!</title>

<meta name="description" content="Watch a replay of a Pok&eacute;mon battle between Colteor and Sieeeffmon! Format: [Gen 3] OU; Date: Oct 27, 2024" />
<!--

Hey, you! Looking in the source for the replay log?

You can find them in JSON format, just add `.json` at the end of a replay URL.

https://replay.pokemonshowdown.com/gen7randomdoublesbattle-865046831.json

Or, if you only need the log itself, add `.log` instead:

https://replay.pokemonshowdown.com/gen7randomdoublesbattle-865046831.log

-->

<link rel="stylesheet" href="//pokemonshowdown.com/style/global.css?0.767286132409787" />
<link rel="stylesheet" href="//play.pokemonshowdown.com/style/font-awesome.css?0.9266228007934947" />
<link rel="stylesheet" href="//play.pokemonshowdown.com/style/battle.css?0.7924700842790926" />
<link rel="stylesheet" href="//play.pokemonshowdown.com/style/utilichart.css?0.8777417872839479" />

<!-- Global site tag (gtag.js) - Google Analytics -->
<script async src="https://www.googletagmanager.com/gtag/js?id=UA-26211653-1"></script>
<script>
  window.dataLayer = window.dataLayer || [];
  function gtag(){dataLayer.push(arguments);}
  gtag('js', new Date());

  gtag('config', 'UA-26211653-1');
</script>
<!-- End Google Analytics -->
<!-- Venatus Ad Manager - Install in <HEAD> of page -->
	<script src="https://hb.vntsm.com/v3/live/ad-manager.min.js" type="text/javascript" data-site-id="642aba63ec9a7b11c3c9c1be" data-mode="scan" async></script>
<!-- / Venatus Ad Manager -->

<style>
	@media (max-width:820px) {
		.battle {
			margin: 0 auto;
		}
		.battle-log {
			margin: 7px auto 0;
			max-width: 640px;
			height: 300px;
			position: static;
		}
	}
	.optgroup {
		display: inline-block;
		line-height: 22px;
		font-size: 10pt;
	}
	.optgroup .button {
		height: 25px;
		padding-top: 0;
		padding-bottom: 0;
	}
	.optgroup button.button {
		padding-left: 12px;
		padding-right: 12px;
	}
	.linklist {
		list-style: none;
		margin: 0.5em 0;
		padding: 0;
	}
	.linklist li {
		padding: 2px 0;
	}
	.sidebar {
		float: left;
		width: 320px;
	}
	.bar-wrapper {
		max-width: 1100px;
		margin: 0 auto;
	}
	.bar-wrapper.has-sidebar {
		max-width: 1430px;
	}
	.mainbar {
		margin: 0;
		padding-right: 1px;
	}
	.mainbar.has-sidebar {
		margin-left: 330px;
	}
	@media (min-width: 1511px) {
		.sidebar {
			width: 400px;
		}
		.bar-wrapper.has-sidebar {
			max-width: 1510px;
		}
		.mainbar.has-sidebar {
			margin-left: 410px;
		}
	}
	.section.first-section {
		margin-top: 9px;
	}
	.blocklink small {
		white-space: normal;
	}
	.button {
		vertical-align: middle;
	}
	.replay-controls {
		padding-top: 10px;
	}
	.replay-controls h1 {
		font-size: 16pt;
		font-weight: normal;
		color: #CCC;
	}
	.pagelink {
		text-align: center;
	}
	.pagelink a {
		width: 150px;
	}
	.textbox, .button {
		font-size: 11pt;
		vertical-align: middle;
	}
	@media (max-width: 450px) {
		.button {
			font-size: 9pt;
		}
	}
</style>

<div>

	<header>
		<div class="nav-wrapper"><ul class="nav">
			<li><a class="button nav-first" href="//pokemonshowdown.com/"><img src="//pokemonshowdown.com/images/pokemonshowdownbeta.png" srcset="//pokemonshowdown.com/images/pokemonshowdownbeta.png 1x, //pokemonshowdown.com/images/pokemonshowdownbeta@2x.png 2x" alt="Pok&eacute;mon Showdown" width="146" height="44" /> Home</a></li>
			<li><a class="button" href="//pokemonshowdown.com/dex/">Pok&eacute;dex</a></li>
			<li><a class="button cur" href="/">Replays</a></li>
			<li><a class="button" href="//pokemonshowdown.com/ladder/">Ladder</a></li>
			<li><a class="button nav-last" href="//pokemonshowdown.com/forums/">Forum</a></li>
			<li><a class="button greenbutton nav-first nav-last" href="//play.pokemonshowdown.com/">Play</a></li>
		</ul></div>
	</header>

	<div class="main" id="main">

		<noscript><section class="section">You need to enable JavaScript to use this page; sorry!</section></noscript>

	</div>

</div>

<script defer nomodule src="//play.pokemonshowdown.com/js/lib/ps-polyfill.js"></script>
<script defer src="//play.pokemonshowdown.com/js/lib/preact.min.js"></script>

<script defer src="//play.pokemonshowdown.com/config/config.js?6dec07f6"></script>
<script defer src="//play.pokemonshowdown.com/js/lib/jquery-1.11.0.min.js"></script>
<script defer src="//play.pokemonshowdown.com/js/lib/html-sanitizer-minified.js"></script>
<script defer src="//play.pokemonshowdown.com/js/battle-sound.js"></script>
<script defer src="//play.pokemonshowdown.com/js/battledata.js?0.6315294753075389"></script>
<script defer src="//play.pokemonshowdown.com/data/pokedex-mini.js?0.7603743185311358"></script>
<script defer src="//play.pokemonshowdown.com/data/pokedex-mini-bw.js?0.030888842834281283"></script>
<script defer src="//play.pokemonshowdown.com/data/graphics.js?0.05593094747507488"></script>
<script defer src="//play.pokemonshowdown.com/data/pokedex.js?0.47064822249611904"></script>
<script defer src="//play.pokemonshowdown.com/data/moves.js?0.8583693120512459"></script>
<script defer src="//play.pokemonshowdown.com/data/abilities.js?0.16017181182386842"></script>
<script defer src="//play.pokemonshowdown.com/data/items.js?0.4163379185673943"></script>
<script defer src="//play.pokemonshowdown.com/data/teambuilder-tables.js?0.31075597372830477"></script>
<script defer src="//play.pokemonshowdown.com/js/battle-tooltips.js?0.6536193500708172"></script>
<script defer src="//play.pokemonshowdown.com/js/battle.js?0.1916591943277901"></script>

<script defer src="js/utils.js?e31f9a17"></script>
<script defer src="js/replays-battle.js?7008c182"></script>

<!-- don't scrape this data! just add .json or .log after the URL!
Full API docs: https://github.com/smogon/pokemon-showdown-client/blob/master/WEB-API.md -->
<script type="text/plain" class="log" id="replaylog-smogtours-gen3ou-802776">
|inactive|Battle timer is ON: inactive players will automatically lose when time's up.
|t:|1730065123
|gametype|singles
|player|p1|Colteor|#roaplixmauvillemagnetons|
|player|p2|Sieeeffmon|skullgrunt|
|teamsize|p1|6
|teamsize|p2|6
|gen|3
|tier|[Gen 3] OU
|rule|Sleep Clause Mod: Limit one foe put to sleep
|rule|Switch Priority Clause Mod: Faster Pokémon switch first
|rule|Species Clause: Limit one of each Pokémon
|rule|OHKO Clause: OHKO moves are banned
|rule|Evasion Items Clause: Evasion items are banned
|rule|Evasion Moves Clause: Evasion moves are banned
|rule|Endless Battle Clause: Forcing endless battles is banned
|rule|HP Percentage Mod: HP is shown in percentages
|rule|One Boost Passer Clause: Limit one Baton Passer that has a way to boost its stats
|rule|Freeze Clause Mod: Limit one foe frozen
|
|t:|1730065123
|start
|switch|p1a: Zapdos|Zapdos|100/100
|switch|p2a: Jirachi|Jirachi|100/100
|turn|1
|inactive|Sieeeffmon also wants the timer to be on.
|c|☆Colteor|gl hf
|c|☆Sieeeffmon|u2
|
|t:|1730065147
|move|p1a: Zapdos|Thunderbolt|p2a: Jirachi
|-damage|p2a: Jirachi|69/100
|-status|p2a: Jirachi|par
|move|p2a: Jirachi|Body Slam|p1a: Zapdos
|-damage|p1a: Zapdos|79/100
|-status|p1a: Zapdos|par
|
|-heal|p1a: Zapdos|85/100 par|[from] item: Leftovers
|-heal|p2a: Jirachi|75/100 par|[from] item: Leftovers
|upkeep
|turn|2
|inactive|Colteor has 270 seconds left.
|
|t:|1730065183
|switch|p1a: Swampert|Swampert, M|100/100
|move|p2a: Jirachi|Wish|p2a: Jirachi
|
|-heal|p2a: Jirachi|81/100 par|[from] item: Leftovers
|upkeep
|turn|3
|inactive|Colteor has 270 seconds left.
|
|t:|1730065197
|switch|p1a: Skarmory|Skarmory, M|100/100
|switch|p2a: Forretress|Forretress, F|100/100
|
|upkeep
|turn|4
|
|t:|1730065203
|move|p1a: Skarmory|Taunt|p2a: Forretress
|-start|p2a: Forretress|move: Taunt
|cant|p2a: Forretress|move: Taunt|Spikes
|
|upkeep
|turn|5
|
|t:|1730065218
|switch|p2a: Jirachi|Jirachi|81/100 par
|move|p1a: Skarmory|Spikes|p2a: Jirachi
|-sidestart|p2: Sieeeffmon|Spikes
|
|-heal|p2a: Jirachi|88/100 par|[from] item: Leftovers
|upkeep
|turn|6
|inactive|Colteor has 270 seconds left.
|
|t:|1730065254
|move|p1a: Skarmory|Spikes|p2a: Jirachi
|-sidestart|p2: Sieeeffmon|Spikes
|cant|p2a: Jirachi|par
|
|-heal|p2a: Jirachi|94/100 par|[from] item: Leftovers
|upkeep
|turn|7
|
|t:|1730065260
|move|p1a: Skarmory|Spikes|p2a: Jirachi
|-sidestart|p2: Sieeeffmon|Spikes
|move|p2a: Jirachi|Fire Punch|p1a: Skarmory
|-supereffective|p1a: Skarmory
|-damage|p1a: Skarmory|71/100
|
|-heal|p1a: Skarmory|77/100|[from] item: Leftovers
|-heal|p2a: Jirachi|99/100 par|[from] item: Leftovers
|upkeep
|turn|8
|
|t:|1730065266
|move|p1a: Skarmory|Protect|p1a: Skarmory
|-singleturn|p1a: Skarmory|Protect
|move|p2a: Jirachi|Fire Punch|p1a: Skarmory
|-activate|p1a: Skarmory|Protect
|
|-heal|p1a: Skarmory|83/100|[from] item: Leftovers
|-heal|p2a: Jirachi|100/100 par|[from] item: Leftovers
|upkeep
|turn|9
|
|t:|1730065271
|switch|p1a: Swampert|Swampert, M|100/100
|move|p2a: Jirachi|Body Slam|p1a: Swampert
|-damage|p1a: Swampert|86/100
|
|-heal|p1a: Swampert|93/100|[from] item: Leftovers
|upkeep
|turn|10
|
|t:|1730065295
|switch|p2a: Milotic|Milotic, F|100/100
|-damage|p2a: Milotic|76/100|[from] Spikes
|move|p1a: Swampert|Surf|p2a: Milotic
|-resisted|p2a: Milotic
|-damage|p2a: Milotic|66/100
|
|-heal|p2a: Milotic|72/100|[from] item: Leftovers
|-heal|p1a: Swampert|99/100|[from] item: Leftovers
|upkeep
|turn|11
|inactive|Colteor has 270 seconds left.
|
|t:|1730065334
|move|p2a: Milotic|Recover|p2a: Milotic
|-heal|p2a: Milotic|100/100
|move|p1a: Swampert|Toxic|p2a: Milotic
|-status|p2a: Milotic|tox
|
|-damage|p2a: Milotic|94/100 tox|[from] psn
|-heal|p1a: Swampert|100/100|[from] item: Leftovers
|upkeep
|turn|12
|inactive|Colteor has 270 seconds left.
|
|t:|1730065342
|switch|p1a: Gengar|Gengar, M|100/100
|move|p2a: Milotic|Refresh|p2a: Milotic
|-curestatus|p2a: Milotic|tox|[msg]
|
|-heal|p2a: Milotic|100/100|[from] item: Leftovers
|upkeep
|turn|13
|inactive|Colteor has 270 seconds left.
|inactive|Sieeeffmon has 270 seconds left.
|inactive|Colteor has 240 seconds left.
|
|t:|1730065411
|switch|p1a: Blissey|Blissey, F|100/100
|move|p2a: Milotic|Surf|p1a: Blissey
|-damage|p1a: Blissey|88/100
|
|-heal|p1a: Blissey|94/100|[from] item: Leftovers
|upkeep
|turn|14
|inactive|Sieeeffmon has 270 seconds left.
|
|t:|1730065418
|move|p2a: Milotic|Toxic|p1a: Blissey
|-status|p1a: Blissey|tox
|move|p1a: Blissey|Seismic Toss|p2a: Milotic
|-damage|p2a: Milotic|75/100
|
|-heal|p2a: Milotic|81/100|[from] item: Leftovers
|-heal|p1a: Blissey|99/100 tox|[from] item: Leftovers
|-damage|p1a: Blissey|94/100 tox|[from] psn
|upkeep
|turn|15
|inactive|Sieeeffmon has 270 seconds left.
|
|t:|1730065430
|switch|p2a: Claydol|Claydol|100/100
|move|p1a: Blissey|Seismic Toss|p2a: Claydol
|-damage|p2a: Claydol|70/100
|
|-heal|p2a: Claydol|76/100|[from] item: Leftovers
|-heal|p1a: Blissey|99/100 tox|[from] item: Leftovers
|-damage|p1a: Blissey|88/100 tox|[from] psn
|upkeep
|turn|16
|inactive|Sieeeffmon has 270 seconds left.
|
|t:|1730065445
|move|p2a: Claydol|Rapid Spin|p1a: Blissey
|-damage|p1a: Blissey|83/100 tox
|-sideend|p2: Sieeeffmon|Spikes|[from] move: Rapid Spin|[of] p2a: Claydol
|move|p1a: Blissey|Ice Beam|p2a: Claydol
|-supereffective|p2a: Claydol
|-damage|p2a: Claydol|37/100
|
|-heal|p2a: Claydol|43/100|[from] item: Leftovers
|-heal|p1a: Blissey|89/100 tox|[from] item: Leftovers
|-damage|p1a: Blissey|71/100 tox|[from] psn
|upkeep
|turn|17
|inactive|Sieeeffmon has 270 seconds left.
|
|t:|1730065470
|switch|p2a: Milotic|Milotic, F|81/100
|-curestatus|p1a: Blissey|tox|[from] ability: Natural Cure
|switch|p1a: Skarmory|Skarmory, M|83/100
|
|-heal|p2a: Milotic|87/100|[from] item: Leftovers
|-heal|p1a: Skarmory|89/100|[from] item: Leftovers
|upkeep
|turn|18
|
|t:|1730065490
|switch|p2a: Jirachi|Jirachi|100/100 par
|move|p1a: Skarmory|Spikes|p2a: Jirachi
|-sidestart|p2: Sieeeffmon|Spikes
|
|-heal|p1a: Skarmory|95/100|[from] item: Leftovers
|upkeep
|turn|19
|inactive|Colteor has 240 seconds left.
|
|t:|1730065503
|switch|p1a: Swampert|Swampert, M|100/100
|cant|p2a: Jirachi|par
|
|upkeep
|turn|20
|inactive|Sieeeffmon has 270 seconds left.
|inactive|Colteor has 240 seconds left.
|
|t:|1730065516
|switch|p2a: Milotic|Milotic, F|87/100
|-damage|p2a: Milotic|75/100|[from] Spikes
|move|p1a: Swampert|Toxic|p2a: Milotic
|-status|p2a: Milotic|tox
|
|-heal|p2a: Milotic|81/100 tox|[from] item: Leftovers
|-damage|p2a: Milotic|75/100 tox|[from] psn
|upkeep
|turn|21
|
|t:|1730065521
|switch|p1a: Zapdos|Zapdos|85/100 par
|move|p2a: Milotic|Refresh|p2a: Milotic
|-curestatus|p2a: Milotic|tox|[msg]
|
|-heal|p2a: Milotic|81/100|[from] item: Leftovers
|-heal|p1a: Zapdos|91/100 par|[from] item: Leftovers
|upkeep
|turn|22
|inactive|Colteor has 240 seconds left.
|
|t:|1730065543
|switch|p2a: Jirachi|Jirachi|100/100 par
|-damage|p2a: Jirachi|88/100 par|[from] Spikes
|move|p1a: Zapdos|Thunderbolt|p2a: Jirachi
|-damage|p2a: Jirachi|60/100 par
|
|-heal|p1a: Zapdos|97/100 par|[from] item: Leftovers
|-heal|p2a: Jirachi|66/100 par|[from] item: Leftovers
|upkeep
|turn|23
|inactive|Colteor has 240 seconds left.
|inactive|Colteor has 210 seconds left.
|inactive|Colteor has 180 seconds left.
|
|t:|1730065632
|switch|p1a: Skarmory|Skarmory, M|95/100
|move|p2a: Jirachi|Wish|p2a: Jirachi
|
|-heal|p1a: Skarmory|100/100|[from] item: Leftovers
|-heal|p2a: Jirachi|72/100 par|[from] item: Leftovers
|upkeep
|turn|24
|
|t:|1730065640
|move|p1a: Skarmory|Spikes|p2a: Jirachi
|-sidestart|p2: Sieeeffmon|Spikes
|move|p2a: Jirachi|Fire Punch|p1a: Skarmory
|-supereffective|p1a: Skarmory
|-crit|p1a: Skarmory
|-damage|p1a: Skarmory|33/100
|
|-heal|p2a: Jirachi|100/100 par|[from] move: Wish|[wisher] Jirachi
|-heal|p1a: Skarmory|39/100|[from] item: Leftovers
|upkeep
|turn|25
|
|t:|1730065649
|move|p1a: Skarmory|Protect|p1a: Skarmory
|-singleturn|p1a: Skarmory|Protect
|move|p2a: Jirachi|Fire Punch|p1a: Skarmory
|-activate|p1a: Skarmory|Protect
|
|-heal|p1a: Skarmory|45/100|[from] item: Leftovers
|upkeep
|turn|26
|
|t:|1730065654
|switch|p1a: Swampert|Swampert, M|100/100
|move|p2a: Jirachi|Fire Punch|p1a: Swampert
|-resisted|p1a: Swampert
|-damage|p1a: Swampert|92/100
|-status|p1a: Swampert|brn
|
|-heal|p1a: Swampert|99/100 brn|[from] item: Leftovers
|-damage|p1a: Swampert|86/100 brn|[from] brn
|upkeep
|turn|27
|
|t:|1730065660
|move|p1a: Swampert|Refresh|p1a: Swampert
|-curestatus|p1a: Swampert|brn|[msg]
|move|p2a: Jirachi|Wish|p2a: Jirachi
|
|-heal|p1a: Swampert|92/100|[from] item: Leftovers
|upkeep
|turn|28
|
|t:|1730065672
|switch|p2a: Forretress|Forretress, F|100/100
|-damage|p2a: Forretress|84/100|[from] Spikes
|move|p1a: Swampert|Surf|p2a: Forretress
|-damage|p2a: Forretress|55/100
|
|-heal|p2a: Forretress|100/100|[from] move: Wish|[wisher] Jirachi
|-heal|p1a: Swampert|99/100|[from] item: Leftovers
|upkeep
|turn|29
|
|t:|1730065683
|switch|p1a: Gengar|Gengar, M|100/100
|move|p2a: Forretress|Spikes|p1a: Gengar
|-sidestart|p1: Colteor|Spikes
|
|upkeep
|turn|30
|
|t:|1730065692
|switch|p1a: Tyranitar|Tyranitar, M|100/100
|-damage|p1a: Tyranitar|88/100|[from] Spikes
|-weather|Sandstorm|[from] ability: Sand Stream|[of] p1a: Tyranitar
|switch|p2a: Tyranitar|Tyranitar, M|100/100
|-damage|p2a: Tyranitar|84/100|[from] Spikes
|
|-weather|Sandstorm|[upkeep]
|-heal|p2a: Tyranitar|90/100|[from] item: Leftovers
|-heal|p1a: Tyranitar|94/100|[from] item: Leftovers
|upkeep
|turn|31
|inactive|Colteor has 210 seconds left.
|
|t:|1730065710
|-singleturn|p1a: Tyranitar|move: Focus Punch
|move|p2a: Tyranitar|Brick Break|p1a: Tyranitar
|-supereffective|p1a: Tyranitar
|-damage|p1a: Tyranitar|35/100
|move|p1a: Tyranitar|Focus Punch||[still]
|cant|p1a: Tyranitar|Focus Punch|Focus Punch
|
|-weather|Sandstorm|[upkeep]
|-heal|p2a: Tyranitar|97/100|[from] item: Leftovers
|-heal|p1a: Tyranitar|42/100|[from] item: Leftovers
|upkeep
|turn|32
|
|t:|1730065729
|switch|p1a: Swampert|Swampert, M|99/100
|-damage|p1a: Swampert|86/100|[from] Spikes
|move|p2a: Tyranitar|Brick Break|p1a: Swampert
|-damage|p1a: Swampert|71/100
|
|-weather|Sandstorm|[upkeep]
|-heal|p2a: Tyranitar|100/100|[from] item: Leftovers
|-heal|p1a: Swampert|78/100|[from] item: Leftovers
|upkeep
|turn|33
|inactive|Colteor has 210 seconds left.
|
|t:|1730065743
|switch|p2a: Milotic|Milotic, F|81/100
|-damage|p2a: Milotic|64/100|[from] Spikes
|switch|p1a: Zapdos|Zapdos|97/100 par
|
|-weather|Sandstorm|[upkeep]
|-damage|p2a: Milotic|58/100|[from] Sandstorm
|-damage|p1a: Zapdos|91/100 par|[from] Sandstorm
|-heal|p2a: Milotic|64/100|[from] item: Leftovers
|-heal|p1a: Zapdos|97/100 par|[from] item: Leftovers
|upkeep
|turn|34
|inactive|Colteor has 210 seconds left.
|
|t:|1730065765
|switch|p2a: Jirachi|Jirachi|100/100 par
|-damage|p2a: Jirachi|84/100 par|[from] Spikes
|switch|p1a: Tyranitar|Tyranitar, M|42/100
|-damage|p1a: Tyranitar|29/100|[from] Spikes
|
|-weather|Sandstorm|[upkeep]
|-heal|p1a: Tyranitar|35/100|[from] item: Leftovers
|-heal|p2a: Jirachi|90/100 par|[from] item: Leftovers
|upkeep
|turn|35
|
|t:|1730065784
|switch|p2a: Forretress|Forretress, F|100/100
|-damage|p2a: Forretress|84/100|[from] Spikes
|move|p1a: Tyranitar|Hidden Power|p2a: Forretress
|-resisted|p2a: Forretress
|-damage|p2a: Forretress|73/100
|
|-weather|Sandstorm|[upkeep]
|-heal|p1a: Tyranitar|42/100|[from] item: Leftovers
|-heal|p2a: Forretress|80/100|[from] item: Leftovers
|upkeep
|turn|36
|
|t:|1730065793
|-singleturn|p1a: Tyranitar|move: Focus Punch
|move|p2a: Forretress|Spikes|p1a: Tyranitar
|-sidestart|p1: Colteor|Spikes
|move|p1a: Tyranitar|Focus Punch|p2a: Forretress
|-damage|p2a: Forretress|38/100
|
|-weather|Sandstorm|[upkeep]
|-heal|p1a: Tyranitar|48/100|[from] item: Leftovers
|-heal|p2a: Forretress|44/100|[from] item: Leftovers
|upkeep
|turn|37
|
|t:|1730065801
|switch|p2a: Tyranitar|Tyranitar, M|100/100
|-damage|p2a: Tyranitar|84/100|[from] Spikes
|move|p1a: Tyranitar|Rock Slide|p2a: Tyranitar
|-damage|p2a: Tyranitar|49/100
|
|-weather|Sandstorm|[upkeep]
|-heal|p2a: Tyranitar|55/100|[from] item: Leftovers
|-heal|p1a: Tyranitar|54/100|[from] item: Leftovers
|upkeep
|turn|38
|inactive|Colteor has 210 seconds left.
|
|t:|1730065828
|switch|p1a: Swampert|Swampert, M|78/100
|-damage|p1a: Swampert|61/100|[from] Spikes
|move|p2a: Tyranitar|Brick Break|p1a: Swampert
|-damage|p1a: Swampert|48/100
|
|-weather|Sandstorm|[upkeep]
|-heal|p2a: Tyranitar|61/100|[from] item: Leftovers
|-heal|p1a: Swampert|54/100|[from] item: Leftovers
|upkeep
|turn|39
|
|t:|1730065851
|switch|p2a: Jirachi|Jirachi|90/100 par
|-damage|p2a: Jirachi|74/100 par|[from] Spikes
|move|p1a: Swampert|Toxic||[still]
|-fail|p1a: Swampert
|
|-weather|Sandstorm|[upkeep]
|-heal|p1a: Swampert|60/100|[from] item: Leftovers
|-heal|p2a: Jirachi|80/100 par|[from] item: Leftovers
|upkeep
|turn|40
|
|t:|1730065860
|switch|p1a: Tyranitar|Tyranitar, M|54/100
|-damage|p1a: Tyranitar|37/100|[from] Spikes
|move|p2a: Jirachi|Wish|p2a: Jirachi
|
|-weather|Sandstorm|[upkeep]
|-heal|p1a: Tyranitar|44/100|[from] item: Leftovers
|-heal|p2a: Jirachi|86/100 par|[from] item: Leftovers
|upkeep
|turn|41
|inactive|Colteor has 180 seconds left.
|
|t:|1730065892
|switch|p2a: Milotic|Milotic, F|64/100
|-damage|p2a: Milotic|48/100|[from] Spikes
|move|p1a: Tyranitar|Hidden Power|p2a: Milotic
|-damage|p2a: Milotic|27/100
|
|-heal|p2a: Milotic|77/100|[from] move: Wish|[wisher] Jirachi
|-weather|Sandstorm|[upkeep]
|-damage|p2a: Milotic|71/100|[from] Sandstorm
|-heal|p2a: Milotic|77/100|[from] item: Leftovers
|-heal|p1a: Tyranitar|50/100|[from] item: Leftovers
|upkeep
|turn|42
|
|t:|1730065904
|switch|p1a: Blissey|Blissey, F|71/100
|-damage|p1a: Blissey|54/100|[from] Spikes
|move|p2a: Milotic|Surf|p1a: Blissey
|-damage|p1a: Blissey|40/100
|
|-weather|Sandstorm|[upkeep]
|-damage|p2a: Milotic|71/100|[from] Sandstorm
|-damage|p1a: Blissey|34/100|[from] Sandstorm
|-heal|p2a: Milotic|77/100|[from] item: Leftovers
|-heal|p1a: Blissey|40/100|[from] item: Leftovers
|upkeep
|turn|43
|
|t:|1730065912
|move|p2a: Milotic|Toxic|p1a: Blissey
|-status|p1a: Blissey|tox
|move|p1a: Blissey|Sing|p2a: Milotic
|-status|p2a: Milotic|slp|[from] move: Sing
|
|-weather|Sandstorm|[upkeep]
|-damage|p2a: Milotic|71/100 slp|[from] Sandstorm
|-damage|p1a: Blissey|34/100 tox|[from] Sandstorm
|-heal|p2a: Milotic|77/100 slp|[from] item: Leftovers
|-heal|p1a: Blissey|40/100 tox|[from] item: Leftovers
|-damage|p1a: Blissey|34/100 tox|[from] psn
|upkeep
|turn|44
|
|t:|1730065921
|switch|p2a: Claydol|Claydol|43/100
|move|p1a: Blissey|Soft-Boiled|p1a: Blissey
|-heal|p1a: Blissey|84/100 tox
|
|-weather|Sandstorm|[upkeep]
|-damage|p1a: Blissey|78/100 tox|[from] Sandstorm
|-heal|p2a: Claydol|50/100|[from] item: Leftovers
|-heal|p1a: Blissey|84/100 tox|[from] item: Leftovers
|-damage|p1a: Blissey|72/100 tox|[from] psn
|upkeep
|turn|45
|
|t:|1730065927
|-curestatus|p1a: Blissey|tox|[from] ability: Natural Cure
|switch|p1a: Gengar|Gengar, M|100/100
|move|p2a: Claydol|Psychic|p1a: Gengar
|-supereffective|p1a: Gengar
|-damage|p1a: Gengar|30/100
|
|-weather|Sandstorm|[upkeep]
|-damage|p1a: Gengar|23/100|[from] Sandstorm
|-heal|p1a: Gengar|30/100|[from] item: Leftovers
|-heal|p2a: Claydol|56/100|[from] item: Leftovers
|upkeep
|turn|46
|inactive|Colteor has 210 seconds left.
|
|t:|1730065948
|switch|p1a: Zapdos|Zapdos|97/100 par
|move|p2a: Claydol|Psychic|p1a: Zapdos
|-damage|p1a: Zapdos|78/100 par
|
|-weather|Sandstorm|[upkeep]
|-damage|p1a: Zapdos|72/100 par|[from] Sandstorm
|-heal|p2a: Claydol|62/100|[from] item: Leftovers
|-heal|p1a: Zapdos|78/100 par|[from] item: Leftovers
|upkeep
|turn|47
|
|t:|1730065958
|move|p2a: Claydol|Rapid Spin|p1a: Zapdos
|-damage|p1a: Zapdos|73/100 par
|-sideend|p2: Sieeeffmon|Spikes|[from] move: Rapid Spin|[of] p2a: Claydol
|move|p1a: Zapdos|Hidden Power|p2a: Claydol
|-supereffective|p2a: Claydol
|-damage|p2a: Claydol|21/100
|
|-weather|Sandstorm|[upkeep]
|-damage|p1a: Zapdos|67/100 par|[from] Sandstorm
|-heal|p2a: Claydol|28/100|[from] item: Leftovers
|-heal|p1a: Zapdos|73/100 par|[from] item: Leftovers
|upkeep
|turn|48
|
|t:|1730065974
|switch|p2a: Jirachi|Jirachi|86/100 par
|switch|p1a: Skarmory|Skarmory, M|45/100
|
|-weather|Sandstorm|[upkeep]
|-heal|p1a: Skarmory|51/100|[from] item: Leftovers
|-heal|p2a: Jirachi|92/100 par|[from] item: Leftovers
|upkeep
|turn|49
|
|t:|1730065978
|move|p1a: Skarmory|Protect|p1a: Skarmory
|-singleturn|p1a: Skarmory|Protect
|move|p2a: Jirachi|Fire Punch|p1a: Skarmory
|-activate|p1a: Skarmory|Protect
|
|-weather|Sandstorm|[upkeep]
|-heal|p1a: Skarmory|57/100|[from] item: Leftovers
|-heal|p2a: Jirachi|98/100 par|[from] item: Leftovers
|upkeep
|turn|50
|
|t:|1730065985
|move|p1a: Skarmory|Spikes|p2a: Jirachi
|-sidestart|p2: Sieeeffmon|Spikes
|move|p2a: Jirachi|Fire Punch|p1a: Skarmory
|-supereffective|p1a: Skarmory
|-damage|p1a: Skarmory|25/100
|
|-weather|Sandstorm|[upkeep]
|-heal|p1a: Skarmory|31/100|[from] item: Leftovers
|-heal|p2a: Jirachi|100/100 par|[from] item: Leftovers
|upkeep
|turn|51
|
|t:|1730065999
|switch|p1a: Swampert|Swampert, M|60/100
|-damage|p1a: Swampert|44/100|[from] Spikes
|move|p2a: Jirachi|Fire Punch|p1a: Swampert
|-resisted|p1a: Swampert
|-damage|p1a: Swampert|36/100
|-status|p1a: Swampert|brn
|
|-weather|Sandstorm|[upkeep]
|-heal|p1a: Swampert|43/100 brn|[from] item: Leftovers
|-damage|p1a: Swampert|30/100 brn|[from] brn
|upkeep
|turn|52
|inactive|Sieeeffmon has 270 seconds left.
|
|t:|1730066053
|switch|p2a: Gyarados|Gyarados, M|100/100
|-ability|p2a: Gyarados|Intimidate|boost
|-unboost|p1a: Swampert|atk|1
|move|p1a: Swampert|Refresh|p1a: Swampert
|-curestatus|p1a: Swampert|brn|[msg]
|
|-weather|Sandstorm|[upkeep]
|-damage|p2a: Gyarados|94/100|[from] Sandstorm
|-heal|p2a: Gyarados|100/100|[from] item: Leftovers
|-heal|p1a: Swampert|36/100|[from] item: Leftovers
|upkeep
|turn|53
|
|t:|1730066072
|move|p2a: Gyarados|Dragon Dance|p2a: Gyarados
|-boost|p2a: Gyarados|atk|1
|-boost|p2a: Gyarados|spe|1
|move|p1a: Swampert|Toxic|p2a: Gyarados|[miss]
|-miss|p1a: Swampert|p2a: Gyarados
|
|-weather|Sandstorm|[upkeep]
|-damage|p2a: Gyarados|94/100|[from] Sandstorm
|-heal|p2a: Gyarados|100/100|[from] item: Leftovers
|-heal|p1a: Swampert|43/100|[from] item: Leftovers
|upkeep
|turn|54
|inactive|Colteor has 240 seconds left.
|
|t:|1730066097
|move|p2a: Gyarados|Earthquake|p1a: Swampert
|-damage|p1a: Swampert|9/100
|move|p1a: Swampert|Toxic|p2a: Gyarados
|-status|p2a: Gyarados|tox
|
|-weather|Sandstorm|[upkeep]
|-damage|p2a: Gyarados|94/100 tox|[from] Sandstorm
|-heal|p2a: Gyarados|100/100 tox|[from] item: Leftovers
|-damage|p2a: Gyarados|94/100 tox|[from] psn
|-heal|p1a: Swampert|15/100|[from] item: Leftovers
|upkeep
|turn|55
|
|t:|1730066100
|move|p1a: Swampert|Protect|p1a: Swampert
|-singleturn|p1a: Swampert|Protect
|move|p2a: Gyarados|Earthquake|p1a: Swampert
|-activate|p1a: Swampert|Protect
|
|-weather|Sandstorm|[upkeep]
|-damage|p2a: Gyarados|88/100 tox|[from] Sandstorm
|-heal|p2a: Gyarados|94/100 tox|[from] item: Leftovers
|-damage|p2a: Gyarados|82/100 tox|[from] psn
|-heal|p1a: Swampert|22/100|[from] item: Leftovers
|upkeep
|turn|56
|
|t:|1730066102
|switch|p1a: Zapdos|Zapdos|73/100 par
|move|p2a: Gyarados|Earthquake|p1a: Zapdos
|-immune|p1a: Zapdos
|
|-weather|Sandstorm|[upkeep]
|-damage|p2a: Gyarados|76/100 tox|[from] Sandstorm
|-damage|p1a: Zapdos|67/100 par|[from] Sandstorm
|-heal|p2a: Gyarados|82/100 tox|[from] item: Leftovers
|-damage|p2a: Gyarados|64/100 tox|[from] psn
|-heal|p1a: Zapdos|73/100 par|[from] item: Leftovers
|upkeep
|turn|57
|
|t:|1730066106
|move|p1a: Zapdos|Protect|p1a: Zapdos
|-singleturn|p1a: Zapdos|Protect
|move|p2a: Gyarados|Hidden Power|p1a: Zapdos
|-activate|p1a: Zapdos|Protect
|
|-weather|Sandstorm|[upkeep]
|-damage|p2a: Gyarados|58/100 tox|[from] Sandstorm
|-damage|p1a: Zapdos|67/100 par|[from] Sandstorm
|-heal|p2a: Gyarados|64/100 tox|[from] item: Leftovers
|-damage|p2a: Gyarados|40/100 tox|[from] psn
|-heal|p1a: Zapdos|73/100 par|[from] item: Leftovers
|upkeep
|turn|58
|
|t:|1730066109
|switch|p1a: Swampert|Swampert, M|22/100
|-damage|p1a: Swampert|5/100|[from] Spikes
|move|p2a: Gyarados|Hidden Power|p1a: Swampert
|-resisted|p1a: Swampert
|-damage|p1a: Swampert|0 fnt
|faint|p1a: Swampert
|
|t:|1730066116
|switch|p1a: Skarmory|Skarmory, M|31/100
|
|-weather|Sandstorm|[upkeep]
|-damage|p2a: Gyarados|34/100 tox|[from] Sandstorm
|-heal|p2a: Gyarados|40/100 tox|[from] item: Leftovers
|-damage|p2a: Gyarados|10/100 tox|[from] psn
|-heal|p1a: Skarmory|37/100|[from] item: Leftovers
|upkeep
|turn|59
|
|t:|1730066123
|move|p1a: Skarmory|Protect|p1a: Skarmory
|-singleturn|p1a: Skarmory|Protect
|move|p2a: Gyarados|Roar|p1a: Skarmory
|-activate|p1a: Skarmory|Protect
|
|-weather|Sandstorm|[upkeep]
|-damage|p2a: Gyarados|4/100 tox|[from] Sandstorm
|-heal|p2a: Gyarados|10/100 tox|[from] item: Leftovers
|-damage|p2a: Gyarados|0 fnt|[from] psn
|faint|p2a: Gyarados
|-heal|p1a: Skarmory|43/100|[from] item: Leftovers
|upkeep
|inactive|Sieeeffmon has 270 seconds left.
|
|t:|1730066162
|switch|p2a: Forretress|Forretress, F|44/100
|-damage|p2a: Forretress|32/100|[from] Spikes
|turn|60
|
|t:|1730066168
|move|p1a: Skarmory|Taunt|p2a: Forretress
|-start|p2a: Forretress|move: Taunt
|move|p2a: Forretress|Rapid Spin|p1a: Skarmory
|-resisted|p1a: Skarmory
|-damage|p1a: Skarmory|41/100
|-sideend|p2: Sieeeffmon|Spikes|[from] move: Rapid Spin|[of] p2a: Forretress
|
|-weather|Sandstorm|[upkeep]
|-heal|p1a: Skarmory|47/100|[from] item: Leftovers
|-heal|p2a: Forretress|38/100|[from] item: Leftovers
|upkeep
|turn|61
|inactive|Sieeeffmon has 270 seconds left.
|
|t:|1730066187
|switch|p1a: Zapdos|Zapdos|73/100 par
|switch|p2a: Jirachi|Jirachi|100/100 par
|
|-weather|Sandstorm|[upkeep]
|-damage|p1a: Zapdos|67/100 par|[from] Sandstorm
|-heal|p1a: Zapdos|73/100 par|[from] item: Leftovers
|upkeep
|turn|62
|
|t:|1730066197
|move|p1a: Zapdos|Thunderbolt|p2a: Jirachi
|-damage|p2a: Jirachi|72/100 par
|move|p2a: Jirachi|Body Slam|p1a: Zapdos
|-damage|p1a: Zapdos|49/100 par
|
|-weather|Sandstorm|[upkeep]
|-damage|p1a: Zapdos|43/100 par|[from] Sandstorm
|-heal|p1a: Zapdos|49/100 par|[from] item: Leftovers
|-heal|p2a: Jirachi|78/100 par|[from] item: Leftovers
|upkeep
|turn|63
|
|t:|1730066206
|switch|p1a: Tyranitar|Tyranitar, M|50/100
|-damage|p1a: Tyranitar|33/100|[from] Spikes
|move|p2a: Jirachi|Wish|p2a: Jirachi
|
|-weather|Sandstorm|[upkeep]
|-heal|p1a: Tyranitar|39/100|[from] item: Leftovers
|-heal|p2a: Jirachi|84/100 par|[from] item: Leftovers
|upkeep
|turn|64
|
|t:|1730066221
|switch|p2a: Milotic|Milotic, F|77/100 slp
|move|p1a: Tyranitar|Earthquake|p2a: Milotic
|-damage|p2a: Milotic|58/100 slp
|
|-heal|p2a: Milotic|100/100 slp|[from] move: Wish|[wisher] Jirachi
|-weather|Sandstorm|[upkeep]
|-damage|p2a: Milotic|94/100 slp|[from] Sandstorm
|-heal|p2a: Milotic|100/100 slp|[from] item: Leftovers
|-heal|p1a: Tyranitar|46/100|[from] item: Leftovers
|upkeep
|turn|65
|
|t:|1730066227
|-singleturn|p1a: Tyranitar|move: Focus Punch
|cant|p2a: Milotic|slp
|move|p1a: Tyranitar|Focus Punch|p2a: Milotic
|-crit|p2a: Milotic
|-damage|p2a: Milotic|48/100 slp
|
|-weather|Sandstorm|[upkeep]
|-damage|p2a: Milotic|41/100 slp|[from] Sandstorm
|-heal|p2a: Milotic|48/100 slp|[from] item: Leftovers
|-heal|p1a: Tyranitar|52/100|[from] item: Leftovers
|upkeep
|turn|66
|
|t:|1730066239
|-singleturn|p1a: Tyranitar|move: Focus Punch
|cant|p2a: Milotic|slp
|move|p1a: Tyranitar|Focus Punch|p2a: Milotic
|-damage|p2a: Milotic|19/100 slp
|
|-weather|Sandstorm|[upkeep]
|-damage|p2a: Milotic|13/100 slp|[from] Sandstorm
|-heal|p2a: Milotic|19/100 slp|[from] item: Leftovers
|-heal|p1a: Tyranitar|58/100|[from] item: Leftovers
|upkeep
|turn|67
|inactive|Sieeeffmon has 270 seconds left.
|inactive|Colteor has 270 seconds left.
|
|t:|1730066287
|switch|p2a: Claydol|Claydol|28/100
|move|p1a: Tyranitar|Rock Slide|p2a: Claydol
|-resisted|p2a: Claydol
|-damage|p2a: Claydol|5/100
|
|-weather|Sandstorm|[upkeep]
|-heal|p2a: Claydol|11/100|[from] item: Leftovers
|-heal|p1a: Tyranitar|64/100|[from] item: Leftovers
|upkeep
|turn|68
|inactive|Sieeeffmon has 270 seconds left.
|
|t:|1730066311
|switch|p1a: Zapdos|Zapdos|49/100 par
|move|p2a: Claydol|Earthquake|p1a: Zapdos
|-immune|p1a: Zapdos
|
|-weather|Sandstorm|[upkeep]
|-damage|p1a: Zapdos|43/100 par|[from] Sandstorm
|-heal|p2a: Claydol|17/100|[from] item: Leftovers
|-heal|p1a: Zapdos|49/100 par|[from] item: Leftovers
|upkeep
|turn|69
|inactive|Sieeeffmon has 270 seconds left.
|
|t:|1730066317
|switch|p2a: Jirachi|Jirachi|84/100 par
|cant|p1a: Zapdos|par
|
|-weather|Sandstorm|[upkeep]
|-damage|p1a: Zapdos|43/100 par|[from] Sandstorm
|-heal|p1a: Zapdos|49/100 par|[from] item: Leftovers
|-heal|p2a: Jirachi|90/100 par|[from] item: Leftovers
|upkeep
|turn|70
|inactive|Sieeeffmon has 270 seconds left.
|
|t:|1730066336
|move|p1a: Zapdos|Thunderbolt|p2a: Jirachi
|-crit|p2a: Jirachi
|-damage|p2a: Jirachi|31/100 par
|move|p2a: Jirachi|Fire Punch|p1a: Zapdos
|-damage|p1a: Zapdos|35/100 par
|
|-weather|Sandstorm|[upkeep]
|-damage|p1a: Zapdos|29/100 par|[from] Sandstorm
|-heal|p1a: Zapdos|35/100 par|[from] item: Leftovers
|-heal|p2a: Jirachi|38/100 par|[from] item: Leftovers
|upkeep
|turn|71
|
|t:|1730066346
|switch|p1a: Tyranitar|Tyranitar, M|64/100
|-damage|p1a: Tyranitar|48/100|[from] Spikes
|cant|p2a: Jirachi|par
|
|-weather|Sandstorm|[upkeep]
|-heal|p1a: Tyranitar|54/100|[from] item: Leftovers
|-heal|p2a: Jirachi|44/100 par|[from] item: Leftovers
|upkeep
|turn|72
|inactive|Sieeeffmon has 270 seconds left.
|
|t:|1730066363
|-singleturn|p1a: Tyranitar|move: Focus Punch
|move|p2a: Jirachi|Body Slam|p1a: Tyranitar
|-resisted|p1a: Tyranitar
|-damage|p1a: Tyranitar|46/100
|-status|p1a: Tyranitar|par
|cant|p1a: Tyranitar|par
|
|-weather|Sandstorm|[upkeep]
|-heal|p2a: Jirachi|50/100 par|[from] item: Leftovers
|-heal|p1a: Tyranitar|52/100 par|[from] item: Leftovers
|upkeep
|turn|73
|inactive|Sieeeffmon has 270 seconds left.
|
|t:|1730066381
|switch|p2a: Forretress|Forretress, F|38/100
|move|p1a: Tyranitar|Earthquake|p2a: Forretress
|-damage|p2a: Forretress|9/100
|
|-weather|Sandstorm|[upkeep]
|-heal|p2a: Forretress|15/100|[from] item: Leftovers
|-heal|p1a: Tyranitar|58/100 par|[from] item: Leftovers
|upkeep
|turn|74
|inactive|Sieeeffmon has 270 seconds left.
|inactive|Colteor has 270 seconds left.
|
|t:|1730066392
|switch|p1a: Zapdos|Zapdos|35/100 par
|move|p2a: Forretress|Explosion|p1a: Zapdos
|-damage|p1a: Zapdos|0 fnt
|faint|p2a: Forretress
|faint|p1a: Zapdos
|inactive|Sieeeffmon has 270 seconds left.
|inactive|Colteor has 270 seconds left.
|
|t:|1730066433
|switch|p1a: Tyranitar|Tyranitar, M|58/100 par
|switch|p2a: Claydol|Claydol|17/100
|-damage|p1a: Tyranitar|42/100 par|[from] Spikes
|
|-weather|Sandstorm|[upkeep]
|-heal|p2a: Claydol|23/100|[from] item: Leftovers
|-heal|p1a: Tyranitar|48/100 par|[from] item: Leftovers
|upkeep
|turn|75
|
|t:|1730066452
|switch|p2a: Jirachi|Jirachi|50/100 par
|switch|p1a: Skarmory|Skarmory, M|47/100
|
|-weather|Sandstorm|[upkeep]
|-heal|p1a: Skarmory|53/100|[from] item: Leftovers
|-heal|p2a: Jirachi|56/100 par|[from] item: Leftovers
|upkeep
|turn|76
|
|t:|1730066463
|move|p1a: Skarmory|Taunt|p2a: Jirachi
|-start|p2a: Jirachi|move: Taunt
|cant|p2a: Jirachi|par
|
|-weather|Sandstorm|[upkeep]
|-heal|p1a: Skarmory|59/100|[from] item: Leftovers
|-heal|p2a: Jirachi|62/100 par|[from] item: Leftovers
|upkeep
|turn|77
|
|t:|1730066469
|move|p1a: Skarmory|Spikes|p2a: Jirachi
|-sidestart|p2: Sieeeffmon|Spikes
|move|p2a: Jirachi|Fire Punch|p1a: Skarmory
|-supereffective|p1a: Skarmory
|-damage|p1a: Skarmory|25/100
|
|-weather|Sandstorm|[upkeep]
|-heal|p1a: Skarmory|31/100|[from] item: Leftovers
|-heal|p2a: Jirachi|69/100 par|[from] item: Leftovers
|-end|p2a: Jirachi|move: Taunt|[silent]
|upkeep
|turn|78
|
|t:|1730066495
|move|p1a: Skarmory|Spikes|p2a: Jirachi
|-sidestart|p2: Sieeeffmon|Spikes
|move|p2a: Jirachi|Fire Punch|p1a: Skarmory
|-supereffective|p1a: Skarmory
|-damage|p1a: Skarmory|0 fnt
|faint|p1a: Skarmory
|
|t:|1730066500
|switch|p1a: Tyranitar|Tyranitar, M|48/100 par
|-damage|p1a: Tyranitar|31/100 par|[from] Spikes
|
|-weather|Sandstorm|[upkeep]
|-heal|p2a: Jirachi|75/100 par|[from] item: Leftovers
|-heal|p1a: Tyranitar|37/100 par|[from] item: Leftovers
|upkeep
|turn|79
|inactive|Sieeeffmon has 270 seconds left.
|
|t:|1730066512
|switch|p2a: Milotic|Milotic, F|19/100 slp
|-damage|p2a: Milotic|2/100 slp|[from] Spikes
|move|p1a: Tyranitar|Earthquake|p2a: Milotic
|-damage|p2a: Milotic|0 fnt
|faint|p2a: Milotic
|inactive|Sieeeffmon has 270 seconds left.
|
|t:|1730066540
|switch|p2a: Claydol|Claydol|23/100
|
|-weather|Sandstorm|[upkeep]
|-heal|p2a: Claydol|30/100|[from] item: Leftovers
|-heal|p1a: Tyranitar|44/100 par|[from] item: Leftovers
|upkeep
|turn|80
|inactive|Colteor has 240 seconds left.
|inactive|Sieeeffmon has 240 seconds left.
|inactive|Sieeeffmon has 210 seconds left.
|inactive|Colteor has 210 seconds left.
|
|t:|1730066629
|switch|p1a: Gengar|Gengar, M|30/100
|move|p2a: Claydol|Psychic|p1a: Gengar
|-supereffective|p1a: Gengar
|-damage|p1a: Gengar|0 fnt
|faint|p1a: Gengar
|
|t:|1730066634
|switch|p1a: Blissey|Blissey, F|72/100
|-damage|p1a: Blissey|55/100|[from] Spikes
|
|-weather|Sandstorm|[upkeep]
|-damage|p1a: Blissey|49/100|[from] Sandstorm
|-heal|p2a: Claydol|36/100|[from] item: Leftovers
|-heal|p1a: Blissey|55/100|[from] item: Leftovers
|upkeep
|turn|81
|inactive|Sieeeffmon has 210 seconds left.
|
|t:|1730066642
|move|p2a: Claydol|Explosion|p1a: Blissey
|-damage|p1a: Blissey|0 fnt
|faint|p2a: Claydol
|faint|p1a: Blissey
|
|t:|1730066646
|switch|p2a: Tyranitar|Tyranitar, M|61/100
|switch|p1a: Tyranitar|Tyranitar, M|44/100 par
|-damage|p2a: Tyranitar|45/100|[from] Spikes
|-damage|p1a: Tyranitar|27/100 par|[from] Spikes
|
|-weather|Sandstorm|[upkeep]
|-heal|p2a: Tyranitar|51/100|[from] item: Leftovers
|-heal|p1a: Tyranitar|33/100 par|[from] item: Leftovers
|upkeep
|turn|82
|c|☆Colteor|ggs
|-message|Colteor forfeited.
|
|win|Sieeeffmon
|c|☆Sieeeffmon|ggs

</script>
<script type="application/json" class="data" id="replaydata-smogtours-gen3ou-802776">
{"id":"smogtours-gen3ou-802776","format":"[Gen 3] OU","players":["Colteor","Sieeeffmon"],"uploadtime":1730066649,"views":109,"formatid":"gen3ou","rating":null,"private":0,"password":null}
</script>

<script defer src="js/replays.js?9d40a366"></script>
