<!DOCTYPE html>
<meta charset="utf-8" />
<meta name="viewport" content="width=device-width" />

<title>[Gen 3] OU: elale0803 vs. Cow XI - Replays - Pok&eacute;mon Showdown!</title>

<meta name="description" content="Watch a replay of a Pok&eacute;mon battle between elale0803 and Cow XI! Format: [Gen 3] OU; Date: Oct 8, 2024" />
<!--

Hey, you! Looking in the source for the replay log?

You can find them in JSON format, just add `.json` at the end of a replay URL.

https://replay.pokemonshowdown.com/gen7randomdoublesbattle-865046831.json

Or, if you only need the log itself, add `.log` instead:

https://replay.pokemonshowdown.com/gen7randomdoublesbattle-865046831.log

-->

<link rel="stylesheet" href="//pokemonshowdown.com/style/global.css?0.023195364461161105" />
<link rel="stylesheet" href="//play.pokemonshowdown.com/style/font-awesome.css?0.13261647063804238" />
<link rel="stylesheet" href="//play.pokemonshowdown.com/style/battle.css?0.8753245789963631" />
<link rel="stylesheet" href="//play.pokemonshowdown.com/style/utilichart.css?0.8627959624976733" />

<!-- Global site tag (gtag.js) - Google Analytics -->
<script async src="https://www.googletagmanager.com/gtag/js?id=UA-26211653-1"></script>
<script>
  window.dataLayer = window.dataLayer || [];
  function gtag(){dataLayer.push(arguments);}
  gtag('js', new Date());

  gtag('config', 'UA-26211653-1');
</script>
<!-- End Google Analytics -->
<!-- Venatus Ad Manager - Install in <HEAD> of page -->
	<script src="https://hb.vntsm.com/v3/live/ad-manager.min.js" type="text/javascript" data-site-id="642aba63ec9a7b11c3c9c1be" data-mode="scan" async></script>
<!-- / Venatus Ad Manager -->

<style>
	@media (max-width:820px) {
		.battle {
			margin: 0 auto;
		}
		.battle-log {
			margin: 7px auto 0;
			max-width: 640px;
			height: 300px;
			position: static;
		}
	}
	.optgroup {
		display: inline-block;
		line-height: 22px;
		font-size: 10pt;
	}
	.optgroup .button {
		height: 25px;
		padding-top: 0;
		padding-bottom: 0;
	}
	.optgroup button.button {
		padding-left: 12px;
		padding-right: 12px;
	}
	.linklist {
		list-style: none;
		margin: 0.5em 0;
		padding: 0;
	}
	.linklist li {
		padding: 2px 0;
	}
	.sidebar {
		float: left;
		width: 320px;
	}
	.bar-wrapper {
		max-width: 1100px;
		margin: 0 auto;
	}
	.bar-wrapper.has-sidebar {
		max-width: 1430px;
	}
	.mainbar {
		margin: 0;
		padding-right: 1px;
	}
	.mainbar.has-sidebar {
		margin-left: 330px;
	}
	@media (min-width: 1511px) {
		.sidebar {
			width: 400px;
		}
		.bar-wrapper.has-sidebar {
			max-width: 1510px;
		}
		.mainbar.has-sidebar {
			margin-left: 410px;
		}
	}
	.section.first-section {
		margin-top: 9px;
	}
	.blocklink small {
		white-space: normal;
	}
	.button {
		vertical-align: middle;
	}
	.replay-controls {
		padding-top: 10px;
	}
	.replay-controls h1 {
		font-size: 16pt;
		font-weight: normal;
		color: #CCC;
	}
	.pagelink {
		text-align: center;
	}
	.pagelink a {
		width: 150px;
	}
	.textbox, .button {
		font-size: 11pt;
		vertical-align: middle;
	}
	@media (max-width: 450px) {
		.button {
			font-size: 9pt;
		}
	}
</style>

<div>

	<header>
		<div class="nav-wrapper"><ul class="nav">
			<li><a class="button nav-first" href="//pokemonshowdown.com/"><img src="//pokemonshowdown.com/images/pokemonshowdownbeta.png" srcset="//pokemonshowdown.com/images/pokemonshowdownbeta.png 1x, //pokemonshowdown.com/images/pokemonshowdownbeta@2x.png 2x" alt="Pok&eacute;mon Showdown" width="146" height="44" /> Home</a></li>
			<li><a class="button" href="//pokemonshowdown.com/dex/">Pok&eacute;dex</a></li>
			<li><a class="button cur" href="/">Replays</a></li>
			<li><a class="button" href="//pokemonshowdown.com/ladder/">Ladder</a></li>
			<li><a class="button nav-last" href="//pokemonshowdown.com/forums/">Forum</a></li>
			<li><a class="button greenbutton nav-first nav-last" href="//play.pokemonshowdown.com/">Play</a></li>
		</ul></div>
	</header>

	<div class="main" id="main">

		<noscript><section class="section">You need to enable JavaScript to use this page; sorry!</section></noscript>

	</div>

</div>

<script defer nomodule src="//play.pokemonshowdown.com/js/lib/ps-polyfill.js"></script>
<script defer src="//play.pokemonshowdown.com/js/lib/preact.min.js"></script>

<script defer src="//play.pokemonshowdown.com/config/config.js?2bddbc15"></script>
<script defer src="//play.pokemonshowdown.com/js/lib/jquery-1.11.0.min.js"></script>
<script defer src="//play.pokemonshowdown.com/js/lib/html-sanitizer-minified.js"></script>
<script defer src="//play.pokemonshowdown.com/js/battle-sound.js"></script>
<script defer src="//play.pokemonshowdown.com/js/battledata.js?0.7209276989879541"></script>
<script defer src="//play.pokemonshowdown.com/data/pokedex-mini.js?0.6111056340867951"></script>
<script defer src="//play.pokemonshowdown.com/data/pokedex-mini-bw.js?0.3532142036491459"></script>
<script defer src="//play.pokemonshowdown.com/data/graphics.js?0.24223875632456182"></script>
<script defer src="//play.pokemonshowdown.com/data/pokedex.js?0.38839984266356864"></script>
<script defer src="//play.pokemonshowdown.com/data/moves.js?0.21866028504024015"></script>
<script defer src="//play.pokemonshowdown.com/data/abilities.js?0.2005157953846628"></script>
<script defer src="//play.pokemonshowdown.com/data/items.js?0.9894211263848525"></script>
<script defer src="//play.pokemonshowdown.com/data/teambuilder-tables.js?0.6008791140282215"></script>
<script defer src="//play.pokemonshowdown.com/js/battle-tooltips.js?0.7580118955022959"></script>
<script defer src="//play.pokemonshowdown.com/js/battle.js?0.6057722274234274"></script>

<script defer src="js/utils.js?e31f9a17"></script>
<script defer src="js/replays-battle.js?7008c182"></script>

<!-- don't scrape this data! just add .json or .log after the URL!
Full API docs: https://github.com/smogon/pokemon-showdown-client/blob/master/WEB-API.md -->
<script type="text/plain" class="log" id="replaylog-smogtours-gen3ou-796509">
|inactive|Battle timer is ON: inactive players will automatically lose when time's up.
|t:|1728424139
|gametype|singles
|player|p1|elale0803|shauntal|
|player|p2|Cow XI|lucas|
|teamsize|p1|6
|teamsize|p2|6
|gen|3
|tier|[Gen 3] OU
|rule|Sleep Clause Mod: Limit one foe put to sleep
|rule|Switch Priority Clause Mod: Faster Pokémon switch first
|rule|Species Clause: Limit one of each Pokémon
|rule|OHKO Clause: OHKO moves are banned
|rule|Evasion Items Clause: Evasion items are banned
|rule|Evasion Moves Clause: Evasion moves are banned
|rule|Endless Battle Clause: Forcing endless battles is banned
|rule|HP Percentage Mod: HP is shown in percentages
|rule|One Boost Passer Clause: Limit one Baton Passer that has a way to boost its stats
|rule|Freeze Clause Mod: Limit one foe frozen
|
|t:|1728424139
|start
|switch|p1a: Quagsire Showdown|Metagross|100/100
|switch|p2a: Zapdos|Zapdos|100/100
|turn|1
|c|☆Cow XI|hf
|c|☆elale0803|hf gl
|inactive|Cow XI has 270 seconds left.
|
|t:|1728424185
|move|p2a: Zapdos|Substitute|p2a: Zapdos
|-start|p2a: Zapdos|Substitute
|-damage|p2a: Zapdos|76/100
|move|p1a: Quagsire Showdown|Rock Slide|p2a: Zapdos
|-supereffective|p2a: Zapdos
|-end|p2a: Zapdos|Substitute
|
|-heal|p2a: Zapdos|82/100|[from] item: Leftovers
|upkeep
|turn|2
|
|t:|1728424199
|switch|p2a: Skarmory|Skarmory, M|100/100
|move|p1a: Quagsire Showdown|Rock Slide|p2a: Skarmory
|-damage|p2a: Skarmory|65/100
|
|-heal|p2a: Skarmory|71/100|[from] item: Leftovers
|upkeep
|turn|3
|
|t:|1728424218
|switch|p2a: Dugtrio|Dugtrio, M|100/100
|switch|p1a: エアームド|Skarmory, F|100/100
|
|upkeep
|turn|4
|
|t:|1728424223
|switch|p2a: Skarmory|Skarmory, M|71/100
|move|p1a: エアームド|Spikes|p2a: Skarmory
|-sidestart|p2: Cow XI|Spikes
|
|-heal|p2a: Skarmory|78/100|[from] item: Leftovers
|upkeep
|turn|5
|
|t:|1728424226
|move|p2a: Skarmory|Spikes|p1a: エアームド
|-sidestart|p1: elale0803|Spikes
|move|p1a: エアームド|Spikes|p2a: Skarmory
|-sidestart|p2: Cow XI|Spikes
|
|-heal|p2a: Skarmory|84/100|[from] item: Leftovers
|upkeep
|turn|6
|
|t:|1728424230
|move|p2a: Skarmory|Spikes|p1a: エアームド
|-sidestart|p1: elale0803|Spikes
|move|p1a: エアームド|Spikes|p2a: Skarmory
|-sidestart|p2: Cow XI|Spikes
|
|-heal|p2a: Skarmory|90/100|[from] item: Leftovers
|upkeep
|turn|7
|
|t:|1728424232
|move|p2a: Skarmory|Spikes|p1a: エアームド
|-sidestart|p1: elale0803|Spikes
|move|p1a: エアームド|Roar|p2a: Skarmory
|drag|p2a: Zapdos|Zapdos|82/100
|
|-heal|p2a: Zapdos|88/100|[from] item: Leftovers
|upkeep
|turn|8
|
|t:|1728424242
|switch|p1a: フライゴン|Flygon, F|100/100
|move|p2a: Zapdos|Thunderbolt|p1a: フライゴン
|-immune|p1a: フライゴン
|
|-heal|p2a: Zapdos|94/100|[from] item: Leftovers
|upkeep
|turn|9
|
|t:|1728424255
|switch|p2a: Skarmory|Skarmory, M|90/100
|move|p1a: フライゴン|Flamethrower|p2a: Skarmory
|-supereffective|p2a: Skarmory
|-damage|p2a: Skarmory|47/100
|
|-heal|p2a: Skarmory|53/100|[from] item: Leftovers
|upkeep
|turn|10
|
|t:|1728424266
|move|p2a: Skarmory|Protect|p2a: Skarmory
|-singleturn|p2a: Skarmory|Protect
|move|p1a: フライゴン|Flamethrower|p2a: Skarmory
|-activate|p2a: Skarmory|Protect
|
|-heal|p2a: Skarmory|59/100|[from] item: Leftovers
|upkeep
|turn|11
|
|t:|1728424272
|switch|p2a: Claydol|Claydol|100/100
|move|p1a: フライゴン|Flamethrower|p2a: Claydol
|-damage|p2a: Claydol|79/100
|-status|p2a: Claydol|brn
|
|-heal|p2a: Claydol|85/100 brn|[from] item: Leftovers
|-damage|p2a: Claydol|72/100 brn|[from] brn
|upkeep
|turn|12
|
|t:|1728424281
|move|p1a: フライゴン|Hidden Power|p2a: Claydol
|-supereffective|p2a: Claydol
|-damage|p2a: Claydol|42/100 brn
|move|p2a: Claydol|Psychic|p1a: フライゴン
|-damage|p1a: フライゴン|67/100
|
|-heal|p1a: フライゴン|73/100|[from] item: Leftovers
|-heal|p2a: Claydol|48/100 brn|[from] item: Leftovers
|-damage|p2a: Claydol|36/100 brn|[from] brn
|upkeep
|turn|13
|
|t:|1728424295
|switch|p1a: エアームド|Skarmory, F|100/100
|switch|p2a: Blissey|Blissey, F|100/100
|-damage|p2a: Blissey|76/100|[from] Spikes
|
|-heal|p2a: Blissey|82/100|[from] item: Leftovers
|upkeep
|turn|14
|
|t:|1728424300
|move|p2a: Blissey|Aromatherapy|p2a: Blissey
|-cureteam|p2a: Blissey|[from] move: Aromatherapy
|move|p1a: エアームド|Roar|p2a: Blissey
|drag|p2a: Zapdos|Zapdos|94/100
|
|-heal|p2a: Zapdos|99/100|[from] item: Leftovers
|upkeep
|turn|15
|
|t:|1728424307
|move|p1a: エアームド|Protect|p1a: エアームド
|-singleturn|p1a: エアームド|Protect
|move|p2a: Zapdos|Substitute|p2a: Zapdos
|-start|p2a: Zapdos|Substitute
|-damage|p2a: Zapdos|75/100
|
|-heal|p2a: Zapdos|81/100|[from] item: Leftovers
|upkeep
|turn|16
|
|t:|1728424310
|move|p2a: Zapdos|Thunderbolt|p1a: エアームド
|-supereffective|p1a: エアームド
|-damage|p1a: エアームド|32/100
|move|p1a: エアームド|Roar|p2a: Zapdos
|drag|p2a: Skarmory|Skarmory, M|59/100
|
|-heal|p2a: Skarmory|65/100|[from] item: Leftovers
|-heal|p1a: エアームド|38/100|[from] item: Leftovers
|upkeep
|turn|17
|
|t:|1728424318
|move|p2a: Skarmory|Roar|p1a: エアームド
|drag|p1a: フライゴン|Flygon, F|73/100
|
|-heal|p1a: フライゴン|79/100|[from] item: Leftovers
|-heal|p2a: Skarmory|71/100|[from] item: Leftovers
|upkeep
|turn|18
|
|t:|1728424323
|move|p2a: Skarmory|Protect|p2a: Skarmory
|-singleturn|p2a: Skarmory|Protect
|move|p1a: フライゴン|Flamethrower|p2a: Skarmory
|-activate|p2a: Skarmory|Protect
|
|-heal|p1a: フライゴン|85/100|[from] item: Leftovers
|-heal|p2a: Skarmory|78/100|[from] item: Leftovers
|upkeep
|turn|19
|
|t:|1728424329
|switch|p2a: Blissey|Blissey, F|82/100
|-damage|p2a: Blissey|57/100|[from] Spikes
|move|p1a: フライゴン|Dragon Claw|p2a: Blissey
|-crit|p2a: Blissey
|-damage|p2a: Blissey|32/100
|
|-heal|p1a: フライゴン|91/100|[from] item: Leftovers
|-heal|p2a: Blissey|39/100|[from] item: Leftovers
|upkeep
|turn|20
|
|t:|1728424342
|switch|p1a: エアームド|Skarmory, F|38/100
|move|p2a: Blissey|Soft-Boiled|p2a: Blissey
|-heal|p2a: Blissey|89/100
|
|-heal|p1a: エアームド|44/100|[from] item: Leftovers
|-heal|p2a: Blissey|95/100|[from] item: Leftovers
|upkeep
|turn|21
|
|t:|1728424347
|move|p1a: エアームド|Toxic|p2a: Blissey
|-status|p2a: Blissey|tox
|move|p2a: Blissey|Seismic Toss|p1a: エアームド
|-damage|p1a: エアームド|13/100
|
|-heal|p1a: エアームド|20/100|[from] item: Leftovers
|-heal|p2a: Blissey|100/100 tox|[from] item: Leftovers
|-damage|p2a: Blissey|94/100 tox|[from] psn
|upkeep
|turn|22
|
|t:|1728424355
|move|p1a: エアームド|Protect|p1a: エアームド
|-singleturn|p1a: エアームド|Protect
|move|p2a: Blissey|Seismic Toss|p1a: エアームド
|-activate|p1a: エアームド|Protect
|
|-heal|p1a: エアームド|26/100|[from] item: Leftovers
|-heal|p2a: Blissey|100/100 tox|[from] item: Leftovers
|-damage|p2a: Blissey|88/100 tox|[from] psn
|upkeep
|turn|23
|
|t:|1728424365
|switch|p1a: ケッキング|Slaking, M|100/100
|-damage|p1a: ケッキング|76/100|[from] Spikes
|move|p2a: Blissey|Seismic Toss|p1a: ケッキング
|-damage|p1a: ケッキング|53/100
|
|-heal|p2a: Blissey|94/100 tox|[from] item: Leftovers
|-damage|p2a: Blissey|76/100 tox|[from] psn
|upkeep
|turn|24
|
|t:|1728424381
|-curestatus|p2a: Blissey|tox|[from] ability: Natural Cure
|switch|p2a: Skarmory|Skarmory, M|78/100
|move|p1a: ケッキング|Return|p2a: Skarmory
|-resisted|p2a: Skarmory
|-damage|p2a: Skarmory|37/100
|
|-heal|p2a: Skarmory|43/100|[from] item: Leftovers
|upkeep
|turn|25
|
|t:|1728424392
|switch|p1a: エアームド|Skarmory, F|26/100
|switch|p2a: Claydol|Claydol|36/100
|
|-heal|p2a: Claydol|42/100|[from] item: Leftovers
|-heal|p1a: エアームド|32/100|[from] item: Leftovers
|upkeep
|turn|26
|
|t:|1728424398
|move|p1a: エアームド|Protect|p1a: エアームド
|-singleturn|p1a: エアームド|Protect
|move|p2a: Claydol|Rapid Spin|p1a: エアームド
|-activate|p1a: エアームド|Protect
|
|-heal|p2a: Claydol|48/100|[from] item: Leftovers
|-heal|p1a: エアームド|38/100|[from] item: Leftovers
|upkeep
|turn|27
|
|t:|1728424408
|switch|p1a: ケッキング|Slaking, M|53/100
|-damage|p1a: ケッキング|28/100|[from] Spikes
|move|p2a: Claydol|Rapid Spin|p1a: ケッキング
|-damage|p1a: ケッキング|24/100
|-sideend|p2: Cow XI|Spikes|[from] move: Rapid Spin|[of] p2a: Claydol
|
|-heal|p2a: Claydol|54/100|[from] item: Leftovers
|upkeep
|turn|28
|
|t:|1728424417
|-singleturn|p1a: ケッキング|move: Focus Punch
|switch|p2a: Skarmory|Skarmory, M|43/100
|move|p1a: ケッキング|Focus Punch|p2a: Skarmory
|-damage|p2a: Skarmory|0 fnt
|faint|p2a: Skarmory
|
|t:|1728424421
|switch|p2a: Dugtrio|Dugtrio, M|100/100
|
|upkeep
|turn|29
|
|t:|1728424424
|-singleturn|p1a: ケッキング|move: Focus Punch
|move|p2a: Dugtrio|Earthquake|p1a: ケッキング
|-damage|p1a: ケッキング|0 fnt
|faint|p1a: ケッキング
|inactive|elale0803 has 270 seconds left.
|
|t:|1728424458
|switch|p1a: エアームド|Skarmory, F|38/100
|
|-heal|p1a: エアームド|44/100|[from] item: Leftovers
|upkeep
|turn|30
|
|t:|1728424465
|switch|p2a: Zapdos|Zapdos|81/100
|move|p1a: エアームド|Spikes|p2a: Zapdos
|-sidestart|p2: Cow XI|Spikes
|
|-heal|p2a: Zapdos|87/100|[from] item: Leftovers
|-heal|p1a: エアームド|50/100|[from] item: Leftovers
|upkeep
|turn|31
|
|t:|1728424470
|move|p2a: Zapdos|Substitute|p2a: Zapdos
|-start|p2a: Zapdos|Substitute
|-damage|p2a: Zapdos|62/100
|move|p1a: エアームド|Roar|p2a: Zapdos
|drag|p2a: Blissey|Blissey, F|76/100
|-damage|p2a: Blissey|63/100|[from] Spikes
|
|-heal|p1a: エアームド|56/100|[from] item: Leftovers
|-heal|p2a: Blissey|70/100|[from] item: Leftovers
|upkeep
|turn|32
|
|t:|1728424479
|switch|p2a: Zapdos|Zapdos|62/100
|move|p1a: エアームド|Protect||[still]
|-fail|p1a: エアームド
|
|-heal|p2a: Zapdos|68/100|[from] item: Leftovers
|-heal|p1a: エアームド|62/100|[from] item: Leftovers
|upkeep
|turn|33
|
|t:|1728424488
|switch|p1a: フライゴン|Flygon, F|91/100
|move|p2a: Zapdos|Substitute|p2a: Zapdos
|-start|p2a: Zapdos|Substitute
|-damage|p2a: Zapdos|43/100
|
|-heal|p1a: フライゴン|97/100|[from] item: Leftovers
|-heal|p2a: Zapdos|50/100|[from] item: Leftovers
|upkeep
|turn|34
|
|t:|1728424493
|move|p1a: フライゴン|Dragon Claw|p2a: Zapdos
|-activate|p2a: Zapdos|Substitute|[damage]
|move|p2a: Zapdos|Toxic|p1a: フライゴン
|-status|p1a: フライゴン|tox
|
|-heal|p1a: フライゴン|100/100 tox|[from] item: Leftovers
|-damage|p1a: フライゴン|95/100 tox|[from] psn
|-heal|p2a: Zapdos|56/100|[from] item: Leftovers
|upkeep
|turn|35
|
|t:|1728424503
|move|p1a: フライゴン|Dragon Claw|p2a: Zapdos
|-end|p2a: Zapdos|Substitute
|move|p2a: Zapdos|Substitute|p2a: Zapdos
|-start|p2a: Zapdos|Substitute
|-damage|p2a: Zapdos|31/100
|
|-heal|p1a: フライゴン|100/100 tox|[from] item: Leftovers
|-damage|p1a: フライゴン|89/100 tox|[from] psn
|-heal|p2a: Zapdos|37/100|[from] item: Leftovers
|upkeep
|turn|36
|
|t:|1728424517
|move|p1a: フライゴン|Dragon Claw|p2a: Zapdos
|-activate|p2a: Zapdos|Substitute|[damage]
|move|p2a: Zapdos|Rest|p2a: Zapdos
|-status|p2a: Zapdos|slp|[from] move: Rest
|-heal|p2a: Zapdos|100/100 slp|[silent]
|
|-heal|p1a: フライゴン|95/100 tox|[from] item: Leftovers
|-damage|p1a: フライゴン|77/100 tox|[from] psn
|upkeep
|turn|37
|
|t:|1728424535
|switch|p1a: エアームド|Skarmory, F|62/100
|cant|p2a: Zapdos|slp
|
|-heal|p1a: エアームド|68/100|[from] item: Leftovers
|upkeep
|turn|38
|
|t:|1728424541
|cant|p2a: Zapdos|slp
|move|p1a: エアームド|Roar|p2a: Zapdos
|drag|p2a: Blissey|Blissey, F|70/100
|-damage|p2a: Blissey|57/100|[from] Spikes
|
|-heal|p1a: エアームド|74/100|[from] item: Leftovers
|-heal|p2a: Blissey|63/100|[from] item: Leftovers
|upkeep
|turn|39
|
|t:|1728424554
|move|p1a: エアームド|Toxic|p2a: Blissey
|-status|p2a: Blissey|tox
|move|p2a: Blissey|Thunder Wave|p1a: エアームド
|-status|p1a: エアームド|par
|
|-heal|p2a: Blissey|70/100 tox|[from] item: Leftovers
|-damage|p2a: Blissey|63/100 tox|[from] psn
|-heal|p1a: エアームド|80/100 par|[from] item: Leftovers
|upkeep
|turn|40
|
|t:|1728424563
|move|p2a: Blissey|Aromatherapy|p2a: Blissey
|-cureteam|p2a: Blissey|[from] move: Aromatherapy
|move|p1a: エアームド|Spikes|p2a: Blissey
|-sidestart|p2: Cow XI|Spikes
|
|-heal|p2a: Blissey|70/100|[from] item: Leftovers
|-heal|p1a: エアームド|86/100 par|[from] item: Leftovers
|upkeep
|turn|41
|
|t:|1728424567
|move|p2a: Blissey|Soft-Boiled|p2a: Blissey
|-heal|p2a: Blissey|100/100
|cant|p1a: エアームド|par
|
|-heal|p1a: エアームド|92/100 par|[from] item: Leftovers
|upkeep
|turn|42
|
|t:|1728424573
|switch|p2a: Claydol|Claydol|54/100
|move|p1a: エアームド|Spikes|p2a: Claydol
|-sidestart|p2: Cow XI|Spikes
|
|-heal|p2a: Claydol|60/100|[from] item: Leftovers
|-heal|p1a: エアームド|98/100 par|[from] item: Leftovers
|upkeep
|turn|43
|
|t:|1728424592
|move|p2a: Claydol|Rapid Spin|p1a: エアームド
|-resisted|p1a: エアームド
|-damage|p1a: エアームド|96/100 par
|-sideend|p2: Cow XI|Spikes|[from] move: Rapid Spin|[of] p2a: Claydol
|move|p1a: エアームド|Roar|p2a: Claydol
|drag|p2a: Zapdos|Zapdos|100/100
|
|-heal|p1a: エアームド|100/100 par|[from] item: Leftovers
|upkeep
|turn|44
|
|t:|1728424608
|move|p2a: Zapdos|Thunderbolt|p1a: エアームド
|-supereffective|p1a: エアームド
|-damage|p1a: エアームド|30/100 par
|move|p1a: エアームド|Spikes|p2a: Zapdos
|-sidestart|p2: Cow XI|Spikes
|
|-heal|p1a: エアームド|36/100 par|[from] item: Leftovers
|upkeep
|turn|45
|
|t:|1728424626
|move|p2a: Zapdos|Thunderbolt|p1a: エアームド
|-supereffective|p1a: エアームド
|-damage|p1a: エアームド|0 fnt
|faint|p1a: エアームド
|
|t:|1728424640
|switch|p1a: マイナン|Minun, M|100/100
|-damage|p1a: マイナン|76/100|[from] Spikes
|
|-heal|p1a: マイナン|82/100|[from] item: Leftovers
|upkeep
|turn|46
|
|t:|1728424661
|move|p1a: マイナン|Thunder Wave|p2a: Zapdos
|-status|p2a: Zapdos|par
|move|p2a: Zapdos|Toxic|p1a: マイナン
|-status|p1a: マイナン|tox
|
|-heal|p1a: マイナン|88/100 tox|[from] item: Leftovers
|-damage|p1a: マイナン|82/100 tox|[from] psn
|upkeep
|turn|47
|
|t:|1728424673
|switch|p2a: Blissey|Blissey, F|100/100
|-damage|p2a: Blissey|88/100|[from] Spikes
|move|p1a: マイナン|Encore||[still]
|-fail|p1a: マイナン
|
|-heal|p1a: マイナン|88/100 tox|[from] item: Leftovers
|-damage|p1a: マイナン|76/100 tox|[from] psn
|-heal|p2a: Blissey|94/100|[from] item: Leftovers
|upkeep
|turn|48
|
|t:|1728424682
|move|p1a: マイナン|Thunder Wave|p2a: Blissey
|-status|p2a: Blissey|par
|move|p2a: Blissey|Aromatherapy|p2a: Blissey
|-cureteam|p2a: Blissey|[from] move: Aromatherapy
|
|-heal|p1a: マイナン|82/100 tox|[from] item: Leftovers
|-damage|p1a: マイナン|63/100 tox|[from] psn
|-heal|p2a: Blissey|100/100|[from] item: Leftovers
|upkeep
|turn|49
|
|t:|1728424691
|switch|p1a: Quagsire Showdown|Metagross|100/100
|-damage|p1a: Quagsire Showdown|76/100|[from] Spikes
|switch|p2a: Dugtrio|Dugtrio, M|100/100
|-damage|p2a: Dugtrio|88/100|[from] Spikes
|
|upkeep
|turn|50
|
|t:|1728424696
|move|p2a: Dugtrio|Earthquake|p1a: Quagsire Showdown
|-supereffective|p1a: Quagsire Showdown
|-damage|p1a: Quagsire Showdown|0 fnt
|faint|p1a: Quagsire Showdown
|
|t:|1728424700
|switch|p1a: カイロス|Pinsir, M|100/100
|-damage|p1a: カイロス|75/100|[from] Spikes
|
|upkeep
|turn|51
|
|t:|1728424707
|switch|p2a: Zapdos|Zapdos|100/100
|move|p1a: カイロス|Swords Dance|p1a: カイロス
|-boost|p1a: カイロス|atk|2
|
|upkeep
|turn|52
|
|t:|1728424721
|move|p1a: カイロス|Substitute|p1a: カイロス
|-start|p1a: カイロス|Substitute
|-damage|p1a: カイロス|50/100
|move|p2a: Zapdos|Thunderbolt|p1a: カイロス
|-end|p1a: カイロス|Substitute
|
|upkeep
|turn|53
|
|t:|1728424726
|move|p1a: カイロス|Substitute|p1a: カイロス
|-start|p1a: カイロス|Substitute
|-damage|p1a: カイロス|25/100
|move|p2a: Zapdos|Thunderbolt|p1a: カイロス
|-end|p1a: カイロス|Substitute
|
|-enditem|p1a: カイロス|Salac Berry|[eat]
|-boost|p1a: カイロス|spe|1|[from] item: Salac Berry
|upkeep
|turn|54
|
|t:|1728424735
|move|p1a: カイロス|Rock Slide|p2a: Zapdos
|-supereffective|p2a: Zapdos
|-damage|p2a: Zapdos|0 fnt
|faint|p2a: Zapdos
|
|t:|1728424737
|switch|p2a: Suicune|Suicune|100/100
|-damage|p2a: Suicune|88/100|[from] Spikes
|
|-heal|p2a: Suicune|94/100|[from] item: Leftovers
|upkeep
|turn|55
|
|t:|1728424745
|move|p1a: カイロス|Hidden Power|p2a: Suicune
|-damage|p2a: Suicune|54/100
|move|p2a: Suicune|Roar|p1a: カイロス
|drag|p1a: マイナン|Minun, M|63/100 tox
|-damage|p1a: マイナン|38/100 tox|[from] Spikes
|
|-heal|p1a: マイナン|45/100 tox|[from] item: Leftovers
|-damage|p1a: マイナン|38/100 tox|[from] psn
|-heal|p2a: Suicune|60/100|[from] item: Leftovers
|upkeep
|turn|56
|
|t:|1728424756
|switch|p2a: Dugtrio|Dugtrio, M|88/100
|-damage|p2a: Dugtrio|76/100|[from] Spikes
|move|p1a: マイナン|Seismic Toss|p2a: Dugtrio
|-damage|p2a: Dugtrio|28/100
|
|-heal|p1a: マイナン|45/100 tox|[from] item: Leftovers
|-damage|p1a: マイナン|32/100 tox|[from] psn
|upkeep
|turn|57
|
|t:|1728424767
|move|p2a: Dugtrio|Aerial Ace|p1a: マイナン
|-resisted|p1a: マイナン
|-damage|p1a: マイナン|7/100 tox
|move|p1a: マイナン|Seismic Toss|p2a: Dugtrio
|-damage|p2a: Dugtrio|0 fnt
|faint|p2a: Dugtrio
|
|t:|1728424775
|switch|p2a: Blissey|Blissey, F|100/100
|-damage|p2a: Blissey|88/100|[from] Spikes
|
|-heal|p1a: マイナン|13/100 tox|[from] item: Leftovers
|-damage|p1a: マイナン|0 fnt|[from] psn
|faint|p1a: マイナン
|-heal|p2a: Blissey|94/100|[from] item: Leftovers
|upkeep
|
|t:|1728424783
|switch|p1a: フライゴン|Flygon, F|77/100 tox
|turn|58
|
|t:|1728424786
|move|p1a: フライゴン|Earthquake|p2a: Blissey
|-damage|p2a: Blissey|61/100
|move|p2a: Blissey|Soft-Boiled|p2a: Blissey
|-heal|p2a: Blissey|100/100
|
|-heal|p1a: フライゴン|83/100 tox|[from] item: Leftovers
|-damage|p1a: フライゴン|77/100 tox|[from] psn
|upkeep
|turn|59
|c|☆elale0803|gg
|c|☆Cow XI|gg
|-message|elale0803 forfeited.
|
|win|Cow XI

</script>
<script type="application/json" class="data" id="replaydata-smogtours-gen3ou-796509">
{"id":"smogtours-gen3ou-796509","format":"[Gen 3] OU","players":["elale0803","Cow XI"],"uploadtime":1728424800,"views":104,"formatid":"gen3ou","rating":null,"private":0,"password":null}
</script>

<script defer src="js/replays.js?9d40a366"></script>
