<!DOCTYPE html>
<meta charset="utf-8" />
<meta name="viewport" content="width=device-width" />

<title>[Gen 3] OU: plzzazz vs. gshed - Replays - Pok&eacute;mon Showdown!</title>

<meta name="description" content="Watch a replay of a Pok&eacute;mon battle between plzzazz and gshed! Format: [Gen 3] OU; Date: Oct 12, 2024" />
<!--

Hey, you! Looking in the source for the replay log?

You can find them in JSON format, just add `.json` at the end of a replay URL.

https://replay.pokemonshowdown.com/gen7randomdoublesbattle-865046831.json

Or, if you only need the log itself, add `.log` instead:

https://replay.pokemonshowdown.com/gen7randomdoublesbattle-865046831.log

-->

<link rel="stylesheet" href="//pokemonshowdown.com/style/global.css?0.023195364461161105" />
<link rel="stylesheet" href="//play.pokemonshowdown.com/style/font-awesome.css?0.13261647063804238" />
<link rel="stylesheet" href="//play.pokemonshowdown.com/style/battle.css?0.8753245789963631" />
<link rel="stylesheet" href="//play.pokemonshowdown.com/style/utilichart.css?0.8627959624976733" />

<!-- Global site tag (gtag.js) - Google Analytics -->
<script async src="https://www.googletagmanager.com/gtag/js?id=UA-26211653-1"></script>
<script>
  window.dataLayer = window.dataLayer || [];
  function gtag(){dataLayer.push(arguments);}
  gtag('js', new Date());

  gtag('config', 'UA-26211653-1');
</script>
<!-- End Google Analytics -->
<!-- Venatus Ad Manager - Install in <HEAD> of page -->
	<script src="https://hb.vntsm.com/v3/live/ad-manager.min.js" type="text/javascript" data-site-id="642aba63ec9a7b11c3c9c1be" data-mode="scan" async></script>
<!-- / Venatus Ad Manager -->

<style>
	@media (max-width:820px) {
		.battle {
			margin: 0 auto;
		}
		.battle-log {
			margin: 7px auto 0;
			max-width: 640px;
			height: 300px;
			position: static;
		}
	}
	.optgroup {
		display: inline-block;
		line-height: 22px;
		font-size: 10pt;
	}
	.optgroup .button {
		height: 25px;
		padding-top: 0;
		padding-bottom: 0;
	}
	.optgroup button.button {
		padding-left: 12px;
		padding-right: 12px;
	}
	.linklist {
		list-style: none;
		margin: 0.5em 0;
		padding: 0;
	}
	.linklist li {
		padding: 2px 0;
	}
	.sidebar {
		float: left;
		width: 320px;
	}
	.bar-wrapper {
		max-width: 1100px;
		margin: 0 auto;
	}
	.bar-wrapper.has-sidebar {
		max-width: 1430px;
	}
	.mainbar {
		margin: 0;
		padding-right: 1px;
	}
	.mainbar.has-sidebar {
		margin-left: 330px;
	}
	@media (min-width: 1511px) {
		.sidebar {
			width: 400px;
		}
		.bar-wrapper.has-sidebar {
			max-width: 1510px;
		}
		.mainbar.has-sidebar {
			margin-left: 410px;
		}
	}
	.section.first-section {
		margin-top: 9px;
	}
	.blocklink small {
		white-space: normal;
	}
	.button {
		vertical-align: middle;
	}
	.replay-controls {
		padding-top: 10px;
	}
	.replay-controls h1 {
		font-size: 16pt;
		font-weight: normal;
		color: #CCC;
	}
	.pagelink {
		text-align: center;
	}
	.pagelink a {
		width: 150px;
	}
	.textbox, .button {
		font-size: 11pt;
		vertical-align: middle;
	}
	@media (max-width: 450px) {
		.button {
			font-size: 9pt;
		}
	}
</style>

<div>

	<header>
		<div class="nav-wrapper"><ul class="nav">
			<li><a class="button nav-first" href="//pokemonshowdown.com/"><img src="//pokemonshowdown.com/images/pokemonshowdownbeta.png" srcset="//pokemonshowdown.com/images/pokemonshowdownbeta.png 1x, //pokemonshowdown.com/images/pokemonshowdownbeta@2x.png 2x" alt="Pok&eacute;mon Showdown" width="146" height="44" /> Home</a></li>
			<li><a class="button" href="//pokemonshowdown.com/dex/">Pok&eacute;dex</a></li>
			<li><a class="button cur" href="/">Replays</a></li>
			<li><a class="button" href="//pokemonshowdown.com/ladder/">Ladder</a></li>
			<li><a class="button nav-last" href="//pokemonshowdown.com/forums/">Forum</a></li>
			<li><a class="button greenbutton nav-first nav-last" href="//play.pokemonshowdown.com/">Play</a></li>
		</ul></div>
	</header>

	<div class="main" id="main">

		<noscript><section class="section">You need to enable JavaScript to use this page; sorry!</section></noscript>

	</div>

</div>

<script defer nomodule src="//play.pokemonshowdown.com/js/lib/ps-polyfill.js"></script>
<script defer src="//play.pokemonshowdown.com/js/lib/preact.min.js"></script>

<script defer src="//play.pokemonshowdown.com/config/config.js?2bddbc15"></script>
<script defer src="//play.pokemonshowdown.com/js/lib/jquery-1.11.0.min.js"></script>
<script defer src="//play.pokemonshowdown.com/js/lib/html-sanitizer-minified.js"></script>
<script defer src="//play.pokemonshowdown.com/js/battle-sound.js"></script>
<script defer src="//play.pokemonshowdown.com/js/battledata.js?0.7209276989879541"></script>
<script defer src="//play.pokemonshowdown.com/data/pokedex-mini.js?0.6111056340867951"></script>
<script defer src="//play.pokemonshowdown.com/data/pokedex-mini-bw.js?0.3532142036491459"></script>
<script defer src="//play.pokemonshowdown.com/data/graphics.js?0.24223875632456182"></script>
<script defer src="//play.pokemonshowdown.com/data/pokedex.js?0.38839984266356864"></script>
<script defer src="//play.pokemonshowdown.com/data/moves.js?0.21866028504024015"></script>
<script defer src="//play.pokemonshowdown.com/data/abilities.js?0.2005157953846628"></script>
<script defer src="//play.pokemonshowdown.com/data/items.js?0.9894211263848525"></script>
<script defer src="//play.pokemonshowdown.com/data/teambuilder-tables.js?0.6008791140282215"></script>
<script defer src="//play.pokemonshowdown.com/js/battle-tooltips.js?0.7580118955022959"></script>
<script defer src="//play.pokemonshowdown.com/js/battle.js?0.6057722274234274"></script>

<script defer src="js/utils.js?e31f9a17"></script>
<script defer src="js/replays-battle.js?7008c182"></script>

<!-- don't scrape this data! just add .json or .log after the URL!
Full API docs: https://github.com/smogon/pokemon-showdown-client/blob/master/WEB-API.md -->
<script type="text/plain" class="log" id="replaylog-smogtours-gen3ou-797456">
|inactive|Battle timer is ON: inactive players will automatically lose when time's up.
|t:|1728745352
|gametype|singles
|player|p1|plzzazz|pokemonbreederf-gen4|
|player|p2|gshed|170|
|teamsize|p1|6
|teamsize|p2|6
|gen|3
|tier|[Gen 3] OU
|rule|Sleep Clause Mod: Limit one foe put to sleep
|rule|Switch Priority Clause Mod: Faster Pokémon switch first
|rule|Species Clause: Limit one of each Pokémon
|rule|OHKO Clause: OHKO moves are banned
|rule|Evasion Items Clause: Evasion items are banned
|rule|Evasion Moves Clause: Evasion moves are banned
|rule|Endless Battle Clause: Forcing endless battles is banned
|rule|HP Percentage Mod: HP is shown in percentages
|rule|One Boost Passer Clause: Limit one Baton Passer that has a way to boost its stats
|rule|Freeze Clause Mod: Limit one foe frozen
|
|t:|1728745352
|start
|switch|p1a: Tyranitar|Tyranitar, F|100/100
|switch|p2a: Regirock|Regirock|100/100
|-weather|Sandstorm|[from] ability: Sand Stream|[of] p1a: Tyranitar
|turn|1
|c|☆gshed|hf
|c|☆plzzazz|u2
|
|t:|1728745369
|move|p1a: Tyranitar|Earthquake|p2a: Regirock
|-supereffective|p2a: Regirock
|-damage|p2a: Regirock|60/100
|move|p2a: Regirock|Earthquake|p1a: Tyranitar
|-supereffective|p1a: Tyranitar
|-damage|p1a: Tyranitar|50/100
|
|-weather|Sandstorm|[upkeep]
|-heal|p1a: Tyranitar|56/100|[from] item: Leftovers
|-heal|p2a: Regirock|66/100|[from] item: Leftovers
|upkeep
|turn|2
|
|t:|1728745382
|switch|p1a: Swampert|Swampert, F|100/100
|move|p2a: Regirock|Counter|p1a: Swampert
|
|-weather|Sandstorm|[upkeep]
|-heal|p2a: Regirock|72/100|[from] item: Leftovers
|upkeep
|turn|3
|
|t:|1728745398
|switch|p2a: Suicune|Suicune|100/100
|move|p1a: Swampert|Hydro Pump|p2a: Suicune
|-resisted|p2a: Suicune
|-damage|p2a: Suicune|87/100
|
|-weather|Sandstorm|[upkeep]
|-damage|p2a: Suicune|81/100|[from] Sandstorm
|-heal|p2a: Suicune|87/100|[from] item: Leftovers
|upkeep
|turn|4
|
|t:|1728745418
|switch|p2a: Metagross|Metagross|100/100
|move|p1a: Swampert|Curse|p1a: Swampert
|-unboost|p1a: Swampert|spe|1
|-boost|p1a: Swampert|atk|1
|-boost|p1a: Swampert|def|1
|
|-weather|Sandstorm|[upkeep]
|upkeep
|turn|5
|inactive|plzzazz has 270 seconds left.
|
|t:|1728745464
|switch|p1a: Skarmory|Skarmory, F|100/100
|move|p2a: Metagross|Explosion|p1a: Skarmory
|-resisted|p1a: Skarmory
|-damage|p1a: Skarmory|32/100
|faint|p2a: Metagross
|
|t:|1728745471
|switch|p2a: Regice|Regice|100/100
|
|-weather|Sandstorm|[upkeep]
|-damage|p2a: Regice|94/100|[from] Sandstorm
|-heal|p2a: Regice|100/100|[from] item: Leftovers
|upkeep
|turn|6
|
|t:|1728745488
|move|p1a: Skarmory|Spikes|p2a: Regice
|-sidestart|p2: gshed|Spikes
|move|p2a: Regice|Thunderbolt|p1a: Skarmory
|-supereffective|p1a: Skarmory
|-crit|p1a: Skarmory
|-damage|p1a: Skarmory|0 fnt
|faint|p1a: Skarmory
|
|t:|1728745491
|switch|p1a: Tyranitar|Tyranitar, F|56/100
|
|-weather|Sandstorm|[upkeep]
|-damage|p2a: Regice|94/100|[from] Sandstorm
|-heal|p1a: Tyranitar|62/100|[from] item: Leftovers
|-heal|p2a: Regice|100/100|[from] item: Leftovers
|upkeep
|turn|7
|
|t:|1728745511
|switch|p2a: Claydol|Claydol|100/100
|move|p1a: Tyranitar|Rock Slide|p2a: Claydol
|-resisted|p2a: Claydol
|-damage|p2a: Claydol|78/100
|
|-weather|Sandstorm|[upkeep]
|-heal|p2a: Claydol|84/100|[from] item: Leftovers
|-heal|p1a: Tyranitar|68/100|[from] item: Leftovers
|upkeep
|turn|8
|
|t:|1728745523
|switch|p1a: Swampert|Swampert, F|100/100
|move|p2a: Claydol|Earthquake|p1a: Swampert
|-damage|p1a: Swampert|77/100
|
|-weather|Sandstorm|[upkeep]
|-heal|p2a: Claydol|90/100|[from] item: Leftovers
|-heal|p1a: Swampert|83/100|[from] item: Leftovers
|upkeep
|turn|9
|inactive|plzzazz has 270 seconds left.
|
|t:|1728745534
|switch|p2a: Regice|Regice|100/100
|-damage|p2a: Regice|88/100|[from] Spikes
|move|p1a: Swampert|Hydro Pump|p2a: Regice
|-damage|p2a: Regice|71/100
|
|-weather|Sandstorm|[upkeep]
|-damage|p2a: Regice|65/100|[from] Sandstorm
|-heal|p1a: Swampert|90/100|[from] item: Leftovers
|-heal|p2a: Regice|71/100|[from] item: Leftovers
|upkeep
|turn|10
|inactive|plzzazz has 270 seconds left.
|
|t:|1728745544
|switch|p1a: Blissey|Blissey, F|100/100
|move|p2a: Regice|Toxic|p1a: Blissey
|-status|p1a: Blissey|tox
|
|-weather|Sandstorm|[upkeep]
|-damage|p1a: Blissey|94/100 tox|[from] Sandstorm
|-damage|p2a: Regice|65/100|[from] Sandstorm
|-heal|p1a: Blissey|100/100 tox|[from] item: Leftovers
|-damage|p1a: Blissey|94/100 tox|[from] psn
|-heal|p2a: Regice|71/100|[from] item: Leftovers
|upkeep
|turn|11
|inactive|plzzazz has 270 seconds left.
|
|t:|1728745560
|switch|p2a: Regirock|Regirock|72/100
|-damage|p2a: Regirock|60/100|[from] Spikes
|move|p1a: Blissey|Sing|p2a: Regirock|[miss]
|-miss|p1a: Blissey|p2a: Regirock
|
|-weather|Sandstorm|[upkeep]
|-damage|p1a: Blissey|88/100 tox|[from] Sandstorm
|-heal|p1a: Blissey|94/100 tox|[from] item: Leftovers
|-damage|p1a: Blissey|82/100 tox|[from] psn
|-heal|p2a: Regirock|66/100|[from] item: Leftovers
|upkeep
|turn|12
|
|t:|1728745571
|-curestatus|p1a: Blissey|tox|[from] ability: Natural Cure
|switch|p1a: Starmie|Starmie|100/100
|move|p2a: Regirock|Explosion|p1a: Starmie
|-damage|p1a: Starmie|0 fnt
|faint|p2a: Regirock
|faint|p1a: Starmie
|inactive|gshed has 270 seconds left.
|
|t:|1728745612
|switch|p1a: Swampert|Swampert, F|90/100
|switch|p2a: Regice|Regice|71/100
|-damage|p2a: Regice|59/100|[from] Spikes
|
|-weather|Sandstorm|[upkeep]
|-damage|p2a: Regice|53/100|[from] Sandstorm
|-heal|p1a: Swampert|96/100|[from] item: Leftovers
|-heal|p2a: Regice|59/100|[from] item: Leftovers
|upkeep
|turn|13
|inactive|plzzazz has 270 seconds left.
|
|t:|1728745666
|move|p1a: Swampert|Earthquake|p2a: Regice
|-damage|p2a: Regice|23/100
|move|p2a: Regice|Toxic|p1a: Swampert
|-status|p1a: Swampert|tox
|
|-weather|Sandstorm|[upkeep]
|-damage|p2a: Regice|17/100|[from] Sandstorm
|-heal|p1a: Swampert|100/100 tox|[from] item: Leftovers
|-damage|p1a: Swampert|94/100 tox|[from] psn
|-heal|p2a: Regice|23/100|[from] item: Leftovers
|upkeep
|turn|14
|
|t:|1728745690
|move|p1a: Swampert|Hydro Pump|p2a: Regice
|-crit|p2a: Regice
|-damage|p2a: Regice|0 fnt
|faint|p2a: Regice
|inactive|gshed has 240 seconds left.
|
|t:|1728745707
|switch|p2a: Suicune|Suicune|87/100
|-damage|p2a: Suicune|75/100|[from] Spikes
|
|-weather|Sandstorm|[upkeep]
|-damage|p2a: Suicune|68/100|[from] Sandstorm
|-heal|p2a: Suicune|75/100|[from] item: Leftovers
|-heal|p1a: Swampert|100/100 tox|[from] item: Leftovers
|-damage|p1a: Swampert|88/100 tox|[from] psn
|upkeep
|turn|15
|inactive|gshed has 240 seconds left.
|
|t:|1728745720
|move|p2a: Suicune|Calm Mind|p2a: Suicune
|-boost|p2a: Suicune|spa|1
|-boost|p2a: Suicune|spd|1
|move|p1a: Swampert|Curse|p1a: Swampert
|-unboost|p1a: Swampert|spe|1
|-boost|p1a: Swampert|atk|1
|-boost|p1a: Swampert|def|1
|
|-weather|Sandstorm|[upkeep]
|-damage|p2a: Suicune|68/100|[from] Sandstorm
|-heal|p2a: Suicune|75/100|[from] item: Leftovers
|-heal|p1a: Swampert|94/100 tox|[from] item: Leftovers
|-damage|p1a: Swampert|76/100 tox|[from] psn
|upkeep
|turn|16
|inactive|gshed has 240 seconds left.
|
|t:|1728745731
|move|p2a: Suicune|Calm Mind|p2a: Suicune
|-boost|p2a: Suicune|spa|1
|-boost|p2a: Suicune|spd|1
|move|p1a: Swampert|Earthquake|p2a: Suicune
|-damage|p2a: Suicune|43/100
|
|-weather|Sandstorm|[upkeep]
|-damage|p2a: Suicune|37/100|[from] Sandstorm
|-heal|p2a: Suicune|43/100|[from] item: Leftovers
|-heal|p1a: Swampert|82/100 tox|[from] item: Leftovers
|-damage|p1a: Swampert|57/100 tox|[from] psn
|upkeep
|turn|17
|inactive|gshed has 240 seconds left.
|
|t:|1728745750
|move|p2a: Suicune|Rest|p2a: Suicune
|-status|p2a: Suicune|slp|[from] move: Rest
|-heal|p2a: Suicune|100/100 slp|[silent]
|move|p1a: Swampert|Earthquake|p2a: Suicune
|-damage|p2a: Suicune|70/100 slp
|
|-weather|Sandstorm|[upkeep]
|-damage|p2a: Suicune|64/100 slp|[from] Sandstorm
|-heal|p2a: Suicune|70/100 slp|[from] item: Leftovers
|-heal|p1a: Swampert|63/100 tox|[from] item: Leftovers
|-damage|p1a: Swampert|32/100 tox|[from] psn
|upkeep
|turn|18
|inactive|gshed has 240 seconds left.
|
|t:|1728745761
|cant|p2a: Suicune|slp
|move|p2a: Suicune|Sleep Talk|p2a: Suicune
|move|p2a: Suicune|Surf|p1a: Swampert|[from]Sleep Talk
|-damage|p1a: Swampert|0 fnt
|faint|p1a: Swampert
|
|t:|1728745767
|switch|p1a: Dugtrio|Dugtrio, M|100/100
|
|-weather|Sandstorm|[upkeep]
|-damage|p2a: Suicune|64/100 slp|[from] Sandstorm
|-heal|p2a: Suicune|70/100 slp|[from] item: Leftovers
|upkeep
|turn|19
|inactive|plzzazz has 270 seconds left.
|
|t:|1728745772
|move|p1a: Dugtrio|Earthquake|p2a: Suicune
|-damage|p2a: Suicune|38/100 slp
|cant|p2a: Suicune|slp
|move|p2a: Suicune|Sleep Talk|p2a: Suicune
|move|p2a: Suicune|Rest|p2a: Suicune|[from]Sleep Talk
|
|-weather|Sandstorm|[upkeep]
|-damage|p2a: Suicune|31/100 slp|[from] Sandstorm
|-heal|p2a: Suicune|38/100 slp|[from] item: Leftovers
|upkeep
|turn|20
|
|t:|1728745783
|move|p1a: Dugtrio|Earthquake|p2a: Suicune
|-damage|p2a: Suicune|7/100 slp
|-curestatus|p2a: Suicune|slp|[msg]
|move|p2a: Suicune|Rest|p2a: Suicune
|-status|p2a: Suicune|slp|[from] move: Rest
|-heal|p2a: Suicune|100/100 slp|[silent]
|
|-weather|Sandstorm|[upkeep]
|-damage|p2a: Suicune|94/100 slp|[from] Sandstorm
|-heal|p2a: Suicune|100/100 slp|[from] item: Leftovers
|upkeep
|turn|21
|
|t:|1728745793
|move|p1a: Dugtrio|Earthquake|p2a: Suicune
|-damage|p2a: Suicune|71/100 slp
|cant|p2a: Suicune|slp
|move|p2a: Suicune|Sleep Talk|p2a: Suicune
|move|p2a: Suicune|Surf|p1a: Dugtrio|[from]Sleep Talk
|-supereffective|p1a: Dugtrio
|-damage|p1a: Dugtrio|0 fnt
|faint|p1a: Dugtrio
|
|t:|1728745798
|switch|p1a: Tyranitar|Tyranitar, F|68/100
|
|-weather|Sandstorm|[upkeep]
|-damage|p2a: Suicune|64/100 slp|[from] Sandstorm
|-heal|p2a: Suicune|71/100 slp|[from] item: Leftovers
|-heal|p1a: Tyranitar|75/100|[from] item: Leftovers
|upkeep
|turn|22
|
|t:|1728745806
|cant|p2a: Suicune|slp
|move|p2a: Suicune|Sleep Talk|p2a: Suicune
|move|p2a: Suicune|Calm Mind|p2a: Suicune|[from]Sleep Talk
|-boost|p2a: Suicune|spa|1
|-boost|p2a: Suicune|spd|1
|move|p1a: Tyranitar|Rock Slide|p2a: Suicune
|-damage|p2a: Suicune|47/100 slp
|
|-weather|Sandstorm|[upkeep]
|-damage|p2a: Suicune|40/100 slp|[from] Sandstorm
|-heal|p2a: Suicune|47/100 slp|[from] item: Leftovers
|-heal|p1a: Tyranitar|81/100|[from] item: Leftovers
|upkeep
|turn|23
|c|☆plzzazz|gg
|
|t:|1728745818
|switch|p1a: Blissey|Blissey, F|82/100
|-curestatus|p2a: Suicune|slp|[msg]
|move|p2a: Suicune|Surf|p1a: Blissey
|-damage|p1a: Blissey|51/100
|
|-weather|Sandstorm|[upkeep]
|-damage|p2a: Suicune|40/100|[from] Sandstorm
|-damage|p1a: Blissey|45/100|[from] Sandstorm
|-heal|p2a: Suicune|47/100|[from] item: Leftovers
|-heal|p1a: Blissey|51/100|[from] item: Leftovers
|upkeep
|turn|24
|
|t:|1728745828
|move|p2a: Suicune|Surf|p1a: Blissey
|-damage|p1a: Blissey|19/100
|move|p1a: Blissey|Sing|p2a: Suicune|[miss]
|-miss|p1a: Blissey|p2a: Suicune
|
|-weather|Sandstorm|[upkeep]
|-damage|p2a: Suicune|40/100|[from] Sandstorm
|-damage|p1a: Blissey|13/100|[from] Sandstorm
|-heal|p2a: Suicune|47/100|[from] item: Leftovers
|-heal|p1a: Blissey|19/100|[from] item: Leftovers
|upkeep
|turn|25
|
|t:|1728745837
|move|p2a: Suicune|Surf|p1a: Blissey
|-damage|p1a: Blissey|0 fnt
|faint|p1a: Blissey
|
|t:|1728745839
|switch|p1a: Tyranitar|Tyranitar, F|81/100
|
|-weather|Sandstorm|[upkeep]
|-damage|p2a: Suicune|40/100|[from] Sandstorm
|-heal|p2a: Suicune|47/100|[from] item: Leftovers
|-heal|p1a: Tyranitar|87/100|[from] item: Leftovers
|upkeep
|turn|26
|c|☆gshed|gg
|inactive|gshed has 270 seconds left.
|
|t:|1728745846
|move|p2a: Suicune|Surf|p1a: Tyranitar
|-supereffective|p1a: Tyranitar
|-damage|p1a: Tyranitar|0 fnt
|faint|p1a: Tyranitar
|
|win|gshed
|player|p1|

</script>
<script type="application/json" class="data" id="replaydata-smogtours-gen3ou-797456">
{"id":"smogtours-gen3ou-797456","format":"[Gen 3] OU","players":["plzzazz","gshed"],"uploadtime":1728745846,"views":94,"formatid":"gen3ou","rating":null,"private":0,"password":null}
</script>

<script defer src="js/replays.js?9d40a366"></script>
