<!DOCTYPE html>
<meta charset="utf-8" />
<meta name="viewport" content="width=device-width" />

<title>[Gen 3] OU: SaunkGod vs. Temrane - Replays - Pok&eacute;mon Showdown!</title>

<meta name="description" content="Watch a replay of a Pok&eacute;mon battle between SaunkGod and Temrane! Format: [Gen 3] OU; Date: Oct 4, 2024" />
<!--

Hey, you! Looking in the source for the replay log?

You can find them in JSON format, just add `.json` at the end of a replay URL.

https://replay.pokemonshowdown.com/gen7randomdoublesbattle-865046831.json

Or, if you only need the log itself, add `.log` instead:

https://replay.pokemonshowdown.com/gen7randomdoublesbattle-865046831.log

-->

<link rel="stylesheet" href="//pokemonshowdown.com/style/global.css?0.767286132409787" />
<link rel="stylesheet" href="//play.pokemonshowdown.com/style/font-awesome.css?0.9266228007934947" />
<link rel="stylesheet" href="//play.pokemonshowdown.com/style/battle.css?0.7924700842790926" />
<link rel="stylesheet" href="//play.pokemonshowdown.com/style/utilichart.css?0.8777417872839479" />

<!-- Global site tag (gtag.js) - Google Analytics -->
<script async src="https://www.googletagmanager.com/gtag/js?id=UA-26211653-1"></script>
<script>
  window.dataLayer = window.dataLayer || [];
  function gtag(){dataLayer.push(arguments);}
  gtag('js', new Date());

  gtag('config', 'UA-26211653-1');
</script>
<!-- End Google Analytics -->
<!-- Venatus Ad Manager - Install in <HEAD> of page -->
	<script src="https://hb.vntsm.com/v3/live/ad-manager.min.js" type="text/javascript" data-site-id="642aba63ec9a7b11c3c9c1be" data-mode="scan" async></script>
<!-- / Venatus Ad Manager -->

<style>
	@media (max-width:820px) {
		.battle {
			margin: 0 auto;
		}
		.battle-log {
			margin: 7px auto 0;
			max-width: 640px;
			height: 300px;
			position: static;
		}
	}
	.optgroup {
		display: inline-block;
		line-height: 22px;
		font-size: 10pt;
	}
	.optgroup .button {
		height: 25px;
		padding-top: 0;
		padding-bottom: 0;
	}
	.optgroup button.button {
		padding-left: 12px;
		padding-right: 12px;
	}
	.linklist {
		list-style: none;
		margin: 0.5em 0;
		padding: 0;
	}
	.linklist li {
		padding: 2px 0;
	}
	.sidebar {
		float: left;
		width: 320px;
	}
	.bar-wrapper {
		max-width: 1100px;
		margin: 0 auto;
	}
	.bar-wrapper.has-sidebar {
		max-width: 1430px;
	}
	.mainbar {
		margin: 0;
		padding-right: 1px;
	}
	.mainbar.has-sidebar {
		margin-left: 330px;
	}
	@media (min-width: 1511px) {
		.sidebar {
			width: 400px;
		}
		.bar-wrapper.has-sidebar {
			max-width: 1510px;
		}
		.mainbar.has-sidebar {
			margin-left: 410px;
		}
	}
	.section.first-section {
		margin-top: 9px;
	}
	.blocklink small {
		white-space: normal;
	}
	.button {
		vertical-align: middle;
	}
	.replay-controls {
		padding-top: 10px;
	}
	.replay-controls h1 {
		font-size: 16pt;
		font-weight: normal;
		color: #CCC;
	}
	.pagelink {
		text-align: center;
	}
	.pagelink a {
		width: 150px;
	}
	.textbox, .button {
		font-size: 11pt;
		vertical-align: middle;
	}
	@media (max-width: 450px) {
		.button {
			font-size: 9pt;
		}
	}
</style>

<div>

	<header>
		<div class="nav-wrapper"><ul class="nav">
			<li><a class="button nav-first" href="//pokemonshowdown.com/"><img src="//pokemonshowdown.com/images/pokemonshowdownbeta.png" srcset="//pokemonshowdown.com/images/pokemonshowdownbeta.png 1x, //pokemonshowdown.com/images/pokemonshowdownbeta@2x.png 2x" alt="Pok&eacute;mon Showdown" width="146" height="44" /> Home</a></li>
			<li><a class="button" href="//pokemonshowdown.com/dex/">Pok&eacute;dex</a></li>
			<li><a class="button cur" href="/">Replays</a></li>
			<li><a class="button" href="//pokemonshowdown.com/ladder/">Ladder</a></li>
			<li><a class="button nav-last" href="//pokemonshowdown.com/forums/">Forum</a></li>
			<li><a class="button greenbutton nav-first nav-last" href="//play.pokemonshowdown.com/">Play</a></li>
		</ul></div>
	</header>

	<div class="main" id="main">

		<noscript><section class="section">You need to enable JavaScript to use this page; sorry!</section></noscript>

	</div>

</div>

<script defer nomodule src="//play.pokemonshowdown.com/js/lib/ps-polyfill.js"></script>
<script defer src="//play.pokemonshowdown.com/js/lib/preact.min.js"></script>

<script defer src="//play.pokemonshowdown.com/config/config.js?6dec07f6"></script>
<script defer src="//play.pokemonshowdown.com/js/lib/jquery-1.11.0.min.js"></script>
<script defer src="//play.pokemonshowdown.com/js/lib/html-sanitizer-minified.js"></script>
<script defer src="//play.pokemonshowdown.com/js/battle-sound.js"></script>
<script defer src="//play.pokemonshowdown.com/js/battledata.js?0.6315294753075389"></script>
<script defer src="//play.pokemonshowdown.com/data/pokedex-mini.js?0.7603743185311358"></script>
<script defer src="//play.pokemonshowdown.com/data/pokedex-mini-bw.js?0.030888842834281283"></script>
<script defer src="//play.pokemonshowdown.com/data/graphics.js?0.05593094747507488"></script>
<script defer src="//play.pokemonshowdown.com/data/pokedex.js?0.47064822249611904"></script>
<script defer src="//play.pokemonshowdown.com/data/moves.js?0.8583693120512459"></script>
<script defer src="//play.pokemonshowdown.com/data/abilities.js?0.16017181182386842"></script>
<script defer src="//play.pokemonshowdown.com/data/items.js?0.4163379185673943"></script>
<script defer src="//play.pokemonshowdown.com/data/teambuilder-tables.js?0.31075597372830477"></script>
<script defer src="//play.pokemonshowdown.com/js/battle-tooltips.js?0.6536193500708172"></script>
<script defer src="//play.pokemonshowdown.com/js/battle.js?0.1916591943277901"></script>

<script defer src="js/utils.js?e31f9a17"></script>
<script defer src="js/replays-battle.js?7008c182"></script>

<!-- don't scrape this data! just add .json or .log after the URL!
Full API docs: https://github.com/smogon/pokemon-showdown-client/blob/master/WEB-API.md -->
<script type="text/plain" class="log" id="replaylog-gen3ou-2216020489">
|j|☆SaunkGod
|j|☆Temrane
|t:|1728071461
|gametype|singles
|player|p1|SaunkGod|blue-gen3two|
|player|p2|Temrane|sailor|
|teamsize|p1|6
|teamsize|p2|6
|gen|3
|tier|[Gen 3] OU
|rule|Sleep Clause Mod: Limit one foe put to sleep
|rule|Switch Priority Clause Mod: Faster Pokémon switch first
|rule|Species Clause: Limit one of each Pokémon
|rule|OHKO Clause: OHKO moves are banned
|rule|Evasion Items Clause: Evasion items are banned
|rule|Evasion Moves Clause: Evasion moves are banned
|rule|Endless Battle Clause: Forcing endless battles is banned
|rule|HP Percentage Mod: HP is shown in percentages
|rule|One Boost Passer Clause: Limit one Baton Passer that has a way to boost its stats
|rule|Freeze Clause Mod: Limit one foe frozen
|
|t:|1728071461
|start
|switch|p1a: Zapdos|Zapdos|100/100
|switch|p2a: Zapdos|Zapdos|100/100
|turn|1
|inactive|Battle timer is ON: inactive players will automatically lose when time's up. (requested by SaunkGod)
|
|t:|1728071471
|move|p1a: Zapdos|Substitute|p1a: Zapdos
|-start|p1a: Zapdos|Substitute
|-damage|p1a: Zapdos|75/100
|move|p2a: Zapdos|Toxic||[still]
|-fail|p2a: Zapdos
|
|-heal|p1a: Zapdos|82/100|[from] item: Leftovers
|upkeep
|turn|2
|
|t:|1728071477
|move|p1a: Zapdos|Baton Pass|p1a: Zapdos
|
|t:|1728071485
|switch|p1a: Metagross|Metagross|100/100|[from] Baton Pass
|move|p2a: Zapdos|Thunderbolt|p1a: Metagross
|-crit|p1a: Metagross
|-end|p1a: Metagross|Substitute
|
|upkeep
|turn|3
|
|t:|1728071491
|switch|p2a: Skarmory|Skarmory, M|100/100
|move|p1a: Metagross|Rock Slide|p2a: Skarmory
|-damage|p2a: Skarmory|73/100
|
|-heal|p2a: Skarmory|79/100|[from] item: Leftovers
|upkeep
|turn|4
|
|t:|1728071495
|switch|p1a: Zapdos|Zapdos|82/100
|move|p2a: Skarmory|Spikes|p1a: Zapdos
|-sidestart|p1: SaunkGod|Spikes
|
|-heal|p1a: Zapdos|88/100|[from] item: Leftovers
|-heal|p2a: Skarmory|85/100|[from] item: Leftovers
|upkeep
|turn|5
|
|t:|1728071499
|move|p2a: Skarmory|Protect|p2a: Skarmory
|-singleturn|p2a: Skarmory|Protect
|move|p1a: Zapdos|Thunderbolt|p2a: Skarmory
|-activate|p2a: Skarmory|Protect
|
|-heal|p1a: Zapdos|94/100|[from] item: Leftovers
|-heal|p2a: Skarmory|91/100|[from] item: Leftovers
|upkeep
|turn|6
|
|t:|1728071511
|switch|p2a: Flygon|Flygon, M|100/100
|move|p1a: Zapdos|Thunderbolt|p2a: Flygon
|-immune|p2a: Flygon
|
|-heal|p1a: Zapdos|100/100|[from] item: Leftovers
|upkeep
|turn|7
|
|t:|1728071515
|move|p1a: Zapdos|Hidden Power|p2a: Flygon
|-supereffective|p2a: Flygon
|-damage|p2a: Flygon|14/100
|move|p2a: Flygon|Rock Slide|p1a: Zapdos
|-supereffective|p1a: Zapdos
|-damage|p1a: Zapdos|66/100
|
|-heal|p1a: Zapdos|72/100|[from] item: Leftovers
|-heal|p2a: Flygon|20/100|[from] item: Leftovers
|upkeep
|turn|8
|
|t:|1728071521
|move|p2a: Flygon|Protect|p2a: Flygon
|-singleturn|p2a: Flygon|Protect
|move|p1a: Zapdos|Hidden Power|p2a: Flygon
|-activate|p2a: Flygon|Protect
|
|-heal|p1a: Zapdos|78/100|[from] item: Leftovers
|-heal|p2a: Flygon|26/100|[from] item: Leftovers
|upkeep
|turn|9
|
|t:|1728071527
|switch|p2a: Jirachi|Jirachi|100/100
|move|p1a: Zapdos|Hidden Power|p2a: Jirachi
|-resisted|p2a: Jirachi
|-damage|p2a: Jirachi|92/100
|
|-heal|p1a: Zapdos|85/100|[from] item: Leftovers
|-heal|p2a: Jirachi|99/100|[from] item: Leftovers
|upkeep
|turn|10
|inactive|SaunkGod has 270 seconds left.
|inactive|SaunkGod has 240 seconds left.
|
|t:|1728071590
|switch|p1a: Metagross|Metagross|100/100
|-damage|p1a: Metagross|88/100|[from] Spikes
|move|p2a: Jirachi|Fire Punch|p1a: Metagross
|-supereffective|p1a: Metagross
|-damage|p1a: Metagross|55/100
|-status|p1a: Metagross|brn
|
|-heal|p2a: Jirachi|100/100|[from] item: Leftovers
|-damage|p1a: Metagross|43/100 brn|[from] brn
|upkeep
|turn|11
|inactive|SaunkGod has 240 seconds left.
|
|t:|1728071613
|switch|p1a: Suicune|Suicune|100/100
|-damage|p1a: Suicune|88/100|[from] Spikes
|move|p2a: Jirachi|Protect||[still]
|-fail|p2a: Jirachi
|
|-heal|p1a: Suicune|94/100|[from] item: Leftovers
|upkeep
|turn|12
|inactive|SaunkGod has 240 seconds left.
|
|t:|1728071619
|switch|p2a: Zapdos|Zapdos|100/100
|move|p1a: Suicune|Calm Mind|p1a: Suicune
|-boost|p1a: Suicune|spa|1
|-boost|p1a: Suicune|spd|1
|
|-heal|p1a: Suicune|100/100|[from] item: Leftovers
|upkeep
|turn|13
|inactive|SaunkGod has 240 seconds left.
|inactive|SaunkGod has 210 seconds left.
|
|t:|1728071675
|move|p1a: Suicune|Ice Beam|p2a: Zapdos
|-supereffective|p2a: Zapdos
|-damage|p2a: Zapdos|36/100
|move|p2a: Zapdos|Toxic|p1a: Suicune
|-status|p1a: Suicune|tox
|
|-damage|p1a: Suicune|94/100 tox|[from] psn
|-heal|p2a: Zapdos|42/100|[from] item: Leftovers
|upkeep
|turn|14
|
|t:|1728071685
|switch|p2a: Gengar|Gengar, M|100/100
|move|p1a: Suicune|Hydro Pump|p2a: Gengar
|-damage|p2a: Gengar|0 fnt
|faint|p2a: Gengar
|
|t:|1728071693
|switch|p2a: Jirachi|Jirachi|100/100
|
|-heal|p1a: Suicune|100/100 tox|[from] item: Leftovers
|-damage|p1a: Suicune|88/100 tox|[from] psn
|upkeep
|turn|15
|inactive|SaunkGod has 210 seconds left.
|
|t:|1728071702
|switch|p1a: Dugtrio|Dugtrio, M|100/100
|-damage|p1a: Dugtrio|88/100|[from] Spikes
|move|p2a: Jirachi|Wish|p2a: Jirachi
|
|upkeep
|turn|16
|
|t:|1728071708
|move|p1a: Dugtrio|Earthquake|p2a: Jirachi
|-supereffective|p2a: Jirachi
|-damage|p2a: Jirachi|14/100
|move|p2a: Jirachi|Body Slam|p1a: Dugtrio
|-damage|p1a: Dugtrio|38/100
|-status|p1a: Dugtrio|par
|
|-heal|p2a: Jirachi|64/100|[from] move: Wish|[wisher] Jirachi
|-heal|p2a: Jirachi|71/100|[from] item: Leftovers
|upkeep
|turn|17
|
|t:|1728071713
|move|p2a: Jirachi|Body Slam|p1a: Dugtrio
|-damage|p1a: Dugtrio|0 fnt
|faint|p1a: Dugtrio
|inactive|SaunkGod has 210 seconds left.
|
|t:|1728071754
|switch|p1a: Celebi|Celebi|100/100
|-damage|p1a: Celebi|88/100|[from] Spikes
|
|-heal|p1a: Celebi|94/100|[from] item: Leftovers
|-heal|p2a: Jirachi|77/100|[from] item: Leftovers
|upkeep
|turn|18
|
|t:|1728071762
|move|p1a: Celebi|Calm Mind|p1a: Celebi
|-boost|p1a: Celebi|spa|1
|-boost|p1a: Celebi|spd|1
|move|p2a: Jirachi|Wish|p2a: Jirachi
|
|-heal|p1a: Celebi|100/100|[from] item: Leftovers
|-heal|p2a: Jirachi|83/100|[from] item: Leftovers
|upkeep
|turn|19
|
|t:|1728071764
|move|p1a: Celebi|Calm Mind|p1a: Celebi
|-boost|p1a: Celebi|spa|1
|-boost|p1a: Celebi|spd|1
|move|p2a: Jirachi|Fire Punch|p1a: Celebi
|-supereffective|p1a: Celebi
|-damage|p1a: Celebi|84/100
|-status|p1a: Celebi|brn
|
|-heal|p2a: Jirachi|100/100|[from] move: Wish|[wisher] Jirachi
|-heal|p1a: Celebi|90/100 brn|[from] item: Leftovers
|-damage|p1a: Celebi|77/100 brn|[from] brn
|upkeep
|turn|20
|
|t:|1728071768
|move|p1a: Celebi|Hidden Power|p2a: Jirachi
|-supereffective|p2a: Jirachi
|-damage|p2a: Jirachi|38/100
|move|p2a: Jirachi|Wish|p2a: Jirachi
|
|-heal|p1a: Celebi|84/100 brn|[from] item: Leftovers
|-damage|p1a: Celebi|71/100 brn|[from] brn
|-heal|p2a: Jirachi|45/100|[from] item: Leftovers
|upkeep
|turn|21
|
|t:|1728071787
|switch|p2a: Zapdos|Zapdos|42/100
|move|p1a: Celebi|Baton Pass|p1a: Celebi
|
|t:|1728071798
|-curestatus|p1a: Celebi|brn|[from] ability: Natural Cure
|switch|p1a: Zapdos|Zapdos|85/100|[from] Baton Pass
|
|-heal|p2a: Zapdos|92/100|[from] move: Wish|[wisher] Jirachi
|-heal|p1a: Zapdos|91/100|[from] item: Leftovers
|-heal|p2a: Zapdos|98/100|[from] item: Leftovers
|upkeep
|turn|22
|
|t:|1728071816
|move|p1a: Zapdos|Thunderbolt|p2a: Zapdos
|-damage|p2a: Zapdos|38/100
|move|p2a: Zapdos|Thunderbolt|p1a: Zapdos
|-damage|p1a: Zapdos|71/100
|
|-heal|p1a: Zapdos|78/100|[from] item: Leftovers
|-heal|p2a: Zapdos|44/100|[from] item: Leftovers
|upkeep
|turn|23
|
|t:|1728071832
|switch|p2a: Flygon|Flygon, M|26/100
|move|p1a: Zapdos|Hidden Power|p2a: Flygon
|-supereffective|p2a: Flygon
|-damage|p2a: Flygon|0 fnt
|faint|p2a: Flygon
|
|t:|1728071838
|switch|p2a: Aerodactyl|Aerodactyl, M|100/100
|
|-heal|p1a: Zapdos|84/100|[from] item: Leftovers
|upkeep
|turn|24
|inactive|SaunkGod has 240 seconds left.
|
|t:|1728071849
|switch|p1a: Metagross|Metagross|43/100 brn
|-damage|p1a: Metagross|30/100 brn|[from] Spikes
|move|p2a: Aerodactyl|Rock Slide|p1a: Metagross
|-resisted|p1a: Metagross
|-damage|p1a: Metagross|14/100 brn
|
|-damage|p1a: Metagross|1/100 brn|[from] brn
|upkeep
|turn|25
|
|t:|1728071858
|switch|p2a: Skarmory|Skarmory, M|91/100
|move|p1a: Metagross|Explosion|p2a: Skarmory
|-resisted|p2a: Skarmory
|-damage|p2a: Skarmory|45/100
|faint|p1a: Metagross
|inactive|SaunkGod has 240 seconds left.
|
|t:|1728071877
|switch|p1a: Zapdos|Zapdos|84/100
|
|-heal|p1a: Zapdos|90/100|[from] item: Leftovers
|-heal|p2a: Skarmory|51/100|[from] item: Leftovers
|upkeep
|turn|26
|
|t:|1728071882
|move|p1a: Zapdos|Thunderbolt|p2a: Skarmory
|-supereffective|p2a: Skarmory
|-damage|p2a: Skarmory|0 fnt
|faint|p2a: Skarmory
|
|t:|1728071884
|switch|p2a: Aerodactyl|Aerodactyl, M|100/100
|
|-heal|p1a: Zapdos|96/100|[from] item: Leftovers
|upkeep
|turn|27
|inactive|SaunkGod has 240 seconds left.
|
|t:|1728071938
|move|p2a: Aerodactyl|Rock Slide|p1a: Zapdos
|-supereffective|p1a: Zapdos
|-damage|p1a: Zapdos|0 fnt
|faint|p1a: Zapdos
|
|t:|1728071944
|switch|p1a: Suicune|Suicune|88/100 tox
|-damage|p1a: Suicune|76/100 tox|[from] Spikes
|
|-heal|p1a: Suicune|82/100 tox|[from] item: Leftovers
|-damage|p1a: Suicune|76/100 tox|[from] psn
|upkeep
|turn|28
|
|t:|1728071952
|switch|p2a: Jirachi|Jirachi|45/100
|move|p1a: Suicune|Hydro Pump|p2a: Jirachi
|-damage|p2a: Jirachi|8/100
|
|-heal|p1a: Suicune|82/100 tox|[from] item: Leftovers
|-damage|p1a: Suicune|70/100 tox|[from] psn
|-heal|p2a: Jirachi|14/100|[from] item: Leftovers
|upkeep
|turn|29
|
|t:|1728071956
|move|p2a: Jirachi|Protect|p2a: Jirachi
|-singleturn|p2a: Jirachi|Protect
|move|p1a: Suicune|Calm Mind|p1a: Suicune
|-boost|p1a: Suicune|spa|1
|-boost|p1a: Suicune|spd|1
|
|-heal|p1a: Suicune|76/100 tox|[from] item: Leftovers
|-damage|p1a: Suicune|58/100 tox|[from] psn
|-heal|p2a: Jirachi|21/100|[from] item: Leftovers
|upkeep
|turn|30
|
|t:|1728071963
|move|p1a: Suicune|Hidden Power|p2a: Jirachi
|-damage|p2a: Jirachi|0 fnt
|faint|p2a: Jirachi
|
|t:|1728071967
|switch|p2a: Aerodactyl|Aerodactyl, M|100/100
|
|-heal|p1a: Suicune|64/100 tox|[from] item: Leftovers
|-damage|p1a: Suicune|39/100 tox|[from] psn
|upkeep
|turn|31
|inactive|SaunkGod has 240 seconds left.
|
|t:|1728071986
|move|p2a: Aerodactyl|Double-Edge|p1a: Suicune
|-damage|p1a: Suicune|0 fnt
|faint|p1a: Suicune
|
|t:|1728072001
|switch|p1a: Jolteon|Jolteon, M|100/100
|-damage|p1a: Jolteon|88/100|[from] Spikes
|
|-heal|p1a: Jolteon|94/100|[from] item: Leftovers
|upkeep
|turn|32
|
|t:|1728072011
|move|p2a: Aerodactyl|Double-Edge|p1a: Jolteon
|-damage|p1a: Jolteon|0 fnt
|faint|p1a: Jolteon
|c|☆SaunkGod|gg
|
|t:|1728072016
|switch|p1a: Celebi|Celebi|71/100
|-damage|p1a: Celebi|59/100|[from] Spikes
|
|-heal|p1a: Celebi|65/100|[from] item: Leftovers
|upkeep
|turn|33
|
|t:|1728072018
|switch|p2a: Zapdos|Zapdos|44/100
|move|p1a: Celebi|Giga Drain|p2a: Zapdos
|-resisted|p2a: Zapdos
|-damage|p2a: Zapdos|34/100
|-heal|p1a: Celebi|70/100|[from] drain|[of] p2a: Zapdos
|
|-heal|p1a: Celebi|77/100|[from] item: Leftovers
|-heal|p2a: Zapdos|40/100|[from] item: Leftovers
|upkeep
|turn|34
|
|t:|1728072024
|move|p1a: Celebi|Hidden Power|p2a: Zapdos
|-damage|p2a: Zapdos|25/100
|move|p2a: Zapdos|Toxic|p1a: Celebi|[miss]
|-miss|p2a: Zapdos|p1a: Celebi
|
|-heal|p1a: Celebi|83/100|[from] item: Leftovers
|-heal|p2a: Zapdos|31/100|[from] item: Leftovers
|upkeep
|turn|35
|
|t:|1728072028
|move|p1a: Celebi|Hidden Power|p2a: Zapdos
|-damage|p2a: Zapdos|15/100
|move|p2a: Zapdos|Toxic|p1a: Celebi|[miss]
|-miss|p2a: Zapdos|p1a: Celebi
|
|-heal|p1a: Celebi|89/100|[from] item: Leftovers
|-heal|p2a: Zapdos|22/100|[from] item: Leftovers
|upkeep
|turn|36
|
|t:|1728072035
|move|p1a: Celebi|Hidden Power|p2a: Zapdos
|-damage|p2a: Zapdos|7/100
|move|p2a: Zapdos|Toxic|p1a: Celebi
|-status|p1a: Celebi|tox
|
|-heal|p1a: Celebi|95/100 tox|[from] item: Leftovers
|-damage|p1a: Celebi|89/100 tox|[from] psn
|-heal|p2a: Zapdos|13/100|[from] item: Leftovers
|upkeep
|turn|37
|
|t:|1728072039
|move|p1a: Celebi|Hidden Power|p2a: Zapdos
|-damage|p2a: Zapdos|0 fnt
|faint|p2a: Zapdos
|
|t:|1728072041
|switch|p2a: Aerodactyl|Aerodactyl, M|100/100
|
|-heal|p1a: Celebi|95/100 tox|[from] item: Leftovers
|-damage|p1a: Celebi|83/100 tox|[from] psn
|upkeep
|turn|38
|
|t:|1728072043
|move|p2a: Aerodactyl|Hidden Power|p1a: Celebi
|-supereffective|p1a: Celebi
|-damage|p1a: Celebi|0 fnt
|faint|p1a: Celebi
|
|win|Temrane
|c|☆Temrane|gg
|c|☆SaunkGod|gg
|c|☆SaunkGod|u got replay?

</script>
<script type="application/json" class="data" id="replaydata-gen3ou-2216020489">
{"id":"gen3ou-2216020489","format":"[Gen 3] OU","players":["SaunkGod","Temrane"],"uploadtime":1728072059,"views":166,"formatid":"gen3ou","rating":null,"private":0,"password":null}
</script>

<script defer src="js/replays.js?9d40a366"></script>
