<!DOCTYPE html>
<meta charset="utf-8" />
<meta name="viewport" content="width=device-width" />

<title>[Gen 3] OU: sprasle vs. Hansenator - Replays - Pok&eacute;mon Showdown!</title>

<meta name="description" content="Watch a replay of a Pok&eacute;mon battle between sprasle and Hansenator! Format: [Gen 3] OU; Date: Oct 4, 2024" />
<!--

Hey, you! Looking in the source for the replay log?

You can find them in JSON format, just add `.json` at the end of a replay URL.

https://replay.pokemonshowdown.com/gen7randomdoublesbattle-865046831.json

Or, if you only need the log itself, add `.log` instead:

https://replay.pokemonshowdown.com/gen7randomdoublesbattle-865046831.log

-->

<link rel="stylesheet" href="//pokemonshowdown.com/style/global.css?0.023195364461161105" />
<link rel="stylesheet" href="//play.pokemonshowdown.com/style/font-awesome.css?0.13261647063804238" />
<link rel="stylesheet" href="//play.pokemonshowdown.com/style/battle.css?0.8753245789963631" />
<link rel="stylesheet" href="//play.pokemonshowdown.com/style/utilichart.css?0.8627959624976733" />

<!-- Global site tag (gtag.js) - Google Analytics -->
<script async src="https://www.googletagmanager.com/gtag/js?id=UA-26211653-1"></script>
<script>
  window.dataLayer = window.dataLayer || [];
  function gtag(){dataLayer.push(arguments);}
  gtag('js', new Date());

  gtag('config', 'UA-26211653-1');
</script>
<!-- End Google Analytics -->
<!-- Venatus Ad Manager - Install in <HEAD> of page -->
	<script src="https://hb.vntsm.com/v3/live/ad-manager.min.js" type="text/javascript" data-site-id="642aba63ec9a7b11c3c9c1be" data-mode="scan" async></script>
<!-- / Venatus Ad Manager -->

<style>
	@media (max-width:820px) {
		.battle {
			margin: 0 auto;
		}
		.battle-log {
			margin: 7px auto 0;
			max-width: 640px;
			height: 300px;
			position: static;
		}
	}
	.optgroup {
		display: inline-block;
		line-height: 22px;
		font-size: 10pt;
	}
	.optgroup .button {
		height: 25px;
		padding-top: 0;
		padding-bottom: 0;
	}
	.optgroup button.button {
		padding-left: 12px;
		padding-right: 12px;
	}
	.linklist {
		list-style: none;
		margin: 0.5em 0;
		padding: 0;
	}
	.linklist li {
		padding: 2px 0;
	}
	.sidebar {
		float: left;
		width: 320px;
	}
	.bar-wrapper {
		max-width: 1100px;
		margin: 0 auto;
	}
	.bar-wrapper.has-sidebar {
		max-width: 1430px;
	}
	.mainbar {
		margin: 0;
		padding-right: 1px;
	}
	.mainbar.has-sidebar {
		margin-left: 330px;
	}
	@media (min-width: 1511px) {
		.sidebar {
			width: 400px;
		}
		.bar-wrapper.has-sidebar {
			max-width: 1510px;
		}
		.mainbar.has-sidebar {
			margin-left: 410px;
		}
	}
	.section.first-section {
		margin-top: 9px;
	}
	.blocklink small {
		white-space: normal;
	}
	.button {
		vertical-align: middle;
	}
	.replay-controls {
		padding-top: 10px;
	}
	.replay-controls h1 {
		font-size: 16pt;
		font-weight: normal;
		color: #CCC;
	}
	.pagelink {
		text-align: center;
	}
	.pagelink a {
		width: 150px;
	}
	.textbox, .button {
		font-size: 11pt;
		vertical-align: middle;
	}
	@media (max-width: 450px) {
		.button {
			font-size: 9pt;
		}
	}
</style>

<div>

	<header>
		<div class="nav-wrapper"><ul class="nav">
			<li><a class="button nav-first" href="//pokemonshowdown.com/"><img src="//pokemonshowdown.com/images/pokemonshowdownbeta.png" srcset="//pokemonshowdown.com/images/pokemonshowdownbeta.png 1x, //pokemonshowdown.com/images/pokemonshowdownbeta@2x.png 2x" alt="Pok&eacute;mon Showdown" width="146" height="44" /> Home</a></li>
			<li><a class="button" href="//pokemonshowdown.com/dex/">Pok&eacute;dex</a></li>
			<li><a class="button cur" href="/">Replays</a></li>
			<li><a class="button" href="//pokemonshowdown.com/ladder/">Ladder</a></li>
			<li><a class="button nav-last" href="//pokemonshowdown.com/forums/">Forum</a></li>
			<li><a class="button greenbutton nav-first nav-last" href="//play.pokemonshowdown.com/">Play</a></li>
		</ul></div>
	</header>

	<div class="main" id="main">

		<noscript><section class="section">You need to enable JavaScript to use this page; sorry!</section></noscript>

	</div>

</div>

<script defer nomodule src="//play.pokemonshowdown.com/js/lib/ps-polyfill.js"></script>
<script defer src="//play.pokemonshowdown.com/js/lib/preact.min.js"></script>

<script defer src="//play.pokemonshowdown.com/config/config.js?2bddbc15"></script>
<script defer src="//play.pokemonshowdown.com/js/lib/jquery-1.11.0.min.js"></script>
<script defer src="//play.pokemonshowdown.com/js/lib/html-sanitizer-minified.js"></script>
<script defer src="//play.pokemonshowdown.com/js/battle-sound.js"></script>
<script defer src="//play.pokemonshowdown.com/js/battledata.js?0.7209276989879541"></script>
<script defer src="//play.pokemonshowdown.com/data/pokedex-mini.js?0.6111056340867951"></script>
<script defer src="//play.pokemonshowdown.com/data/pokedex-mini-bw.js?0.3532142036491459"></script>
<script defer src="//play.pokemonshowdown.com/data/graphics.js?0.24223875632456182"></script>
<script defer src="//play.pokemonshowdown.com/data/pokedex.js?0.38839984266356864"></script>
<script defer src="//play.pokemonshowdown.com/data/moves.js?0.21866028504024015"></script>
<script defer src="//play.pokemonshowdown.com/data/abilities.js?0.2005157953846628"></script>
<script defer src="//play.pokemonshowdown.com/data/items.js?0.9894211263848525"></script>
<script defer src="//play.pokemonshowdown.com/data/teambuilder-tables.js?0.6008791140282215"></script>
<script defer src="//play.pokemonshowdown.com/js/battle-tooltips.js?0.7580118955022959"></script>
<script defer src="//play.pokemonshowdown.com/js/battle.js?0.6057722274234274"></script>

<script defer src="js/utils.js?e31f9a17"></script>
<script defer src="js/replays-battle.js?7008c182"></script>

<!-- don't scrape this data! just add .json or .log after the URL!
Full API docs: https://github.com/smogon/pokemon-showdown-client/blob/master/WEB-API.md -->
<script type="text/plain" class="log" id="replaylog-smogtours-gen3ou-794586">
|inactive|Battle timer is ON: inactive players will automatically lose when time's up.
|t:|1728061413
|gametype|singles
|player|p1|sprasle|brycen|
|player|p2|Hansenator|170|
|teamsize|p1|6
|teamsize|p2|6
|gen|3
|tier|[Gen 3] OU
|rule|Sleep Clause Mod: Limit one foe put to sleep
|rule|Switch Priority Clause Mod: Faster Pokémon switch first
|rule|Species Clause: Limit one of each Pokémon
|rule|OHKO Clause: OHKO moves are banned
|rule|Evasion Items Clause: Evasion items are banned
|rule|Evasion Moves Clause: Evasion moves are banned
|rule|Endless Battle Clause: Forcing endless battles is banned
|rule|HP Percentage Mod: HP is shown in percentages
|rule|One Boost Passer Clause: Limit one Baton Passer that has a way to boost its stats
|rule|Freeze Clause Mod: Limit one foe frozen
|
|t:|1728061413
|start
|switch|p1a: Skarmory|Skarmory, F|100/100
|switch|p2a: Hariyama|Hariyama, F|100/100
|turn|1
|c|☆Hansenator|Okay
|c|☆Hansenator|glhf again!
|c|☆sprasle|glhf
|
|t:|1728061432
|move|p1a: Skarmory|Protect|p1a: Skarmory
|-singleturn|p1a: Skarmory|Protect
|move|p2a: Hariyama|Knock Off|p1a: Skarmory
|-activate|p1a: Skarmory|Protect
|
|upkeep
|turn|2
|
|t:|1728061441
|move|p1a: Skarmory|Spikes|p2a: Hariyama
|-sidestart|p2: Hansenator|Spikes
|move|p2a: Hariyama|Knock Off|p1a: Skarmory
|-resisted|p1a: Skarmory
|-crit|p1a: Skarmory
|-damage|p1a: Skarmory|98/100
|-enditem|p1a: Skarmory|Leftovers|[from] move: Knock Off|[of] p2a: Hariyama
|-hint|In Gens 3-4, Knock Off only makes the target's item unusable; it cannot obtain a new item.
|
|upkeep
|turn|3
|
|t:|1728061451
|switch|p2a: Starmie|Starmie|100/100
|-damage|p2a: Starmie|88/100|[from] Spikes
|move|p1a: Skarmory|Whirlwind|p2a: Starmie
|drag|p2a: Hariyama|Hariyama, F|100/100
|-damage|p2a: Hariyama|88/100|[from] Spikes
|
|-heal|p2a: Hariyama|94/100|[from] item: Leftovers
|upkeep
|turn|4
|
|t:|1728061471
|move|p1a: Skarmory|Spikes|p2a: Hariyama
|-sidestart|p2: Hansenator|Spikes
|move|p2a: Hariyama|Brick Break|p1a: Skarmory
|-damage|p1a: Skarmory|70/100
|
|-heal|p2a: Hariyama|99/100|[from] item: Leftovers
|upkeep
|turn|5
|
|t:|1728061495
|switch|p2a: Starmie|Starmie|88/100
|-damage|p2a: Starmie|71/100|[from] Spikes
|move|p1a: Skarmory|Whirlwind|p2a: Starmie
|drag|p2a: Jirachi|Jirachi|100/100
|-damage|p2a: Jirachi|84/100|[from] Spikes
|
|-heal|p2a: Jirachi|90/100|[from] item: Leftovers
|upkeep
|turn|6
|
|t:|1728061514
|switch|p1a: Swampert|Swampert, M|100/100
|move|p2a: Jirachi|Fire Punch|p1a: Swampert
|-resisted|p1a: Swampert
|-damage|p1a: Swampert|94/100
|
|-heal|p2a: Jirachi|96/100|[from] item: Leftovers
|-heal|p1a: Swampert|99/100|[from] item: Leftovers
|upkeep
|turn|7
|
|t:|1728061525
|switch|p2a: Starmie|Starmie|71/100
|-damage|p2a: Starmie|55/100|[from] Spikes
|move|p1a: Swampert|Earthquake|p2a: Starmie
|-damage|p2a: Starmie|8/100
|
|-heal|p2a: Starmie|14/100|[from] item: Leftovers
|-heal|p1a: Swampert|100/100|[from] item: Leftovers
|upkeep
|turn|8
|
|t:|1728061539
|move|p2a: Starmie|Recover|p2a: Starmie
|-heal|p2a: Starmie|64/100
|move|p1a: Swampert|Earthquake|p2a: Starmie
|-damage|p2a: Starmie|23/100
|
|-heal|p2a: Starmie|29/100|[from] item: Leftovers
|upkeep
|turn|9
|
|t:|1728061551
|move|p2a: Starmie|Recover|p2a: Starmie
|-heal|p2a: Starmie|79/100
|move|p1a: Swampert|Toxic|p2a: Starmie|[miss]
|-miss|p1a: Swampert|p2a: Starmie
|
|-heal|p2a: Starmie|85/100|[from] item: Leftovers
|upkeep
|turn|10
|
|t:|1728061555
|move|p2a: Starmie|Rapid Spin|p1a: Swampert
|-damage|p1a: Swampert|99/100
|-sideend|p2: Hansenator|Spikes|[from] move: Rapid Spin|[of] p2a: Starmie
|move|p1a: Swampert|Toxic|p2a: Starmie
|-status|p2a: Starmie|tox
|
|-heal|p2a: Starmie|91/100 tox|[from] item: Leftovers
|-damage|p2a: Starmie|85/100 tox|[from] psn
|-heal|p1a: Swampert|100/100|[from] item: Leftovers
|upkeep
|turn|11
|
|t:|1728061565
|-curestatus|p2a: Starmie|tox|[from] ability: Natural Cure
|switch|p2a: Celebi|Celebi|100/100
|switch|p1a: Blissey|Blissey, F|100/100
|
|upkeep
|turn|12
|
|t:|1728061588
|move|p2a: Celebi|Leech Seed|p1a: Blissey
|-start|p1a: Blissey|move: Leech Seed
|move|p1a: Blissey|Ice Beam|p2a: Celebi
|-supereffective|p2a: Celebi
|-damage|p2a: Celebi|54/100
|
|-heal|p2a: Celebi|60/100|[from] item: Leftovers
|-damage|p1a: Blissey|88/100|[from] Leech Seed|[of] p2a: Celebi
|-heal|p2a: Celebi|80/100|[silent]
|upkeep
|turn|13
|
|t:|1728061608
|switch|p2a: Hariyama|Hariyama, F|99/100
|switch|p1a: Aerodactyl|Aerodactyl, M|100/100
|
|-heal|p2a: Hariyama|100/100|[from] item: Leftovers
|upkeep
|turn|14
|inactive|sprasle has 270 seconds left.
|
|t:|1728061629
|switch|p1a: Swampert|Swampert, M|100/100
|move|p2a: Hariyama|Knock Off|p1a: Swampert
|-crit|p1a: Swampert
|-damage|p1a: Swampert|97/100
|-enditem|p1a: Swampert|Leftovers|[from] move: Knock Off|[of] p2a: Hariyama
|
|upkeep
|turn|15
|
|t:|1728061637
|switch|p2a: Celebi|Celebi|80/100
|move|p1a: Swampert|Toxic|p2a: Celebi|[miss]
|-miss|p1a: Swampert|p2a: Celebi
|
|-heal|p2a: Celebi|86/100|[from] item: Leftovers
|upkeep
|turn|16
|
|t:|1728061649
|switch|p1a: Gengar|Gengar, M|100/100
|move|p2a: Celebi|Leech Seed|p1a: Gengar
|-start|p1a: Gengar|move: Leech Seed
|
|-damage|p1a: Gengar|88/100|[from] Leech Seed|[of] p2a: Celebi
|-heal|p2a: Celebi|94/100|[silent]
|-heal|p2a: Celebi|100/100|[from] item: Leftovers
|upkeep
|turn|17
|
|t:|1728061657
|move|p1a: Gengar|Ice Punch|p2a: Celebi
|-supereffective|p2a: Celebi
|-damage|p2a: Celebi|52/100
|move|p2a: Celebi|Psychic|p1a: Gengar
|-supereffective|p1a: Gengar
|-damage|p1a: Gengar|0 fnt
|faint|p1a: Gengar
|
|t:|1728061662
|switch|p1a: Aerodactyl|Aerodactyl, M|100/100
|
|-heal|p2a: Celebi|59/100|[from] item: Leftovers
|upkeep
|turn|18
|
|t:|1728061668
|switch|p2a: Salamence|Salamence, M|100/100
|-ability|p2a: Salamence|Intimidate|boost
|-unboost|p1a: Aerodactyl|atk|1
|move|p1a: Aerodactyl|Double-Edge|p2a: Salamence
|-damage|p2a: Salamence|74/100
|
|-heal|p2a: Salamence|80/100|[from] item: Leftovers
|upkeep
|turn|19
|
|t:|1728061684
|switch|p1a: Skarmory|Skarmory, F|70/100
|move|p2a: Salamence|Toxic|p1a: Skarmory|[miss]
|-miss|p2a: Salamence|p1a: Skarmory
|
|-heal|p2a: Salamence|86/100|[from] item: Leftovers
|upkeep
|turn|20
|
|t:|1728061693
|move|p1a: Skarmory|Protect|p1a: Skarmory
|-singleturn|p1a: Skarmory|Protect
|move|p2a: Salamence|Flamethrower|p1a: Skarmory
|-activate|p1a: Skarmory|Protect
|
|-heal|p2a: Salamence|92/100|[from] item: Leftovers
|upkeep
|turn|21
|
|t:|1728061711
|switch|p1a: Swampert|Swampert, M|97/100
|move|p2a: Salamence|Toxic|p1a: Swampert
|-status|p1a: Swampert|tox
|
|-heal|p2a: Salamence|98/100|[from] item: Leftovers
|-damage|p1a: Swampert|91/100 tox|[from] psn
|upkeep
|turn|22
|
|t:|1728061718
|switch|p2a: Celebi|Celebi|59/100
|move|p1a: Swampert|Toxic|p2a: Celebi
|-status|p2a: Celebi|tox
|
|-heal|p2a: Celebi|65/100 tox|[from] item: Leftovers
|-damage|p2a: Celebi|59/100 tox|[from] psn
|-damage|p1a: Swampert|78/100 tox|[from] psn
|upkeep
|turn|23
|
|t:|1728061724
|switch|p1a: Aerodactyl|Aerodactyl, M|100/100
|move|p2a: Celebi|Recover|p2a: Celebi
|-heal|p2a: Celebi|100/100 tox
|
|-damage|p2a: Celebi|88/100 tox|[from] psn
|upkeep
|turn|24
|
|t:|1728061732
|-curestatus|p2a: Celebi|tox|[from] ability: Natural Cure
|switch|p2a: Jirachi|Jirachi|96/100
|move|p1a: Aerodactyl|Hidden Power|p2a: Jirachi
|-damage|p2a: Jirachi|69/100
|
|-heal|p2a: Jirachi|76/100|[from] item: Leftovers
|upkeep
|turn|25
|
|t:|1728061749
|switch|p1a: Swampert|Swampert, M|78/100 tox
|move|p2a: Jirachi|Body Slam|p1a: Swampert
|-damage|p1a: Swampert|66/100 tox
|
|-heal|p2a: Jirachi|82/100|[from] item: Leftovers
|-damage|p1a: Swampert|60/100 tox|[from] psn
|upkeep
|turn|26
|
|t:|1728061760
|move|p2a: Jirachi|Protect|p2a: Jirachi
|-singleturn|p2a: Jirachi|Protect
|move|p1a: Swampert|Hydro Pump|p2a: Jirachi|[miss]
|-miss|p1a: Swampert|p2a: Jirachi
|
|-heal|p2a: Jirachi|88/100|[from] item: Leftovers
|-damage|p1a: Swampert|47/100 tox|[from] psn
|upkeep
|turn|27
|
|t:|1728061783
|move|p2a: Jirachi|Wish|p2a: Jirachi
|move|p1a: Swampert|Earthquake|p2a: Jirachi
|-supereffective|p2a: Jirachi
|-damage|p2a: Jirachi|36/100
|
|-heal|p2a: Jirachi|43/100|[from] item: Leftovers
|-damage|p1a: Swampert|29/100 tox|[from] psn
|upkeep
|turn|28
|
|t:|1728061792
|switch|p1a: Aerodactyl|Aerodactyl, M|100/100
|move|p2a: Jirachi|Protect||[still]
|-fail|p2a: Jirachi
|
|-heal|p2a: Jirachi|93/100|[from] move: Wish|[wisher] Jirachi
|-heal|p2a: Jirachi|99/100|[from] item: Leftovers
|upkeep
|turn|29
|
|t:|1728061800
|move|p2a: Jirachi|Protect|p2a: Jirachi
|-singleturn|p2a: Jirachi|Protect
|move|p1a: Aerodactyl|Rock Slide|p2a: Jirachi
|-activate|p2a: Jirachi|Protect
|
|-heal|p2a: Jirachi|100/100|[from] item: Leftovers
|upkeep
|turn|30
|
|t:|1728061822
|switch|p1a: Tyranitar|Tyranitar, M|100/100
|-weather|Sandstorm|[from] ability: Sand Stream|[of] p1a: Tyranitar
|move|p2a: Jirachi|Body Slam|p1a: Tyranitar
|-resisted|p1a: Tyranitar
|-damage|p1a: Tyranitar|93/100
|-status|p1a: Tyranitar|par
|
|-weather|Sandstorm|[upkeep]
|-heal|p1a: Tyranitar|99/100 par|[from] item: Leftovers
|upkeep
|turn|31
|
|t:|1728061831
|switch|p2a: Hariyama|Hariyama, F|100/100
|cant|p1a: Tyranitar|par
|
|-weather|Sandstorm|[upkeep]
|-damage|p2a: Hariyama|94/100|[from] Sandstorm
|-heal|p2a: Hariyama|100/100|[from] item: Leftovers
|-heal|p1a: Tyranitar|100/100 par|[from] item: Leftovers
|upkeep
|turn|32
|
|t:|1728061840
|-singleturn|p2a: Hariyama|move: Focus Punch
|switch|p1a: Skarmory|Skarmory, F|70/100
|move|p2a: Hariyama|Focus Punch|p1a: Skarmory
|-crit|p1a: Skarmory
|-damage|p1a: Skarmory|0 fnt
|faint|p1a: Skarmory
|-message|sprasle forfeited.
|
|win|Hansenator
|c|☆sprasle|gg

</script>
<script type="application/json" class="data" id="replaydata-smogtours-gen3ou-794586">
{"id":"smogtours-gen3ou-794586","format":"[Gen 3] OU","players":["sprasle","Hansenator"],"uploadtime":1728061859,"views":101,"formatid":"gen3ou","rating":null,"private":0,"password":null}
</script>

<script defer src="js/replays.js?9d40a366"></script>
