<!DOCTYPE html>
<meta charset="utf-8" />
<meta name="viewport" content="width=device-width" />

<title>[Gen 3] OU: ALlCE vs. Churielix - Replays - Pok&eacute;mon Showdown!</title>

<meta name="description" content="Watch a replay of a Pok&eacute;mon battle between ALlCE and Churielix! Format: [Gen 3] OU; Date: Oct 27, 2024" />
<!--

Hey, you! Looking in the source for the replay log?

You can find them in JSON format, just add `.json` at the end of a replay URL.

https://replay.pokemonshowdown.com/gen7randomdoublesbattle-865046831.json

Or, if you only need the log itself, add `.log` instead:

https://replay.pokemonshowdown.com/gen7randomdoublesbattle-865046831.log

-->

<link rel="stylesheet" href="//pokemonshowdown.com/style/global.css?0.023195364461161105" />
<link rel="stylesheet" href="//play.pokemonshowdown.com/style/font-awesome.css?0.13261647063804238" />
<link rel="stylesheet" href="//play.pokemonshowdown.com/style/battle.css?0.8753245789963631" />
<link rel="stylesheet" href="//play.pokemonshowdown.com/style/utilichart.css?0.8627959624976733" />

<!-- Global site tag (gtag.js) - Google Analytics -->
<script async src="https://www.googletagmanager.com/gtag/js?id=UA-26211653-1"></script>
<script>
  window.dataLayer = window.dataLayer || [];
  function gtag(){dataLayer.push(arguments);}
  gtag('js', new Date());

  gtag('config', 'UA-26211653-1');
</script>
<!-- End Google Analytics -->
<!-- Venatus Ad Manager - Install in <HEAD> of page -->
	<script src="https://hb.vntsm.com/v3/live/ad-manager.min.js" type="text/javascript" data-site-id="642aba63ec9a7b11c3c9c1be" data-mode="scan" async></script>
<!-- / Venatus Ad Manager -->

<style>
	@media (max-width:820px) {
		.battle {
			margin: 0 auto;
		}
		.battle-log {
			margin: 7px auto 0;
			max-width: 640px;
			height: 300px;
			position: static;
		}
	}
	.optgroup {
		display: inline-block;
		line-height: 22px;
		font-size: 10pt;
	}
	.optgroup .button {
		height: 25px;
		padding-top: 0;
		padding-bottom: 0;
	}
	.optgroup button.button {
		padding-left: 12px;
		padding-right: 12px;
	}
	.linklist {
		list-style: none;
		margin: 0.5em 0;
		padding: 0;
	}
	.linklist li {
		padding: 2px 0;
	}
	.sidebar {
		float: left;
		width: 320px;
	}
	.bar-wrapper {
		max-width: 1100px;
		margin: 0 auto;
	}
	.bar-wrapper.has-sidebar {
		max-width: 1430px;
	}
	.mainbar {
		margin: 0;
		padding-right: 1px;
	}
	.mainbar.has-sidebar {
		margin-left: 330px;
	}
	@media (min-width: 1511px) {
		.sidebar {
			width: 400px;
		}
		.bar-wrapper.has-sidebar {
			max-width: 1510px;
		}
		.mainbar.has-sidebar {
			margin-left: 410px;
		}
	}
	.section.first-section {
		margin-top: 9px;
	}
	.blocklink small {
		white-space: normal;
	}
	.button {
		vertical-align: middle;
	}
	.replay-controls {
		padding-top: 10px;
	}
	.replay-controls h1 {
		font-size: 16pt;
		font-weight: normal;
		color: #CCC;
	}
	.pagelink {
		text-align: center;
	}
	.pagelink a {
		width: 150px;
	}
	.textbox, .button {
		font-size: 11pt;
		vertical-align: middle;
	}
	@media (max-width: 450px) {
		.button {
			font-size: 9pt;
		}
	}
</style>

<div>

	<header>
		<div class="nav-wrapper"><ul class="nav">
			<li><a class="button nav-first" href="//pokemonshowdown.com/"><img src="//pokemonshowdown.com/images/pokemonshowdownbeta.png" srcset="//pokemonshowdown.com/images/pokemonshowdownbeta.png 1x, //pokemonshowdown.com/images/pokemonshowdownbeta@2x.png 2x" alt="Pok&eacute;mon Showdown" width="146" height="44" /> Home</a></li>
			<li><a class="button" href="//pokemonshowdown.com/dex/">Pok&eacute;dex</a></li>
			<li><a class="button cur" href="/">Replays</a></li>
			<li><a class="button" href="//pokemonshowdown.com/ladder/">Ladder</a></li>
			<li><a class="button nav-last" href="//pokemonshowdown.com/forums/">Forum</a></li>
			<li><a class="button greenbutton nav-first nav-last" href="//play.pokemonshowdown.com/">Play</a></li>
		</ul></div>
	</header>

	<div class="main" id="main">

		<noscript><section class="section">You need to enable JavaScript to use this page; sorry!</section></noscript>

	</div>

</div>

<script defer nomodule src="//play.pokemonshowdown.com/js/lib/ps-polyfill.js"></script>
<script defer src="//play.pokemonshowdown.com/js/lib/preact.min.js"></script>

<script defer src="//play.pokemonshowdown.com/config/config.js?2bddbc15"></script>
<script defer src="//play.pokemonshowdown.com/js/lib/jquery-1.11.0.min.js"></script>
<script defer src="//play.pokemonshowdown.com/js/lib/html-sanitizer-minified.js"></script>
<script defer src="//play.pokemonshowdown.com/js/battle-sound.js"></script>
<script defer src="//play.pokemonshowdown.com/js/battledata.js?0.7209276989879541"></script>
<script defer src="//play.pokemonshowdown.com/data/pokedex-mini.js?0.6111056340867951"></script>
<script defer src="//play.pokemonshowdown.com/data/pokedex-mini-bw.js?0.3532142036491459"></script>
<script defer src="//play.pokemonshowdown.com/data/graphics.js?0.24223875632456182"></script>
<script defer src="//play.pokemonshowdown.com/data/pokedex.js?0.38839984266356864"></script>
<script defer src="//play.pokemonshowdown.com/data/moves.js?0.21866028504024015"></script>
<script defer src="//play.pokemonshowdown.com/data/abilities.js?0.2005157953846628"></script>
<script defer src="//play.pokemonshowdown.com/data/items.js?0.9894211263848525"></script>
<script defer src="//play.pokemonshowdown.com/data/teambuilder-tables.js?0.6008791140282215"></script>
<script defer src="//play.pokemonshowdown.com/js/battle-tooltips.js?0.7580118955022959"></script>
<script defer src="//play.pokemonshowdown.com/js/battle.js?0.6057722274234274"></script>

<script defer src="js/utils.js?e31f9a17"></script>
<script defer src="js/replays-battle.js?7008c182"></script>

<!-- don't scrape this data! just add .json or .log after the URL!
Full API docs: https://github.com/smogon/pokemon-showdown-client/blob/master/WEB-API.md -->
<script type="text/plain" class="log" id="replaylog-smogtours-gen3ou-802376">
|inactive|Battle timer is ON: inactive players will automatically lose when time's up.
|t:|1729992978
|gametype|singles
|player|p1|ALlCE|#splxvsharks|
|player|p2|Churielix|blackbelt|
|teamsize|p1|6
|teamsize|p2|6
|gen|3
|tier|[Gen 3] OU
|rule|Sleep Clause Mod: Limit one foe put to sleep
|rule|Switch Priority Clause Mod: Faster Pokémon switch first
|rule|Species Clause: Limit one of each Pokémon
|rule|OHKO Clause: OHKO moves are banned
|rule|Evasion Items Clause: Evasion items are banned
|rule|Evasion Moves Clause: Evasion moves are banned
|rule|Endless Battle Clause: Forcing endless battles is banned
|rule|HP Percentage Mod: HP is shown in percentages
|rule|One Boost Passer Clause: Limit one Baton Passer that has a way to boost its stats
|rule|Freeze Clause Mod: Limit one foe frozen
|
|t:|1729992978
|start
|switch|p1a: Tyranitar|Tyranitar, M|100/100
|switch|p2a: Tyranitar|Tyranitar, F|100/100
|-weather|Sandstorm|[from] ability: Sand Stream|[of] p2a: Tyranitar
|turn|1
|
|t:|1729992984
|switch|p2a: Skarmory|Skarmory, M|100/100
|move|p1a: Tyranitar|Earthquake|p2a: Skarmory
|-immune|p2a: Skarmory
|
|-weather|Sandstorm|[upkeep]
|upkeep
|turn|2
|
|t:|1729992988
|move|p1a: Tyranitar|Rock Slide|p2a: Skarmory
|-damage|p2a: Skarmory|70/100
|cant|p2a: Skarmory|flinch
|
|-weather|Sandstorm|[upkeep]
|-heal|p2a: Skarmory|76/100|[from] item: Leftovers
|upkeep
|turn|3
|
|t:|1729992993
|move|p1a: Tyranitar|Rock Slide|p2a: Skarmory
|-damage|p2a: Skarmory|48/100
|move|p2a: Skarmory|Toxic|p1a: Tyranitar
|-status|p1a: Tyranitar|tox
|
|-weather|Sandstorm|[upkeep]
|-damage|p1a: Tyranitar|94/100 tox|[from] psn
|-heal|p2a: Skarmory|54/100|[from] item: Leftovers
|upkeep
|turn|4
|c|☆ALlCE|hf!
|c|☆ALlCE|/log ALlCE made the replay of this battle unlisted.
|
|t:|1729992999
|move|p1a: Tyranitar|Rock Slide|p2a: Skarmory
|-damage|p2a: Skarmory|23/100
|move|p2a: Skarmory|Spikes|p1a: Tyranitar
|-sidestart|p1: ALlCE|Spikes
|
|-weather|Sandstorm|[upkeep]
|-damage|p1a: Tyranitar|82/100 tox|[from] psn
|-heal|p2a: Skarmory|29/100|[from] item: Leftovers
|upkeep
|turn|5
|c|☆Churielix|u2
|
|t:|1729993028
|switch|p2a: Claydol|Claydol|100/100
|move|p1a: Tyranitar|Dragon Dance|p1a: Tyranitar
|-boost|p1a: Tyranitar|atk|1
|-boost|p1a: Tyranitar|spe|1
|
|-weather|Sandstorm|[upkeep]
|-damage|p1a: Tyranitar|63/100 tox|[from] psn
|upkeep
|turn|6
|
|t:|1729993035
|switch|p1a: Skarmory|Skarmory, F|100/100
|move|p2a: Claydol|Earthquake|p1a: Skarmory
|-immune|p1a: Skarmory
|
|-weather|Sandstorm|[upkeep]
|upkeep
|turn|7
|
|t:|1729993047
|switch|p2a: Breloom|Breloom, F, shiny|100/100
|move|p1a: Skarmory|Spikes|p2a: Breloom
|-sidestart|p2: Churielix|Spikes
|
|-weather|Sandstorm|[upkeep]
|-damage|p2a: Breloom|94/100|[from] Sandstorm
|-heal|p2a: Breloom|100/100|[from] item: Leftovers
|upkeep
|turn|8
|
|t:|1729993050
|move|p2a: Breloom|Spore|p1a: Skarmory
|-status|p1a: Skarmory|slp|[from] move: Spore
|cant|p1a: Skarmory|slp
|
|-weather|Sandstorm|[upkeep]
|-damage|p2a: Breloom|94/100|[from] Sandstorm
|-heal|p2a: Breloom|100/100|[from] item: Leftovers
|upkeep
|turn|9
|
|t:|1729993054
|switch|p2a: Skarmory|Skarmory, M|29/100
|switch|p1a: Celebi|Celebi|100/100
|-damage|p1a: Celebi|88/100|[from] Spikes
|
|-weather|Sandstorm|[upkeep]
|-damage|p1a: Celebi|82/100|[from] Sandstorm
|-heal|p1a: Celebi|88/100|[from] item: Leftovers
|-heal|p2a: Skarmory|35/100|[from] item: Leftovers
|upkeep
|turn|10
|
|t:|1729993059
|move|p1a: Celebi|Hidden Power|p2a: Skarmory
|-supereffective|p2a: Skarmory
|-damage|p2a: Skarmory|0 fnt
|faint|p2a: Skarmory
|
|t:|1729993064
|switch|p2a: Tyranitar|Tyranitar, F|100/100
|-damage|p2a: Tyranitar|88/100|[from] Spikes
|
|-weather|Sandstorm|[upkeep]
|-damage|p1a: Celebi|82/100|[from] Sandstorm
|-heal|p1a: Celebi|88/100|[from] item: Leftovers
|-heal|p2a: Tyranitar|94/100|[from] item: Leftovers
|upkeep
|turn|11
|
|t:|1729993067
|move|p1a: Celebi|Giga Drain|p2a: Tyranitar
|-supereffective|p2a: Tyranitar
|-damage|p2a: Tyranitar|43/100
|-heal|p1a: Celebi|100/100|[from] drain|[of] p2a: Tyranitar
|move|p2a: Tyranitar|Crunch|p1a: Celebi
|-supereffective|p1a: Celebi
|-damage|p1a: Celebi|40/100
|
|-weather|Sandstorm|[upkeep]
|-damage|p1a: Celebi|34/100|[from] Sandstorm
|-heal|p1a: Celebi|40/100|[from] item: Leftovers
|-heal|p2a: Tyranitar|49/100|[from] item: Leftovers
|upkeep
|turn|12
|
|t:|1729993075
|switch|p2a: Jirachi|Jirachi, shiny|100/100
|-damage|p2a: Jirachi|88/100|[from] Spikes
|move|p1a: Celebi|Giga Drain|p2a: Jirachi
|-resisted|p2a: Jirachi
|-damage|p2a: Jirachi|78/100
|-heal|p1a: Celebi|45/100|[from] drain|[of] p2a: Jirachi
|
|-weather|Sandstorm|[upkeep]
|-damage|p1a: Celebi|39/100|[from] Sandstorm
|-heal|p1a: Celebi|45/100|[from] item: Leftovers
|-heal|p2a: Jirachi|85/100|[from] item: Leftovers
|upkeep
|turn|13
|
|t:|1729993081
|switch|p1a: Swampert|Swampert, M|100/100
|-damage|p1a: Swampert|88/100|[from] Spikes
|move|p2a: Jirachi|Body Slam|p1a: Swampert
|-damage|p1a: Swampert|72/100
|-status|p1a: Swampert|par
|
|-weather|Sandstorm|[upkeep]
|-heal|p2a: Jirachi|91/100|[from] item: Leftovers
|-heal|p1a: Swampert|78/100 par|[from] item: Leftovers
|upkeep
|turn|14
|
|t:|1729993088
|move|p2a: Jirachi|Wish|p2a: Jirachi
|move|p1a: Swampert|Refresh|p1a: Swampert
|-curestatus|p1a: Swampert|par|[msg]
|
|-weather|Sandstorm|[upkeep]
|-heal|p2a: Jirachi|97/100|[from] item: Leftovers
|-heal|p1a: Swampert|84/100|[from] item: Leftovers
|upkeep
|turn|15
|
|t:|1729993097
|switch|p2a: Zapdos|Zapdos|100/100
|move|p1a: Swampert|Ice Beam|p2a: Zapdos
|-supereffective|p2a: Zapdos
|-damage|p2a: Zapdos|41/100
|
|-heal|p2a: Zapdos|91/100|[from] move: Wish|[wisher] Jirachi
|-weather|Sandstorm|[upkeep]
|-damage|p2a: Zapdos|85/100|[from] Sandstorm
|-heal|p2a: Zapdos|91/100|[from] item: Leftovers
|-heal|p1a: Swampert|90/100|[from] item: Leftovers
|upkeep
|turn|16
|
|t:|1729993104
|switch|p1a: Jirachi|Jirachi|100/100
|-damage|p1a: Jirachi|88/100|[from] Spikes
|move|p2a: Zapdos|Hidden Power|p1a: Jirachi
|-resisted|p1a: Jirachi
|-damage|p1a: Jirachi|76/100
|
|-weather|Sandstorm|[upkeep]
|-damage|p2a: Zapdos|85/100|[from] Sandstorm
|-heal|p2a: Zapdos|91/100|[from] item: Leftovers
|-heal|p1a: Jirachi|82/100|[from] item: Leftovers
|upkeep
|turn|17
|
|t:|1729993109
|switch|p2a: Claydol|Claydol|100/100
|move|p1a: Jirachi|Body Slam|p2a: Claydol
|-damage|p2a: Claydol|82/100
|-status|p2a: Claydol|par
|
|-weather|Sandstorm|[upkeep]
|-heal|p1a: Jirachi|88/100|[from] item: Leftovers
|-heal|p2a: Claydol|88/100 par|[from] item: Leftovers
|upkeep
|turn|18
|
|t:|1729993115
|move|p1a: Jirachi|Hidden Power|p2a: Claydol
|-supereffective|p2a: Claydol
|-damage|p2a: Claydol|49/100 par
|cant|p2a: Claydol|par
|
|-weather|Sandstorm|[upkeep]
|-heal|p1a: Jirachi|94/100|[from] item: Leftovers
|-heal|p2a: Claydol|55/100 par|[from] item: Leftovers
|upkeep
|turn|19
|
|t:|1729993120
|switch|p2a: Jirachi|Jirachi, shiny|97/100
|-damage|p2a: Jirachi|85/100|[from] Spikes
|move|p1a: Jirachi|Hidden Power|p2a: Jirachi
|-resisted|p2a: Jirachi
|-damage|p2a: Jirachi|77/100
|
|-weather|Sandstorm|[upkeep]
|-heal|p1a: Jirachi|100/100|[from] item: Leftovers
|-heal|p2a: Jirachi|84/100|[from] item: Leftovers
|upkeep
|turn|20
|
|t:|1729993124
|move|p1a: Jirachi|Fire Punch|p2a: Jirachi
|-supereffective|p2a: Jirachi
|-damage|p2a: Jirachi|52/100
|move|p2a: Jirachi|Body Slam|p1a: Jirachi
|-resisted|p1a: Jirachi
|-damage|p1a: Jirachi|93/100
|-status|p1a: Jirachi|par
|
|-weather|Sandstorm|[upkeep]
|-heal|p2a: Jirachi|58/100|[from] item: Leftovers
|-heal|p1a: Jirachi|99/100 par|[from] item: Leftovers
|upkeep
|turn|21
|
|t:|1729993130
|switch|p1a: Swampert|Swampert, M|90/100
|-damage|p1a: Swampert|78/100|[from] Spikes
|move|p2a: Jirachi|Wish|p2a: Jirachi
|
|-weather|Sandstorm|[upkeep]
|-heal|p2a: Jirachi|64/100|[from] item: Leftovers
|-heal|p1a: Swampert|84/100|[from] item: Leftovers
|upkeep
|turn|22
|
|t:|1729993133
|switch|p2a: Zapdos|Zapdos|91/100
|move|p1a: Swampert|Ice Beam|p2a: Zapdos
|-supereffective|p2a: Zapdos
|-damage|p2a: Zapdos|32/100
|
|-heal|p2a: Zapdos|82/100|[from] move: Wish|[wisher] Jirachi
|-weather|Sandstorm|[upkeep]
|-damage|p2a: Zapdos|76/100|[from] Sandstorm
|-heal|p2a: Zapdos|82/100|[from] item: Leftovers
|-heal|p1a: Swampert|90/100|[from] item: Leftovers
|upkeep
|turn|23
|
|t:|1729993141
|switch|p1a: Jirachi|Jirachi|99/100 par
|-damage|p1a: Jirachi|87/100 par|[from] Spikes
|move|p2a: Zapdos|Thunderbolt|p1a: Jirachi
|-damage|p1a: Jirachi|40/100 par
|
|-weather|Sandstorm|[upkeep]
|-damage|p2a: Zapdos|76/100|[from] Sandstorm
|-heal|p2a: Zapdos|82/100|[from] item: Leftovers
|-heal|p1a: Jirachi|46/100 par|[from] item: Leftovers
|upkeep
|turn|24
|
|t:|1729993149
|move|p2a: Zapdos|Thunderbolt|p1a: Jirachi
|-damage|p1a: Jirachi|0 fnt
|faint|p1a: Jirachi
|
|t:|1729993156
|switch|p1a: Aerodactyl|Aerodactyl, F|100/100
|
|-weather|Sandstorm|[upkeep]
|-damage|p2a: Zapdos|76/100|[from] Sandstorm
|-heal|p2a: Zapdos|82/100|[from] item: Leftovers
|upkeep
|turn|25
|
|t:|1729993163
|switch|p2a: Claydol|Claydol|55/100 par
|move|p1a: Aerodactyl|Rock Slide|p2a: Claydol
|-resisted|p2a: Claydol
|-damage|p2a: Claydol|30/100 par
|
|-weather|Sandstorm|[upkeep]
|-heal|p2a: Claydol|36/100 par|[from] item: Leftovers
|upkeep
|turn|26
|
|t:|1729993170
|move|p1a: Aerodactyl|Rock Slide|p2a: Claydol|[miss]
|-miss|p1a: Aerodactyl|p2a: Claydol
|move|p2a: Claydol|Rapid Spin|p1a: Aerodactyl
|-resisted|p1a: Aerodactyl
|-damage|p1a: Aerodactyl|97/100
|-sideend|p2: Churielix|Spikes|[from] move: Rapid Spin|[of] p2a: Claydol
|
|-weather|Sandstorm|[upkeep]
|-heal|p2a: Claydol|42/100 par|[from] item: Leftovers
|upkeep
|turn|27
|
|t:|1729993175
|move|p1a: Aerodactyl|Rock Slide|p2a: Claydol
|-resisted|p2a: Claydol
|-damage|p2a: Claydol|17/100 par
|move|p2a: Claydol|Explosion|p1a: Aerodactyl
|-resisted|p1a: Aerodactyl
|-damage|p1a: Aerodactyl|0 fnt
|faint|p2a: Claydol
|faint|p1a: Aerodactyl
|
|t:|1729993184
|switch|p1a: Tyranitar|Tyranitar, M|63/100 tox
|switch|p2a: Zapdos|Zapdos|82/100
|-damage|p1a: Tyranitar|51/100 tox|[from] Spikes
|
|-weather|Sandstorm|[upkeep]
|-damage|p2a: Zapdos|76/100|[from] Sandstorm
|-heal|p2a: Zapdos|82/100|[from] item: Leftovers
|-damage|p1a: Tyranitar|45/100 tox|[from] psn
|upkeep
|turn|28
|
|t:|1729993189
|switch|p2a: Jirachi|Jirachi, shiny|64/100
|move|p1a: Tyranitar|Rest|p1a: Tyranitar
|-status|p1a: Tyranitar|slp|[from] move: Rest
|-heal|p1a: Tyranitar|100/100 slp|[silent]
|-enditem|p1a: Tyranitar|Chesto Berry|[eat]
|-curestatus|p1a: Tyranitar|slp|[msg]
|
|-weather|Sandstorm|[upkeep]
|-heal|p2a: Jirachi|71/100|[from] item: Leftovers
|upkeep
|turn|29
|c|+Zpanther|woah
|
|t:|1729993200
|move|p2a: Jirachi|Body Slam|p1a: Tyranitar
|-resisted|p1a: Tyranitar
|-damage|p1a: Tyranitar|94/100
|-status|p1a: Tyranitar|par
|cant|p1a: Tyranitar|par
|
|-weather|Sandstorm|[upkeep]
|-heal|p2a: Jirachi|77/100|[from] item: Leftovers
|upkeep
|turn|30
|c|☆ALlCE|cmonn
|
|t:|1729993207
|switch|p2a: Breloom|Breloom, F, shiny|100/100
|move|p1a: Tyranitar|Earthquake|p2a: Breloom
|-resisted|p2a: Breloom
|-damage|p2a: Breloom|71/100
|
|-weather|Sandstorm|[upkeep]
|-damage|p2a: Breloom|65/100|[from] Sandstorm
|-heal|p2a: Breloom|71/100|[from] item: Leftovers
|upkeep
|turn|31
|
|t:|1729993220
|switch|p1a: Skarmory|Skarmory, F|100/100 slp
|move|p2a: Breloom|Sky Uppercut|p1a: Skarmory
|-crit|p1a: Skarmory
|-damage|p1a: Skarmory|35/100 slp
|
|-weather|Sandstorm|[upkeep]
|-damage|p2a: Breloom|65/100|[from] Sandstorm
|-heal|p2a: Breloom|71/100|[from] item: Leftovers
|-heal|p1a: Skarmory|41/100 slp|[from] item: Leftovers
|upkeep
|turn|32
|
|t:|1729993228
|switch|p2a: Zapdos|Zapdos|82/100
|cant|p1a: Skarmory|slp
|
|-weather|Sandstorm|[upkeep]
|-damage|p2a: Zapdos|76/100|[from] Sandstorm
|-heal|p2a: Zapdos|82/100|[from] item: Leftovers
|-heal|p1a: Skarmory|47/100 slp|[from] item: Leftovers
|upkeep
|turn|33
|
|t:|1729993232
|switch|p1a: Tyranitar|Tyranitar, M|94/100 par
|-damage|p1a: Tyranitar|82/100 par|[from] Spikes
|move|p2a: Zapdos|Agility|p2a: Zapdos
|-boost|p2a: Zapdos|spe|2
|
|-weather|Sandstorm|[upkeep]
|-damage|p2a: Zapdos|76/100|[from] Sandstorm
|-heal|p2a: Zapdos|82/100|[from] item: Leftovers
|upkeep
|turn|34
|
|t:|1729993236
|switch|p2a: Breloom|Breloom, F, shiny|71/100
|move|p1a: Tyranitar|Rock Slide|p2a: Breloom
|-resisted|p2a: Breloom
|-damage|p2a: Breloom|41/100
|
|-weather|Sandstorm|[upkeep]
|-damage|p2a: Breloom|35/100|[from] Sandstorm
|-heal|p2a: Breloom|41/100|[from] item: Leftovers
|upkeep
|turn|35
|
|t:|1729993242
|switch|p1a: Skarmory|Skarmory, F|47/100 slp
|move|p2a: Breloom|Sky Uppercut|p1a: Skarmory
|-damage|p1a: Skarmory|13/100 slp
|
|-weather|Sandstorm|[upkeep]
|-damage|p2a: Breloom|35/100|[from] Sandstorm
|-heal|p2a: Breloom|41/100|[from] item: Leftovers
|-heal|p1a: Skarmory|19/100 slp|[from] item: Leftovers
|upkeep
|turn|36
|
|t:|1729993247
|move|p2a: Breloom|Sky Uppercut|p1a: Skarmory
|-damage|p1a: Skarmory|0 fnt
|faint|p1a: Skarmory
|
|t:|1729993248
|switch|p1a: Celebi|Celebi|45/100
|-damage|p1a: Celebi|33/100|[from] Spikes
|
|-weather|Sandstorm|[upkeep]
|-damage|p2a: Breloom|35/100|[from] Sandstorm
|-damage|p1a: Celebi|27/100|[from] Sandstorm
|-heal|p2a: Breloom|41/100|[from] item: Leftovers
|-heal|p1a: Celebi|33/100|[from] item: Leftovers
|upkeep
|turn|37
|
|t:|1729993252
|switch|p2a: Jirachi|Jirachi, shiny|77/100
|move|p1a: Celebi|Leech Seed|p2a: Jirachi
|-start|p2a: Jirachi|move: Leech Seed
|
|-weather|Sandstorm|[upkeep]
|-damage|p1a: Celebi|27/100|[from] Sandstorm
|-heal|p1a: Celebi|33/100|[from] item: Leftovers
|-heal|p2a: Jirachi|83/100|[from] item: Leftovers
|-damage|p2a: Jirachi|71/100|[from] Leech Seed|[of] p1a: Celebi
|-heal|p1a: Celebi|46/100|[silent]
|upkeep
|turn|38
|
|t:|1729993255
|move|p1a: Celebi|Hidden Power|p2a: Jirachi
|-supereffective|p2a: Jirachi
|-damage|p2a: Jirachi|39/100
|move|p2a: Jirachi|Wish|p2a: Jirachi
|
|-weather|Sandstorm|[upkeep]
|-damage|p1a: Celebi|39/100|[from] Sandstorm
|-heal|p1a: Celebi|46/100|[from] item: Leftovers
|-heal|p2a: Jirachi|45/100|[from] item: Leftovers
|-damage|p2a: Jirachi|33/100|[from] Leech Seed|[of] p1a: Celebi
|-heal|p1a: Celebi|58/100|[silent]
|upkeep
|turn|39
|
|t:|1729993261
|move|p2a: Jirachi|Protect|p2a: Jirachi
|-singleturn|p2a: Jirachi|Protect
|move|p1a: Celebi|Leech Seed|p2a: Jirachi
|-activate|p2a: Jirachi|Protect
|
|-heal|p2a: Jirachi|83/100|[from] move: Wish|[wisher] Jirachi
|-weather|Sandstorm|[upkeep]
|-damage|p1a: Celebi|52/100|[from] Sandstorm
|-heal|p1a: Celebi|58/100|[from] item: Leftovers
|-heal|p2a: Jirachi|89/100|[from] item: Leftovers
|-damage|p2a: Jirachi|77/100|[from] Leech Seed|[of] p1a: Celebi
|-heal|p1a: Celebi|71/100|[silent]
|upkeep
|turn|40
|
|t:|1729993266
|move|p1a: Celebi|Leech Seed|p2a: Jirachi|[miss]
|-miss|p1a: Celebi|p2a: Jirachi
|move|p2a: Jirachi|Body Slam|p1a: Celebi
|-damage|p1a: Celebi|57/100
|-status|p1a: Celebi|par
|
|-weather|Sandstorm|[upkeep]
|-damage|p1a: Celebi|50/100 par|[from] Sandstorm
|-heal|p2a: Jirachi|83/100|[from] item: Leftovers
|-damage|p2a: Jirachi|70/100|[from] Leech Seed|[of] p1a: Celebi
|-heal|p1a: Celebi|63/100 par|[silent]
|-heal|p1a: Celebi|69/100 par|[from] item: Leftovers
|upkeep
|turn|41
|
|t:|1729993273
|move|p2a: Jirachi|Wish|p2a: Jirachi
|move|p1a: Celebi|Hidden Power|p2a: Jirachi
|-supereffective|p2a: Jirachi
|-damage|p2a: Jirachi|39/100
|
|-weather|Sandstorm|[upkeep]
|-damage|p1a: Celebi|63/100 par|[from] Sandstorm
|-heal|p2a: Jirachi|45/100|[from] item: Leftovers
|-damage|p2a: Jirachi|33/100|[from] Leech Seed|[of] p1a: Celebi
|-heal|p1a: Celebi|76/100 par|[silent]
|-heal|p1a: Celebi|82/100 par|[from] item: Leftovers
|upkeep
|turn|42
|
|t:|1729993278
|move|p2a: Jirachi|Protect|p2a: Jirachi
|-singleturn|p2a: Jirachi|Protect
|cant|p1a: Celebi|par
|
|-heal|p2a: Jirachi|83/100|[from] move: Wish|[wisher] Jirachi
|-weather|Sandstorm|[upkeep]
|-damage|p1a: Celebi|76/100 par|[from] Sandstorm
|-heal|p2a: Jirachi|89/100|[from] item: Leftovers
|-damage|p2a: Jirachi|77/100|[from] Leech Seed|[of] p1a: Celebi
|-heal|p1a: Celebi|89/100 par|[silent]
|-heal|p1a: Celebi|95/100 par|[from] item: Leftovers
|upkeep
|turn|43
|
|t:|1729993282
|switch|p2a: Tyranitar|Tyranitar, F|49/100
|move|p1a: Celebi|Hidden Power|p2a: Tyranitar
|-resisted|p2a: Tyranitar
|-damage|p2a: Tyranitar|40/100
|
|-weather|Sandstorm|[upkeep]
|-damage|p1a: Celebi|89/100 par|[from] Sandstorm
|-heal|p2a: Tyranitar|46/100|[from] item: Leftovers
|-heal|p1a: Celebi|95/100 par|[from] item: Leftovers
|upkeep
|turn|44
|
|t:|1729993288
|move|p2a: Tyranitar|Crunch|p1a: Celebi
|-supereffective|p1a: Celebi
|-damage|p1a: Celebi|34/100 par
|-unboost|p1a: Celebi|spd|1
|move|p1a: Celebi|Giga Drain|p2a: Tyranitar
|-supereffective|p2a: Tyranitar
|-damage|p2a: Tyranitar|0 fnt
|-heal|p1a: Celebi|58/100 par|[from] drain|[of] p2a: Tyranitar
|faint|p2a: Tyranitar
|
|t:|1729993294
|switch|p2a: Zapdos|Zapdos|82/100
|
|-weather|Sandstorm|[upkeep]
|-damage|p2a: Zapdos|76/100|[from] Sandstorm
|-damage|p1a: Celebi|52/100 par|[from] Sandstorm
|-heal|p2a: Zapdos|82/100|[from] item: Leftovers
|-heal|p1a: Celebi|58/100 par|[from] item: Leftovers
|upkeep
|turn|45
|
|t:|1729993304
|move|p2a: Zapdos|Thunderbolt|p1a: Celebi
|-resisted|p1a: Celebi
|-damage|p1a: Celebi|25/100 par
|move|p1a: Celebi|Leech Seed|p2a: Zapdos
|-start|p2a: Zapdos|move: Leech Seed
|
|-weather|Sandstorm|[upkeep]
|-damage|p2a: Zapdos|76/100|[from] Sandstorm
|-damage|p1a: Celebi|18/100 par|[from] Sandstorm
|-heal|p2a: Zapdos|82/100|[from] item: Leftovers
|-damage|p2a: Zapdos|69/100|[from] Leech Seed|[of] p1a: Celebi
|-heal|p1a: Celebi|29/100 par|[silent]
|-heal|p1a: Celebi|35/100 par|[from] item: Leftovers
|upkeep
|turn|46
|
|t:|1729993310
|switch|p2a: Breloom|Breloom, F, shiny|41/100
|-curestatus|p1a: Celebi|par|[from] ability: Natural Cure
|switch|p1a: Tyranitar|Tyranitar, M|82/100 par
|-damage|p1a: Tyranitar|69/100 par|[from] Spikes
|
|-weather|Sandstorm|[upkeep]
|-damage|p2a: Breloom|35/100|[from] Sandstorm
|-heal|p2a: Breloom|41/100|[from] item: Leftovers
|upkeep
|turn|47
|
|t:|1729993317
|move|p2a: Breloom|Sky Uppercut|p1a: Tyranitar
|-supereffective|p1a: Tyranitar
|-damage|p1a: Tyranitar|0 fnt
|faint|p1a: Tyranitar
|
|t:|1729993319
|switch|p1a: Celebi|Celebi|35/100
|-damage|p1a: Celebi|23/100|[from] Spikes
|
|-weather|Sandstorm|[upkeep]
|-damage|p2a: Breloom|35/100|[from] Sandstorm
|-damage|p1a: Celebi|16/100|[from] Sandstorm
|-heal|p2a: Breloom|41/100|[from] item: Leftovers
|-heal|p1a: Celebi|23/100|[from] item: Leftovers
|upkeep
|turn|48
|
|t:|1729993322
|move|p2a: Breloom|Sky Uppercut|p1a: Celebi
|-resisted|p1a: Celebi
|-damage|p1a: Celebi|4/100
|move|p1a: Celebi|Leech Seed|p2a: Breloom
|-immune|p2a: Breloom
|
|-weather|Sandstorm|[upkeep]
|-damage|p2a: Breloom|35/100|[from] Sandstorm
|-damage|p1a: Celebi|0 fnt|[from] Sandstorm
|faint|p1a: Celebi
|-heal|p2a: Breloom|41/100|[from] item: Leftovers
|upkeep
|
|t:|1729993324
|switch|p1a: Swampert|Swampert, M|90/100
|-damage|p1a: Swampert|78/100|[from] Spikes
|turn|49
|
|t:|1729993327
|move|p2a: Breloom|Spore|p1a: Swampert
|-status|p1a: Swampert|slp|[from] move: Spore
|cant|p1a: Swampert|slp
|
|-weather|Sandstorm|[upkeep]
|-damage|p2a: Breloom|35/100|[from] Sandstorm
|-heal|p2a: Breloom|41/100|[from] item: Leftovers
|-heal|p1a: Swampert|84/100 slp|[from] item: Leftovers
|upkeep
|turn|50
|
|t:|1729993329
|move|p2a: Breloom|Sky Uppercut|p1a: Swampert
|-damage|p1a: Swampert|40/100 slp
|cant|p1a: Swampert|slp
|
|-weather|Sandstorm|[upkeep]
|-damage|p2a: Breloom|35/100|[from] Sandstorm
|-heal|p2a: Breloom|41/100|[from] item: Leftovers
|-heal|p1a: Swampert|47/100 slp|[from] item: Leftovers
|upkeep
|turn|51
|
|t:|1729993331
|move|p2a: Breloom|Sky Uppercut|p1a: Swampert
|-damage|p1a: Swampert|2/100 slp
|-curestatus|p1a: Swampert|slp|[msg]
|move|p1a: Swampert|Ice Beam|p2a: Breloom
|-supereffective|p2a: Breloom
|-damage|p2a: Breloom|0 fnt
|faint|p2a: Breloom
|
|t:|1729993333
|switch|p2a: Zapdos|Zapdos|69/100
|
|-weather|Sandstorm|[upkeep]
|-damage|p2a: Zapdos|63/100|[from] Sandstorm
|-heal|p2a: Zapdos|69/100|[from] item: Leftovers
|-heal|p1a: Swampert|8/100|[from] item: Leftovers
|upkeep
|turn|52
|c|☆ALlCE|not my fault ig
|c|☆Churielix|yeah srry for this game
|
|t:|1729993353
|move|p2a: Zapdos|Hidden Power|p1a: Swampert
|-supereffective|p1a: Swampert
|-damage|p1a: Swampert|0 fnt
|faint|p1a: Swampert
|
|win|Churielix
|c|☆ALlCE|ggs gl rest
|c|☆Churielix|ggs ig

</script>
<script type="application/json" class="data" id="replaydata-smogtours-gen3ou-802376">
{"id":"smogtours-gen3ou-802376","format":"[Gen 3] OU","players":["ALlCE","Churielix"],"uploadtime":1729993353,"views":136,"formatid":"gen3ou","rating":null,"private":1,"password":null}
</script>

<script defer src="js/replays.js?9d40a366"></script>
