<!DOCTYPE html>
<meta charset="utf-8" />
<meta name="viewport" content="width=device-width" />

<title>[Gen 3] OU: Genexys vs. Segale - Replays - Pok&eacute;mon Showdown!</title>

<meta name="description" content="Watch a replay of a Pok&eacute;mon battle between Genexys and Segale! Format: [Gen 3] OU; Date: Oct 29, 2024" />
<!--

Hey, you! Looking in the source for the replay log?

You can find them in JSON format, just add `.json` at the end of a replay URL.

https://replay.pokemonshowdown.com/gen7randomdoublesbattle-865046831.json

Or, if you only need the log itself, add `.log` instead:

https://replay.pokemonshowdown.com/gen7randomdoublesbattle-865046831.log

-->

<link rel="stylesheet" href="//pokemonshowdown.com/style/global.css?0.023195364461161105" />
<link rel="stylesheet" href="//play.pokemonshowdown.com/style/font-awesome.css?0.13261647063804238" />
<link rel="stylesheet" href="//play.pokemonshowdown.com/style/battle.css?0.8753245789963631" />
<link rel="stylesheet" href="//play.pokemonshowdown.com/style/utilichart.css?0.8627959624976733" />

<!-- Global site tag (gtag.js) - Google Analytics -->
<script async src="https://www.googletagmanager.com/gtag/js?id=UA-26211653-1"></script>
<script>
  window.dataLayer = window.dataLayer || [];
  function gtag(){dataLayer.push(arguments);}
  gtag('js', new Date());

  gtag('config', 'UA-26211653-1');
</script>
<!-- End Google Analytics -->
<!-- Venatus Ad Manager - Install in <HEAD> of page -->
	<script src="https://hb.vntsm.com/v3/live/ad-manager.min.js" type="text/javascript" data-site-id="642aba63ec9a7b11c3c9c1be" data-mode="scan" async></script>
<!-- / Venatus Ad Manager -->

<style>
	@media (max-width:820px) {
		.battle {
			margin: 0 auto;
		}
		.battle-log {
			margin: 7px auto 0;
			max-width: 640px;
			height: 300px;
			position: static;
		}
	}
	.optgroup {
		display: inline-block;
		line-height: 22px;
		font-size: 10pt;
	}
	.optgroup .button {
		height: 25px;
		padding-top: 0;
		padding-bottom: 0;
	}
	.optgroup button.button {
		padding-left: 12px;
		padding-right: 12px;
	}
	.linklist {
		list-style: none;
		margin: 0.5em 0;
		padding: 0;
	}
	.linklist li {
		padding: 2px 0;
	}
	.sidebar {
		float: left;
		width: 320px;
	}
	.bar-wrapper {
		max-width: 1100px;
		margin: 0 auto;
	}
	.bar-wrapper.has-sidebar {
		max-width: 1430px;
	}
	.mainbar {
		margin: 0;
		padding-right: 1px;
	}
	.mainbar.has-sidebar {
		margin-left: 330px;
	}
	@media (min-width: 1511px) {
		.sidebar {
			width: 400px;
		}
		.bar-wrapper.has-sidebar {
			max-width: 1510px;
		}
		.mainbar.has-sidebar {
			margin-left: 410px;
		}
	}
	.section.first-section {
		margin-top: 9px;
	}
	.blocklink small {
		white-space: normal;
	}
	.button {
		vertical-align: middle;
	}
	.replay-controls {
		padding-top: 10px;
	}
	.replay-controls h1 {
		font-size: 16pt;
		font-weight: normal;
		color: #CCC;
	}
	.pagelink {
		text-align: center;
	}
	.pagelink a {
		width: 150px;
	}
	.textbox, .button {
		font-size: 11pt;
		vertical-align: middle;
	}
	@media (max-width: 450px) {
		.button {
			font-size: 9pt;
		}
	}
</style>

<div>

	<header>
		<div class="nav-wrapper"><ul class="nav">
			<li><a class="button nav-first" href="//pokemonshowdown.com/"><img src="//pokemonshowdown.com/images/pokemonshowdownbeta.png" srcset="//pokemonshowdown.com/images/pokemonshowdownbeta.png 1x, //pokemonshowdown.com/images/pokemonshowdownbeta@2x.png 2x" alt="Pok&eacute;mon Showdown" width="146" height="44" /> Home</a></li>
			<li><a class="button" href="//pokemonshowdown.com/dex/">Pok&eacute;dex</a></li>
			<li><a class="button cur" href="/">Replays</a></li>
			<li><a class="button" href="//pokemonshowdown.com/ladder/">Ladder</a></li>
			<li><a class="button nav-last" href="//pokemonshowdown.com/forums/">Forum</a></li>
			<li><a class="button greenbutton nav-first nav-last" href="//play.pokemonshowdown.com/">Play</a></li>
		</ul></div>
	</header>

	<div class="main" id="main">

		<noscript><section class="section">You need to enable JavaScript to use this page; sorry!</section></noscript>

	</div>

</div>

<script defer nomodule src="//play.pokemonshowdown.com/js/lib/ps-polyfill.js"></script>
<script defer src="//play.pokemonshowdown.com/js/lib/preact.min.js"></script>

<script defer src="//play.pokemonshowdown.com/config/config.js?2bddbc15"></script>
<script defer src="//play.pokemonshowdown.com/js/lib/jquery-1.11.0.min.js"></script>
<script defer src="//play.pokemonshowdown.com/js/lib/html-sanitizer-minified.js"></script>
<script defer src="//play.pokemonshowdown.com/js/battle-sound.js"></script>
<script defer src="//play.pokemonshowdown.com/js/battledata.js?0.7209276989879541"></script>
<script defer src="//play.pokemonshowdown.com/data/pokedex-mini.js?0.6111056340867951"></script>
<script defer src="//play.pokemonshowdown.com/data/pokedex-mini-bw.js?0.3532142036491459"></script>
<script defer src="//play.pokemonshowdown.com/data/graphics.js?0.24223875632456182"></script>
<script defer src="//play.pokemonshowdown.com/data/pokedex.js?0.38839984266356864"></script>
<script defer src="//play.pokemonshowdown.com/data/moves.js?0.21866028504024015"></script>
<script defer src="//play.pokemonshowdown.com/data/abilities.js?0.2005157953846628"></script>
<script defer src="//play.pokemonshowdown.com/data/items.js?0.9894211263848525"></script>
<script defer src="//play.pokemonshowdown.com/data/teambuilder-tables.js?0.6008791140282215"></script>
<script defer src="//play.pokemonshowdown.com/js/battle-tooltips.js?0.7580118955022959"></script>
<script defer src="//play.pokemonshowdown.com/js/battle.js?0.6057722274234274"></script>

<script defer src="js/utils.js?e31f9a17"></script>
<script defer src="js/replays-battle.js?7008c182"></script>

<!-- don't scrape this data! just add .json or .log after the URL!
Full API docs: https://github.com/smogon/pokemon-showdown-client/blob/master/WEB-API.md -->
<script type="text/plain" class="log" id="replaylog-smogtours-gen3ou-803292">
|inactive|Battle timer is ON: inactive players will automatically lose when time's up.
|t:|1730232411
|gametype|singles
|player|p1|Genexys|ghetsis|
|player|p2|Segale|blue|
|teamsize|p1|6
|teamsize|p2|6
|gen|3
|tier|[Gen 3] OU
|rule|Sleep Clause Mod: Limit one foe put to sleep
|rule|Switch Priority Clause Mod: Faster Pokémon switch first
|rule|Species Clause: Limit one of each Pokémon
|rule|OHKO Clause: OHKO moves are banned
|rule|Evasion Items Clause: Evasion items are banned
|rule|Evasion Moves Clause: Evasion moves are banned
|rule|Endless Battle Clause: Forcing endless battles is banned
|rule|HP Percentage Mod: HP is shown in percentages
|rule|One Boost Passer Clause: Limit one Baton Passer that has a way to boost its stats
|rule|Freeze Clause Mod: Limit one foe frozen
|
|t:|1730232411
|start
|switch|p1a: bagonator|Salamence, F, shiny|100/100
|switch|p2a: Tyranitar|Tyranitar, F|100/100
|-ability|p1a: bagonator|Intimidate|boost
|-unboost|p2a: Tyranitar|atk|1
|-weather|Sandstorm|[from] ability: Sand Stream|[of] p2a: Tyranitar
|turn|1
|c|☆Genexys|glhf
|
|t:|1730232435
|switch|p2a: Skarmory|Skarmory, M|100/100
|move|p1a: bagonator|Brick Break|p2a: Skarmory
|-damage|p2a: Skarmory|65/100
|
|-weather|Sandstorm|[upkeep]
|-damage|p1a: bagonator|94/100|[from] Sandstorm
|-heal|p2a: Skarmory|71/100|[from] item: Leftovers
|upkeep
|turn|2
|
|t:|1730232441
|switch|p1a: Hello|Starmie|100/100
|move|p2a: Skarmory|Spikes|p1a: Hello
|-sidestart|p1: Genexys|Spikes
|
|-weather|Sandstorm|[upkeep]
|-damage|p1a: Hello|94/100|[from] Sandstorm
|-heal|p1a: Hello|100/100|[from] item: Leftovers
|-heal|p2a: Skarmory|77/100|[from] item: Leftovers
|upkeep
|turn|3
|
|t:|1730232446
|move|p2a: Skarmory|Protect|p2a: Skarmory
|-singleturn|p2a: Skarmory|Protect
|move|p1a: Hello|Thunder Wave|p2a: Skarmory
|-activate|p2a: Skarmory|Protect
|
|-weather|Sandstorm|[upkeep]
|-damage|p1a: Hello|94/100|[from] Sandstorm
|-heal|p1a: Hello|100/100|[from] item: Leftovers
|-heal|p2a: Skarmory|83/100|[from] item: Leftovers
|upkeep
|turn|4
|
|t:|1730232452
|switch|p2a: Blissey|Blissey, F|100/100
|move|p1a: Hello|Rapid Spin|p2a: Blissey
|-damage|p2a: Blissey|97/100
|-sideend|p1: Genexys|Spikes|[from] move: Rapid Spin|[of] p1a: Hello
|
|-weather|Sandstorm|[upkeep]
|-damage|p1a: Hello|94/100|[from] Sandstorm
|-damage|p2a: Blissey|91/100|[from] Sandstorm
|-heal|p1a: Hello|100/100|[from] item: Leftovers
|-heal|p2a: Blissey|97/100|[from] item: Leftovers
|upkeep
|turn|5
|
|t:|1730232462
|switch|p1a: Hariyamaguire|Hariyama, M|100/100
|move|p2a: Blissey|Thunderbolt|p1a: Hariyamaguire
|-damage|p1a: Hariyamaguire|81/100
|
|-weather|Sandstorm|[upkeep]
|-damage|p2a: Blissey|91/100|[from] Sandstorm
|-damage|p1a: Hariyamaguire|75/100|[from] Sandstorm
|-heal|p2a: Blissey|97/100|[from] item: Leftovers
|-heal|p1a: Hariyamaguire|81/100|[from] item: Leftovers
|upkeep
|turn|6
|
|t:|1730232473
|switch|p2a: Skarmory|Skarmory, M|83/100
|move|p1a: Hariyamaguire|Knock Off|p2a: Skarmory
|-resisted|p2a: Skarmory
|-damage|p2a: Skarmory|82/100
|-enditem|p2a: Skarmory|Leftovers|[from] move: Knock Off|[of] p1a: Hariyamaguire
|-hint|In Gens 3-4, Knock Off only makes the target's item unusable; it cannot obtain a new item.
|
|-weather|Sandstorm|[upkeep]
|-damage|p1a: Hariyamaguire|75/100|[from] Sandstorm
|-heal|p1a: Hariyamaguire|81/100|[from] item: Leftovers
|upkeep
|turn|7
|
|t:|1730232482
|switch|p1a: Hello|Starmie|100/100
|move|p2a: Skarmory|Spikes|p1a: Hello
|-sidestart|p1: Genexys|Spikes
|
|-weather|Sandstorm|[upkeep]
|-damage|p1a: Hello|94/100|[from] Sandstorm
|-heal|p1a: Hello|100/100|[from] item: Leftovers
|upkeep
|turn|8
|
|t:|1730232487
|switch|p2a: Blissey|Blissey, F|97/100
|move|p1a: Hello|Thunder Wave|p2a: Blissey
|-status|p2a: Blissey|par
|
|-weather|Sandstorm|[upkeep]
|-damage|p1a: Hello|94/100|[from] Sandstorm
|-damage|p2a: Blissey|91/100 par|[from] Sandstorm
|-heal|p1a: Hello|100/100|[from] item: Leftovers
|-heal|p2a: Blissey|97/100 par|[from] item: Leftovers
|upkeep
|turn|9
|
|t:|1730232489
|move|p1a: Hello|Rapid Spin|p2a: Blissey
|-damage|p2a: Blissey|95/100 par
|-sideend|p1: Genexys|Spikes|[from] move: Rapid Spin|[of] p1a: Hello
|move|p2a: Blissey|Thunderbolt|p1a: Hello
|-supereffective|p1a: Hello
|-crit|p1a: Hello
|-damage|p1a: Hello|0 fnt
|faint|p1a: Hello
|
|t:|1730232493
|switch|p1a: Hariyamaguire|Hariyama, M|81/100
|
|-weather|Sandstorm|[upkeep]
|-damage|p1a: Hariyamaguire|75/100|[from] Sandstorm
|-damage|p2a: Blissey|89/100 par|[from] Sandstorm
|-heal|p1a: Hariyamaguire|81/100|[from] item: Leftovers
|-heal|p2a: Blissey|95/100 par|[from] item: Leftovers
|upkeep
|turn|10
|
|t:|1730232502
|switch|p1a: ILTGMDSWIGH|Skarmory, F|100/100
|-curestatus|p2a: Blissey|par|[from] ability: Natural Cure
|switch|p2a: Gengar|Gengar, F|100/100
|
|-weather|Sandstorm|[upkeep]
|-damage|p2a: Gengar|94/100|[from] Sandstorm
|-heal|p2a: Gengar|100/100|[from] item: Leftovers
|upkeep
|turn|11
|
|t:|1730232509
|switch|p2a: Skarmory|Skarmory, M|82/100
|switch|p1a: Hariyamaguire|Hariyama, M|81/100
|
|-weather|Sandstorm|[upkeep]
|-damage|p1a: Hariyamaguire|75/100|[from] Sandstorm
|-heal|p1a: Hariyamaguire|81/100|[from] item: Leftovers
|upkeep
|turn|12
|
|t:|1730232511
|move|p2a: Skarmory|Spikes|p1a: Hariyamaguire
|-sidestart|p1: Genexys|Spikes
|move|p1a: Hariyamaguire|Brick Break|p2a: Skarmory
|-damage|p2a: Skarmory|60/100
|
|-weather|Sandstorm|[upkeep]
|-damage|p1a: Hariyamaguire|75/100|[from] Sandstorm
|-heal|p1a: Hariyamaguire|81/100|[from] item: Leftovers
|upkeep
|turn|13
|
|t:|1730232513
|move|p2a: Skarmory|Spikes|p1a: Hariyamaguire
|-sidestart|p1: Genexys|Spikes
|move|p1a: Hariyamaguire|Brick Break|p2a: Skarmory
|-damage|p2a: Skarmory|38/100
|
|-weather|Sandstorm|[upkeep]
|-damage|p1a: Hariyamaguire|75/100|[from] Sandstorm
|-heal|p1a: Hariyamaguire|81/100|[from] item: Leftovers
|upkeep
|turn|14
|
|t:|1730232516
|move|p2a: Skarmory|Spikes|p1a: Hariyamaguire
|-sidestart|p1: Genexys|Spikes
|move|p1a: Hariyamaguire|Brick Break|p2a: Skarmory
|-damage|p2a: Skarmory|16/100
|
|-weather|Sandstorm|[upkeep]
|-damage|p1a: Hariyamaguire|75/100|[from] Sandstorm
|-heal|p1a: Hariyamaguire|81/100|[from] item: Leftovers
|upkeep
|turn|15
|
|t:|1730232523
|move|p2a: Skarmory|Toxic|p1a: Hariyamaguire
|-status|p1a: Hariyamaguire|tox
|move|p1a: Hariyamaguire|Brick Break|p2a: Skarmory
|-damage|p2a: Skarmory|0 fnt
|faint|p2a: Skarmory
|
|t:|1730232525
|switch|p2a: Metagross|Metagross|100/100
|
|-weather|Sandstorm|[upkeep]
|-damage|p1a: Hariyamaguire|75/100 tox|[from] Sandstorm
|-heal|p1a: Hariyamaguire|81/100 tox|[from] item: Leftovers
|-damage|p1a: Hariyamaguire|75/100 tox|[from] psn
|upkeep
|turn|16
|
|t:|1730232527
|switch|p1a: ILTGMDSWIGH|Skarmory, F|100/100
|move|p2a: Metagross|Meteor Mash|p1a: ILTGMDSWIGH
|-resisted|p1a: ILTGMDSWIGH
|-damage|p1a: ILTGMDSWIGH|79/100
|
|-weather|Sandstorm|[upkeep]
|-heal|p1a: ILTGMDSWIGH|85/100|[from] item: Leftovers
|upkeep
|turn|17
|
|t:|1730232532
|switch|p2a: Gengar|Gengar, F|100/100
|move|p1a: ILTGMDSWIGH|Spikes|p2a: Gengar
|-sidestart|p2: Segale|Spikes
|
|-weather|Sandstorm|[upkeep]
|-damage|p2a: Gengar|94/100|[from] Sandstorm
|-heal|p2a: Gengar|100/100|[from] item: Leftovers
|-heal|p1a: ILTGMDSWIGH|91/100|[from] item: Leftovers
|upkeep
|turn|18
|
|t:|1730232538
|move|p2a: Gengar|Thunderbolt|p1a: ILTGMDSWIGH
|-supereffective|p1a: ILTGMDSWIGH
|-damage|p1a: ILTGMDSWIGH|33/100
|move|p1a: ILTGMDSWIGH|Drill Peck|p2a: Gengar
|-damage|p2a: Gengar|56/100
|
|-weather|Sandstorm|[upkeep]
|-damage|p2a: Gengar|50/100|[from] Sandstorm
|-heal|p2a: Gengar|56/100|[from] item: Leftovers
|-heal|p1a: ILTGMDSWIGH|39/100|[from] item: Leftovers
|upkeep
|turn|19
|
|t:|1730232543
|switch|p1a: Kebab|Blissey, F|100/100
|-damage|p1a: Kebab|76/100|[from] Spikes
|move|p2a: Gengar|Thunderbolt|p1a: Kebab
|-damage|p1a: Kebab|63/100
|
|-weather|Sandstorm|[upkeep]
|-damage|p2a: Gengar|50/100|[from] Sandstorm
|-damage|p1a: Kebab|56/100|[from] Sandstorm
|-heal|p2a: Gengar|56/100|[from] item: Leftovers
|-heal|p1a: Kebab|63/100|[from] item: Leftovers
|upkeep
|turn|20
|
|t:|1730232546
|switch|p2a: Tyranitar|Tyranitar, F|100/100
|-damage|p2a: Tyranitar|88/100|[from] Spikes
|move|p1a: Kebab|Wish|p1a: Kebab
|
|-weather|Sandstorm|[upkeep]
|-damage|p1a: Kebab|56/100|[from] Sandstorm
|-heal|p1a: Kebab|63/100|[from] item: Leftovers
|upkeep
|turn|21
|
|t:|1730232549
|-singleturn|p2a: Tyranitar|move: Focus Punch
|switch|p1a: Hariyamaguire|Hariyama, M|75/100 tox
|-damage|p1a: Hariyamaguire|50/100 tox|[from] Spikes
|move|p2a: Tyranitar|Focus Punch|p1a: Hariyamaguire
|-damage|p1a: Hariyamaguire|0 fnt
|faint|p1a: Hariyamaguire
|
|t:|1730232554
|switch|p1a: Dupont|Metagross, shiny|100/100
|-damage|p1a: Dupont|75/100|[from] Spikes
|
|-heal|p1a: Dupont|100/100|[from] move: Wish|[wisher] Kebab
|-weather|Sandstorm|[upkeep]
|upkeep
|turn|22
|
|t:|1730232557
|switch|p2a: Gengar|Gengar, F|56/100
|move|p1a: Dupont|Meteor Mash|p2a: Gengar
|-crit|p2a: Gengar
|-damage|p2a: Gengar|0 fnt
|faint|p2a: Gengar
|
|t:|1730232562
|switch|p2a: Metagross|Metagross|100/100
|-damage|p2a: Metagross|88/100|[from] Spikes
|
|-weather|Sandstorm|[upkeep]
|-heal|p2a: Metagross|94/100|[from] item: Leftovers
|upkeep
|turn|23
|
|t:|1730232566
|move|p2a: Metagross|Earthquake|p1a: Dupont
|-supereffective|p1a: Dupont
|-damage|p1a: Dupont|46/100
|move|p1a: Dupont|Earthquake|p2a: Metagross
|-supereffective|p2a: Metagross
|-damage|p2a: Metagross|42/100
|
|-weather|Sandstorm|[upkeep]
|-heal|p2a: Metagross|48/100|[from] item: Leftovers
|-heal|p1a: Dupont|52/100|[from] item: Leftovers
|upkeep
|turn|24
|
|t:|1730232570
|move|p2a: Metagross|Earthquake|p1a: Dupont
|-supereffective|p1a: Dupont
|-damage|p1a: Dupont|1/100
|move|p1a: Dupont|Earthquake|p2a: Metagross
|-supereffective|p2a: Metagross
|-damage|p2a: Metagross|0 fnt
|faint|p2a: Metagross
|
|t:|1730232577
|switch|p2a: Dugtrio|Dugtrio, M|100/100
|-damage|p2a: Dugtrio|88/100|[from] Spikes
|
|-weather|Sandstorm|[upkeep]
|-heal|p1a: Dupont|7/100|[from] item: Leftovers
|upkeep
|turn|25
|
|t:|1730232579
|move|p2a: Dugtrio|Earthquake|p1a: Dupont
|-supereffective|p1a: Dupont
|-damage|p1a: Dupont|0 fnt
|faint|p1a: Dupont
|
|t:|1730232581
|switch|p1a: bagonator|Salamence, F, shiny|94/100
|-ability|p1a: bagonator|Intimidate|boost
|-unboost|p2a: Dugtrio|atk|1
|
|-weather|Sandstorm|[upkeep]
|-damage|p1a: bagonator|88/100|[from] Sandstorm
|upkeep
|turn|26
|
|t:|1730232583
|switch|p2a: Blissey|Blissey, F|95/100
|-damage|p2a: Blissey|82/100|[from] Spikes
|move|p1a: bagonator|Brick Break|p2a: Blissey
|-supereffective|p2a: Blissey
|-damage|p2a: Blissey|0 fnt
|faint|p2a: Blissey
|
|t:|1730232585
|switch|p2a: Dugtrio|Dugtrio, M|88/100
|-damage|p2a: Dugtrio|76/100|[from] Spikes
|
|-weather|Sandstorm|[upkeep]
|-damage|p1a: bagonator|82/100|[from] Sandstorm
|upkeep
|turn|27
|
|t:|1730232589
|switch|p2a: Tyranitar|Tyranitar, F|88/100
|-damage|p2a: Tyranitar|76/100|[from] Spikes
|switch|p1a: ILTGMDSWIGH|Skarmory, F|39/100
|
|-weather|Sandstorm|[upkeep]
|-heal|p1a: ILTGMDSWIGH|45/100|[from] item: Leftovers
|upkeep
|turn|28
|
|t:|1730232592
|move|p2a: Tyranitar|Dragon Dance|p2a: Tyranitar
|-boost|p2a: Tyranitar|atk|1
|-boost|p2a: Tyranitar|spe|1
|move|p1a: ILTGMDSWIGH|Roar|p2a: Tyranitar
|drag|p2a: Dugtrio|Dugtrio, M|76/100
|-damage|p2a: Dugtrio|64/100|[from] Spikes
|
|-weather|Sandstorm|[upkeep]
|-heal|p1a: ILTGMDSWIGH|51/100|[from] item: Leftovers
|upkeep
|turn|29
|
|t:|1730232595
|move|p2a: Dugtrio|Rock Slide|p1a: ILTGMDSWIGH
|-damage|p1a: ILTGMDSWIGH|29/100
|move|p1a: ILTGMDSWIGH|Drill Peck|p2a: Dugtrio
|-damage|p2a: Dugtrio|0 fnt
|faint|p2a: Dugtrio
|
|t:|1730232597
|switch|p2a: Tyranitar|Tyranitar, F|76/100
|-damage|p2a: Tyranitar|64/100|[from] Spikes
|
|-weather|Sandstorm|[upkeep]
|-heal|p1a: ILTGMDSWIGH|35/100|[from] item: Leftovers
|upkeep
|turn|30
|
|t:|1730232600
|move|p2a: Tyranitar|Dragon Dance|p2a: Tyranitar
|-boost|p2a: Tyranitar|atk|1
|-boost|p2a: Tyranitar|spe|1
|move|p1a: ILTGMDSWIGH|Taunt|p2a: Tyranitar
|-start|p2a: Tyranitar|move: Taunt
|
|-weather|Sandstorm|[upkeep]
|-heal|p1a: ILTGMDSWIGH|41/100|[from] item: Leftovers
|upkeep
|turn|31
|
|t:|1730232611
|switch|p1a: Kebab|Blissey, F|63/100
|-damage|p1a: Kebab|38/100|[from] Spikes
|move|p2a: Tyranitar|Earthquake|p1a: Kebab
|-damage|p1a: Kebab|0 fnt
|faint|p1a: Kebab
|
|t:|1730232612
|switch|p1a: bagonator|Salamence, F, shiny|82/100
|-ability|p1a: bagonator|Intimidate|boost
|-unboost|p2a: Tyranitar|atk|1
|
|-weather|Sandstorm|[upkeep]
|-damage|p1a: bagonator|76/100|[from] Sandstorm
|-end|p2a: Tyranitar|move: Taunt|[silent]
|upkeep
|turn|32
|
|t:|1730232620
|move|p2a: Tyranitar|Rock Slide|p1a: bagonator
|-supereffective|p1a: bagonator
|-damage|p1a: bagonator|0 fnt
|faint|p1a: bagonator
|
|t:|1730232622
|switch|p1a: ILTGMDSWIGH|Skarmory, F|41/100
|
|-weather|Sandstorm|[upkeep]
|-heal|p1a: ILTGMDSWIGH|47/100|[from] item: Leftovers
|upkeep
|turn|33
|c|☆Genexys|gg
|
|t:|1730232627
|move|p2a: Tyranitar|Rock Slide|p1a: ILTGMDSWIGH
|-damage|p1a: ILTGMDSWIGH|11/100
|cant|p1a: ILTGMDSWIGH|flinch
|
|-weather|Sandstorm|[upkeep]
|-heal|p1a: ILTGMDSWIGH|17/100|[from] item: Leftovers
|upkeep
|turn|34
|
|t:|1730232631
|move|p2a: Tyranitar|Rock Slide|p1a: ILTGMDSWIGH
|-damage|p1a: ILTGMDSWIGH|0 fnt
|faint|p1a: ILTGMDSWIGH
|
|win|Segale
|c|☆Segale|gg
|player|p1|

</script>
<script type="application/json" class="data" id="replaydata-smogtours-gen3ou-803292">
{"id":"smogtours-gen3ou-803292","format":"[Gen 3] OU","players":["Genexys","Segale"],"uploadtime":1730232631,"views":118,"formatid":"gen3ou","rating":null,"private":1,"password":null}
</script>

<script defer src="js/replays.js?9d40a366"></script>
