<!DOCTYPE html>
<meta charset="utf-8" />
<meta name="viewport" content="width=device-width" />

<title>[Gen 3] OU: Zacynthius vs. DanteADV - Replays - Pok&eacute;mon Showdown!</title>

<meta name="description" content="Watch a replay of a Pok&eacute;mon battle between Zacynthius and DanteADV! Format: [Gen 3] OU; Date: Oct 6, 2024" />
<!--

Hey, you! Looking in the source for the replay log?

You can find them in JSON format, just add `.json` at the end of a replay URL.

https://replay.pokemonshowdown.com/gen7randomdoublesbattle-865046831.json

Or, if you only need the log itself, add `.log` instead:

https://replay.pokemonshowdown.com/gen7randomdoublesbattle-865046831.log

-->

<link rel="stylesheet" href="//pokemonshowdown.com/style/global.css?0.023195364461161105" />
<link rel="stylesheet" href="//play.pokemonshowdown.com/style/font-awesome.css?0.13261647063804238" />
<link rel="stylesheet" href="//play.pokemonshowdown.com/style/battle.css?0.8753245789963631" />
<link rel="stylesheet" href="//play.pokemonshowdown.com/style/utilichart.css?0.8627959624976733" />

<!-- Global site tag (gtag.js) - Google Analytics -->
<script async src="https://www.googletagmanager.com/gtag/js?id=UA-26211653-1"></script>
<script>
  window.dataLayer = window.dataLayer || [];
  function gtag(){dataLayer.push(arguments);}
  gtag('js', new Date());

  gtag('config', 'UA-26211653-1');
</script>
<!-- End Google Analytics -->
<!-- Venatus Ad Manager - Install in <HEAD> of page -->
	<script src="https://hb.vntsm.com/v3/live/ad-manager.min.js" type="text/javascript" data-site-id="642aba63ec9a7b11c3c9c1be" data-mode="scan" async></script>
<!-- / Venatus Ad Manager -->

<style>
	@media (max-width:820px) {
		.battle {
			margin: 0 auto;
		}
		.battle-log {
			margin: 7px auto 0;
			max-width: 640px;
			height: 300px;
			position: static;
		}
	}
	.optgroup {
		display: inline-block;
		line-height: 22px;
		font-size: 10pt;
	}
	.optgroup .button {
		height: 25px;
		padding-top: 0;
		padding-bottom: 0;
	}
	.optgroup button.button {
		padding-left: 12px;
		padding-right: 12px;
	}
	.linklist {
		list-style: none;
		margin: 0.5em 0;
		padding: 0;
	}
	.linklist li {
		padding: 2px 0;
	}
	.sidebar {
		float: left;
		width: 320px;
	}
	.bar-wrapper {
		max-width: 1100px;
		margin: 0 auto;
	}
	.bar-wrapper.has-sidebar {
		max-width: 1430px;
	}
	.mainbar {
		margin: 0;
		padding-right: 1px;
	}
	.mainbar.has-sidebar {
		margin-left: 330px;
	}
	@media (min-width: 1511px) {
		.sidebar {
			width: 400px;
		}
		.bar-wrapper.has-sidebar {
			max-width: 1510px;
		}
		.mainbar.has-sidebar {
			margin-left: 410px;
		}
	}
	.section.first-section {
		margin-top: 9px;
	}
	.blocklink small {
		white-space: normal;
	}
	.button {
		vertical-align: middle;
	}
	.replay-controls {
		padding-top: 10px;
	}
	.replay-controls h1 {
		font-size: 16pt;
		font-weight: normal;
		color: #CCC;
	}
	.pagelink {
		text-align: center;
	}
	.pagelink a {
		width: 150px;
	}
	.textbox, .button {
		font-size: 11pt;
		vertical-align: middle;
	}
	@media (max-width: 450px) {
		.button {
			font-size: 9pt;
		}
	}
</style>

<div>

	<header>
		<div class="nav-wrapper"><ul class="nav">
			<li><a class="button nav-first" href="//pokemonshowdown.com/"><img src="//pokemonshowdown.com/images/pokemonshowdownbeta.png" srcset="//pokemonshowdown.com/images/pokemonshowdownbeta.png 1x, //pokemonshowdown.com/images/pokemonshowdownbeta@2x.png 2x" alt="Pok&eacute;mon Showdown" width="146" height="44" /> Home</a></li>
			<li><a class="button" href="//pokemonshowdown.com/dex/">Pok&eacute;dex</a></li>
			<li><a class="button cur" href="/">Replays</a></li>
			<li><a class="button" href="//pokemonshowdown.com/ladder/">Ladder</a></li>
			<li><a class="button nav-last" href="//pokemonshowdown.com/forums/">Forum</a></li>
			<li><a class="button greenbutton nav-first nav-last" href="//play.pokemonshowdown.com/">Play</a></li>
		</ul></div>
	</header>

	<div class="main" id="main">

		<noscript><section class="section">You need to enable JavaScript to use this page; sorry!</section></noscript>

	</div>

</div>

<script defer nomodule src="//play.pokemonshowdown.com/js/lib/ps-polyfill.js"></script>
<script defer src="//play.pokemonshowdown.com/js/lib/preact.min.js"></script>

<script defer src="//play.pokemonshowdown.com/config/config.js?2bddbc15"></script>
<script defer src="//play.pokemonshowdown.com/js/lib/jquery-1.11.0.min.js"></script>
<script defer src="//play.pokemonshowdown.com/js/lib/html-sanitizer-minified.js"></script>
<script defer src="//play.pokemonshowdown.com/js/battle-sound.js"></script>
<script defer src="//play.pokemonshowdown.com/js/battledata.js?0.7209276989879541"></script>
<script defer src="//play.pokemonshowdown.com/data/pokedex-mini.js?0.6111056340867951"></script>
<script defer src="//play.pokemonshowdown.com/data/pokedex-mini-bw.js?0.3532142036491459"></script>
<script defer src="//play.pokemonshowdown.com/data/graphics.js?0.24223875632456182"></script>
<script defer src="//play.pokemonshowdown.com/data/pokedex.js?0.38839984266356864"></script>
<script defer src="//play.pokemonshowdown.com/data/moves.js?0.21866028504024015"></script>
<script defer src="//play.pokemonshowdown.com/data/abilities.js?0.2005157953846628"></script>
<script defer src="//play.pokemonshowdown.com/data/items.js?0.9894211263848525"></script>
<script defer src="//play.pokemonshowdown.com/data/teambuilder-tables.js?0.6008791140282215"></script>
<script defer src="//play.pokemonshowdown.com/js/battle-tooltips.js?0.7580118955022959"></script>
<script defer src="//play.pokemonshowdown.com/js/battle.js?0.6057722274234274"></script>

<script defer src="js/utils.js?e31f9a17"></script>
<script defer src="js/replays-battle.js?7008c182"></script>

<!-- don't scrape this data! just add .json or .log after the URL!
Full API docs: https://github.com/smogon/pokemon-showdown-client/blob/master/WEB-API.md -->
<script type="text/plain" class="log" id="replaylog-smogtours-gen3ou-795682">
|inactive|Battle timer is ON: inactive players will automatically lose when time's up.
|t:|1728232689
|gametype|singles
|player|p1|Zacynthius|170|
|player|p2|DanteADV|101|
|teamsize|p1|6
|teamsize|p2|6
|gen|3
|tier|[Gen 3] OU
|rule|Sleep Clause Mod: Limit one foe put to sleep
|rule|Switch Priority Clause Mod: Faster Pokémon switch first
|rule|Species Clause: Limit one of each Pokémon
|rule|OHKO Clause: OHKO moves are banned
|rule|Evasion Items Clause: Evasion items are banned
|rule|Evasion Moves Clause: Evasion moves are banned
|rule|Endless Battle Clause: Forcing endless battles is banned
|rule|HP Percentage Mod: HP is shown in percentages
|rule|One Boost Passer Clause: Limit one Baton Passer that has a way to boost its stats
|rule|Freeze Clause Mod: Limit one foe frozen
|
|t:|1728232689
|start
|switch|p1a: Salamence|Salamence, F|100/100
|switch|p2a: Skarmory|Skarmory, M|100/100
|-ability|p1a: Salamence|Intimidate|boost
|-unboost|p2a: Skarmory|atk|1
|turn|1
|
|t:|1728232697
|move|p1a: Salamence|Fire Blast|p2a: Skarmory
|-supereffective|p2a: Skarmory
|-damage|p2a: Skarmory|33/100
|move|p2a: Skarmory|Spikes|p1a: Salamence
|-sidestart|p1: Zacynthius|Spikes
|
|-heal|p2a: Skarmory|39/100|[from] item: Leftovers
|upkeep
|turn|2
|
|t:|1728232709
|move|p2a: Skarmory|Protect|p2a: Skarmory
|-singleturn|p2a: Skarmory|Protect
|move|p1a: Salamence|Dragon Claw|p2a: Skarmory
|-activate|p2a: Skarmory|Protect
|
|-heal|p2a: Skarmory|45/100|[from] item: Leftovers
|upkeep
|turn|3
|
|t:|1728232724
|switch|p2a: Zapdos|Zapdos|100/100
|move|p1a: Salamence|Fire Blast|p2a: Zapdos
|-crit|p2a: Zapdos
|-damage|p2a: Zapdos|53/100
|
|-heal|p2a: Zapdos|59/100|[from] item: Leftovers
|upkeep
|turn|4
|
|t:|1728232750
|move|p1a: Salamence|Fire Blast|p2a: Zapdos
|-damage|p2a: Zapdos|34/100
|move|p2a: Zapdos|Rest|p2a: Zapdos
|-status|p2a: Zapdos|slp|[from] move: Rest
|-heal|p2a: Zapdos|100/100 slp|[silent]
|
|upkeep
|turn|5
|
|t:|1728232758
|switch|p1a: Celebi|Celebi|100/100
|-damage|p1a: Celebi|88/100|[from] Spikes
|cant|p2a: Zapdos|slp
|move|p2a: Zapdos|Sleep Talk|p2a: Zapdos
|move|p2a: Zapdos|Rest|p2a: Zapdos|[from]Sleep Talk
|
|-heal|p1a: Celebi|94/100|[from] item: Leftovers
|upkeep
|turn|6
|
|t:|1728232771
|move|p1a: Celebi|Calm Mind|p1a: Celebi
|-boost|p1a: Celebi|spa|1
|-boost|p1a: Celebi|spd|1
|cant|p2a: Zapdos|slp
|move|p2a: Zapdos|Sleep Talk|p2a: Zapdos
|move|p2a: Zapdos|Roar|p1a: Celebi|[from]Sleep Talk
|drag|p1a: Metagross|Metagross|100/100
|-damage|p1a: Metagross|88/100|[from] Spikes
|
|upkeep
|turn|7
|
|t:|1728232789
|switch|p2a: Skarmory|Skarmory, M|45/100
|move|p1a: Metagross|Rock Slide|p2a: Skarmory
|-damage|p2a: Skarmory|12/100
|
|-heal|p2a: Skarmory|18/100|[from] item: Leftovers
|upkeep
|turn|8
|
|t:|1728232797
|switch|p1a: Zapdos|Zapdos|100/100
|move|p2a: Skarmory|Protect||[still]
|-fail|p2a: Skarmory
|
|-heal|p2a: Skarmory|24/100|[from] item: Leftovers
|upkeep
|turn|9
|
|t:|1728232809
|switch|p2a: Tyranitar|Tyranitar, M|100/100
|-weather|Sandstorm|[from] ability: Sand Stream|[of] p2a: Tyranitar
|move|p1a: Zapdos|Substitute|p1a: Zapdos
|-start|p1a: Zapdos|Substitute
|-damage|p1a: Zapdos|76/100
|
|-weather|Sandstorm|[upkeep]
|-damage|p1a: Zapdos|69/100|[from] Sandstorm
|-heal|p1a: Zapdos|76/100|[from] item: Leftovers
|upkeep
|turn|10
|
|t:|1728232815
|move|p1a: Zapdos|Thunderbolt|p2a: Tyranitar
|-damage|p2a: Tyranitar|53/100
|move|p2a: Tyranitar|Rock Slide|p1a: Zapdos|[miss]
|-miss|p2a: Tyranitar|p1a: Zapdos
|
|-weather|Sandstorm|[upkeep]
|-damage|p1a: Zapdos|69/100|[from] Sandstorm
|-heal|p1a: Zapdos|76/100|[from] item: Leftovers
|-heal|p2a: Tyranitar|59/100|[from] item: Leftovers
|upkeep
|turn|11
|
|t:|1728232826
|move|p1a: Zapdos|Thunderbolt|p2a: Tyranitar
|-damage|p2a: Tyranitar|15/100
|move|p2a: Tyranitar|Rock Slide|p1a: Zapdos
|-supereffective|p1a: Zapdos
|-end|p1a: Zapdos|Substitute
|
|-weather|Sandstorm|[upkeep]
|-damage|p1a: Zapdos|69/100|[from] Sandstorm
|-heal|p1a: Zapdos|76/100|[from] item: Leftovers
|-heal|p2a: Tyranitar|21/100|[from] item: Leftovers
|upkeep
|turn|12
|
|t:|1728232842
|-singleturn|p2a: Tyranitar|move: Focus Punch
|move|p1a: Zapdos|Substitute|p1a: Zapdos
|-start|p1a: Zapdos|Substitute
|-damage|p1a: Zapdos|51/100
|move|p2a: Tyranitar|Focus Punch|p1a: Zapdos
|-resisted|p1a: Zapdos
|-end|p1a: Zapdos|Substitute
|
|-weather|Sandstorm|[upkeep]
|-damage|p1a: Zapdos|45/100|[from] Sandstorm
|-heal|p1a: Zapdos|51/100|[from] item: Leftovers
|-heal|p2a: Tyranitar|27/100|[from] item: Leftovers
|upkeep
|turn|13
|
|t:|1728232858
|switch|p2a: Swampert|Swampert, F|100/100
|move|p1a: Zapdos|Thunderbolt|p2a: Swampert
|-immune|p2a: Swampert
|
|-weather|Sandstorm|[upkeep]
|-damage|p1a: Zapdos|45/100|[from] Sandstorm
|-heal|p1a: Zapdos|51/100|[from] item: Leftovers
|upkeep
|turn|14
|
|t:|1728232866
|switch|p2a: Zapdos|Zapdos|100/100 slp
|move|p1a: Zapdos|Hidden Power|p2a: Zapdos
|-resisted|p2a: Zapdos
|-damage|p2a: Zapdos|92/100 slp
|
|-weather|Sandstorm|[upkeep]
|-damage|p1a: Zapdos|45/100|[from] Sandstorm
|-damage|p2a: Zapdos|86/100 slp|[from] Sandstorm
|-heal|p1a: Zapdos|51/100|[from] item: Leftovers
|-heal|p2a: Zapdos|92/100 slp|[from] item: Leftovers
|upkeep
|turn|15
|
|t:|1728232872
|move|p1a: Zapdos|Thunderbolt|p2a: Zapdos
|-damage|p2a: Zapdos|54/100 slp
|cant|p2a: Zapdos|slp
|move|p2a: Zapdos|Sleep Talk|p2a: Zapdos
|move|p2a: Zapdos|Rest|p2a: Zapdos|[from]Sleep Talk
|
|-weather|Sandstorm|[upkeep]
|-damage|p1a: Zapdos|45/100|[from] Sandstorm
|-damage|p2a: Zapdos|48/100 slp|[from] Sandstorm
|-heal|p1a: Zapdos|51/100|[from] item: Leftovers
|-heal|p2a: Zapdos|54/100 slp|[from] item: Leftovers
|upkeep
|turn|16
|
|t:|1728232887
|switch|p2a: Tyranitar|Tyranitar, M|27/100
|move|p1a: Zapdos|Thunderbolt|p2a: Tyranitar
|-damage|p2a: Tyranitar|0 fnt
|faint|p2a: Tyranitar
|
|t:|1728232894
|switch|p2a: Aerodactyl|Aerodactyl, F|100/100
|
|-weather|Sandstorm|[upkeep]
|-damage|p1a: Zapdos|45/100|[from] Sandstorm
|-heal|p1a: Zapdos|51/100|[from] item: Leftovers
|upkeep
|turn|17
|inactive|Zacynthius has 270 seconds left.
|
|t:|1728232926
|switch|p1a: Swampert|Swampert, M|100/100
|-damage|p1a: Swampert|88/100|[from] Spikes
|move|p2a: Aerodactyl|Earthquake|p1a: Swampert
|-damage|p1a: Swampert|46/100
|
|-weather|Sandstorm|[upkeep]
|-heal|p1a: Swampert|52/100|[from] item: Leftovers
|upkeep
|turn|18
|inactive|Zacynthius has 270 seconds left.
|
|t:|1728232946
|switch|p2a: Venusaur|Venusaur, F|100/100
|move|p1a: Swampert|Surf|p2a: Venusaur
|-resisted|p2a: Venusaur
|-damage|p2a: Venusaur|82/100
|
|-weather|Sandstorm|[upkeep]
|-damage|p2a: Venusaur|76/100|[from] Sandstorm
|-heal|p2a: Venusaur|82/100|[from] item: Leftovers
|-heal|p1a: Swampert|59/100|[from] item: Leftovers
|upkeep
|turn|19
|
|t:|1728232958
|move|p2a: Venusaur|Sleep Powder|p1a: Swampert
|-status|p1a: Swampert|slp|[from] move: Sleep Powder
|cant|p1a: Swampert|slp
|
|-weather|Sandstorm|[upkeep]
|-damage|p2a: Venusaur|76/100|[from] Sandstorm
|-heal|p2a: Venusaur|82/100|[from] item: Leftovers
|-heal|p1a: Swampert|65/100 slp|[from] item: Leftovers
|upkeep
|turn|20
|
|t:|1728232965
|switch|p1a: Celebi|Celebi|94/100
|-damage|p1a: Celebi|82/100|[from] Spikes
|move|p2a: Venusaur|Leech Seed|p1a: Celebi
|-immune|p1a: Celebi
|
|-weather|Sandstorm|[upkeep]
|-damage|p1a: Celebi|76/100|[from] Sandstorm
|-damage|p2a: Venusaur|76/100|[from] Sandstorm
|-heal|p1a: Celebi|82/100|[from] item: Leftovers
|-heal|p2a: Venusaur|82/100|[from] item: Leftovers
|upkeep
|turn|21
|
|t:|1728232971
|switch|p2a: Aerodactyl|Aerodactyl, F|100/100
|move|p1a: Celebi|Calm Mind|p1a: Celebi
|-boost|p1a: Celebi|spa|1
|-boost|p1a: Celebi|spd|1
|
|-weather|Sandstorm|[upkeep]
|-damage|p1a: Celebi|76/100|[from] Sandstorm
|-heal|p1a: Celebi|82/100|[from] item: Leftovers
|upkeep
|turn|22
|
|t:|1728232977
|switch|p1a: Salamence|Salamence, F|100/100
|-ability|p1a: Salamence|Intimidate|boost
|-unboost|p2a: Aerodactyl|atk|1
|move|p2a: Aerodactyl|Hidden Power|p1a: Salamence
|-resisted|p1a: Salamence
|-damage|p1a: Salamence|87/100
|
|-weather|Sandstorm|[upkeep]
|-damage|p1a: Salamence|81/100|[from] Sandstorm
|upkeep
|turn|23
|
|t:|1728232994
|switch|p2a: Swampert|Swampert, F|100/100
|move|p1a: Salamence|Dragon Claw|p2a: Swampert
|-damage|p2a: Swampert|67/100
|
|-weather|Sandstorm|[upkeep]
|-damage|p1a: Salamence|75/100|[from] Sandstorm
|-heal|p2a: Swampert|74/100|[from] item: Leftovers
|upkeep
|turn|24
|
|t:|1728233007
|switch|p2a: Aerodactyl|Aerodactyl, F|100/100
|move|p1a: Salamence|Hidden Power|p2a: Aerodactyl
|-damage|p2a: Aerodactyl|69/100
|
|-weather|Sandstorm|[upkeep]
|-damage|p1a: Salamence|69/100|[from] Sandstorm
|upkeep
|turn|25
|
|t:|1728233022
|switch|p1a: Swampert|Swampert, M|65/100 slp
|-damage|p1a: Swampert|52/100 slp|[from] Spikes
|move|p2a: Aerodactyl|Double-Edge|p1a: Swampert
|-damage|p1a: Swampert|3/100 slp
|
|-weather|Sandstorm|[upkeep]
|-heal|p1a: Swampert|10/100 slp|[from] item: Leftovers
|upkeep
|turn|26
|
|t:|1728233039
|switch|p2a: Skarmory|Skarmory, M|24/100
|cant|p1a: Swampert|slp
|
|-weather|Sandstorm|[upkeep]
|-heal|p2a: Skarmory|30/100|[from] item: Leftovers
|-heal|p1a: Swampert|16/100 slp|[from] item: Leftovers
|upkeep
|turn|27
|
|t:|1728233046
|switch|p1a: Zapdos|Zapdos|51/100
|move|p2a: Skarmory|Spikes|p1a: Zapdos
|-sidestart|p1: Zacynthius|Spikes
|
|-weather|Sandstorm|[upkeep]
|-damage|p1a: Zapdos|45/100|[from] Sandstorm
|-heal|p1a: Zapdos|51/100|[from] item: Leftovers
|-heal|p2a: Skarmory|36/100|[from] item: Leftovers
|upkeep
|turn|28
|inactive|DanteADV has 270 seconds left.
|
|t:|1728233072
|move|p1a: Zapdos|Substitute|p1a: Zapdos
|-start|p1a: Zapdos|Substitute
|-damage|p1a: Zapdos|26/100
|move|p2a: Skarmory|Spikes|p1a: Zapdos
|-sidestart|p1: Zacynthius|Spikes
|
|-weather|Sandstorm|[upkeep]
|-damage|p1a: Zapdos|20/100|[from] Sandstorm
|-heal|p1a: Zapdos|26/100|[from] item: Leftovers
|-heal|p2a: Skarmory|42/100|[from] item: Leftovers
|upkeep
|turn|29
|inactive|DanteADV has 270 seconds left.
|
|t:|1728233082
|move|p2a: Skarmory|Protect|p2a: Skarmory
|-singleturn|p2a: Skarmory|Protect
|move|p1a: Zapdos|Thunderbolt|p2a: Skarmory
|-activate|p2a: Skarmory|Protect
|
|-weather|Sandstorm|[upkeep]
|-damage|p1a: Zapdos|20/100|[from] Sandstorm
|-heal|p1a: Zapdos|26/100|[from] item: Leftovers
|-heal|p2a: Skarmory|48/100|[from] item: Leftovers
|upkeep
|turn|30
|inactive|DanteADV has 270 seconds left.
|
|t:|1728233095
|move|p2a: Skarmory|Protect|p2a: Skarmory
|-singleturn|p2a: Skarmory|Protect
|move|p1a: Zapdos|Thunderbolt|p2a: Skarmory
|-activate|p2a: Skarmory|Protect
|
|-weather|Sandstorm|[upkeep]
|-damage|p1a: Zapdos|20/100|[from] Sandstorm
|-heal|p1a: Zapdos|26/100|[from] item: Leftovers
|-heal|p2a: Skarmory|53/100|[from] item: Leftovers
|upkeep
|turn|31
|inactive|DanteADV has 270 seconds left.
|
|t:|1728233122
|move|p1a: Zapdos|Thunderbolt|p2a: Skarmory
|-supereffective|p2a: Skarmory
|-damage|p2a: Skarmory|0 fnt
|faint|p2a: Skarmory
|
|t:|1728233133
|switch|p2a: Venusaur|Venusaur, F|82/100
|
|-weather|Sandstorm|[upkeep]
|-damage|p1a: Zapdos|20/100|[from] Sandstorm
|-damage|p2a: Venusaur|76/100|[from] Sandstorm
|-heal|p1a: Zapdos|26/100|[from] item: Leftovers
|-heal|p2a: Venusaur|82/100|[from] item: Leftovers
|upkeep
|turn|32
|
|t:|1728233136
|move|p1a: Zapdos|Baton Pass|p1a: Zapdos
|
|t:|1728233148
|switch|p1a: Celebi|Celebi|82/100|[from] Baton Pass
|-damage|p1a: Celebi|57/100|[from] Spikes
|move|p2a: Venusaur|Giga Drain|p1a: Celebi
|-resisted|p1a: Celebi
|-activate|p1a: Celebi|Substitute|[damage]
|-heal|p2a: Venusaur|88/100|[from] drain|[of] p1a: Celebi
|
|-weather|Sandstorm|[upkeep]
|-damage|p1a: Celebi|51/100|[from] Sandstorm
|-damage|p2a: Venusaur|82/100|[from] Sandstorm
|-heal|p1a: Celebi|57/100|[from] item: Leftovers
|-heal|p2a: Venusaur|88/100|[from] item: Leftovers
|upkeep
|turn|33
|
|t:|1728233161
|move|p1a: Celebi|Calm Mind|p1a: Celebi
|-boost|p1a: Celebi|spa|1
|-boost|p1a: Celebi|spd|1
|move|p2a: Venusaur|Hidden Power|p1a: Celebi
|-supereffective|p1a: Celebi
|-end|p1a: Celebi|Substitute
|
|-weather|Sandstorm|[upkeep]
|-damage|p1a: Celebi|51/100|[from] Sandstorm
|-damage|p2a: Venusaur|82/100|[from] Sandstorm
|-heal|p1a: Celebi|57/100|[from] item: Leftovers
|-heal|p2a: Venusaur|88/100|[from] item: Leftovers
|upkeep
|turn|34
|inactive|Zacynthius has 270 seconds left.
|inactive|DanteADV has 240 seconds left.
|
|t:|1728233201
|move|p1a: Celebi|Calm Mind|p1a: Celebi
|-boost|p1a: Celebi|spa|1
|-boost|p1a: Celebi|spd|1
|move|p2a: Venusaur|Hidden Power|p1a: Celebi
|-supereffective|p1a: Celebi
|-damage|p1a: Celebi|43/100
|
|-weather|Sandstorm|[upkeep]
|-damage|p1a: Celebi|36/100|[from] Sandstorm
|-damage|p2a: Venusaur|82/100|[from] Sandstorm
|-heal|p1a: Celebi|43/100|[from] item: Leftovers
|-heal|p2a: Venusaur|88/100|[from] item: Leftovers
|upkeep
|turn|35
|
|t:|1728233209
|move|p1a: Celebi|Baton Pass|p1a: Celebi
|inactive|Zacynthius has 270 seconds left.
|
|t:|1728233231
|switch|p1a: Salamence|Salamence, F|69/100|[from] Baton Pass
|-ability|p1a: Salamence|Intimidate|boost
|-unboost|p2a: Venusaur|atk|1
|move|p2a: Venusaur|Hidden Power|p1a: Salamence
|-resisted|p1a: Salamence
|-damage|p1a: Salamence|63/100
|
|-weather|Sandstorm|[upkeep]
|-damage|p1a: Salamence|57/100|[from] Sandstorm
|-damage|p2a: Venusaur|82/100|[from] Sandstorm
|-heal|p2a: Venusaur|88/100|[from] item: Leftovers
|upkeep
|turn|36
|inactive|DanteADV has 240 seconds left.
|
|t:|1728233267
|move|p1a: Salamence|Fire Blast|p2a: Venusaur
|-supereffective|p2a: Venusaur
|-damage|p2a: Venusaur|0 fnt
|faint|p2a: Venusaur
|
|t:|1728233273
|switch|p2a: Aerodactyl|Aerodactyl, F|69/100
|
|-weather|Sandstorm|[upkeep]
|-damage|p1a: Salamence|51/100|[from] Sandstorm
|upkeep
|turn|37
|
|t:|1728233281
|switch|p1a: Swampert|Swampert, M|16/100 slp
|-damage|p1a: Swampert|0 fnt|[from] Spikes
|faint|p1a: Swampert
|
|t:|1728233285
|switch|p1a: Salamence|Salamence, F|51/100
|-ability|p1a: Salamence|Intimidate|boost
|-unboost|p2a: Aerodactyl|atk|1
|
|-weather|Sandstorm|[upkeep]
|-damage|p1a: Salamence|45/100|[from] Sandstorm
|upkeep
|turn|38
|
|t:|1728233294
|switch|p1a: Celebi|Celebi|43/100
|-damage|p1a: Celebi|18/100|[from] Spikes
|move|p2a: Aerodactyl|Rock Slide|p1a: Celebi
|-damage|p1a: Celebi|0 fnt
|faint|p1a: Celebi
|
|t:|1728233299
|switch|p1a: Metagross|Metagross|88/100
|-damage|p1a: Metagross|63/100|[from] Spikes
|
|-weather|Sandstorm|[upkeep]
|upkeep
|turn|39
|inactive|DanteADV has 240 seconds left.
|
|t:|1728233308
|switch|p2a: Zapdos|Zapdos|54/100 slp
|move|p1a: Metagross|Meteor Mash|p2a: Zapdos
|-resisted|p2a: Zapdos
|-damage|p2a: Zapdos|11/100 slp
|-boost|p1a: Metagross|atk|1
|
|-weather|Sandstorm|[upkeep]
|-damage|p2a: Zapdos|5/100 slp|[from] Sandstorm
|-heal|p2a: Zapdos|11/100 slp|[from] item: Leftovers
|upkeep
|turn|40
|inactive|DanteADV has 240 seconds left.
|
|t:|1728233318
|cant|p2a: Zapdos|slp
|move|p2a: Zapdos|Sleep Talk|p2a: Zapdos
|move|p2a: Zapdos|Roar|p1a: Metagross|[from]Sleep Talk
|drag|p1a: Salamence|Salamence, F|45/100
|-ability|p1a: Salamence|Intimidate|boost
|-unboost|p2a: Zapdos|atk|1
|
|-weather|Sandstorm|[upkeep]
|-damage|p1a: Salamence|39/100|[from] Sandstorm
|-damage|p2a: Zapdos|5/100 slp|[from] Sandstorm
|-heal|p2a: Zapdos|11/100 slp|[from] item: Leftovers
|upkeep
|turn|41
|inactive|DanteADV has 240 seconds left.
|inactive|DanteADV has 210 seconds left.
|
|t:|1728233359
|switch|p2a: Aerodactyl|Aerodactyl, F|69/100
|move|p1a: Salamence|Dragon Claw|p2a: Aerodactyl
|-damage|p2a: Aerodactyl|14/100
|
|-weather|Sandstorm|[upkeep]
|-damage|p1a: Salamence|33/100|[from] Sandstorm
|upkeep
|turn|42
|
|t:|1728233370
|switch|p1a: Metagross|Metagross|63/100
|-damage|p1a: Metagross|38/100|[from] Spikes
|move|p2a: Aerodactyl|Double-Edge|p1a: Metagross
|-resisted|p1a: Metagross
|-damage|p1a: Metagross|18/100
|
|-weather|Sandstorm|[upkeep]
|upkeep
|turn|43
|
|t:|1728233382
|move|p2a: Aerodactyl|Double-Edge|p1a: Metagross
|-resisted|p1a: Metagross
|-crit|p1a: Metagross
|-damage|p1a: Metagross|0 fnt
|faint|p1a: Metagross
|
|t:|1728233386
|switch|p1a: Salamence|Salamence, F|33/100
|-ability|p1a: Salamence|Intimidate|boost
|-unboost|p2a: Aerodactyl|atk|1
|
|-weather|Sandstorm|[upkeep]
|-damage|p1a: Salamence|27/100|[from] Sandstorm
|upkeep
|turn|44
|
|t:|1728233396
|switch|p2a: Zapdos|Zapdos|11/100 slp
|switch|p1a: Dugtrio|Dugtrio, F|100/100
|-damage|p1a: Dugtrio|76/100|[from] Spikes
|
|-weather|Sandstorm|[upkeep]
|-damage|p2a: Zapdos|5/100 slp|[from] Sandstorm
|-heal|p2a: Zapdos|11/100 slp|[from] item: Leftovers
|upkeep
|turn|45
|
|t:|1728233405
|move|p1a: Dugtrio|Ancient Power|p2a: Zapdos
|-supereffective|p2a: Zapdos
|-damage|p2a: Zapdos|0 fnt
|faint|p2a: Zapdos
|
|t:|1728233416
|switch|p2a: Swampert|Swampert, F|74/100
|
|-weather|Sandstorm|[upkeep]
|-heal|p2a: Swampert|80/100|[from] item: Leftovers
|upkeep
|turn|46
|
|t:|1728233426
|move|p1a: Dugtrio|Ancient Power|p2a: Swampert
|-resisted|p2a: Swampert
|-crit|p2a: Swampert
|-damage|p2a: Swampert|67/100
|move|p2a: Swampert|Ice Beam|p1a: Dugtrio
|-supereffective|p1a: Dugtrio
|-damage|p1a: Dugtrio|18/100
|
|-weather|Sandstorm|[upkeep]
|-heal|p2a: Swampert|74/100|[from] item: Leftovers
|upkeep
|turn|47
|
|t:|1728233433
|move|p2a: Swampert|Protect|p2a: Swampert
|-singleturn|p2a: Swampert|Protect
|move|p1a: Dugtrio|Ancient Power|p2a: Swampert
|-activate|p2a: Swampert|Protect
|
|-weather|Sandstorm|[upkeep]
|-heal|p2a: Swampert|80/100|[from] item: Leftovers
|upkeep
|turn|48
|
|t:|1728233437
|move|p1a: Dugtrio|Ancient Power|p2a: Swampert
|-resisted|p2a: Swampert
|-crit|p2a: Swampert
|-damage|p2a: Swampert|66/100
|move|p2a: Swampert|Ice Beam|p1a: Dugtrio
|-supereffective|p1a: Dugtrio
|-damage|p1a: Dugtrio|0 fnt
|faint|p1a: Dugtrio
|
|t:|1728233443
|switch|p1a: Salamence|Salamence, F|27/100
|-ability|p1a: Salamence|Intimidate|boost
|-unboost|p2a: Swampert|atk|1
|
|-weather|Sandstorm|[upkeep]
|-damage|p1a: Salamence|21/100|[from] Sandstorm
|-heal|p2a: Swampert|72/100|[from] item: Leftovers
|upkeep
|turn|49
|
|t:|1728233450
|move|p1a: Salamence|Hidden Power|p2a: Swampert
|-supereffective|p2a: Swampert
|-damage|p2a: Swampert|0 fnt
|faint|p2a: Swampert
|
|t:|1728233454
|switch|p2a: Aerodactyl|Aerodactyl, F|14/100
|
|-weather|Sandstorm|[upkeep]
|-damage|p1a: Salamence|15/100|[from] Sandstorm
|upkeep
|turn|50
|c|☆Zacynthius|This might be GG
|c|☆DanteADV|gg what item are u
|c|☆DanteADV|lum?
|
|t:|1728233473
|move|p2a: Aerodactyl|Double-Edge|p1a: Salamence
|-damage|p1a: Salamence|0 fnt
|faint|p1a: Salamence
|
|t:|1728233475
|switch|p1a: Zapdos|Zapdos|26/100
|
|-weather|Sandstorm|[upkeep]
|-damage|p1a: Zapdos|20/100|[from] Sandstorm
|-heal|p1a: Zapdos|26/100|[from] item: Leftovers
|upkeep
|turn|51
|c|☆Zacynthius|For which Mon?
|c|☆DanteADV|mence
|
|t:|1728233489
|move|p2a: Aerodactyl|Double-Edge|p1a: Zapdos
|-damage|p1a: Zapdos|0 fnt
|faint|p1a: Zapdos
|
|win|DanteADV
|c|☆DanteADV|cus I think u might have won if u were lefties
|c|☆Zacynthius|Ah, Belt for Blissey and TTar switch ins. Leftovers hasnt helped me..... until now lmao
|c|☆DanteADV|belt?
|c|☆Zacynthius|Fun matches though!
|c|☆DanteADV|ohh
|c|☆DanteADV|expert belt?
|c|☆Zacynthius|Black Belt, Brick Break
|c|☆DanteADV|truee
|c|☆DanteADV|that's lowkey kinda big brain ngl
|c|☆Zacynthius|Yeah but it does lose me in longer fights lol
|c|☆Zacynthius|Or if they dont have Bliss ;lol
|c|☆DanteADV|yee
|c|☆DanteADV|lefties is good just because sand
|c|☆DanteADV|and you can run more atk instead of having belt
|c|☆DanteADV|but still interesting tech
|c|☆DanteADV|ggs
|player|p2|
|c|☆Zacynthius|Yeah, but not good if I just die to an OHKO lol. Belt lets me keep my SpA ranges, and my Speed. GGs though. 
|c|☆Zacynthius|You got the replays?

</script>
<script type="application/json" class="data" id="replaydata-smogtours-gen3ou-795682">
{"id":"smogtours-gen3ou-795682","format":"[Gen 3] OU","players":["Zacynthius","DanteADV"],"uploadtime":1728233489,"views":82,"formatid":"gen3ou","rating":null,"private":0,"password":null}
</script>

<script defer src="js/replays.js?9d40a366"></script>
