<!DOCTYPE html>
<meta charset="utf-8" />
<meta name="viewport" content="width=device-width" />

<title>[Gen 3] OU: JCEntrena vs. AnotherAshenSoul - Replays - Pok&eacute;mon Showdown!</title>

<meta name="description" content="Watch a replay of a Pok&eacute;mon battle between JCEntrena and AnotherAshenSoul! Format: [Gen 3] OU; Date: Oct 3, 2024" />
<!--

Hey, you! Looking in the source for the replay log?

You can find them in JSON format, just add `.json` at the end of a replay URL.

https://replay.pokemonshowdown.com/gen7randomdoublesbattle-865046831.json

Or, if you only need the log itself, add `.log` instead:

https://replay.pokemonshowdown.com/gen7randomdoublesbattle-865046831.log

-->

<link rel="stylesheet" href="//pokemonshowdown.com/style/global.css?0.767286132409787" />
<link rel="stylesheet" href="//play.pokemonshowdown.com/style/font-awesome.css?0.9266228007934947" />
<link rel="stylesheet" href="//play.pokemonshowdown.com/style/battle.css?0.7924700842790926" />
<link rel="stylesheet" href="//play.pokemonshowdown.com/style/utilichart.css?0.8777417872839479" />

<!-- Global site tag (gtag.js) - Google Analytics -->
<script async src="https://www.googletagmanager.com/gtag/js?id=UA-26211653-1"></script>
<script>
  window.dataLayer = window.dataLayer || [];
  function gtag(){dataLayer.push(arguments);}
  gtag('js', new Date());

  gtag('config', 'UA-26211653-1');
</script>
<!-- End Google Analytics -->
<!-- Venatus Ad Manager - Install in <HEAD> of page -->
	<script src="https://hb.vntsm.com/v3/live/ad-manager.min.js" type="text/javascript" data-site-id="642aba63ec9a7b11c3c9c1be" data-mode="scan" async></script>
<!-- / Venatus Ad Manager -->

<style>
	@media (max-width:820px) {
		.battle {
			margin: 0 auto;
		}
		.battle-log {
			margin: 7px auto 0;
			max-width: 640px;
			height: 300px;
			position: static;
		}
	}
	.optgroup {
		display: inline-block;
		line-height: 22px;
		font-size: 10pt;
	}
	.optgroup .button {
		height: 25px;
		padding-top: 0;
		padding-bottom: 0;
	}
	.optgroup button.button {
		padding-left: 12px;
		padding-right: 12px;
	}
	.linklist {
		list-style: none;
		margin: 0.5em 0;
		padding: 0;
	}
	.linklist li {
		padding: 2px 0;
	}
	.sidebar {
		float: left;
		width: 320px;
	}
	.bar-wrapper {
		max-width: 1100px;
		margin: 0 auto;
	}
	.bar-wrapper.has-sidebar {
		max-width: 1430px;
	}
	.mainbar {
		margin: 0;
		padding-right: 1px;
	}
	.mainbar.has-sidebar {
		margin-left: 330px;
	}
	@media (min-width: 1511px) {
		.sidebar {
			width: 400px;
		}
		.bar-wrapper.has-sidebar {
			max-width: 1510px;
		}
		.mainbar.has-sidebar {
			margin-left: 410px;
		}
	}
	.section.first-section {
		margin-top: 9px;
	}
	.blocklink small {
		white-space: normal;
	}
	.button {
		vertical-align: middle;
	}
	.replay-controls {
		padding-top: 10px;
	}
	.replay-controls h1 {
		font-size: 16pt;
		font-weight: normal;
		color: #CCC;
	}
	.pagelink {
		text-align: center;
	}
	.pagelink a {
		width: 150px;
	}
	.textbox, .button {
		font-size: 11pt;
		vertical-align: middle;
	}
	@media (max-width: 450px) {
		.button {
			font-size: 9pt;
		}
	}
</style>

<div>

	<header>
		<div class="nav-wrapper"><ul class="nav">
			<li><a class="button nav-first" href="//pokemonshowdown.com/"><img src="//pokemonshowdown.com/images/pokemonshowdownbeta.png" srcset="//pokemonshowdown.com/images/pokemonshowdownbeta.png 1x, //pokemonshowdown.com/images/pokemonshowdownbeta@2x.png 2x" alt="Pok&eacute;mon Showdown" width="146" height="44" /> Home</a></li>
			<li><a class="button" href="//pokemonshowdown.com/dex/">Pok&eacute;dex</a></li>
			<li><a class="button cur" href="/">Replays</a></li>
			<li><a class="button" href="//pokemonshowdown.com/ladder/">Ladder</a></li>
			<li><a class="button nav-last" href="//pokemonshowdown.com/forums/">Forum</a></li>
			<li><a class="button greenbutton nav-first nav-last" href="//play.pokemonshowdown.com/">Play</a></li>
		</ul></div>
	</header>

	<div class="main" id="main">

		<noscript><section class="section">You need to enable JavaScript to use this page; sorry!</section></noscript>

	</div>

</div>

<script defer nomodule src="//play.pokemonshowdown.com/js/lib/ps-polyfill.js"></script>
<script defer src="//play.pokemonshowdown.com/js/lib/preact.min.js"></script>

<script defer src="//play.pokemonshowdown.com/config/config.js?6dec07f6"></script>
<script defer src="//play.pokemonshowdown.com/js/lib/jquery-1.11.0.min.js"></script>
<script defer src="//play.pokemonshowdown.com/js/lib/html-sanitizer-minified.js"></script>
<script defer src="//play.pokemonshowdown.com/js/battle-sound.js"></script>
<script defer src="//play.pokemonshowdown.com/js/battledata.js?0.6315294753075389"></script>
<script defer src="//play.pokemonshowdown.com/data/pokedex-mini.js?0.7603743185311358"></script>
<script defer src="//play.pokemonshowdown.com/data/pokedex-mini-bw.js?0.030888842834281283"></script>
<script defer src="//play.pokemonshowdown.com/data/graphics.js?0.05593094747507488"></script>
<script defer src="//play.pokemonshowdown.com/data/pokedex.js?0.47064822249611904"></script>
<script defer src="//play.pokemonshowdown.com/data/moves.js?0.8583693120512459"></script>
<script defer src="//play.pokemonshowdown.com/data/abilities.js?0.16017181182386842"></script>
<script defer src="//play.pokemonshowdown.com/data/items.js?0.4163379185673943"></script>
<script defer src="//play.pokemonshowdown.com/data/teambuilder-tables.js?0.31075597372830477"></script>
<script defer src="//play.pokemonshowdown.com/js/battle-tooltips.js?0.6536193500708172"></script>
<script defer src="//play.pokemonshowdown.com/js/battle.js?0.1916591943277901"></script>

<script defer src="js/utils.js?e31f9a17"></script>
<script defer src="js/replays-battle.js?7008c182"></script>

<!-- don't scrape this data! just add .json or .log after the URL!
Full API docs: https://github.com/smogon/pokemon-showdown-client/blob/master/WEB-API.md -->
<script type="text/plain" class="log" id="replaylog-smogtours-gen3ou-794366">
|inactive|Battle timer is ON: inactive players will automatically lose when time's up.
|t:|1727986946
|gametype|singles
|player|p1|JCEntrena|veteran|
|player|p2|AnotherAshenSoul|lady-gen4|
|teamsize|p1|6
|teamsize|p2|6
|gen|3
|tier|[Gen 3] OU
|rule|Sleep Clause Mod: Limit one foe put to sleep
|rule|Switch Priority Clause Mod: Faster Pokémon switch first
|rule|Species Clause: Limit one of each Pokémon
|rule|OHKO Clause: OHKO moves are banned
|rule|Evasion Items Clause: Evasion items are banned
|rule|Evasion Moves Clause: Evasion moves are banned
|rule|Endless Battle Clause: Forcing endless battles is banned
|rule|HP Percentage Mod: HP is shown in percentages
|rule|One Boost Passer Clause: Limit one Baton Passer that has a way to boost its stats
|rule|Freeze Clause Mod: Limit one foe frozen
|
|t:|1727986946
|start
|switch|p1a: Salamence|Salamence, M|100/100
|switch|p2a: Jolteon|Jolteon, M|100/100
|-ability|p1a: Salamence|Intimidate|boost
|-unboost|p2a: Jolteon|atk|1
|turn|1
|c|☆JCEntrena|hf!
|
|t:|1727986959
|switch|p1a: Claydol|Claydol|100/100
|move|p2a: Jolteon|Substitute|p2a: Jolteon
|-start|p2a: Jolteon|Substitute
|-damage|p2a: Jolteon|76/100
|
|-heal|p2a: Jolteon|82/100|[from] item: Leftovers
|upkeep
|turn|2
|c|☆AnotherAshenSoul|u2 <3
|
|t:|1727986987
|move|p2a: Jolteon|Baton Pass|p2a: Jolteon
|
|t:|1727986989
|switch|p2a: Skarmory|Skarmory, M|100/100|[from] Baton Pass
|move|p1a: Claydol|Psychic|p2a: Skarmory
|-resisted|p2a: Skarmory
|-activate|p2a: Skarmory|Substitute|[damage]
|
|upkeep
|turn|3
|
|t:|1727987010
|switch|p1a: Suicune|Suicune|100/100
|move|p2a: Skarmory|Toxic|p1a: Suicune
|-status|p1a: Suicune|tox
|
|-damage|p1a: Suicune|94/100 tox|[from] psn
|upkeep
|turn|4
|
|t:|1727987033
|move|p1a: Suicune|Surf|p2a: Skarmory
|-end|p2a: Skarmory|Substitute
|move|p2a: Skarmory|Spikes|p1a: Suicune
|-sidestart|p1: JCEntrena|Spikes
|
|-heal|p1a: Suicune|100/100 tox|[from] item: Leftovers
|-damage|p1a: Suicune|88/100 tox|[from] psn
|upkeep
|turn|5
|
|t:|1727987043
|switch|p1a: Magneton|Magneton|100/100
|-damage|p1a: Magneton|88/100|[from] Spikes
|move|p2a: Skarmory|Roar|p1a: Magneton
|drag|p1a: Claydol|Claydol|100/100
|
|upkeep
|turn|6
|
|t:|1727987054
|switch|p2a: Suicune|Suicune|100/100
|move|p1a: Claydol|Psychic|p2a: Suicune
|-damage|p2a: Suicune|78/100
|
|-heal|p2a: Suicune|84/100|[from] item: Leftovers
|upkeep
|turn|7
|
|t:|1727987074
|switch|p1a: Celebi|Celebi|100/100
|-damage|p1a: Celebi|88/100|[from] Spikes
|move|p2a: Suicune|Hydro Pump|p1a: Celebi
|-resisted|p1a: Celebi
|-damage|p1a: Celebi|68/100
|
|-heal|p2a: Suicune|90/100|[from] item: Leftovers
|-heal|p1a: Celebi|75/100|[from] item: Leftovers
|upkeep
|turn|8
|
|t:|1727987088
|switch|p2a: Skarmory|Skarmory, M|100/100
|move|p1a: Celebi|Leech Seed|p2a: Skarmory
|-start|p2a: Skarmory|move: Leech Seed
|
|-heal|p1a: Celebi|81/100|[from] item: Leftovers
|-damage|p2a: Skarmory|88/100|[from] Leech Seed|[of] p1a: Celebi
|-heal|p1a: Celebi|91/100|[silent]
|upkeep
|turn|9
|
|t:|1727987104
|switch|p1a: Magneton|Magneton|88/100
|-damage|p1a: Magneton|76/100|[from] Spikes
|switch|p2a: Jolteon|Jolteon, M|82/100
|
|-heal|p2a: Jolteon|88/100|[from] item: Leftovers
|upkeep
|turn|10
|inactive|JCEntrena has 270 seconds left.
|
|t:|1727987140
|move|p2a: Jolteon|Substitute|p2a: Jolteon
|-start|p2a: Jolteon|Substitute
|-damage|p2a: Jolteon|63/100
|move|p1a: Magneton|Toxic|p2a: Jolteon|[miss]
|-miss|p1a: Magneton|p2a: Jolteon
|
|-heal|p2a: Jolteon|69/100|[from] item: Leftovers
|upkeep
|turn|11
|
|t:|1727987146
|switch|p1a: Suicune|Suicune|88/100 tox
|-damage|p1a: Suicune|76/100 tox|[from] Spikes
|move|p2a: Jolteon|Baton Pass|p2a: Jolteon
|
|t:|1727987168
|switch|p2a: Aerodactyl|Aerodactyl, F|100/100|[from] Baton Pass
|
|-heal|p1a: Suicune|82/100 tox|[from] item: Leftovers
|-damage|p1a: Suicune|76/100 tox|[from] psn
|upkeep
|turn|12
|
|t:|1727987175
|move|p2a: Aerodactyl|Rock Slide|p1a: Suicune
|-damage|p1a: Suicune|45/100 tox
|move|p1a: Suicune|Roar|p2a: Aerodactyl
|drag|p2a: Tyranitar|Tyranitar, F|100/100
|-weather|Sandstorm|[from] ability: Sand Stream|[of] p2a: Tyranitar
|
|-weather|Sandstorm|[upkeep]
|-damage|p1a: Suicune|39/100 tox|[from] Sandstorm
|-heal|p1a: Suicune|45/100 tox|[from] item: Leftovers
|-damage|p1a: Suicune|33/100 tox|[from] psn
|upkeep
|turn|13
|
|t:|1727987186
|move|p2a: Tyranitar|Rock Slide|p1a: Suicune
|-damage|p1a: Suicune|10/100 tox
|move|p1a: Suicune|Rest|p1a: Suicune
|-status|p1a: Suicune|slp|[from] move: Rest
|-heal|p1a: Suicune|100/100 slp|[silent]
|
|-weather|Sandstorm|[upkeep]
|-damage|p1a: Suicune|94/100 slp|[from] Sandstorm
|-heal|p1a: Suicune|100/100 slp|[from] item: Leftovers
|upkeep
|turn|14
|inactive|JCEntrena has 270 seconds left.
|
|t:|1727987234
|switch|p1a: Claydol|Claydol|100/100
|move|p2a: Tyranitar|Dragon Dance|p2a: Tyranitar
|-boost|p2a: Tyranitar|atk|1
|-boost|p2a: Tyranitar|spe|1
|
|-weather|Sandstorm|[upkeep]
|upkeep
|turn|15
|
|t:|1727987243
|move|p2a: Tyranitar|Hidden Power|p1a: Claydol
|-supereffective|p1a: Claydol
|-damage|p1a: Claydol|27/100
|move|p1a: Claydol|Earthquake|p2a: Tyranitar
|-supereffective|p2a: Tyranitar
|-damage|p2a: Tyranitar|48/100
|
|-weather|Sandstorm|[upkeep]
|-heal|p1a: Claydol|33/100|[from] item: Leftovers
|upkeep
|turn|16
|
|t:|1727987252
|switch|p1a: Salamence|Salamence, M|100/100
|-ability|p1a: Salamence|Intimidate|boost
|-unboost|p2a: Tyranitar|atk|1
|move|p2a: Tyranitar|Hidden Power|p1a: Salamence
|-resisted|p1a: Salamence
|-damage|p1a: Salamence|85/100
|
|-weather|Sandstorm|[upkeep]
|-damage|p1a: Salamence|79/100|[from] Sandstorm
|upkeep
|turn|17
|inactive|JCEntrena has 240 seconds left.
|
|t:|1727987278
|switch|p1a: Claydol|Claydol|33/100
|move|p2a: Tyranitar|Rock Slide|p1a: Claydol
|-resisted|p1a: Claydol
|-damage|p1a: Claydol|14/100
|
|-weather|Sandstorm|[upkeep]
|-heal|p1a: Claydol|20/100|[from] item: Leftovers
|upkeep
|turn|18
|inactive|JCEntrena has 240 seconds left.
|
|t:|1727987291
|move|p2a: Tyranitar|Hidden Power|p1a: Claydol
|-supereffective|p1a: Claydol
|-damage|p1a: Claydol|0 fnt
|faint|p1a: Claydol
|
|t:|1727987294
|switch|p1a: Salamence|Salamence, M|79/100
|-ability|p1a: Salamence|Intimidate|boost
|-unboost|p2a: Tyranitar|atk|1
|
|-weather|Sandstorm|[upkeep]
|-damage|p1a: Salamence|73/100|[from] Sandstorm
|upkeep
|turn|19
|
|t:|1727987305
|switch|p2a: Claydol|Claydol|100/100
|move|p1a: Salamence|Brick Break|p2a: Claydol
|-resisted|p2a: Claydol
|-damage|p2a: Claydol|77/100
|
|-weather|Sandstorm|[upkeep]
|-damage|p1a: Salamence|67/100|[from] Sandstorm
|-heal|p2a: Claydol|83/100|[from] item: Leftovers
|upkeep
|turn|20
|
|t:|1727987318
|switch|p1a: Suicune|Suicune|100/100 slp
|-damage|p1a: Suicune|88/100 slp|[from] Spikes
|move|p2a: Claydol|Explosion|p1a: Suicune
|-damage|p1a: Suicune|21/100 slp
|faint|p2a: Claydol
|
|t:|1727987324
|switch|p2a: Aerodactyl|Aerodactyl, F|100/100
|
|-weather|Sandstorm|[upkeep]
|-damage|p1a: Suicune|14/100 slp|[from] Sandstorm
|-heal|p1a: Suicune|21/100 slp|[from] item: Leftovers
|upkeep
|turn|21
|
|t:|1727987331
|move|p2a: Aerodactyl|Earthquake|p1a: Suicune
|-crit|p1a: Suicune
|-damage|p1a: Suicune|0 fnt
|faint|p1a: Suicune
|
|t:|1727987335
|switch|p1a: Salamence|Salamence, M|67/100
|-ability|p1a: Salamence|Intimidate|boost
|-unboost|p2a: Aerodactyl|atk|1
|
|-weather|Sandstorm|[upkeep]
|-damage|p1a: Salamence|61/100|[from] Sandstorm
|upkeep
|turn|22
|
|t:|1727987349
|switch|p2a: Skarmory|Skarmory, M|88/100
|move|p1a: Salamence|Rock Slide|p2a: Skarmory
|-damage|p2a: Skarmory|62/100
|
|-weather|Sandstorm|[upkeep]
|-damage|p1a: Salamence|55/100|[from] Sandstorm
|-heal|p2a: Skarmory|68/100|[from] item: Leftovers
|upkeep
|turn|23
|
|t:|1727987358
|switch|p1a: Magneton|Magneton|76/100
|-damage|p1a: Magneton|63/100|[from] Spikes
|move|p2a: Skarmory|Roar|p1a: Magneton
|drag|p1a: Celebi|Celebi|91/100
|-damage|p1a: Celebi|79/100|[from] Spikes
|
|-weather|Sandstorm|[upkeep]
|-damage|p1a: Celebi|72/100|[from] Sandstorm
|-heal|p1a: Celebi|79/100|[from] item: Leftovers
|-heal|p2a: Skarmory|74/100|[from] item: Leftovers
|upkeep
|turn|24
|inactive|JCEntrena has 270 seconds left.
|
|t:|1727987369
|move|p1a: Celebi|Leech Seed|p2a: Skarmory
|-start|p2a: Skarmory|move: Leech Seed
|move|p2a: Skarmory|Spikes|p1a: Celebi
|-sidestart|p1: JCEntrena|Spikes
|
|-weather|Sandstorm|[upkeep]
|-damage|p1a: Celebi|72/100|[from] Sandstorm
|-heal|p1a: Celebi|79/100|[from] item: Leftovers
|-heal|p2a: Skarmory|80/100|[from] item: Leftovers
|-damage|p2a: Skarmory|68/100|[from] Leech Seed|[of] p1a: Celebi
|-heal|p1a: Celebi|89/100|[silent]
|upkeep
|turn|25
|inactive|JCEntrena has 270 seconds left.
|
|t:|1727987382
|switch|p1a: Magneton|Magneton|63/100
|-damage|p1a: Magneton|47/100|[from] Spikes
|move|p2a: Skarmory|Toxic|p1a: Magneton
|-immune|p1a: Magneton
|
|-weather|Sandstorm|[upkeep]
|-heal|p2a: Skarmory|74/100|[from] item: Leftovers
|-damage|p2a: Skarmory|62/100|[from] Leech Seed|[of] p1a: Magneton
|-heal|p1a: Magneton|63/100|[silent]
|upkeep
|turn|26
|
|t:|1727987390
|move|p1a: Magneton|Thunderbolt|p2a: Skarmory
|-supereffective|p2a: Skarmory
|-damage|p2a: Skarmory|0 fnt
|faint|p2a: Skarmory
|
|t:|1727987394
|switch|p2a: Aerodactyl|Aerodactyl, F|100/100
|
|-weather|Sandstorm|[upkeep]
|upkeep
|turn|27
|
|t:|1727987413
|move|p2a: Aerodactyl|Rock Slide|p1a: Magneton
|-resisted|p1a: Magneton
|-damage|p1a: Magneton|29/100
|cant|p1a: Magneton|flinch
|
|-weather|Sandstorm|[upkeep]
|upkeep
|turn|28
|inactive|JCEntrena has 270 seconds left.
|
|t:|1727987435
|switch|p2a: Jolteon|Jolteon, M|69/100
|switch|p1a: Celebi|Celebi|89/100
|-damage|p1a: Celebi|72/100|[from] Spikes
|
|-weather|Sandstorm|[upkeep]
|-damage|p2a: Jolteon|63/100|[from] Sandstorm
|-damage|p1a: Celebi|66/100|[from] Sandstorm
|-heal|p2a: Jolteon|69/100|[from] item: Leftovers
|-heal|p1a: Celebi|72/100|[from] item: Leftovers
|upkeep
|turn|29
|inactive|JCEntrena has 270 seconds left.
|
|t:|1727987443
|move|p2a: Jolteon|Substitute|p2a: Jolteon
|-start|p2a: Jolteon|Substitute
|-damage|p2a: Jolteon|44/100
|move|p1a: Celebi|Perish Song|p1a: Celebi
|-start|p1a: Celebi|perish3|[silent]
|-start|p2a: Jolteon|perish3|[silent]
|-fieldactivate|move: Perish Song
|
|-weather|Sandstorm|[upkeep]
|-damage|p2a: Jolteon|38/100|[from] Sandstorm
|-damage|p1a: Celebi|66/100|[from] Sandstorm
|-heal|p2a: Jolteon|44/100|[from] item: Leftovers
|-heal|p1a: Celebi|72/100|[from] item: Leftovers
|-start|p2a: Jolteon|perish3
|-start|p1a: Celebi|perish3
|upkeep
|turn|30
|
|t:|1727987450
|move|p2a: Jolteon|Baton Pass|p2a: Jolteon
|
|t:|1727987452
|switch|p2a: Aerodactyl|Aerodactyl, F|100/100|[from] Baton Pass
|move|p1a: Celebi|Recover|p1a: Celebi
|-heal|p1a: Celebi|100/100
|
|-weather|Sandstorm|[upkeep]
|-damage|p1a: Celebi|94/100|[from] Sandstorm
|-heal|p1a: Celebi|100/100|[from] item: Leftovers
|-start|p2a: Aerodactyl|perish2
|-start|p1a: Celebi|perish2
|upkeep
|turn|31
|
|t:|1727987462
|switch|p1a: Magneton|Magneton|29/100
|-damage|p1a: Magneton|12/100|[from] Spikes
|move|p2a: Aerodactyl|Hidden Power|p1a: Magneton
|-resisted|p1a: Magneton
|-damage|p1a: Magneton|0 fnt
|faint|p1a: Magneton
|
|t:|1727987469
|switch|p1a: Snorlax|Snorlax, M, shiny|100/100
|-damage|p1a: Snorlax|84/100|[from] Spikes
|
|-weather|Sandstorm|[upkeep]
|-damage|p1a: Snorlax|78/100|[from] Sandstorm
|-heal|p1a: Snorlax|84/100|[from] item: Leftovers
|-start|p2a: Aerodactyl|perish1
|upkeep
|turn|32
|
|t:|1727987481
|switch|p2a: Jolteon|Jolteon, M|44/100
|move|p1a: Snorlax|Curse|p1a: Snorlax
|-unboost|p1a: Snorlax|spe|1
|-boost|p1a: Snorlax|atk|1
|-boost|p1a: Snorlax|def|1
|
|-weather|Sandstorm|[upkeep]
|-damage|p2a: Jolteon|38/100|[from] Sandstorm
|-damage|p1a: Snorlax|78/100|[from] Sandstorm
|-heal|p2a: Jolteon|44/100|[from] item: Leftovers
|-heal|p1a: Snorlax|84/100|[from] item: Leftovers
|upkeep
|turn|33
|
|t:|1727987493
|move|p2a: Jolteon|Substitute|p2a: Jolteon
|-start|p2a: Jolteon|Substitute
|-damage|p2a: Jolteon|19/100
|move|p1a: Snorlax|Body Slam|p2a: Jolteon
|-end|p2a: Jolteon|Substitute
|
|-weather|Sandstorm|[upkeep]
|-damage|p2a: Jolteon|13/100|[from] Sandstorm
|-damage|p1a: Snorlax|78/100|[from] Sandstorm
|-heal|p2a: Jolteon|19/100|[from] item: Leftovers
|-heal|p1a: Snorlax|84/100|[from] item: Leftovers
|upkeep
|turn|34
|
|t:|1727987514
|move|p2a: Jolteon|Thunderbolt|p1a: Snorlax
|-damage|p1a: Snorlax|58/100
|move|p1a: Snorlax|Curse|p1a: Snorlax
|-unboost|p1a: Snorlax|spe|1
|-boost|p1a: Snorlax|atk|1
|-boost|p1a: Snorlax|def|1
|
|-weather|Sandstorm|[upkeep]
|-damage|p2a: Jolteon|13/100|[from] Sandstorm
|-damage|p1a: Snorlax|52/100|[from] Sandstorm
|-heal|p2a: Jolteon|19/100|[from] item: Leftovers
|-heal|p1a: Snorlax|58/100|[from] item: Leftovers
|upkeep
|turn|35
|
|t:|1727987530
|move|p2a: Jolteon|Thunderbolt|p1a: Snorlax
|-damage|p1a: Snorlax|35/100
|move|p1a: Snorlax|Rest|p1a: Snorlax
|-status|p1a: Snorlax|slp|[from] move: Rest
|-heal|p1a: Snorlax|100/100 slp|[silent]
|
|-weather|Sandstorm|[upkeep]
|-damage|p2a: Jolteon|13/100|[from] Sandstorm
|-damage|p1a: Snorlax|94/100 slp|[from] Sandstorm
|-heal|p2a: Jolteon|19/100|[from] item: Leftovers
|-heal|p1a: Snorlax|100/100 slp|[from] item: Leftovers
|upkeep
|turn|36
|
|t:|1727987538
|switch|p2a: Suicune|Suicune|90/100
|cant|p1a: Snorlax|slp
|
|-weather|Sandstorm|[upkeep]
|-damage|p2a: Suicune|84/100|[from] Sandstorm
|-damage|p1a: Snorlax|94/100 slp|[from] Sandstorm
|-heal|p2a: Suicune|90/100|[from] item: Leftovers
|-heal|p1a: Snorlax|100/100 slp|[from] item: Leftovers
|upkeep
|turn|37
|
|t:|1727987542
|cant|p1a: Snorlax|slp
|move|p2a: Suicune|Roar|p1a: Snorlax
|drag|p1a: Celebi|Celebi|100/100
|-damage|p1a: Celebi|84/100|[from] Spikes
|
|-weather|Sandstorm|[upkeep]
|-damage|p2a: Suicune|84/100|[from] Sandstorm
|-damage|p1a: Celebi|78/100|[from] Sandstorm
|-heal|p2a: Suicune|90/100|[from] item: Leftovers
|-heal|p1a: Celebi|84/100|[from] item: Leftovers
|upkeep
|turn|38
|
|t:|1727987549
|move|p2a: Suicune|Ice Beam|p1a: Celebi
|-supereffective|p1a: Celebi
|-damage|p1a: Celebi|42/100
|move|p1a: Celebi|Leech Seed|p2a: Suicune
|-start|p2a: Suicune|move: Leech Seed
|
|-weather|Sandstorm|[upkeep]
|-damage|p2a: Suicune|84/100|[from] Sandstorm
|-damage|p1a: Celebi|35/100|[from] Sandstorm
|-heal|p2a: Suicune|90/100|[from] item: Leftovers
|-damage|p2a: Suicune|78/100|[from] Leech Seed|[of] p1a: Celebi
|-heal|p1a: Celebi|46/100|[silent]
|-heal|p1a: Celebi|52/100|[from] item: Leftovers
|upkeep
|turn|39
|
|t:|1727987561
|switch|p2a: Aerodactyl|Aerodactyl, F|100/100
|move|p1a: Celebi|Recover|p1a: Celebi
|-heal|p1a: Celebi|100/100
|
|-weather|Sandstorm|[upkeep]
|-damage|p1a: Celebi|94/100|[from] Sandstorm
|-heal|p1a: Celebi|100/100|[from] item: Leftovers
|upkeep
|turn|40
|inactive|JCEntrena has 270 seconds left.
|
|t:|1727987594
|move|p2a: Aerodactyl|Rock Slide|p1a: Celebi
|-damage|p1a: Celebi|68/100
|move|p1a: Celebi|Leech Seed|p2a: Aerodactyl
|-start|p2a: Aerodactyl|move: Leech Seed
|
|-weather|Sandstorm|[upkeep]
|-damage|p1a: Celebi|62/100|[from] Sandstorm
|-damage|p2a: Aerodactyl|88/100|[from] Leech Seed|[of] p1a: Celebi
|-heal|p1a: Celebi|71/100|[silent]
|-heal|p1a: Celebi|77/100|[from] item: Leftovers
|upkeep
|turn|41
|inactive|JCEntrena has 270 seconds left.
|
|t:|1727987608
|switch|p2a: Tyranitar|Tyranitar, F|48/100
|move|p1a: Celebi|Leech Seed|p2a: Tyranitar
|-start|p2a: Tyranitar|move: Leech Seed
|
|-weather|Sandstorm|[upkeep]
|-damage|p1a: Celebi|71/100|[from] Sandstorm
|-heal|p1a: Celebi|77/100|[from] item: Leftovers
|-damage|p2a: Tyranitar|36/100|[from] Leech Seed|[of] p1a: Celebi
|-heal|p1a: Celebi|88/100|[silent]
|upkeep
|turn|42
|inactive|JCEntrena has 270 seconds left.
|
|t:|1727987623
|switch|p2a: Jolteon|Jolteon, M|19/100
|move|p1a: Celebi|Hidden Power|p2a: Jolteon
|-damage|p2a: Jolteon|0 fnt
|faint|p2a: Jolteon
|
|t:|1727987633
|switch|p2a: Tyranitar|Tyranitar, F|36/100
|
|-weather|Sandstorm|[upkeep]
|-damage|p1a: Celebi|82/100|[from] Sandstorm
|-heal|p1a: Celebi|88/100|[from] item: Leftovers
|upkeep
|turn|43
|
|t:|1727987637
|move|p1a: Celebi|Hidden Power|p2a: Tyranitar
|-supereffective|p2a: Tyranitar
|-damage|p2a: Tyranitar|0 fnt
|faint|p2a: Tyranitar
|
|t:|1727987640
|switch|p2a: Aerodactyl|Aerodactyl, F|88/100
|
|-weather|Sandstorm|[upkeep]
|-damage|p1a: Celebi|82/100|[from] Sandstorm
|-heal|p1a: Celebi|88/100|[from] item: Leftovers
|upkeep
|turn|44
|
|t:|1727987654
|switch|p1a: Snorlax|Snorlax, M, shiny|100/100 slp
|-damage|p1a: Snorlax|84/100 slp|[from] Spikes
|move|p2a: Aerodactyl|Hidden Power|p1a: Snorlax
|-damage|p1a: Snorlax|58/100 slp
|
|-weather|Sandstorm|[upkeep]
|-damage|p1a: Snorlax|52/100 slp|[from] Sandstorm
|-heal|p1a: Snorlax|58/100 slp|[from] item: Leftovers
|upkeep
|turn|45
|
|t:|1727987666
|switch|p2a: Suicune|Suicune|78/100
|-curestatus|p1a: Snorlax|slp|[msg]
|move|p1a: Snorlax|Body Slam|p2a: Suicune
|-damage|p2a: Suicune|43/100
|
|-weather|Sandstorm|[upkeep]
|-damage|p2a: Suicune|37/100|[from] Sandstorm
|-damage|p1a: Snorlax|52/100|[from] Sandstorm
|-heal|p2a: Suicune|43/100|[from] item: Leftovers
|-heal|p1a: Snorlax|58/100|[from] item: Leftovers
|upkeep
|turn|46
|
|t:|1727987693
|switch|p2a: Aerodactyl|Aerodactyl, F|88/100
|move|p1a: Snorlax|Body Slam|p2a: Aerodactyl
|-resisted|p2a: Aerodactyl
|-damage|p2a: Aerodactyl|60/100
|-status|p2a: Aerodactyl|par
|
|-weather|Sandstorm|[upkeep]
|-damage|p1a: Snorlax|52/100|[from] Sandstorm
|-heal|p1a: Snorlax|58/100|[from] item: Leftovers
|upkeep
|turn|47
|c|☆AnotherAshenSoul|GG
|
|t:|1727987714
|move|p1a: Snorlax|Body Slam|p2a: Aerodactyl
|-resisted|p2a: Aerodactyl
|-damage|p2a: Aerodactyl|32/100 par
|move|p2a: Aerodactyl|Rock Slide|p1a: Snorlax
|-damage|p1a: Snorlax|15/100
|
|-weather|Sandstorm|[upkeep]
|-damage|p1a: Snorlax|9/100|[from] Sandstorm
|-heal|p1a: Snorlax|15/100|[from] item: Leftovers
|upkeep
|turn|48
|inactive|JCEntrena has 270 seconds left.
|
|t:|1727987733
|move|p1a: Snorlax|Body Slam|p2a: Aerodactyl
|-resisted|p2a: Aerodactyl
|-damage|p2a: Aerodactyl|5/100 par
|move|p2a: Aerodactyl|Rock Slide|p1a: Snorlax
|-crit|p1a: Snorlax
|-damage|p1a: Snorlax|0 fnt
|faint|p1a: Snorlax
|
|t:|1727987738
|switch|p1a: Celebi|Celebi|88/100
|-damage|p1a: Celebi|71/100|[from] Spikes
|
|-weather|Sandstorm|[upkeep]
|-damage|p1a: Celebi|65/100|[from] Sandstorm
|-heal|p1a: Celebi|71/100|[from] item: Leftovers
|upkeep
|turn|49
|
|t:|1727987742
|move|p1a: Celebi|Hidden Power|p2a: Aerodactyl
|-damage|p2a: Aerodactyl|0 fnt
|faint|p2a: Aerodactyl
|
|t:|1727987745
|switch|p2a: Suicune|Suicune|43/100
|
|-weather|Sandstorm|[upkeep]
|-damage|p2a: Suicune|37/100|[from] Sandstorm
|-damage|p1a: Celebi|65/100|[from] Sandstorm
|-heal|p2a: Suicune|43/100|[from] item: Leftovers
|-heal|p1a: Celebi|71/100|[from] item: Leftovers
|upkeep
|turn|50
|
|t:|1727987750
|move|p2a: Suicune|Ice Beam|p1a: Celebi
|-supereffective|p1a: Celebi
|-damage|p1a: Celebi|29/100
|move|p1a: Celebi|Hidden Power|p2a: Suicune
|-supereffective|p2a: Suicune
|-damage|p2a: Suicune|4/100
|
|-weather|Sandstorm|[upkeep]
|-damage|p2a: Suicune|0 fnt|[from] Sandstorm
|-damage|p1a: Celebi|22/100|[from] Sandstorm
|faint|p2a: Suicune
|
|win|JCEntrena
|upkeep
|c|☆JCEntrena|gg
|c|☆AnotherAshenSoul|gg
|player|p2|
|c|☆JCEntrena|Pretty close
|c|☆JCEntrena|Pretty fun games

</script>
<script type="application/json" class="data" id="replaydata-smogtours-gen3ou-794366">
{"id":"smogtours-gen3ou-794366","format":"[Gen 3] OU","players":["JCEntrena","AnotherAshenSoul"],"uploadtime":1727987750,"views":99,"formatid":"gen3ou","rating":null,"private":0,"password":null}
</script>

<script defer src="js/replays.js?9d40a366"></script>
