<!DOCTYPE html>
<meta charset="utf-8" />
<meta name="viewport" content="width=device-width" />

<title>[Gen 3] OU: sixofrobins vs. Emerald_Harrold - Replays - Pok&eacute;mon Showdown!</title>

<meta name="description" content="Watch a replay of a Pok&eacute;mon battle between sixofrobins and Emerald_Harrold! Format: [Gen 3] OU; Date: Oct 12, 2024" />
<!--

Hey, you! Looking in the source for the replay log?

You can find them in JSON format, just add `.json` at the end of a replay URL.

https://replay.pokemonshowdown.com/gen7randomdoublesbattle-865046831.json

Or, if you only need the log itself, add `.log` instead:

https://replay.pokemonshowdown.com/gen7randomdoublesbattle-865046831.log

-->

<link rel="stylesheet" href="//pokemonshowdown.com/style/global.css?0.767286132409787" />
<link rel="stylesheet" href="//play.pokemonshowdown.com/style/font-awesome.css?0.9266228007934947" />
<link rel="stylesheet" href="//play.pokemonshowdown.com/style/battle.css?0.7924700842790926" />
<link rel="stylesheet" href="//play.pokemonshowdown.com/style/utilichart.css?0.8777417872839479" />

<!-- Global site tag (gtag.js) - Google Analytics -->
<script async src="https://www.googletagmanager.com/gtag/js?id=UA-26211653-1"></script>
<script>
  window.dataLayer = window.dataLayer || [];
  function gtag(){dataLayer.push(arguments);}
  gtag('js', new Date());

  gtag('config', 'UA-26211653-1');
</script>
<!-- End Google Analytics -->
<!-- Venatus Ad Manager - Install in <HEAD> of page -->
	<script src="https://hb.vntsm.com/v3/live/ad-manager.min.js" type="text/javascript" data-site-id="642aba63ec9a7b11c3c9c1be" data-mode="scan" async></script>
<!-- / Venatus Ad Manager -->

<style>
	@media (max-width:820px) {
		.battle {
			margin: 0 auto;
		}
		.battle-log {
			margin: 7px auto 0;
			max-width: 640px;
			height: 300px;
			position: static;
		}
	}
	.optgroup {
		display: inline-block;
		line-height: 22px;
		font-size: 10pt;
	}
	.optgroup .button {
		height: 25px;
		padding-top: 0;
		padding-bottom: 0;
	}
	.optgroup button.button {
		padding-left: 12px;
		padding-right: 12px;
	}
	.linklist {
		list-style: none;
		margin: 0.5em 0;
		padding: 0;
	}
	.linklist li {
		padding: 2px 0;
	}
	.sidebar {
		float: left;
		width: 320px;
	}
	.bar-wrapper {
		max-width: 1100px;
		margin: 0 auto;
	}
	.bar-wrapper.has-sidebar {
		max-width: 1430px;
	}
	.mainbar {
		margin: 0;
		padding-right: 1px;
	}
	.mainbar.has-sidebar {
		margin-left: 330px;
	}
	@media (min-width: 1511px) {
		.sidebar {
			width: 400px;
		}
		.bar-wrapper.has-sidebar {
			max-width: 1510px;
		}
		.mainbar.has-sidebar {
			margin-left: 410px;
		}
	}
	.section.first-section {
		margin-top: 9px;
	}
	.blocklink small {
		white-space: normal;
	}
	.button {
		vertical-align: middle;
	}
	.replay-controls {
		padding-top: 10px;
	}
	.replay-controls h1 {
		font-size: 16pt;
		font-weight: normal;
		color: #CCC;
	}
	.pagelink {
		text-align: center;
	}
	.pagelink a {
		width: 150px;
	}
	.textbox, .button {
		font-size: 11pt;
		vertical-align: middle;
	}
	@media (max-width: 450px) {
		.button {
			font-size: 9pt;
		}
	}
</style>

<div>

	<header>
		<div class="nav-wrapper"><ul class="nav">
			<li><a class="button nav-first" href="//pokemonshowdown.com/"><img src="//pokemonshowdown.com/images/pokemonshowdownbeta.png" srcset="//pokemonshowdown.com/images/pokemonshowdownbeta.png 1x, //pokemonshowdown.com/images/pokemonshowdownbeta@2x.png 2x" alt="Pok&eacute;mon Showdown" width="146" height="44" /> Home</a></li>
			<li><a class="button" href="//pokemonshowdown.com/dex/">Pok&eacute;dex</a></li>
			<li><a class="button cur" href="/">Replays</a></li>
			<li><a class="button" href="//pokemonshowdown.com/ladder/">Ladder</a></li>
			<li><a class="button nav-last" href="//pokemonshowdown.com/forums/">Forum</a></li>
			<li><a class="button greenbutton nav-first nav-last" href="//play.pokemonshowdown.com/">Play</a></li>
		</ul></div>
	</header>

	<div class="main" id="main">

		<noscript><section class="section">You need to enable JavaScript to use this page; sorry!</section></noscript>

	</div>

</div>

<script defer nomodule src="//play.pokemonshowdown.com/js/lib/ps-polyfill.js"></script>
<script defer src="//play.pokemonshowdown.com/js/lib/preact.min.js"></script>

<script defer src="//play.pokemonshowdown.com/config/config.js?6dec07f6"></script>
<script defer src="//play.pokemonshowdown.com/js/lib/jquery-1.11.0.min.js"></script>
<script defer src="//play.pokemonshowdown.com/js/lib/html-sanitizer-minified.js"></script>
<script defer src="//play.pokemonshowdown.com/js/battle-sound.js"></script>
<script defer src="//play.pokemonshowdown.com/js/battledata.js?0.6315294753075389"></script>
<script defer src="//play.pokemonshowdown.com/data/pokedex-mini.js?0.7603743185311358"></script>
<script defer src="//play.pokemonshowdown.com/data/pokedex-mini-bw.js?0.030888842834281283"></script>
<script defer src="//play.pokemonshowdown.com/data/graphics.js?0.05593094747507488"></script>
<script defer src="//play.pokemonshowdown.com/data/pokedex.js?0.47064822249611904"></script>
<script defer src="//play.pokemonshowdown.com/data/moves.js?0.8583693120512459"></script>
<script defer src="//play.pokemonshowdown.com/data/abilities.js?0.16017181182386842"></script>
<script defer src="//play.pokemonshowdown.com/data/items.js?0.4163379185673943"></script>
<script defer src="//play.pokemonshowdown.com/data/teambuilder-tables.js?0.31075597372830477"></script>
<script defer src="//play.pokemonshowdown.com/js/battle-tooltips.js?0.6536193500708172"></script>
<script defer src="//play.pokemonshowdown.com/js/battle.js?0.1916591943277901"></script>

<script defer src="js/utils.js?e31f9a17"></script>
<script defer src="js/replays-battle.js?7008c182"></script>

<!-- don't scrape this data! just add .json or .log after the URL!
Full API docs: https://github.com/smogon/pokemon-showdown-client/blob/master/WEB-API.md -->
<script type="text/plain" class="log" id="replaylog-smogtours-gen3ou-797819">
|inactive|Battle timer is ON: inactive players will automatically lose when time's up.
|t:|1728767745
|gametype|singles
|player|p1|sixofrobins|plasmagruntf|
|player|p2|Emerald_Harrold|brandon-gen3|
|teamsize|p1|6
|teamsize|p2|6
|gen|3
|tier|[Gen 3] OU
|rule|Sleep Clause Mod: Limit one foe put to sleep
|rule|Switch Priority Clause Mod: Faster Pokémon switch first
|rule|Species Clause: Limit one of each Pokémon
|rule|OHKO Clause: OHKO moves are banned
|rule|Evasion Items Clause: Evasion items are banned
|rule|Evasion Moves Clause: Evasion moves are banned
|rule|Endless Battle Clause: Forcing endless battles is banned
|rule|HP Percentage Mod: HP is shown in percentages
|rule|One Boost Passer Clause: Limit one Baton Passer that has a way to boost its stats
|rule|Freeze Clause Mod: Limit one foe frozen
|
|t:|1728767745
|start
|switch|p1a: Metagross|Metagross|100/100
|switch|p2a: Zapdos|Zapdos|100/100
|turn|1
|
|t:|1728767768
|switch|p1a: Regice|Regice|100/100
|move|p2a: Zapdos|Baton Pass|p2a: Zapdos
|
|t:|1728767793
|switch|p2a: Metagross|Metagross|100/100|[from] Baton Pass
|
|upkeep
|turn|2
|
|t:|1728767806
|switch|p1a: Skarmory|Skarmory, F|100/100
|move|p2a: Metagross|Earthquake|p1a: Skarmory
|-immune|p1a: Skarmory
|
|upkeep
|turn|3
|
|t:|1728767821
|switch|p2a: Zapdos|Zapdos|100/100
|switch|p1a: Tyranitar|Tyranitar, F|100/100
|-weather|Sandstorm|[from] ability: Sand Stream|[of] p1a: Tyranitar
|
|-weather|Sandstorm|[upkeep]
|-damage|p2a: Zapdos|94/100|[from] Sandstorm
|-heal|p2a: Zapdos|100/100|[from] item: Leftovers
|upkeep
|turn|4
|inactive|Emerald_Harrold has 270 seconds left.
|
|t:|1728767845
|move|p2a: Zapdos|Baton Pass|p2a: Zapdos
|
|t:|1728767848
|switch|p2a: Swampert|Swampert, M|100/100|[from] Baton Pass
|move|p1a: Tyranitar|Dragon Dance|p1a: Tyranitar
|-boost|p1a: Tyranitar|atk|1
|-boost|p1a: Tyranitar|spe|1
|
|-weather|Sandstorm|[upkeep]
|upkeep
|turn|5
|
|t:|1728767863
|switch|p1a: Skarmory|Skarmory, F|100/100
|move|p2a: Swampert|Hydro Pump|p1a: Skarmory
|-damage|p1a: Skarmory|57/100
|
|-weather|Sandstorm|[upkeep]
|-heal|p1a: Skarmory|63/100|[from] item: Leftovers
|upkeep
|turn|6
|
|t:|1728767872
|switch|p2a: Zapdos|Zapdos|100/100
|move|p1a: Skarmory|Spikes|p2a: Zapdos
|-sidestart|p2: Emerald_Harrold|Spikes
|
|-weather|Sandstorm|[upkeep]
|-damage|p2a: Zapdos|94/100|[from] Sandstorm
|-heal|p2a: Zapdos|100/100|[from] item: Leftovers
|-heal|p1a: Skarmory|69/100|[from] item: Leftovers
|upkeep
|turn|7
|
|t:|1728767878
|move|p1a: Skarmory|Protect|p1a: Skarmory
|-singleturn|p1a: Skarmory|Protect
|move|p2a: Zapdos|Thunderbolt|p1a: Skarmory
|-activate|p1a: Skarmory|Protect
|
|-weather|Sandstorm|[upkeep]
|-damage|p2a: Zapdos|94/100|[from] Sandstorm
|-heal|p2a: Zapdos|100/100|[from] item: Leftovers
|-heal|p1a: Skarmory|75/100|[from] item: Leftovers
|upkeep
|turn|8
|inactive|sixofrobins has 270 seconds left.
|inactive|Emerald_Harrold has 270 seconds left.
|
|t:|1728767918
|switch|p1a: Claydol|Claydol|100/100
|move|p2a: Zapdos|Hidden Power|p1a: Claydol
|-supereffective|p1a: Claydol
|-damage|p1a: Claydol|51/100
|
|-weather|Sandstorm|[upkeep]
|-damage|p2a: Zapdos|94/100|[from] Sandstorm
|-heal|p2a: Zapdos|100/100|[from] item: Leftovers
|-heal|p1a: Claydol|57/100|[from] item: Leftovers
|upkeep
|turn|9
|inactive|sixofrobins has 270 seconds left.
|
|t:|1728767953
|move|p2a: Zapdos|Baton Pass|p2a: Zapdos
|
|t:|1728767955
|switch|p2a: Gengar|Gengar, F|100/100|[from] Baton Pass
|move|p1a: Claydol|Explosion|p2a: Gengar
|-immune|p2a: Gengar
|faint|p1a: Claydol
|c|☆sixofrobins|lol wp
|
|t:|1728767965
|switch|p1a: Regice|Regice|100/100
|
|-weather|Sandstorm|[upkeep]
|-damage|p2a: Gengar|94/100|[from] Sandstorm
|-damage|p1a: Regice|94/100|[from] Sandstorm
|-heal|p2a: Gengar|100/100|[from] item: Leftovers
|-heal|p1a: Regice|100/100|[from] item: Leftovers
|upkeep
|turn|10
|c|☆Emerald_Harrold|thx lol
|inactive|Emerald_Harrold has 240 seconds left.
|c|☆Emerald_Harrold|after i saw endure on mag i knew i should expect some aggressive plays :)
|
|t:|1728767999
|switch|p2a: Swampert|Swampert, M|100/100
|-damage|p2a: Swampert|88/100|[from] Spikes
|move|p1a: Regice|Thunder Wave|p2a: Swampert
|-immune|p2a: Swampert
|
|-weather|Sandstorm|[upkeep]
|-damage|p1a: Regice|94/100|[from] Sandstorm
|-heal|p2a: Swampert|94/100|[from] item: Leftovers
|-heal|p1a: Regice|100/100|[from] item: Leftovers
|upkeep
|turn|11
|inactive|Emerald_Harrold has 240 seconds left.
|
|t:|1728768018
|move|p2a: Swampert|Earthquake|p1a: Regice
|-damage|p1a: Regice|62/100
|move|p1a: Regice|Ice Beam|p2a: Swampert
|-damage|p2a: Swampert|57/100
|
|-weather|Sandstorm|[upkeep]
|-damage|p1a: Regice|56/100|[from] Sandstorm
|-heal|p2a: Swampert|63/100|[from] item: Leftovers
|-heal|p1a: Regice|62/100|[from] item: Leftovers
|upkeep
|turn|12
|
|t:|1728768033
|switch|p1a: Suicune|Suicune|100/100
|move|p2a: Swampert|Hydro Pump|p1a: Suicune
|-resisted|p1a: Suicune
|-damage|p1a: Suicune|83/100
|
|-weather|Sandstorm|[upkeep]
|-damage|p1a: Suicune|76/100|[from] Sandstorm
|-heal|p1a: Suicune|83/100|[from] item: Leftovers
|-heal|p2a: Swampert|69/100|[from] item: Leftovers
|upkeep
|turn|13
|
|t:|1728768051
|switch|p2a: Zapdos|Zapdos|100/100
|move|p1a: Suicune|Surf|p2a: Zapdos
|-damage|p2a: Zapdos|55/100
|
|-weather|Sandstorm|[upkeep]
|-damage|p2a: Zapdos|49/100|[from] Sandstorm
|-damage|p1a: Suicune|76/100|[from] Sandstorm
|-heal|p2a: Zapdos|55/100|[from] item: Leftovers
|-heal|p1a: Suicune|83/100|[from] item: Leftovers
|upkeep
|turn|14
|
|t:|1728768072
|switch|p1a: Regice|Regice|62/100
|move|p2a: Zapdos|Thunderbolt|p1a: Regice
|-damage|p1a: Regice|37/100
|-status|p1a: Regice|par
|
|-weather|Sandstorm|[upkeep]
|-damage|p2a: Zapdos|49/100|[from] Sandstorm
|-damage|p1a: Regice|31/100 par|[from] Sandstorm
|-heal|p2a: Zapdos|55/100|[from] item: Leftovers
|-heal|p1a: Regice|37/100 par|[from] item: Leftovers
|upkeep
|turn|15
|inactive|Emerald_Harrold has 240 seconds left.
|inactive|sixofrobins has 240 seconds left.
|
|t:|1728768111
|switch|p1a: Tyranitar|Tyranitar, F|100/100
|move|p2a: Zapdos|Baton Pass|p2a: Zapdos
|inactive|Emerald_Harrold has 210 seconds left.
|inactive|Emerald_Harrold has 180 seconds left.
|
|t:|1728768167
|switch|p2a: Swampert|Swampert, M|69/100|[from] Baton Pass
|-damage|p2a: Swampert|57/100|[from] Spikes
|
|-weather|Sandstorm|[upkeep]
|-heal|p2a: Swampert|63/100|[from] item: Leftovers
|upkeep
|turn|16
|
|t:|1728768179
|switch|p1a: Suicune|Suicune|83/100
|move|p2a: Swampert|Hydro Pump|p1a: Suicune
|-resisted|p1a: Suicune
|-damage|p1a: Suicune|65/100
|
|-weather|Sandstorm|[upkeep]
|-damage|p1a: Suicune|59/100|[from] Sandstorm
|-heal|p1a: Suicune|65/100|[from] item: Leftovers
|-heal|p2a: Swampert|69/100|[from] item: Leftovers
|upkeep
|turn|17
|
|t:|1728768187
|move|p1a: Suicune|Surf|p2a: Swampert
|-damage|p2a: Swampert|31/100
|move|p2a: Swampert|Earthquake|p1a: Suicune
|-damage|p1a: Suicune|34/100
|
|-weather|Sandstorm|[upkeep]
|-damage|p1a: Suicune|28/100|[from] Sandstorm
|-heal|p1a: Suicune|34/100|[from] item: Leftovers
|-heal|p2a: Swampert|37/100|[from] item: Leftovers
|upkeep
|turn|18
|inactive|Emerald_Harrold has 180 seconds left.
|
|t:|1728768202
|switch|p1a: Skarmory|Skarmory, F|75/100
|switch|p2a: Celebi|Celebi|100/100
|-damage|p2a: Celebi|88/100|[from] Spikes
|
|-weather|Sandstorm|[upkeep]
|-damage|p2a: Celebi|82/100|[from] Sandstorm
|-heal|p2a: Celebi|88/100|[from] item: Leftovers
|-heal|p1a: Skarmory|81/100|[from] item: Leftovers
|upkeep
|turn|19
|inactive|Emerald_Harrold has 180 seconds left.
|
|t:|1728768220
|move|p2a: Celebi|Calm Mind|p2a: Celebi
|-boost|p2a: Celebi|spa|1
|-boost|p2a: Celebi|spd|1
|move|p1a: Skarmory|Spikes|p2a: Celebi
|-sidestart|p2: Emerald_Harrold|Spikes
|
|-weather|Sandstorm|[upkeep]
|-damage|p2a: Celebi|82/100|[from] Sandstorm
|-heal|p2a: Celebi|88/100|[from] item: Leftovers
|-heal|p1a: Skarmory|87/100|[from] item: Leftovers
|upkeep
|turn|20
|
|t:|1728768224
|move|p2a: Celebi|Hidden Power|p1a: Skarmory
|-damage|p1a: Skarmory|62/100
|move|p1a: Skarmory|Roar|p2a: Celebi
|drag|p2a: Charizard|Charizard, F|100/100
|
|-weather|Sandstorm|[upkeep]
|-damage|p2a: Charizard|94/100|[from] Sandstorm
|-heal|p2a: Charizard|100/100|[from] item: Leftovers
|-heal|p1a: Skarmory|68/100|[from] item: Leftovers
|upkeep
|turn|21
|inactive|Emerald_Harrold has 180 seconds left.
|
|t:|1728768240
|-singleturn|p2a: Charizard|move: Focus Punch
|move|p1a: Skarmory|Protect|p1a: Skarmory
|-singleturn|p1a: Skarmory|Protect
|move|p2a: Charizard|Focus Punch|p1a: Skarmory
|-activate|p1a: Skarmory|Protect
|
|-weather|Sandstorm|[upkeep]
|-damage|p2a: Charizard|94/100|[from] Sandstorm
|-heal|p2a: Charizard|100/100|[from] item: Leftovers
|-heal|p1a: Skarmory|74/100|[from] item: Leftovers
|upkeep
|turn|22
|inactive|Emerald_Harrold has 180 seconds left.
|
|t:|1728768255
|switch|p1a: Regice|Regice|37/100 par
|move|p2a: Charizard|Fire Blast|p1a: Regice
|-supereffective|p1a: Regice
|-damage|p1a: Regice|0 fnt
|faint|p1a: Regice
|
|t:|1728768265
|switch|p1a: Tyranitar|Tyranitar, F|100/100
|
|-weather|Sandstorm|[upkeep]
|-damage|p2a: Charizard|94/100|[from] Sandstorm
|-heal|p2a: Charizard|100/100|[from] item: Leftovers
|upkeep
|turn|23
|inactive|Emerald_Harrold has 180 seconds left.
|
|t:|1728768284
|-singleturn|p2a: Charizard|move: Focus Punch
|move|p1a: Tyranitar|Rock Slide|p2a: Charizard
|-supereffective|p2a: Charizard
|-damage|p2a: Charizard|0 fnt
|faint|p2a: Charizard
|inactive|Emerald_Harrold has 180 seconds left.
|
|t:|1728768291
|switch|p2a: Metagross|Metagross|100/100
|-damage|p2a: Metagross|84/100|[from] Spikes
|
|-weather|Sandstorm|[upkeep]
|upkeep
|turn|24
|inactive|sixofrobins has 270 seconds left.
|
|t:|1728768301
|switch|p1a: Skarmory|Skarmory, F|74/100
|move|p2a: Metagross|Meteor Mash|p1a: Skarmory|[miss]
|-miss|p2a: Metagross|p1a: Skarmory
|
|-weather|Sandstorm|[upkeep]
|-heal|p1a: Skarmory|80/100|[from] item: Leftovers
|upkeep
|turn|25
|inactive|sixofrobins has 270 seconds left.
|
|t:|1728768309
|switch|p2a: Zapdos|Zapdos|55/100
|move|p1a: Skarmory|Protect||[still]
|-fail|p1a: Skarmory
|
|-weather|Sandstorm|[upkeep]
|-damage|p2a: Zapdos|49/100|[from] Sandstorm
|-heal|p2a: Zapdos|55/100|[from] item: Leftovers
|-heal|p1a: Skarmory|86/100|[from] item: Leftovers
|upkeep
|turn|26
|inactive|sixofrobins has 270 seconds left.
|
|t:|1728768323
|switch|p1a: Tyranitar|Tyranitar, F|100/100
|move|p2a: Zapdos|Thunderbolt|p1a: Tyranitar
|-damage|p1a: Tyranitar|58/100
|
|-weather|Sandstorm|[upkeep]
|-damage|p2a: Zapdos|49/100|[from] Sandstorm
|-heal|p2a: Zapdos|55/100|[from] item: Leftovers
|upkeep
|turn|27
|inactive|sixofrobins has 270 seconds left.
|inactive|Emerald_Harrold has 180 seconds left.
|
|t:|1728768374
|move|p2a: Zapdos|Thunderbolt|p1a: Tyranitar
|-crit|p1a: Tyranitar
|-damage|p1a: Tyranitar|0 fnt
|faint|p1a: Tyranitar
|
|t:|1728768381
|switch|p1a: Metagross|Metagross|100/100
|
|-weather|Sandstorm|[upkeep]
|-damage|p2a: Zapdos|49/100|[from] Sandstorm
|-heal|p2a: Zapdos|55/100|[from] item: Leftovers
|upkeep
|turn|28
|c|☆Emerald_Harrold|mb
|inactive|sixofrobins has 270 seconds left.
|
|t:|1728768398
|move|p2a: Zapdos|Baton Pass|p2a: Zapdos
|
|t:|1728768401
|switch|p2a: Swampert|Swampert, M|37/100|[from] Baton Pass
|-damage|p2a: Swampert|21/100|[from] Spikes
|move|p1a: Metagross|Meteor Mash|p2a: Swampert|[miss]
|-miss|p1a: Metagross|p2a: Swampert
|
|-weather|Sandstorm|[upkeep]
|-heal|p2a: Swampert|27/100|[from] item: Leftovers
|upkeep
|turn|29
|inactive|sixofrobins has 270 seconds left.
|c|☆sixofrobins|thanks RNG
|
|t:|1728768427
|switch|p1a: Skarmory|Skarmory, F|86/100
|move|p2a: Swampert|Earthquake|p1a: Skarmory
|-immune|p1a: Skarmory
|
|-weather|Sandstorm|[upkeep]
|-heal|p1a: Skarmory|92/100|[from] item: Leftovers
|-heal|p2a: Swampert|33/100|[from] item: Leftovers
|upkeep
|turn|30
|inactive|sixofrobins has 270 seconds left.
|
|t:|1728768435
|move|p2a: Swampert|Ice Beam|p1a: Skarmory
|-damage|p1a: Skarmory|68/100
|-status|p1a: Skarmory|frz
|cant|p1a: Skarmory|frz
|
|-weather|Sandstorm|[upkeep]
|-heal|p1a: Skarmory|74/100 frz|[from] item: Leftovers
|-heal|p2a: Swampert|40/100|[from] item: Leftovers
|upkeep
|turn|31
|c|☆sixofrobins|lmaooo
|inactive|sixofrobins has 270 seconds left.
|c|☆Emerald_Harrold|O:
|
|t:|1728768453
|switch|p2a: Zapdos|Zapdos|55/100
|cant|p1a: Skarmory|frz
|
|-weather|Sandstorm|[upkeep]
|-damage|p2a: Zapdos|49/100|[from] Sandstorm
|-heal|p2a: Zapdos|55/100|[from] item: Leftovers
|-heal|p1a: Skarmory|80/100 frz|[from] item: Leftovers
|upkeep
|turn|32
|c|☆sixofrobins|the server really doesn't want me to win today...
|inactive|sixofrobins has 270 seconds left.
|
|t:|1728768463
|move|p2a: Zapdos|Thunderbolt|p1a: Skarmory
|-supereffective|p1a: Skarmory
|-damage|p1a: Skarmory|0 fnt
|faint|p1a: Skarmory
|c|☆Emerald_Harrold|:)
|
|t:|1728768466
|switch|p1a: Metagross|Metagross|100/100
|
|-weather|Sandstorm|[upkeep]
|-damage|p2a: Zapdos|49/100|[from] Sandstorm
|-heal|p2a: Zapdos|55/100|[from] item: Leftovers
|upkeep
|turn|33
|c|☆Emerald_Harrold|nononno
|c|☆Emerald_Harrold|i meant :(
|c|☆Emerald_Harrold|lol
|c|☆sixofrobins|lmao
|inactive|Emerald_Harrold has 180 seconds left.
|c|☆sixofrobins|that's Pokemon for you
|inactive|sixofrobins has 270 seconds left.
|
|t:|1728768484
|move|p2a: Zapdos|Baton Pass|p2a: Zapdos
|c|☆Emerald_Harrold|it's true
|
|t:|1728768489
|switch|p2a: Swampert|Swampert, M|40/100|[from] Baton Pass
|-damage|p2a: Swampert|23/100|[from] Spikes
|move|p1a: Metagross|Meteor Mash|p2a: Swampert
|-resisted|p2a: Swampert
|-damage|p2a: Swampert|0 fnt
|faint|p2a: Swampert
|inactive|Emerald_Harrold has 180 seconds left.
|
|t:|1728768512
|switch|p2a: Metagross|Metagross|84/100
|-damage|p2a: Metagross|67/100|[from] Spikes
|
|-weather|Sandstorm|[upkeep]
|upkeep
|turn|34
|
|t:|1728768520
|move|p2a: Metagross|Earthquake|p1a: Metagross
|-supereffective|p1a: Metagross
|-damage|p1a: Metagross|0 fnt
|faint|p1a: Metagross
|
|t:|1728768524
|switch|p1a: Suicune|Suicune|34/100
|
|-weather|Sandstorm|[upkeep]
|-damage|p1a: Suicune|28/100|[from] Sandstorm
|-heal|p1a: Suicune|34/100|[from] item: Leftovers
|upkeep
|turn|35
|
|t:|1728768534
|move|p1a: Suicune|Rest|p1a: Suicune
|-status|p1a: Suicune|slp|[from] move: Rest
|-heal|p1a: Suicune|100/100 slp|[silent]
|move|p2a: Metagross|Earthquake|p1a: Suicune
|-damage|p1a: Suicune|55/100 slp
|
|-weather|Sandstorm|[upkeep]
|-damage|p1a: Suicune|49/100 slp|[from] Sandstorm
|-heal|p1a: Suicune|55/100 slp|[from] item: Leftovers
|upkeep
|turn|36
|
|t:|1728768539
|switch|p2a: Celebi|Celebi|88/100
|-damage|p2a: Celebi|71/100|[from] Spikes
|cant|p1a: Suicune|slp
|move|p1a: Suicune|Sleep Talk|p1a: Suicune
|move|p1a: Suicune|Surf|p2a: Celebi|[from]Sleep Talk
|-resisted|p2a: Celebi
|-damage|p2a: Celebi|54/100
|
|-weather|Sandstorm|[upkeep]
|-damage|p2a: Celebi|48/100|[from] Sandstorm
|-damage|p1a: Suicune|49/100 slp|[from] Sandstorm
|-heal|p2a: Celebi|54/100|[from] item: Leftovers
|-heal|p1a: Suicune|55/100 slp|[from] item: Leftovers
|upkeep
|turn|37
|
|t:|1728768545
|move|p2a: Celebi|Giga Drain|p1a: Suicune
|-supereffective|p1a: Suicune
|-damage|p1a: Suicune|25/100 slp
|-heal|p2a: Celebi|69/100|[from] drain|[of] p1a: Suicune
|cant|p1a: Suicune|slp
|move|p1a: Suicune|Sleep Talk|p1a: Suicune
|move|p1a: Suicune|Calm Mind|p1a: Suicune|[from]Sleep Talk
|-boost|p1a: Suicune|spa|1
|-boost|p1a: Suicune|spd|1
|
|-weather|Sandstorm|[upkeep]
|-damage|p2a: Celebi|63/100|[from] Sandstorm
|-damage|p1a: Suicune|18/100 slp|[from] Sandstorm
|-heal|p2a: Celebi|69/100|[from] item: Leftovers
|-heal|p1a: Suicune|25/100 slp|[from] item: Leftovers
|upkeep
|turn|38
|inactive|Emerald_Harrold has 210 seconds left.
|
|t:|1728768550
|move|p2a: Celebi|Calm Mind|p2a: Celebi
|-boost|p2a: Celebi|spa|1
|-boost|p2a: Celebi|spd|1
|-curestatus|p1a: Suicune|slp|[msg]
|move|p1a: Suicune|Rest|p1a: Suicune
|-status|p1a: Suicune|slp|[from] move: Rest
|-heal|p1a: Suicune|100/100 slp|[silent]
|
|-weather|Sandstorm|[upkeep]
|-damage|p2a: Celebi|63/100|[from] Sandstorm
|-damage|p1a: Suicune|94/100 slp|[from] Sandstorm
|-heal|p2a: Celebi|69/100|[from] item: Leftovers
|-heal|p1a: Suicune|100/100 slp|[from] item: Leftovers
|upkeep
|turn|39
|
|t:|1728768554
|move|p2a: Celebi|Giga Drain|p1a: Suicune
|-supereffective|p1a: Suicune
|-crit|p1a: Suicune
|-damage|p1a: Suicune|10/100 slp
|-heal|p2a: Celebi|100/100|[from] drain|[of] p1a: Suicune
|cant|p1a: Suicune|slp
|move|p1a: Suicune|Sleep Talk|p1a: Suicune
|move|p1a: Suicune|Surf|p2a: Celebi|[from]Sleep Talk
|-resisted|p2a: Celebi
|-damage|p2a: Celebi|82/100
|
|-weather|Sandstorm|[upkeep]
|-damage|p2a: Celebi|76/100|[from] Sandstorm
|-damage|p1a: Suicune|4/100 slp|[from] Sandstorm
|-heal|p2a: Celebi|82/100|[from] item: Leftovers
|-heal|p1a: Suicune|10/100 slp|[from] item: Leftovers
|upkeep
|turn|40
|c|☆sixofrobins|lol ggs!
|
|t:|1728768563
|move|p2a: Celebi|Giga Drain|p1a: Suicune
|-supereffective|p1a: Suicune
|-damage|p1a: Suicune|0 fnt
|-heal|p2a: Celebi|87/100|[from] drain|[of] p1a: Suicune
|faint|p1a: Suicune
|
|win|Emerald_Harrold
|c|☆Emerald_Harrold|ggs
|player|p1|

</script>
<script type="application/json" class="data" id="replaydata-smogtours-gen3ou-797819">
{"id":"smogtours-gen3ou-797819","format":"[Gen 3] OU","players":["sixofrobins","Emerald_Harrold"],"uploadtime":1728768563,"views":109,"formatid":"gen3ou","rating":null,"private":0,"password":null}
</script>

<script defer src="js/replays.js?9d40a366"></script>
