<!DOCTYPE html>
<meta charset="utf-8" />
<meta name="viewport" content="width=device-width" />

<title>[Gen 3] OU: Kenma likes males vs. Duke Sux - Replays - Pok&eacute;mon Showdown!</title>

<meta name="description" content="Watch a replay of a Pok&eacute;mon battle between Kenma likes males and Duke Sux! Format: [Gen 3] OU; Date: Oct 19, 2024" />
<!--

Hey, you! Looking in the source for the replay log?

You can find them in JSON format, just add `.json` at the end of a replay URL.

https://replay.pokemonshowdown.com/gen7randomdoublesbattle-865046831.json

Or, if you only need the log itself, add `.log` instead:

https://replay.pokemonshowdown.com/gen7randomdoublesbattle-865046831.log

-->

<link rel="stylesheet" href="//pokemonshowdown.com/style/global.css?0.023195364461161105" />
<link rel="stylesheet" href="//play.pokemonshowdown.com/style/font-awesome.css?0.13261647063804238" />
<link rel="stylesheet" href="//play.pokemonshowdown.com/style/battle.css?0.8753245789963631" />
<link rel="stylesheet" href="//play.pokemonshowdown.com/style/utilichart.css?0.8627959624976733" />

<!-- Global site tag (gtag.js) - Google Analytics -->
<script async src="https://www.googletagmanager.com/gtag/js?id=UA-26211653-1"></script>
<script>
  window.dataLayer = window.dataLayer || [];
  function gtag(){dataLayer.push(arguments);}
  gtag('js', new Date());

  gtag('config', 'UA-26211653-1');
</script>
<!-- End Google Analytics -->
<!-- Venatus Ad Manager - Install in <HEAD> of page -->
	<script src="https://hb.vntsm.com/v3/live/ad-manager.min.js" type="text/javascript" data-site-id="642aba63ec9a7b11c3c9c1be" data-mode="scan" async></script>
<!-- / Venatus Ad Manager -->

<style>
	@media (max-width:820px) {
		.battle {
			margin: 0 auto;
		}
		.battle-log {
			margin: 7px auto 0;
			max-width: 640px;
			height: 300px;
			position: static;
		}
	}
	.optgroup {
		display: inline-block;
		line-height: 22px;
		font-size: 10pt;
	}
	.optgroup .button {
		height: 25px;
		padding-top: 0;
		padding-bottom: 0;
	}
	.optgroup button.button {
		padding-left: 12px;
		padding-right: 12px;
	}
	.linklist {
		list-style: none;
		margin: 0.5em 0;
		padding: 0;
	}
	.linklist li {
		padding: 2px 0;
	}
	.sidebar {
		float: left;
		width: 320px;
	}
	.bar-wrapper {
		max-width: 1100px;
		margin: 0 auto;
	}
	.bar-wrapper.has-sidebar {
		max-width: 1430px;
	}
	.mainbar {
		margin: 0;
		padding-right: 1px;
	}
	.mainbar.has-sidebar {
		margin-left: 330px;
	}
	@media (min-width: 1511px) {
		.sidebar {
			width: 400px;
		}
		.bar-wrapper.has-sidebar {
			max-width: 1510px;
		}
		.mainbar.has-sidebar {
			margin-left: 410px;
		}
	}
	.section.first-section {
		margin-top: 9px;
	}
	.blocklink small {
		white-space: normal;
	}
	.button {
		vertical-align: middle;
	}
	.replay-controls {
		padding-top: 10px;
	}
	.replay-controls h1 {
		font-size: 16pt;
		font-weight: normal;
		color: #CCC;
	}
	.pagelink {
		text-align: center;
	}
	.pagelink a {
		width: 150px;
	}
	.textbox, .button {
		font-size: 11pt;
		vertical-align: middle;
	}
	@media (max-width: 450px) {
		.button {
			font-size: 9pt;
		}
	}
</style>

<div>

	<header>
		<div class="nav-wrapper"><ul class="nav">
			<li><a class="button nav-first" href="//pokemonshowdown.com/"><img src="//pokemonshowdown.com/images/pokemonshowdownbeta.png" srcset="//pokemonshowdown.com/images/pokemonshowdownbeta.png 1x, //pokemonshowdown.com/images/pokemonshowdownbeta@2x.png 2x" alt="Pok&eacute;mon Showdown" width="146" height="44" /> Home</a></li>
			<li><a class="button" href="//pokemonshowdown.com/dex/">Pok&eacute;dex</a></li>
			<li><a class="button cur" href="/">Replays</a></li>
			<li><a class="button" href="//pokemonshowdown.com/ladder/">Ladder</a></li>
			<li><a class="button nav-last" href="//pokemonshowdown.com/forums/">Forum</a></li>
			<li><a class="button greenbutton nav-first nav-last" href="//play.pokemonshowdown.com/">Play</a></li>
		</ul></div>
	</header>

	<div class="main" id="main">

		<noscript><section class="section">You need to enable JavaScript to use this page; sorry!</section></noscript>

	</div>

</div>

<script defer nomodule src="//play.pokemonshowdown.com/js/lib/ps-polyfill.js"></script>
<script defer src="//play.pokemonshowdown.com/js/lib/preact.min.js"></script>

<script defer src="//play.pokemonshowdown.com/config/config.js?2bddbc15"></script>
<script defer src="//play.pokemonshowdown.com/js/lib/jquery-1.11.0.min.js"></script>
<script defer src="//play.pokemonshowdown.com/js/lib/html-sanitizer-minified.js"></script>
<script defer src="//play.pokemonshowdown.com/js/battle-sound.js"></script>
<script defer src="//play.pokemonshowdown.com/js/battledata.js?0.7209276989879541"></script>
<script defer src="//play.pokemonshowdown.com/data/pokedex-mini.js?0.6111056340867951"></script>
<script defer src="//play.pokemonshowdown.com/data/pokedex-mini-bw.js?0.3532142036491459"></script>
<script defer src="//play.pokemonshowdown.com/data/graphics.js?0.24223875632456182"></script>
<script defer src="//play.pokemonshowdown.com/data/pokedex.js?0.38839984266356864"></script>
<script defer src="//play.pokemonshowdown.com/data/moves.js?0.21866028504024015"></script>
<script defer src="//play.pokemonshowdown.com/data/abilities.js?0.2005157953846628"></script>
<script defer src="//play.pokemonshowdown.com/data/items.js?0.9894211263848525"></script>
<script defer src="//play.pokemonshowdown.com/data/teambuilder-tables.js?0.6008791140282215"></script>
<script defer src="//play.pokemonshowdown.com/js/battle-tooltips.js?0.7580118955022959"></script>
<script defer src="//play.pokemonshowdown.com/js/battle.js?0.6057722274234274"></script>

<script defer src="js/utils.js?e31f9a17"></script>
<script defer src="js/replays-battle.js?7008c182"></script>

<!-- don't scrape this data! just add .json or .log after the URL!
Full API docs: https://github.com/smogon/pokemon-showdown-client/blob/master/WEB-API.md -->
<script type="text/plain" class="log" id="replaylog-smogtours-gen3ou-800055">
|inactive|Battle timer is ON: inactive players will automatically lose when time's up.
|t:|1729367974
|gametype|singles
|player|p1|Kenma likes males|lucy-gen3|
|player|p2|Duke Sux|266|
|teamsize|p1|6
|teamsize|p2|6
|gen|3
|tier|[Gen 3] OU
|rule|Sleep Clause Mod: Limit one foe put to sleep
|rule|Switch Priority Clause Mod: Faster Pokémon switch first
|rule|Species Clause: Limit one of each Pokémon
|rule|OHKO Clause: OHKO moves are banned
|rule|Evasion Items Clause: Evasion items are banned
|rule|Evasion Moves Clause: Evasion moves are banned
|rule|Endless Battle Clause: Forcing endless battles is banned
|rule|HP Percentage Mod: HP is shown in percentages
|rule|One Boost Passer Clause: Limit one Baton Passer that has a way to boost its stats
|rule|Freeze Clause Mod: Limit one foe frozen
|
|t:|1729367974
|start
|switch|p1a: Represent|Jolteon, M|100/100
|switch|p2a: Suicune|Suicune|100/100
|turn|1
|
|t:|1729367990
|move|p1a: Represent|Thunderbolt|p2a: Suicune
|-supereffective|p2a: Suicune
|-crit|p2a: Suicune
|-damage|p2a: Suicune|0 fnt
|faint|p2a: Suicune
|
|t:|1729367995
|switch|p2a: Snorlax|Snorlax, F|100/100
|
|upkeep
|turn|2
|
|t:|1729368001
|move|p1a: Represent|Substitute|p1a: Represent
|-start|p1a: Represent|Substitute
|-damage|p1a: Represent|76/100
|move|p2a: Snorlax|Body Slam|p1a: Represent
|-end|p1a: Represent|Substitute
|
|-heal|p1a: Represent|82/100|[from] item: Leftovers
|upkeep
|turn|3
|
|t:|1729368004
|move|p1a: Represent|Baton Pass|p1a: Represent
|
|t:|1729368006
|switch|p1a: Life's a bitch|Skarmory, M|100/100|[from] Baton Pass
|move|p2a: Snorlax|Body Slam|p1a: Life's a bitch
|-resisted|p1a: Life's a bitch
|-damage|p1a: Life's a bitch|87/100
|
|-heal|p1a: Life's a bitch|93/100|[from] item: Leftovers
|upkeep
|turn|4
|
|t:|1729368009
|switch|p2a: Magneton|Magneton|100/100
|move|p1a: Life's a bitch|Spikes|p2a: Magneton
|-sidestart|p2: Duke Sux|Spikes
|
|-heal|p1a: Life's a bitch|99/100|[from] item: Leftovers
|upkeep
|turn|5
|
|t:|1729368014
|move|p1a: Life's a bitch|Protect|p1a: Life's a bitch
|-singleturn|p1a: Life's a bitch|Protect
|move|p2a: Magneton|Thunderbolt|p1a: Life's a bitch
|-activate|p1a: Life's a bitch|Protect
|
|-heal|p1a: Life's a bitch|100/100|[from] item: Leftovers
|upkeep
|turn|6
|
|t:|1729368017
|move|p2a: Magneton|Thunderbolt|p1a: Life's a bitch
|-supereffective|p1a: Life's a bitch
|-damage|p1a: Life's a bitch|0 fnt
|faint|p1a: Life's a bitch
|
|t:|1729368019
|switch|p1a: Memory lane|Dugtrio, M|100/100
|
|upkeep
|turn|7
|
|t:|1729368027
|move|p1a: Memory lane|Earthquake|p2a: Magneton
|-supereffective|p2a: Magneton
|-damage|p2a: Magneton|0 fnt
|faint|p2a: Magneton
|
|t:|1729368033
|switch|p2a: Salamence|Salamence, F|100/100
|-ability|p2a: Salamence|Intimidate|boost
|-unboost|p1a: Memory lane|atk|1
|
|upkeep
|turn|8
|
|t:|1729368041
|switch|p1a: The world is yours|Milotic, M|100/100
|move|p2a: Salamence|Dragon Claw|p1a: The world is yours
|-damage|p1a: The world is yours|71/100
|
|-heal|p1a: The world is yours|77/100|[from] item: Leftovers
|upkeep
|turn|9
|
|t:|1729368050
|switch|p2a: Snorlax|Snorlax, F|100/100
|-damage|p2a: Snorlax|88/100|[from] Spikes
|move|p1a: The world is yours|Toxic|p2a: Snorlax
|-immune|p2a: Snorlax|[from] ability: Immunity
|
|-heal|p1a: The world is yours|83/100|[from] item: Leftovers
|-heal|p2a: Snorlax|94/100|[from] item: Leftovers
|upkeep
|turn|10
|
|t:|1729368055
|move|p1a: The world is yours|Surf|p2a: Snorlax
|-damage|p2a: Snorlax|75/100
|move|p2a: Snorlax|Body Slam|p1a: The world is yours
|-damage|p1a: The world is yours|49/100
|
|-heal|p1a: The world is yours|55/100|[from] item: Leftovers
|-heal|p2a: Snorlax|81/100|[from] item: Leftovers
|upkeep
|turn|11
|
|t:|1729368058
|move|p1a: The world is yours|Recover|p1a: The world is yours
|-heal|p1a: The world is yours|100/100
|move|p2a: Snorlax|Body Slam|p1a: The world is yours
|-damage|p1a: The world is yours|68/100
|
|-heal|p1a: The world is yours|74/100|[from] item: Leftovers
|-heal|p2a: Snorlax|88/100|[from] item: Leftovers
|upkeep
|turn|12
|
|t:|1729368060
|move|p1a: The world is yours|Surf|p2a: Snorlax
|-damage|p2a: Snorlax|68/100
|move|p2a: Snorlax|Body Slam|p1a: The world is yours
|-damage|p1a: The world is yours|44/100
|
|-heal|p1a: The world is yours|50/100|[from] item: Leftovers
|-heal|p2a: Snorlax|74/100|[from] item: Leftovers
|upkeep
|turn|13
|
|t:|1729368062
|move|p1a: The world is yours|Recover|p1a: The world is yours
|-heal|p1a: The world is yours|99/100
|move|p2a: Snorlax|Body Slam|p1a: The world is yours
|-damage|p1a: The world is yours|70/100
|
|-heal|p1a: The world is yours|76/100|[from] item: Leftovers
|-heal|p2a: Snorlax|81/100|[from] item: Leftovers
|upkeep
|turn|14
|
|t:|1729368064
|move|p1a: The world is yours|Surf|p2a: Snorlax
|-crit|p2a: Snorlax
|-damage|p2a: Snorlax|42/100
|move|p2a: Snorlax|Body Slam|p1a: The world is yours
|-damage|p1a: The world is yours|45/100
|-status|p1a: The world is yours|par
|
|-heal|p2a: Snorlax|48/100|[from] item: Leftovers
|-heal|p1a: The world is yours|51/100 par|[from] item: Leftovers
|upkeep
|turn|15
|
|t:|1729368066
|move|p2a: Snorlax|Body Slam|p1a: The world is yours
|-damage|p1a: The world is yours|29/100 par
|cant|p1a: The world is yours|par
|
|-heal|p2a: Snorlax|54/100|[from] item: Leftovers
|-heal|p1a: The world is yours|36/100 par|[from] item: Leftovers
|upkeep
|turn|16
|
|t:|1729368070
|move|p2a: Snorlax|Body Slam|p1a: The world is yours
|-damage|p1a: The world is yours|14/100 par
|move|p1a: The world is yours|Recover|p1a: The world is yours
|-heal|p1a: The world is yours|64/100 par
|
|-heal|p2a: Snorlax|60/100|[from] item: Leftovers
|-heal|p1a: The world is yours|71/100 par|[from] item: Leftovers
|upkeep
|turn|17
|
|t:|1729368073
|move|p2a: Snorlax|Body Slam|p1a: The world is yours
|-damage|p1a: The world is yours|50/100 par
|move|p1a: The world is yours|Recover|p1a: The world is yours
|-heal|p1a: The world is yours|99/100 par
|
|-heal|p2a: Snorlax|67/100|[from] item: Leftovers
|-heal|p1a: The world is yours|100/100 par|[from] item: Leftovers
|upkeep
|turn|18
|
|t:|1729368076
|move|p2a: Snorlax|Body Slam|p1a: The world is yours
|-damage|p1a: The world is yours|78/100 par
|move|p1a: The world is yours|Surf|p2a: Snorlax
|-damage|p2a: Snorlax|47/100
|
|-heal|p2a: Snorlax|53/100|[from] item: Leftovers
|-heal|p1a: The world is yours|84/100 par|[from] item: Leftovers
|upkeep
|turn|19
|
|t:|1729368080
|move|p2a: Snorlax|Body Slam|p1a: The world is yours
|-damage|p1a: The world is yours|64/100 par
|move|p1a: The world is yours|Surf|p2a: Snorlax
|-damage|p2a: Snorlax|32/100
|
|-heal|p2a: Snorlax|38/100|[from] item: Leftovers
|-heal|p1a: The world is yours|71/100 par|[from] item: Leftovers
|upkeep
|turn|20
|
|t:|1729368083
|move|p2a: Snorlax|Self-Destruct|p1a: The world is yours
|-damage|p1a: The world is yours|0 fnt
|faint|p2a: Snorlax
|faint|p1a: The world is yours
|
|t:|1729368095
|switch|p1a: Represent|Jolteon, M|82/100
|switch|p2a: Salamence|Salamence, F|100/100
|-ability|p2a: Salamence|Intimidate|boost
|-unboost|p1a: Represent|atk|1
|
|-heal|p1a: Represent|88/100|[from] item: Leftovers
|upkeep
|turn|21
|
|t:|1729368102
|move|p1a: Represent|Substitute|p1a: Represent
|-start|p1a: Represent|Substitute
|-damage|p1a: Represent|63/100
|move|p2a: Salamence|Dragon Claw|p1a: Represent
|-end|p1a: Represent|Substitute
|
|-heal|p1a: Represent|69/100|[from] item: Leftovers
|upkeep
|turn|22
|
|t:|1729368108
|move|p1a: Represent|Thunderbolt|p2a: Salamence
|-damage|p2a: Salamence|39/100
|move|p2a: Salamence|Dragon Claw|p1a: Represent
|-damage|p1a: Represent|22/100
|
|-heal|p1a: Represent|28/100|[from] item: Leftovers
|-heal|p2a: Salamence|45/100|[from] item: Leftovers
|upkeep
|turn|23
|
|t:|1729368112
|move|p1a: Represent|Thunderbolt|p2a: Salamence
|-damage|p2a: Salamence|0 fnt
|faint|p2a: Salamence
|
|t:|1729368130
|switch|p2a: Heracross|Heracross, F|100/100
|-damage|p2a: Heracross|88/100|[from] Spikes
|
|-heal|p1a: Represent|34/100|[from] item: Leftovers
|upkeep
|turn|24
|
|t:|1729368135
|move|p1a: Represent|Thunderbolt|p2a: Heracross
|-damage|p2a: Heracross|36/100
|move|p2a: Heracross|Substitute|p2a: Heracross
|-start|p2a: Heracross|Substitute
|-damage|p2a: Heracross|11/100
|
|-heal|p1a: Represent|40/100|[from] item: Leftovers
|-enditem|p2a: Heracross|Salac Berry|[eat]
|-boost|p2a: Heracross|spe|1|[from] item: Salac Berry
|upkeep
|turn|25
|inactive|Duke Sux has 270 seconds left.
|
|t:|1729368165
|move|p2a: Heracross|Swords Dance|p2a: Heracross
|-boost|p2a: Heracross|atk|2
|move|p1a: Represent|Roar|p2a: Heracross
|drag|p2a: Metagross|Metagross|100/100
|-damage|p2a: Metagross|88/100|[from] Spikes
|
|-heal|p1a: Represent|46/100|[from] item: Leftovers
|upkeep
|turn|26
|
|t:|1729368173
|move|p1a: Represent|Substitute|p1a: Represent
|-start|p1a: Represent|Substitute
|-damage|p1a: Represent|22/100
|move|p2a: Metagross|Meteor Mash|p1a: Represent
|-resisted|p1a: Represent
|-end|p1a: Represent|Substitute
|
|-heal|p1a: Represent|28/100|[from] item: Leftovers
|upkeep
|turn|27
|
|t:|1729368177
|move|p1a: Represent|Thunderbolt|p2a: Metagross
|-damage|p2a: Metagross|39/100
|move|p2a: Metagross|Meteor Mash|p1a: Represent
|-resisted|p1a: Represent
|-damage|p1a: Represent|0 fnt
|faint|p1a: Represent
|
|t:|1729368179
|switch|p1a: Memory lane|Dugtrio, M|100/100
|
|upkeep
|turn|28
|
|t:|1729368182
|move|p1a: Memory lane|Earthquake|p2a: Metagross
|-supereffective|p2a: Metagross
|-damage|p2a: Metagross|0 fnt
|faint|p2a: Metagross
|c|☆Kenma likes males|gg
|
|t:|1729368184
|switch|p2a: Heracross|Heracross, F|11/100
|-damage|p2a: Heracross|0 fnt|[from] Spikes
|faint|p2a: Heracross
|
|win|Kenma likes males
|c|☆Duke Sux|gg
|player|p2|

</script>
<script type="application/json" class="data" id="replaydata-smogtours-gen3ou-800055">
{"id":"smogtours-gen3ou-800055","format":"[Gen 3] OU","players":["Kenma likes males","Duke Sux"],"uploadtime":1729368184,"views":77,"formatid":"gen3ou","rating":null,"private":0,"password":null}
</script>

<script defer src="js/replays.js?9d40a366"></script>
