<!DOCTYPE html>
<meta charset="utf-8" />
<meta name="viewport" content="width=device-width" />

<title>[Gen 3] OU: Gonzasaurio 50 vs. Hydreigon &gt; Latias - Replays - Pok&eacute;mon Showdown!</title>

<meta name="description" content="Watch a replay of a Pok&eacute;mon battle between Gonzasaurio 50 and Hydreigon &gt; Latias! Format: [Gen 3] OU; Date: Oct 29, 2024" />
<!--

Hey, you! Looking in the source for the replay log?

You can find them in JSON format, just add `.json` at the end of a replay URL.

https://replay.pokemonshowdown.com/gen7randomdoublesbattle-865046831.json

Or, if you only need the log itself, add `.log` instead:

https://replay.pokemonshowdown.com/gen7randomdoublesbattle-865046831.log

-->

<link rel="stylesheet" href="//pokemonshowdown.com/style/global.css?0.023195364461161105" />
<link rel="stylesheet" href="//play.pokemonshowdown.com/style/font-awesome.css?0.13261647063804238" />
<link rel="stylesheet" href="//play.pokemonshowdown.com/style/battle.css?0.8753245789963631" />
<link rel="stylesheet" href="//play.pokemonshowdown.com/style/utilichart.css?0.8627959624976733" />

<!-- Global site tag (gtag.js) - Google Analytics -->
<script async src="https://www.googletagmanager.com/gtag/js?id=UA-26211653-1"></script>
<script>
  window.dataLayer = window.dataLayer || [];
  function gtag(){dataLayer.push(arguments);}
  gtag('js', new Date());

  gtag('config', 'UA-26211653-1');
</script>
<!-- End Google Analytics -->
<!-- Venatus Ad Manager - Install in <HEAD> of page -->
	<script src="https://hb.vntsm.com/v3/live/ad-manager.min.js" type="text/javascript" data-site-id="642aba63ec9a7b11c3c9c1be" data-mode="scan" async></script>
<!-- / Venatus Ad Manager -->

<style>
	@media (max-width:820px) {
		.battle {
			margin: 0 auto;
		}
		.battle-log {
			margin: 7px auto 0;
			max-width: 640px;
			height: 300px;
			position: static;
		}
	}
	.optgroup {
		display: inline-block;
		line-height: 22px;
		font-size: 10pt;
	}
	.optgroup .button {
		height: 25px;
		padding-top: 0;
		padding-bottom: 0;
	}
	.optgroup button.button {
		padding-left: 12px;
		padding-right: 12px;
	}
	.linklist {
		list-style: none;
		margin: 0.5em 0;
		padding: 0;
	}
	.linklist li {
		padding: 2px 0;
	}
	.sidebar {
		float: left;
		width: 320px;
	}
	.bar-wrapper {
		max-width: 1100px;
		margin: 0 auto;
	}
	.bar-wrapper.has-sidebar {
		max-width: 1430px;
	}
	.mainbar {
		margin: 0;
		padding-right: 1px;
	}
	.mainbar.has-sidebar {
		margin-left: 330px;
	}
	@media (min-width: 1511px) {
		.sidebar {
			width: 400px;
		}
		.bar-wrapper.has-sidebar {
			max-width: 1510px;
		}
		.mainbar.has-sidebar {
			margin-left: 410px;
		}
	}
	.section.first-section {
		margin-top: 9px;
	}
	.blocklink small {
		white-space: normal;
	}
	.button {
		vertical-align: middle;
	}
	.replay-controls {
		padding-top: 10px;
	}
	.replay-controls h1 {
		font-size: 16pt;
		font-weight: normal;
		color: #CCC;
	}
	.pagelink {
		text-align: center;
	}
	.pagelink a {
		width: 150px;
	}
	.textbox, .button {
		font-size: 11pt;
		vertical-align: middle;
	}
	@media (max-width: 450px) {
		.button {
			font-size: 9pt;
		}
	}
</style>

<div>

	<header>
		<div class="nav-wrapper"><ul class="nav">
			<li><a class="button nav-first" href="//pokemonshowdown.com/"><img src="//pokemonshowdown.com/images/pokemonshowdownbeta.png" srcset="//pokemonshowdown.com/images/pokemonshowdownbeta.png 1x, //pokemonshowdown.com/images/pokemonshowdownbeta@2x.png 2x" alt="Pok&eacute;mon Showdown" width="146" height="44" /> Home</a></li>
			<li><a class="button" href="//pokemonshowdown.com/dex/">Pok&eacute;dex</a></li>
			<li><a class="button cur" href="/">Replays</a></li>
			<li><a class="button" href="//pokemonshowdown.com/ladder/">Ladder</a></li>
			<li><a class="button nav-last" href="//pokemonshowdown.com/forums/">Forum</a></li>
			<li><a class="button greenbutton nav-first nav-last" href="//play.pokemonshowdown.com/">Play</a></li>
		</ul></div>
	</header>

	<div class="main" id="main">

		<noscript><section class="section">You need to enable JavaScript to use this page; sorry!</section></noscript>

	</div>

</div>

<script defer nomodule src="//play.pokemonshowdown.com/js/lib/ps-polyfill.js"></script>
<script defer src="//play.pokemonshowdown.com/js/lib/preact.min.js"></script>

<script defer src="//play.pokemonshowdown.com/config/config.js?2bddbc15"></script>
<script defer src="//play.pokemonshowdown.com/js/lib/jquery-1.11.0.min.js"></script>
<script defer src="//play.pokemonshowdown.com/js/lib/html-sanitizer-minified.js"></script>
<script defer src="//play.pokemonshowdown.com/js/battle-sound.js"></script>
<script defer src="//play.pokemonshowdown.com/js/battledata.js?0.7209276989879541"></script>
<script defer src="//play.pokemonshowdown.com/data/pokedex-mini.js?0.6111056340867951"></script>
<script defer src="//play.pokemonshowdown.com/data/pokedex-mini-bw.js?0.3532142036491459"></script>
<script defer src="//play.pokemonshowdown.com/data/graphics.js?0.24223875632456182"></script>
<script defer src="//play.pokemonshowdown.com/data/pokedex.js?0.38839984266356864"></script>
<script defer src="//play.pokemonshowdown.com/data/moves.js?0.21866028504024015"></script>
<script defer src="//play.pokemonshowdown.com/data/abilities.js?0.2005157953846628"></script>
<script defer src="//play.pokemonshowdown.com/data/items.js?0.9894211263848525"></script>
<script defer src="//play.pokemonshowdown.com/data/teambuilder-tables.js?0.6008791140282215"></script>
<script defer src="//play.pokemonshowdown.com/js/battle-tooltips.js?0.7580118955022959"></script>
<script defer src="//play.pokemonshowdown.com/js/battle.js?0.6057722274234274"></script>

<script defer src="js/utils.js?e31f9a17"></script>
<script defer src="js/replays-battle.js?7008c182"></script>

<!-- don't scrape this data! just add .json or .log after the URL!
Full API docs: https://github.com/smogon/pokemon-showdown-client/blob/master/WEB-API.md -->
<script type="text/plain" class="log" id="replaylog-smogtours-gen3ou-803355">
|inactive|Battle timer is ON: inactive players will automatically lose when time's up.
|badge|p2|bronze|gen9uu|100-3
|uhtml|medal-msg|<div class="broadcast-blue">Curious what those medals under the avatar are? PS now has Ladder Seasons! For more information, check out the <a href="https://www.smogon.com/forums/threads/3740067/">thread on Smogon.<\/a><\/div>
|t:|1730237076
|gametype|singles
|player|p1|Gonzasaurio 50|1|
|player|p2|Hydreigon > Latias|guitarist|
|teamsize|p1|6
|teamsize|p2|6
|gen|3
|tier|[Gen 3] OU
|rule|Sleep Clause Mod: Limit one foe put to sleep
|rule|Switch Priority Clause Mod: Faster Pokémon switch first
|rule|Species Clause: Limit one of each Pokémon
|rule|OHKO Clause: OHKO moves are banned
|rule|Evasion Items Clause: Evasion items are banned
|rule|Evasion Moves Clause: Evasion moves are banned
|rule|Endless Battle Clause: Forcing endless battles is banned
|rule|HP Percentage Mod: HP is shown in percentages
|rule|One Boost Passer Clause: Limit one Baton Passer that has a way to boost its stats
|rule|Freeze Clause Mod: Limit one foe frozen
|
|t:|1730237076
|start
|switch|p1a: King Kunta|Tyranitar, F|100/100
|switch|p2a: Salamence|Salamence, F|100/100
|-ability|p2a: Salamence|Intimidate|boost
|-unboost|p1a: King Kunta|atk|1
|-weather|Sandstorm|[from] ability: Sand Stream|[of] p1a: King Kunta
|turn|1
|inactive|Gonzasaurio 50 has 270 seconds left.
|inactive|Hydreigon > Latias has 270 seconds left.
|inactive|Gonzasaurio 50 has 240 seconds left.
|inactive|Hydreigon > Latias has 240 seconds left.
|
|t:|1730237153
|switch|p2a: Skarmory|Skarmory, F|100/100
|switch|p1a: m.A.A.d city|Gengar, F|100/100
|
|-weather|Sandstorm|[upkeep]
|-damage|p1a: m.A.A.d city|95/100|[from] Sandstorm
|-heal|p1a: m.A.A.d city|100/100|[from] item: Leftovers
|upkeep
|turn|2
|
|t:|1730237162
|switch|p2a: Celebi|Celebi|100/100
|move|p1a: m.A.A.d city|Will-O-Wisp|p2a: Celebi|[miss]
|-miss|p1a: m.A.A.d city|p2a: Celebi
|
|-weather|Sandstorm|[upkeep]
|-damage|p1a: m.A.A.d city|95/100|[from] Sandstorm
|-damage|p2a: Celebi|94/100|[from] Sandstorm
|-heal|p1a: m.A.A.d city|100/100|[from] item: Leftovers
|-heal|p2a: Celebi|100/100|[from] item: Leftovers
|upkeep
|turn|3
|inactive|Hydreigon > Latias has 270 seconds left.
|
|t:|1730237197
|switch|p1a: Toni es gay|Skarmory, F|100/100
|move|p2a: Celebi|Leech Seed|p1a: Toni es gay
|-start|p1a: Toni es gay|move: Leech Seed
|
|-weather|Sandstorm|[upkeep]
|-damage|p2a: Celebi|94/100|[from] Sandstorm
|-heal|p2a: Celebi|100/100|[from] item: Leftovers
|-damage|p1a: Toni es gay|88/100|[from] Leech Seed|[of] p2a: Celebi
|upkeep
|turn|4
|
|t:|1730237201
|switch|p2a: Magneton|Magneton|100/100
|move|p1a: Toni es gay|Spikes|p2a: Magneton
|-sidestart|p2: Hydreigon > Latias|Spikes
|
|-weather|Sandstorm|[upkeep]
|-heal|p1a: Toni es gay|94/100|[from] item: Leftovers
|-damage|p1a: Toni es gay|82/100|[from] Leech Seed|[of] p2a: Magneton
|upkeep
|turn|5
|
|t:|1730237205
|move|p2a: Magneton|Thunderbolt|p1a: Toni es gay
|-supereffective|p1a: Toni es gay
|-crit|p1a: Toni es gay
|-damage|p1a: Toni es gay|0 fnt
|faint|p1a: Toni es gay
|
|t:|1730237217
|switch|p1a: Poetic Justice|Charizard, M|100/100
|
|-weather|Sandstorm|[upkeep]
|-damage|p1a: Poetic Justice|94/100|[from] Sandstorm
|-heal|p1a: Poetic Justice|100/100|[from] item: Leftovers
|upkeep
|turn|6
|
|t:|1730237221
|switch|p2a: Milotic|Milotic, F|100/100
|-damage|p2a: Milotic|88/100|[from] Spikes
|move|p1a: Poetic Justice|Fire Blast|p2a: Milotic
|-resisted|p2a: Milotic
|-damage|p2a: Milotic|65/100
|
|-weather|Sandstorm|[upkeep]
|-damage|p1a: Poetic Justice|94/100|[from] Sandstorm
|-damage|p2a: Milotic|59/100|[from] Sandstorm
|-heal|p1a: Poetic Justice|100/100|[from] item: Leftovers
|-heal|p2a: Milotic|65/100|[from] item: Leftovers
|upkeep
|turn|7
|
|t:|1730237230
|switch|p1a: good kid|Blissey, F|100/100
|move|p2a: Milotic|Recover|p2a: Milotic
|-heal|p2a: Milotic|100/100
|
|-weather|Sandstorm|[upkeep]
|-damage|p2a: Milotic|94/100|[from] Sandstorm
|-damage|p1a: good kid|94/100|[from] Sandstorm
|-heal|p2a: Milotic|100/100|[from] item: Leftovers
|-heal|p1a: good kid|100/100|[from] item: Leftovers
|upkeep
|turn|8
|
|t:|1730237243
|switch|p2a: Metagross|Metagross|100/100
|-damage|p2a: Metagross|88/100|[from] Spikes
|move|p1a: good kid|Toxic|p2a: Metagross
|-immune|p2a: Metagross
|
|-weather|Sandstorm|[upkeep]
|-damage|p1a: good kid|94/100|[from] Sandstorm
|-heal|p2a: Metagross|94/100|[from] item: Leftovers
|-heal|p1a: good kid|100/100|[from] item: Leftovers
|upkeep
|turn|9
|
|t:|1730237249
|switch|p1a: Swimming Pools|Swampert, F|100/100
|move|p2a: Metagross|Meteor Mash|p1a: Swimming Pools
|-resisted|p1a: Swimming Pools
|-damage|p1a: Swimming Pools|80/100
|
|-weather|Sandstorm|[upkeep]
|-heal|p2a: Metagross|99/100|[from] item: Leftovers
|-heal|p1a: Swimming Pools|87/100|[from] item: Leftovers
|upkeep
|turn|10
|
|t:|1730237259
|switch|p2a: Celebi|Celebi|100/100
|-damage|p2a: Celebi|88/100|[from] Spikes
|move|p1a: Swimming Pools|Ice Beam|p2a: Celebi
|-supereffective|p2a: Celebi
|-damage|p2a: Celebi|55/100
|
|-weather|Sandstorm|[upkeep]
|-damage|p2a: Celebi|49/100|[from] Sandstorm
|-heal|p2a: Celebi|55/100|[from] item: Leftovers
|-heal|p1a: Swimming Pools|93/100|[from] item: Leftovers
|upkeep
|turn|11
|
|t:|1730237263
|move|p1a: Swimming Pools|Protect|p1a: Swimming Pools
|-singleturn|p1a: Swimming Pools|Protect
|move|p2a: Celebi|Leech Seed|p1a: Swimming Pools
|-activate|p1a: Swimming Pools|Protect
|
|-weather|Sandstorm|[upkeep]
|-damage|p2a: Celebi|49/100|[from] Sandstorm
|-heal|p2a: Celebi|55/100|[from] item: Leftovers
|-heal|p1a: Swimming Pools|99/100|[from] item: Leftovers
|upkeep
|turn|12
|
|t:|1730237269
|move|p2a: Celebi|Leech Seed|p1a: Swimming Pools
|-start|p1a: Swimming Pools|move: Leech Seed
|move|p1a: Swimming Pools|Ice Beam|p2a: Celebi
|-supereffective|p2a: Celebi
|-damage|p2a: Celebi|22/100
|
|-weather|Sandstorm|[upkeep]
|-damage|p2a: Celebi|16/100|[from] Sandstorm
|-heal|p2a: Celebi|22/100|[from] item: Leftovers
|-heal|p1a: Swimming Pools|100/100|[from] item: Leftovers
|-damage|p1a: Swimming Pools|88/100|[from] Leech Seed|[of] p2a: Celebi
|-heal|p2a: Celebi|35/100|[silent]
|upkeep
|turn|13
|
|t:|1730237273
|switch|p1a: Poetic Justice|Charizard, M|100/100
|move|p2a: Celebi|Recover|p2a: Celebi
|-heal|p2a: Celebi|85/100
|
|-weather|Sandstorm|[upkeep]
|-damage|p1a: Poetic Justice|94/100|[from] Sandstorm
|-damage|p2a: Celebi|78/100|[from] Sandstorm
|-heal|p1a: Poetic Justice|100/100|[from] item: Leftovers
|-heal|p2a: Celebi|85/100|[from] item: Leftovers
|upkeep
|turn|14
|
|t:|1730237282
|switch|p2a: Milotic|Milotic, F|100/100
|-damage|p2a: Milotic|88/100|[from] Spikes
|move|p1a: Poetic Justice|Hidden Power|p2a: Milotic
|-supereffective|p2a: Milotic
|-damage|p2a: Milotic|55/100
|
|-weather|Sandstorm|[upkeep]
|-damage|p1a: Poetic Justice|94/100|[from] Sandstorm
|-damage|p2a: Milotic|49/100|[from] Sandstorm
|-heal|p1a: Poetic Justice|100/100|[from] item: Leftovers
|-heal|p2a: Milotic|55/100|[from] item: Leftovers
|upkeep
|turn|15
|
|t:|1730237292
|switch|p1a: m.A.A.d city|Gengar, F|100/100
|move|p2a: Milotic|Recover|p2a: Milotic
|-heal|p2a: Milotic|100/100
|
|-weather|Sandstorm|[upkeep]
|-damage|p1a: m.A.A.d city|95/100|[from] Sandstorm
|-damage|p2a: Milotic|94/100|[from] Sandstorm
|-heal|p1a: m.A.A.d city|100/100|[from] item: Leftovers
|-heal|p2a: Milotic|100/100|[from] item: Leftovers
|upkeep
|turn|16
|
|t:|1730237294
|move|p1a: m.A.A.d city|Will-O-Wisp|p2a: Milotic
|-status|p2a: Milotic|brn
|move|p2a: Milotic|Surf|p1a: m.A.A.d city
|-crit|p1a: m.A.A.d city
|-damage|p1a: m.A.A.d city|27/100
|
|-weather|Sandstorm|[upkeep]
|-damage|p1a: m.A.A.d city|21/100|[from] Sandstorm
|-damage|p2a: Milotic|94/100 brn|[from] Sandstorm
|-heal|p1a: m.A.A.d city|27/100|[from] item: Leftovers
|-heal|p2a: Milotic|100/100 brn|[from] item: Leftovers
|-damage|p2a: Milotic|88/100 brn|[from] brn
|upkeep
|turn|17
|
|t:|1730237304
|switch|p1a: good kid|Blissey, F|100/100
|move|p2a: Milotic|Refresh|p2a: Milotic
|-curestatus|p2a: Milotic|brn|[msg]
|
|-weather|Sandstorm|[upkeep]
|-damage|p2a: Milotic|82/100|[from] Sandstorm
|-damage|p1a: good kid|94/100|[from] Sandstorm
|-heal|p2a: Milotic|88/100|[from] item: Leftovers
|-heal|p1a: good kid|100/100|[from] item: Leftovers
|upkeep
|turn|18
|
|t:|1730237308
|move|p2a: Milotic|Surf|p1a: good kid
|-damage|p1a: good kid|86/100
|move|p1a: good kid|Fire Blast|p2a: Milotic
|-resisted|p2a: Milotic
|-damage|p2a: Milotic|77/100
|
|-weather|Sandstorm|[upkeep]
|-damage|p2a: Milotic|71/100|[from] Sandstorm
|-damage|p1a: good kid|80/100|[from] Sandstorm
|-heal|p2a: Milotic|77/100|[from] item: Leftovers
|-heal|p1a: good kid|86/100|[from] item: Leftovers
|upkeep
|turn|19
|
|t:|1730237313
|move|p2a: Milotic|Surf|p1a: good kid
|-damage|p1a: good kid|72/100
|move|p1a: good kid|Ice Beam|p2a: Milotic
|-resisted|p2a: Milotic
|-damage|p2a: Milotic|68/100
|-status|p2a: Milotic|frz
|
|-weather|Sandstorm|[upkeep]
|-damage|p2a: Milotic|62/100 frz|[from] Sandstorm
|-damage|p1a: good kid|66/100|[from] Sandstorm
|-heal|p2a: Milotic|68/100 frz|[from] item: Leftovers
|-heal|p1a: good kid|72/100|[from] item: Leftovers
|upkeep
|turn|20
|
|t:|1730237322
|switch|p1a: Poetic Justice|Charizard, M|100/100
|cant|p2a: Milotic|frz
|
|-weather|Sandstorm|[upkeep]
|-damage|p1a: Poetic Justice|94/100|[from] Sandstorm
|-damage|p2a: Milotic|62/100 frz|[from] Sandstorm
|-heal|p1a: Poetic Justice|100/100|[from] item: Leftovers
|-heal|p2a: Milotic|68/100 frz|[from] item: Leftovers
|upkeep
|turn|21
|
|t:|1730237332
|switch|p2a: Salamence|Salamence, F|100/100
|-ability|p2a: Salamence|Intimidate|boost
|-unboost|p1a: Poetic Justice|atk|1
|move|p1a: Poetic Justice|Hidden Power|p2a: Salamence
|-resisted|p2a: Salamence
|-damage|p2a: Salamence|94/100
|
|-weather|Sandstorm|[upkeep]
|-damage|p1a: Poetic Justice|94/100|[from] Sandstorm
|-damage|p2a: Salamence|88/100|[from] Sandstorm
|-heal|p1a: Poetic Justice|100/100|[from] item: Leftovers
|-heal|p2a: Salamence|94/100|[from] item: Leftovers
|upkeep
|turn|22
|
|t:|1730237347
|switch|p1a: Swimming Pools|Swampert, F|88/100
|move|p2a: Salamence|Rock Slide|p1a: Swimming Pools
|-resisted|p1a: Swimming Pools
|-damage|p1a: Swimming Pools|78/100
|
|-weather|Sandstorm|[upkeep]
|-damage|p2a: Salamence|88/100|[from] Sandstorm
|-heal|p2a: Salamence|94/100|[from] item: Leftovers
|-heal|p1a: Swimming Pools|84/100|[from] item: Leftovers
|upkeep
|turn|23
|
|t:|1730237354
|switch|p2a: Milotic|Milotic, F|68/100 frz
|-damage|p2a: Milotic|56/100 frz|[from] Spikes
|move|p1a: Swimming Pools|Ice Beam|p2a: Milotic
|-resisted|p2a: Milotic
|-damage|p2a: Milotic|48/100 frz
|
|-weather|Sandstorm|[upkeep]
|-damage|p2a: Milotic|42/100 frz|[from] Sandstorm
|-heal|p2a: Milotic|48/100 frz|[from] item: Leftovers
|-heal|p1a: Swimming Pools|90/100|[from] item: Leftovers
|upkeep
|turn|24
|
|t:|1730237356
|cant|p2a: Milotic|frz
|move|p1a: Swimming Pools|Earthquake|p2a: Milotic
|-damage|p2a: Milotic|30/100 frz
|
|-weather|Sandstorm|[upkeep]
|-damage|p2a: Milotic|24/100 frz|[from] Sandstorm
|-heal|p2a: Milotic|30/100 frz|[from] item: Leftovers
|-heal|p1a: Swimming Pools|96/100|[from] item: Leftovers
|upkeep
|turn|25
|
|t:|1730237359
|cant|p2a: Milotic|frz
|move|p1a: Swimming Pools|Earthquake|p2a: Milotic
|-damage|p2a: Milotic|13/100 frz
|
|-weather|Sandstorm|[upkeep]
|-damage|p2a: Milotic|7/100 frz|[from] Sandstorm
|-heal|p2a: Milotic|13/100 frz|[from] item: Leftovers
|-heal|p1a: Swimming Pools|100/100|[from] item: Leftovers
|upkeep
|turn|26
|
|t:|1730237361
|cant|p2a: Milotic|frz
|move|p1a: Swimming Pools|Earthquake|p2a: Milotic
|-damage|p2a: Milotic|0 fnt
|faint|p2a: Milotic
|
|t:|1730237373
|switch|p2a: Celebi|Celebi|85/100
|-damage|p2a: Celebi|72/100|[from] Spikes
|
|-weather|Sandstorm|[upkeep]
|-damage|p2a: Celebi|66/100|[from] Sandstorm
|-heal|p2a: Celebi|72/100|[from] item: Leftovers
|upkeep
|turn|27
|
|t:|1730237376
|move|p2a: Celebi|Hidden Power|p1a: Swimming Pools
|-supereffective|p1a: Swimming Pools
|-damage|p1a: Swimming Pools|8/100
|move|p1a: Swimming Pools|Ice Beam|p2a: Celebi
|-supereffective|p2a: Celebi
|-damage|p2a: Celebi|38/100
|
|-weather|Sandstorm|[upkeep]
|-damage|p2a: Celebi|31/100|[from] Sandstorm
|-heal|p2a: Celebi|38/100|[from] item: Leftovers
|-heal|p1a: Swimming Pools|14/100|[from] item: Leftovers
|upkeep
|turn|28
|
|t:|1730237382
|move|p1a: Swimming Pools|Protect|p1a: Swimming Pools
|-singleturn|p1a: Swimming Pools|Protect
|move|p2a: Celebi|Leech Seed|p1a: Swimming Pools
|-activate|p1a: Swimming Pools|Protect
|
|-weather|Sandstorm|[upkeep]
|-damage|p2a: Celebi|31/100|[from] Sandstorm
|-heal|p2a: Celebi|38/100|[from] item: Leftovers
|-heal|p1a: Swimming Pools|20/100|[from] item: Leftovers
|upkeep
|turn|29
|
|t:|1730237387
|move|p2a: Celebi|Leech Seed|p1a: Swimming Pools
|-start|p1a: Swimming Pools|move: Leech Seed
|move|p1a: Swimming Pools|Ice Beam|p2a: Celebi
|-supereffective|p2a: Celebi
|-damage|p2a: Celebi|3/100
|
|-weather|Sandstorm|[upkeep]
|-damage|p2a: Celebi|0 fnt|[from] Sandstorm
|faint|p2a: Celebi
|-heal|p1a: Swimming Pools|26/100|[from] item: Leftovers
|upkeep
|
|t:|1730237401
|switch|p2a: Skarmory|Skarmory, F|100/100
|turn|30
|
|t:|1730237403
|move|p2a: Skarmory|Spikes|p1a: Swimming Pools
|-sidestart|p1: Gonzasaurio 50|Spikes
|move|p1a: Swimming Pools|Hydro Pump|p2a: Skarmory
|-damage|p2a: Skarmory|46/100
|
|-weather|Sandstorm|[upkeep]
|-heal|p2a: Skarmory|52/100|[from] item: Leftovers
|-heal|p1a: Swimming Pools|33/100|[from] item: Leftovers
|-damage|p1a: Swimming Pools|20/100|[from] Leech Seed|[of] p2a: Skarmory
|-heal|p2a: Skarmory|67/100|[silent]
|upkeep
|turn|31
|
|t:|1730237409
|move|p2a: Skarmory|Spikes|p1a: Swimming Pools
|-sidestart|p1: Gonzasaurio 50|Spikes
|move|p1a: Swimming Pools|Hydro Pump|p2a: Skarmory
|-damage|p2a: Skarmory|16/100
|
|-weather|Sandstorm|[upkeep]
|-heal|p2a: Skarmory|22/100|[from] item: Leftovers
|-heal|p1a: Swimming Pools|26/100|[from] item: Leftovers
|-damage|p1a: Swimming Pools|14/100|[from] Leech Seed|[of] p2a: Skarmory
|-heal|p2a: Skarmory|37/100|[silent]
|upkeep
|turn|32
|
|t:|1730237412
|move|p2a: Skarmory|Protect|p2a: Skarmory
|-singleturn|p2a: Skarmory|Protect
|move|p1a: Swimming Pools|Hydro Pump|p2a: Skarmory
|-activate|p2a: Skarmory|Protect
|
|-weather|Sandstorm|[upkeep]
|-heal|p2a: Skarmory|43/100|[from] item: Leftovers
|-heal|p1a: Swimming Pools|20/100|[from] item: Leftovers
|-damage|p1a: Swimming Pools|8/100|[from] Leech Seed|[of] p2a: Skarmory
|-heal|p2a: Skarmory|58/100|[silent]
|upkeep
|turn|33
|
|t:|1730237416
|move|p2a: Skarmory|Spikes|p1a: Swimming Pools
|-sidestart|p1: Gonzasaurio 50|Spikes
|move|p1a: Swimming Pools|Hydro Pump|p2a: Skarmory
|-damage|p2a: Skarmory|3/100
|
|-weather|Sandstorm|[upkeep]
|-heal|p2a: Skarmory|9/100|[from] item: Leftovers
|-heal|p1a: Swimming Pools|14/100|[from] item: Leftovers
|-damage|p1a: Swimming Pools|1/100|[from] Leech Seed|[of] p2a: Skarmory
|-heal|p2a: Skarmory|24/100|[silent]
|upkeep
|turn|34
|
|t:|1730237422
|move|p2a: Skarmory|Protect|p2a: Skarmory
|-singleturn|p2a: Skarmory|Protect
|move|p1a: Swimming Pools|Hydro Pump|p2a: Skarmory
|-activate|p2a: Skarmory|Protect
|
|-weather|Sandstorm|[upkeep]
|-heal|p2a: Skarmory|30/100|[from] item: Leftovers
|-heal|p1a: Swimming Pools|8/100|[from] item: Leftovers
|-damage|p1a: Swimming Pools|0 fnt|[from] Leech Seed|[of] p2a: Skarmory
|-heal|p2a: Skarmory|39/100|[silent]
|faint|p1a: Swimming Pools
|upkeep
|
|t:|1730237433
|switch|p1a: Poetic Justice|Charizard, M|100/100
|turn|35
|
|t:|1730237443
|move|p1a: Poetic Justice|Fire Blast|p2a: Skarmory
|-supereffective|p2a: Skarmory
|-damage|p2a: Skarmory|0 fnt
|faint|p2a: Skarmory
|
|t:|1730237445
|switch|p2a: Salamence|Salamence, F|94/100
|-ability|p2a: Salamence|Intimidate|boost
|-unboost|p1a: Poetic Justice|atk|1
|
|-weather|Sandstorm|[upkeep]
|-damage|p1a: Poetic Justice|94/100|[from] Sandstorm
|-damage|p2a: Salamence|88/100|[from] Sandstorm
|-heal|p1a: Poetic Justice|100/100|[from] item: Leftovers
|-heal|p2a: Salamence|94/100|[from] item: Leftovers
|upkeep
|turn|36
|
|t:|1730237449
|move|p1a: Poetic Justice|Substitute|p1a: Poetic Justice
|-start|p1a: Poetic Justice|Substitute
|-damage|p1a: Poetic Justice|76/100
|move|p2a: Salamence|Dragon Dance|p2a: Salamence
|-boost|p2a: Salamence|atk|1
|-boost|p2a: Salamence|spe|1
|
|-weather|Sandstorm|[upkeep]
|-damage|p2a: Salamence|88/100|[from] Sandstorm
|-damage|p1a: Poetic Justice|70/100|[from] Sandstorm
|-heal|p2a: Salamence|94/100|[from] item: Leftovers
|-heal|p1a: Poetic Justice|76/100|[from] item: Leftovers
|upkeep
|turn|37
|
|t:|1730237451
|move|p2a: Salamence|Hidden Power|p1a: Poetic Justice
|-end|p1a: Poetic Justice|Substitute
|move|p1a: Poetic Justice|Fire Blast|p2a: Salamence
|-resisted|p2a: Salamence
|-damage|p2a: Salamence|58/100
|
|-weather|Sandstorm|[upkeep]
|-damage|p2a: Salamence|52/100|[from] Sandstorm
|-damage|p1a: Poetic Justice|70/100|[from] Sandstorm
|-heal|p2a: Salamence|58/100|[from] item: Leftovers
|-heal|p1a: Poetic Justice|76/100|[from] item: Leftovers
|upkeep
|turn|38
|
|t:|1730237474
|move|p2a: Salamence|Rock Slide|p1a: Poetic Justice
|-supereffective|p1a: Poetic Justice
|-damage|p1a: Poetic Justice|0 fnt
|faint|p1a: Poetic Justice
|
|t:|1730237475
|switch|p1a: good kid|Blissey, F|72/100
|-damage|p1a: good kid|47/100|[from] Spikes
|
|-weather|Sandstorm|[upkeep]
|-damage|p2a: Salamence|52/100|[from] Sandstorm
|-damage|p1a: good kid|41/100|[from] Sandstorm
|-heal|p2a: Salamence|58/100|[from] item: Leftovers
|-heal|p1a: good kid|47/100|[from] item: Leftovers
|upkeep
|turn|39
|
|t:|1730237477
|move|p2a: Salamence|Hidden Power|p1a: good kid
|-damage|p1a: good kid|0 fnt
|faint|p1a: good kid
|
|t:|1730237481
|switch|p1a: m.A.A.d city|Gengar, F|27/100
|
|-weather|Sandstorm|[upkeep]
|-damage|p2a: Salamence|52/100|[from] Sandstorm
|-damage|p1a: m.A.A.d city|21/100|[from] Sandstorm
|-heal|p2a: Salamence|58/100|[from] item: Leftovers
|-heal|p1a: m.A.A.d city|27/100|[from] item: Leftovers
|upkeep
|turn|40
|
|t:|1730237483
|move|p2a: Salamence|Hidden Power|p1a: m.A.A.d city
|-damage|p1a: m.A.A.d city|0 fnt
|faint|p1a: m.A.A.d city
|
|t:|1730237485
|switch|p1a: King Kunta|Tyranitar, F|100/100
|-damage|p1a: King Kunta|76/100|[from] Spikes
|
|-weather|Sandstorm|[upkeep]
|-damage|p2a: Salamence|52/100|[from] Sandstorm
|-heal|p2a: Salamence|58/100|[from] item: Leftovers
|-heal|p1a: King Kunta|82/100|[from] item: Leftovers
|upkeep
|turn|41
|
|t:|1730237487
|move|p2a: Salamence|Earthquake|p1a: King Kunta
|-supereffective|p1a: King Kunta
|-damage|p1a: King Kunta|0 fnt
|faint|p1a: King Kunta
|
|win|Hydreigon > Latias
|c|☆Gonzasaurio 50|gg
|player|p1|

</script>
<script type="application/json" class="data" id="replaydata-smogtours-gen3ou-803355">
{"id":"smogtours-gen3ou-803355","format":"[Gen 3] OU","players":["Gonzasaurio 50","Hydreigon > Latias"],"uploadtime":1730237487,"views":59,"formatid":"gen3ou","rating":null,"private":1,"password":null}
</script>

<script defer src="js/replays.js?9d40a366"></script>
