<!DOCTYPE html>
<meta charset="utf-8" />
<meta name="viewport" content="width=device-width" />

<title>[Gen 3] OU: Vholtninja vs. DanteADV - Replays - Pok&eacute;mon Showdown!</title>

<meta name="description" content="Watch a replay of a Pok&eacute;mon battle between Vholtninja and DanteADV! Format: [Gen 3] OU; Date: Oct 23, 2024" />
<!--

Hey, you! Looking in the source for the replay log?

You can find them in JSON format, just add `.json` at the end of a replay URL.

https://replay.pokemonshowdown.com/gen7randomdoublesbattle-865046831.json

Or, if you only need the log itself, add `.log` instead:

https://replay.pokemonshowdown.com/gen7randomdoublesbattle-865046831.log

-->

<link rel="stylesheet" href="//pokemonshowdown.com/style/global.css?0.767286132409787" />
<link rel="stylesheet" href="//play.pokemonshowdown.com/style/font-awesome.css?0.9266228007934947" />
<link rel="stylesheet" href="//play.pokemonshowdown.com/style/battle.css?0.7924700842790926" />
<link rel="stylesheet" href="//play.pokemonshowdown.com/style/utilichart.css?0.8777417872839479" />

<!-- Global site tag (gtag.js) - Google Analytics -->
<script async src="https://www.googletagmanager.com/gtag/js?id=UA-26211653-1"></script>
<script>
  window.dataLayer = window.dataLayer || [];
  function gtag(){dataLayer.push(arguments);}
  gtag('js', new Date());

  gtag('config', 'UA-26211653-1');
</script>
<!-- End Google Analytics -->
<!-- Venatus Ad Manager - Install in <HEAD> of page -->
	<script src="https://hb.vntsm.com/v3/live/ad-manager.min.js" type="text/javascript" data-site-id="642aba63ec9a7b11c3c9c1be" data-mode="scan" async></script>
<!-- / Venatus Ad Manager -->

<style>
	@media (max-width:820px) {
		.battle {
			margin: 0 auto;
		}
		.battle-log {
			margin: 7px auto 0;
			max-width: 640px;
			height: 300px;
			position: static;
		}
	}
	.optgroup {
		display: inline-block;
		line-height: 22px;
		font-size: 10pt;
	}
	.optgroup .button {
		height: 25px;
		padding-top: 0;
		padding-bottom: 0;
	}
	.optgroup button.button {
		padding-left: 12px;
		padding-right: 12px;
	}
	.linklist {
		list-style: none;
		margin: 0.5em 0;
		padding: 0;
	}
	.linklist li {
		padding: 2px 0;
	}
	.sidebar {
		float: left;
		width: 320px;
	}
	.bar-wrapper {
		max-width: 1100px;
		margin: 0 auto;
	}
	.bar-wrapper.has-sidebar {
		max-width: 1430px;
	}
	.mainbar {
		margin: 0;
		padding-right: 1px;
	}
	.mainbar.has-sidebar {
		margin-left: 330px;
	}
	@media (min-width: 1511px) {
		.sidebar {
			width: 400px;
		}
		.bar-wrapper.has-sidebar {
			max-width: 1510px;
		}
		.mainbar.has-sidebar {
			margin-left: 410px;
		}
	}
	.section.first-section {
		margin-top: 9px;
	}
	.blocklink small {
		white-space: normal;
	}
	.button {
		vertical-align: middle;
	}
	.replay-controls {
		padding-top: 10px;
	}
	.replay-controls h1 {
		font-size: 16pt;
		font-weight: normal;
		color: #CCC;
	}
	.pagelink {
		text-align: center;
	}
	.pagelink a {
		width: 150px;
	}
	.textbox, .button {
		font-size: 11pt;
		vertical-align: middle;
	}
	@media (max-width: 450px) {
		.button {
			font-size: 9pt;
		}
	}
</style>

<div>

	<header>
		<div class="nav-wrapper"><ul class="nav">
			<li><a class="button nav-first" href="//pokemonshowdown.com/"><img src="//pokemonshowdown.com/images/pokemonshowdownbeta.png" srcset="//pokemonshowdown.com/images/pokemonshowdownbeta.png 1x, //pokemonshowdown.com/images/pokemonshowdownbeta@2x.png 2x" alt="Pok&eacute;mon Showdown" width="146" height="44" /> Home</a></li>
			<li><a class="button" href="//pokemonshowdown.com/dex/">Pok&eacute;dex</a></li>
			<li><a class="button cur" href="/">Replays</a></li>
			<li><a class="button" href="//pokemonshowdown.com/ladder/">Ladder</a></li>
			<li><a class="button nav-last" href="//pokemonshowdown.com/forums/">Forum</a></li>
			<li><a class="button greenbutton nav-first nav-last" href="//play.pokemonshowdown.com/">Play</a></li>
		</ul></div>
	</header>

	<div class="main" id="main">

		<noscript><section class="section">You need to enable JavaScript to use this page; sorry!</section></noscript>

	</div>

</div>

<script defer nomodule src="//play.pokemonshowdown.com/js/lib/ps-polyfill.js"></script>
<script defer src="//play.pokemonshowdown.com/js/lib/preact.min.js"></script>

<script defer src="//play.pokemonshowdown.com/config/config.js?6dec07f6"></script>
<script defer src="//play.pokemonshowdown.com/js/lib/jquery-1.11.0.min.js"></script>
<script defer src="//play.pokemonshowdown.com/js/lib/html-sanitizer-minified.js"></script>
<script defer src="//play.pokemonshowdown.com/js/battle-sound.js"></script>
<script defer src="//play.pokemonshowdown.com/js/battledata.js?0.6315294753075389"></script>
<script defer src="//play.pokemonshowdown.com/data/pokedex-mini.js?0.7603743185311358"></script>
<script defer src="//play.pokemonshowdown.com/data/pokedex-mini-bw.js?0.030888842834281283"></script>
<script defer src="//play.pokemonshowdown.com/data/graphics.js?0.05593094747507488"></script>
<script defer src="//play.pokemonshowdown.com/data/pokedex.js?0.47064822249611904"></script>
<script defer src="//play.pokemonshowdown.com/data/moves.js?0.8583693120512459"></script>
<script defer src="//play.pokemonshowdown.com/data/abilities.js?0.16017181182386842"></script>
<script defer src="//play.pokemonshowdown.com/data/items.js?0.4163379185673943"></script>
<script defer src="//play.pokemonshowdown.com/data/teambuilder-tables.js?0.31075597372830477"></script>
<script defer src="//play.pokemonshowdown.com/js/battle-tooltips.js?0.6536193500708172"></script>
<script defer src="//play.pokemonshowdown.com/js/battle.js?0.1916591943277901"></script>

<script defer src="js/utils.js?e31f9a17"></script>
<script defer src="js/replays-battle.js?7008c182"></script>

<!-- don't scrape this data! just add .json or .log after the URL!
Full API docs: https://github.com/smogon/pokemon-showdown-client/blob/master/WEB-API.md -->
<script type="text/plain" class="log" id="replaylog-smogtours-gen3ou-801357">
|inactive|Battle timer is ON: inactive players will automatically lose when time's up.
|t:|1729685183
|gametype|singles
|player|p1|Vholtninja|2|
|player|p2|DanteADV|fisherman-gen4|
|teamsize|p1|6
|teamsize|p2|6
|gen|3
|tier|[Gen 3] OU
|rule|Sleep Clause Mod: Limit one foe put to sleep
|rule|Switch Priority Clause Mod: Faster Pokémon switch first
|rule|Species Clause: Limit one of each Pokémon
|rule|OHKO Clause: OHKO moves are banned
|rule|Evasion Items Clause: Evasion items are banned
|rule|Evasion Moves Clause: Evasion moves are banned
|rule|Endless Battle Clause: Forcing endless battles is banned
|rule|HP Percentage Mod: HP is shown in percentages
|rule|One Boost Passer Clause: Limit one Baton Passer that has a way to boost its stats
|rule|Freeze Clause Mod: Limit one foe frozen
|
|t:|1729685183
|start
|switch|p1a: Dugtrio|Dugtrio, M|100/100
|switch|p2a: on that time|Zapdos|100/100
|turn|1
|
|t:|1729685199
|switch|p2a: magnolia|Forretress, M|100/100
|move|p1a: Dugtrio|Rock Slide|p2a: magnolia
|-crit|p2a: magnolia
|-damage|p2a: magnolia|59/100
|
|-heal|p2a: magnolia|65/100|[from] item: Leftovers
|upkeep
|turn|2
|
|t:|1729685210
|switch|p1a: Charizard|Charizard, F|100/100
|move|p2a: magnolia|Spikes|p1a: Charizard
|-sidestart|p1: Vholtninja|Spikes
|
|-heal|p2a: magnolia|71/100|[from] item: Leftovers
|upkeep
|turn|3
|
|t:|1729685223
|switch|p2a: on that time|Zapdos|100/100
|move|p1a: Charizard|Toxic|p2a: on that time
|-status|p2a: on that time|tox
|
|-damage|p2a: on that time|94/100 tox|[from] psn
|upkeep
|turn|4
|
|t:|1729685238
|switch|p1a: Tyranitar|Tyranitar, F|100/100
|-damage|p1a: Tyranitar|88/100|[from] Spikes
|-weather|Sandstorm|[from] ability: Sand Stream|[of] p1a: Tyranitar
|move|p2a: on that time|Roar|p1a: Tyranitar
|drag|p1a: Metagross|Metagross|100/100
|-damage|p1a: Metagross|88/100|[from] Spikes
|
|-weather|Sandstorm|[upkeep]
|-damage|p2a: on that time|88/100 tox|[from] Sandstorm
|-heal|p2a: on that time|94/100 tox|[from] item: Leftovers
|-damage|p2a: on that time|82/100 tox|[from] psn
|-heal|p1a: Metagross|94/100|[from] item: Leftovers
|upkeep
|turn|5
|inactive|DanteADV has 270 seconds left.
|
|t:|1729685270
|switch|p2a: location|Swampert, F|100/100
|move|p1a: Metagross|Psychic|p2a: location
|-damage|p2a: location|64/100
|
|-weather|Sandstorm|[upkeep]
|-heal|p1a: Metagross|99/100|[from] item: Leftovers
|-heal|p2a: location|70/100|[from] item: Leftovers
|upkeep
|turn|6
|inactive|Vholtninja has 270 seconds left.
|
|t:|1729685300
|switch|p1a: Suicune|Suicune|100/100
|-damage|p1a: Suicune|88/100|[from] Spikes
|move|p2a: location|Protect||[still]
|-fail|p2a: location
|
|-weather|Sandstorm|[upkeep]
|-damage|p1a: Suicune|82/100|[from] Sandstorm
|-heal|p1a: Suicune|88/100|[from] item: Leftovers
|-heal|p2a: location|76/100|[from] item: Leftovers
|upkeep
|turn|7
|inactive|Vholtninja has 270 seconds left.
|inactive|DanteADV has 270 seconds left.
|
|t:|1729685333
|switch|p2a: on that time|Zapdos|82/100 tox
|move|p1a: Suicune|Calm Mind|p1a: Suicune
|-boost|p1a: Suicune|spa|1
|-boost|p1a: Suicune|spd|1
|
|-weather|Sandstorm|[upkeep]
|-damage|p1a: Suicune|82/100|[from] Sandstorm
|-damage|p2a: on that time|75/100 tox|[from] Sandstorm
|-heal|p1a: Suicune|88/100|[from] item: Leftovers
|-heal|p2a: on that time|82/100 tox|[from] item: Leftovers
|-damage|p2a: on that time|75/100 tox|[from] psn
|upkeep
|turn|8
|inactive|DanteADV has 270 seconds left.
|
|t:|1729685360
|move|p1a: Suicune|Ice Beam|p2a: on that time
|-supereffective|p2a: on that time
|-damage|p2a: on that time|15/100 tox
|move|p2a: on that time|Roar|p1a: Suicune
|drag|p1a: Heracross|Heracross, F|100/100
|-damage|p1a: Heracross|88/100|[from] Spikes
|
|-weather|Sandstorm|[upkeep]
|-damage|p1a: Heracross|82/100|[from] Sandstorm
|-damage|p2a: on that time|9/100 tox|[from] Sandstorm
|-heal|p2a: on that time|15/100 tox|[from] item: Leftovers
|-damage|p2a: on that time|3/100 tox|[from] psn
|upkeep
|turn|9
|
|t:|1729685384
|switch|p2a: yah mean|Salamence, F|100/100
|-ability|p2a: yah mean|Intimidate|boost
|-unboost|p1a: Heracross|atk|1
|move|p1a: Heracross|Brick Break|p2a: yah mean
|-resisted|p2a: yah mean
|-damage|p2a: yah mean|77/100
|
|-weather|Sandstorm|[upkeep]
|-damage|p2a: yah mean|71/100|[from] Sandstorm
|-damage|p1a: Heracross|76/100|[from] Sandstorm
|-heal|p2a: yah mean|77/100|[from] item: Leftovers
|upkeep
|turn|10
|inactive|Vholtninja has 240 seconds left.
|inactive|DanteADV has 240 seconds left.
|inactive|DanteADV has 210 seconds left.
|
|t:|1729685430
|switch|p2a: magnolia|Forretress, M|71/100
|switch|p1a: Tyranitar|Tyranitar, F|88/100
|-damage|p1a: Tyranitar|76/100|[from] Spikes
|
|-weather|Sandstorm|[upkeep]
|-heal|p1a: Tyranitar|82/100|[from] item: Leftovers
|-heal|p2a: magnolia|77/100|[from] item: Leftovers
|upkeep
|turn|11
|inactive|Vholtninja has 240 seconds left.
|inactive|DanteADV has 210 seconds left.
|
|t:|1729685449
|switch|p1a: Charizard|Charizard, F|100/100
|move|p2a: magnolia|Spikes|p1a: Charizard
|-sidestart|p1: Vholtninja|Spikes
|
|-weather|Sandstorm|[upkeep]
|-damage|p1a: Charizard|95/100|[from] Sandstorm
|-heal|p1a: Charizard|100/100|[from] item: Leftovers
|-heal|p2a: magnolia|84/100|[from] item: Leftovers
|upkeep
|turn|12
|inactive|DanteADV has 210 seconds left.
|
|t:|1729685487
|move|p1a: Charizard|Toxic|p2a: magnolia
|-immune|p2a: magnolia
|move|p2a: magnolia|Explosion|p1a: Charizard
|-damage|p1a: Charizard|0 fnt
|faint|p2a: magnolia
|faint|p1a: Charizard
|inactive|DanteADV has 180 seconds left.
|
|t:|1729685512
|switch|p1a: Metagross|Metagross|99/100
|switch|p2a: on that time|Zapdos|3/100 tox
|-damage|p1a: Metagross|84/100|[from] Spikes
|
|-weather|Sandstorm|[upkeep]
|-damage|p2a: on that time|0 fnt|[from] Sandstorm
|faint|p2a: on that time
|-heal|p1a: Metagross|90/100|[from] item: Leftovers
|upkeep
|
|t:|1729685530
|switch|p2a: location|Swampert, F|76/100
|turn|13
|
|t:|1729685539
|move|p1a: Metagross|Explosion|p2a: location
|-damage|p2a: location|0 fnt
|faint|p1a: Metagross
|faint|p2a: location
|inactive|DanteADV has 150 seconds left.
|
|t:|1729685584
|switch|p1a: Suicune|Suicune|88/100
|switch|p2a: rockstar made|Jirachi|100/100
|-damage|p1a: Suicune|71/100|[from] Spikes
|
|-weather|Sandstorm|[upkeep]
|-damage|p1a: Suicune|65/100|[from] Sandstorm
|-heal|p1a: Suicune|71/100|[from] item: Leftovers
|upkeep
|turn|14
|inactive|Vholtninja has 240 seconds left.
|
|t:|1729685606
|move|p1a: Suicune|Calm Mind|p1a: Suicune
|-boost|p1a: Suicune|spa|1
|-boost|p1a: Suicune|spd|1
|move|p2a: rockstar made|Toxic|p1a: Suicune
|-status|p1a: Suicune|tox
|
|-weather|Sandstorm|[upkeep]
|-damage|p1a: Suicune|65/100 tox|[from] Sandstorm
|-heal|p1a: Suicune|71/100 tox|[from] item: Leftovers
|-damage|p1a: Suicune|65/100 tox|[from] psn
|upkeep
|turn|15
|
|t:|1729685628
|switch|p2a: new choppa|Tyranitar, M|100/100
|move|p1a: Suicune|Surf|p2a: new choppa
|-supereffective|p2a: new choppa
|-damage|p2a: new choppa|0 fnt
|faint|p2a: new choppa
|
|t:|1729685637
|switch|p2a: rockstar made|Jirachi|100/100
|
|-weather|Sandstorm|[upkeep]
|-damage|p1a: Suicune|59/100 tox|[from] Sandstorm
|-heal|p1a: Suicune|65/100 tox|[from] item: Leftovers
|-damage|p1a: Suicune|53/100 tox|[from] psn
|upkeep
|turn|16
|
|t:|1729685646
|switch|p1a: Tyranitar|Tyranitar, F|82/100
|-damage|p1a: Tyranitar|65/100|[from] Spikes
|move|p2a: rockstar made|Wish|p2a: rockstar made
|
|-weather|Sandstorm|[upkeep]
|-heal|p1a: Tyranitar|71/100|[from] item: Leftovers
|upkeep
|turn|17
|inactive|Vholtninja has 240 seconds left.
|
|t:|1729685655
|move|p2a: rockstar made|Toxic|p1a: Tyranitar
|-status|p1a: Tyranitar|tox
|move|p1a: Tyranitar|Dragon Dance|p1a: Tyranitar
|-boost|p1a: Tyranitar|atk|1
|-boost|p1a: Tyranitar|spe|1
|
|-weather|Sandstorm|[upkeep]
|-heal|p1a: Tyranitar|78/100 tox|[from] item: Leftovers
|-damage|p1a: Tyranitar|71/100 tox|[from] psn
|upkeep
|turn|18
|
|t:|1729685682
|move|p1a: Tyranitar|Dragon Dance|p1a: Tyranitar
|-boost|p1a: Tyranitar|atk|1
|-boost|p1a: Tyranitar|spe|1
|move|p2a: rockstar made|Wish|p2a: rockstar made
|
|-weather|Sandstorm|[upkeep]
|-heal|p1a: Tyranitar|78/100 tox|[from] item: Leftovers
|-damage|p1a: Tyranitar|65/100 tox|[from] psn
|upkeep
|turn|19
|
|t:|1729685696
|switch|p2a: yah mean|Salamence, F|77/100
|-ability|p2a: yah mean|Intimidate|boost
|-unboost|p1a: Tyranitar|atk|1
|move|p1a: Tyranitar|Rock Slide|p2a: yah mean
|-supereffective|p2a: yah mean
|-damage|p2a: yah mean|0 fnt
|faint|p2a: yah mean
|
|t:|1729685702
|switch|p2a: rockstar made|Jirachi|100/100
|
|-weather|Sandstorm|[upkeep]
|-heal|p1a: Tyranitar|71/100 tox|[from] item: Leftovers
|-damage|p1a: Tyranitar|53/100 tox|[from] psn
|upkeep
|turn|20
|
|t:|1729685712
|move|p2a: rockstar made|Protect|p2a: rockstar made
|-singleturn|p2a: rockstar made|Protect
|move|p1a: Tyranitar|Earthquake|p2a: rockstar made
|-activate|p2a: rockstar made|Protect
|
|-weather|Sandstorm|[upkeep]
|-heal|p1a: Tyranitar|59/100 tox|[from] item: Leftovers
|-damage|p1a: Tyranitar|34/100 tox|[from] psn
|upkeep
|turn|21
|
|t:|1729685720
|move|p1a: Tyranitar|Earthquake|p2a: rockstar made
|-supereffective|p2a: rockstar made
|-damage|p2a: rockstar made|14/100
|move|p2a: rockstar made|Wish|p2a: rockstar made
|
|-weather|Sandstorm|[upkeep]
|-heal|p1a: Tyranitar|40/100 tox|[from] item: Leftovers
|-damage|p1a: Tyranitar|9/100 tox|[from] psn
|-heal|p2a: rockstar made|20/100|[from] item: Leftovers
|upkeep
|turn|22
|
|t:|1729685728
|move|p2a: rockstar made|Protect|p2a: rockstar made
|-singleturn|p2a: rockstar made|Protect
|move|p1a: Tyranitar|Earthquake|p2a: rockstar made
|-activate|p2a: rockstar made|Protect
|
|-heal|p2a: rockstar made|70/100|[from] move: Wish|[wisher] rockstar made
|-weather|Sandstorm|[upkeep]
|-heal|p1a: Tyranitar|16/100 tox|[from] item: Leftovers
|-damage|p1a: Tyranitar|0 fnt|[from] psn
|faint|p1a: Tyranitar
|-heal|p2a: rockstar made|76/100|[from] item: Leftovers
|upkeep
|
|t:|1729685736
|switch|p1a: Dugtrio|Dugtrio, M|100/100
|-damage|p1a: Dugtrio|84/100|[from] Spikes
|turn|23
|inactive|Vholtninja has 270 seconds left.
|inactive|DanteADV has 150 seconds left.
|
|t:|1729685744
|move|p2a: rockstar made|Protect|p2a: rockstar made
|-singleturn|p2a: rockstar made|Protect
|move|p1a: Dugtrio|Earthquake|p2a: rockstar made
|-activate|p2a: rockstar made|Protect
|
|-weather|Sandstorm|[upkeep]
|-heal|p2a: rockstar made|82/100|[from] item: Leftovers
|upkeep
|turn|24
|
|t:|1729685754
|move|p2a: rockstar made|Protect||[still]
|-fail|p2a: rockstar made
|move|p1a: Dugtrio|Earthquake|p2a: rockstar made
|-supereffective|p2a: rockstar made
|-damage|p2a: rockstar made|0 fnt
|faint|p2a: rockstar made
|
|win|Vholtninja
|c|☆DanteADV|gg
|player|p2|
|c|☆Vholtninja|Gg

</script>
<script type="application/json" class="data" id="replaydata-smogtours-gen3ou-801357">
{"id":"smogtours-gen3ou-801357","format":"[Gen 3] OU","players":["Vholtninja","DanteADV"],"uploadtime":1729685754,"views":80,"formatid":"gen3ou","rating":null,"private":0,"password":null}
</script>

<script defer src="js/replays.js?9d40a366"></script>
