<!DOCTYPE html>
<meta charset="utf-8" />
<meta name="viewport" content="width=device-width" />

<title>[Gen 3] OU: Thebadger1230 vs. SANKE CARP - Replays - Pok&eacute;mon Showdown!</title>

<meta name="description" content="Watch a replay of a Pok&eacute;mon battle between Thebadger1230 and SANKE CARP! Format: [Gen 3] OU; Date: Oct 8, 2024" />
<!--

Hey, you! Looking in the source for the replay log?

You can find them in JSON format, just add `.json` at the end of a replay URL.

https://replay.pokemonshowdown.com/gen7randomdoublesbattle-865046831.json

Or, if you only need the log itself, add `.log` instead:

https://replay.pokemonshowdown.com/gen7randomdoublesbattle-865046831.log

-->

<link rel="stylesheet" href="//pokemonshowdown.com/style/global.css?0.023195364461161105" />
<link rel="stylesheet" href="//play.pokemonshowdown.com/style/font-awesome.css?0.13261647063804238" />
<link rel="stylesheet" href="//play.pokemonshowdown.com/style/battle.css?0.8753245789963631" />
<link rel="stylesheet" href="//play.pokemonshowdown.com/style/utilichart.css?0.8627959624976733" />

<!-- Global site tag (gtag.js) - Google Analytics -->
<script async src="https://www.googletagmanager.com/gtag/js?id=UA-26211653-1"></script>
<script>
  window.dataLayer = window.dataLayer || [];
  function gtag(){dataLayer.push(arguments);}
  gtag('js', new Date());

  gtag('config', 'UA-26211653-1');
</script>
<!-- End Google Analytics -->
<!-- Venatus Ad Manager - Install in <HEAD> of page -->
	<script src="https://hb.vntsm.com/v3/live/ad-manager.min.js" type="text/javascript" data-site-id="642aba63ec9a7b11c3c9c1be" data-mode="scan" async></script>
<!-- / Venatus Ad Manager -->

<style>
	@media (max-width:820px) {
		.battle {
			margin: 0 auto;
		}
		.battle-log {
			margin: 7px auto 0;
			max-width: 640px;
			height: 300px;
			position: static;
		}
	}
	.optgroup {
		display: inline-block;
		line-height: 22px;
		font-size: 10pt;
	}
	.optgroup .button {
		height: 25px;
		padding-top: 0;
		padding-bottom: 0;
	}
	.optgroup button.button {
		padding-left: 12px;
		padding-right: 12px;
	}
	.linklist {
		list-style: none;
		margin: 0.5em 0;
		padding: 0;
	}
	.linklist li {
		padding: 2px 0;
	}
	.sidebar {
		float: left;
		width: 320px;
	}
	.bar-wrapper {
		max-width: 1100px;
		margin: 0 auto;
	}
	.bar-wrapper.has-sidebar {
		max-width: 1430px;
	}
	.mainbar {
		margin: 0;
		padding-right: 1px;
	}
	.mainbar.has-sidebar {
		margin-left: 330px;
	}
	@media (min-width: 1511px) {
		.sidebar {
			width: 400px;
		}
		.bar-wrapper.has-sidebar {
			max-width: 1510px;
		}
		.mainbar.has-sidebar {
			margin-left: 410px;
		}
	}
	.section.first-section {
		margin-top: 9px;
	}
	.blocklink small {
		white-space: normal;
	}
	.button {
		vertical-align: middle;
	}
	.replay-controls {
		padding-top: 10px;
	}
	.replay-controls h1 {
		font-size: 16pt;
		font-weight: normal;
		color: #CCC;
	}
	.pagelink {
		text-align: center;
	}
	.pagelink a {
		width: 150px;
	}
	.textbox, .button {
		font-size: 11pt;
		vertical-align: middle;
	}
	@media (max-width: 450px) {
		.button {
			font-size: 9pt;
		}
	}
</style>

<div>

	<header>
		<div class="nav-wrapper"><ul class="nav">
			<li><a class="button nav-first" href="//pokemonshowdown.com/"><img src="//pokemonshowdown.com/images/pokemonshowdownbeta.png" srcset="//pokemonshowdown.com/images/pokemonshowdownbeta.png 1x, //pokemonshowdown.com/images/pokemonshowdownbeta@2x.png 2x" alt="Pok&eacute;mon Showdown" width="146" height="44" /> Home</a></li>
			<li><a class="button" href="//pokemonshowdown.com/dex/">Pok&eacute;dex</a></li>
			<li><a class="button cur" href="/">Replays</a></li>
			<li><a class="button" href="//pokemonshowdown.com/ladder/">Ladder</a></li>
			<li><a class="button nav-last" href="//pokemonshowdown.com/forums/">Forum</a></li>
			<li><a class="button greenbutton nav-first nav-last" href="//play.pokemonshowdown.com/">Play</a></li>
		</ul></div>
	</header>

	<div class="main" id="main">

		<noscript><section class="section">You need to enable JavaScript to use this page; sorry!</section></noscript>

	</div>

</div>

<script defer nomodule src="//play.pokemonshowdown.com/js/lib/ps-polyfill.js"></script>
<script defer src="//play.pokemonshowdown.com/js/lib/preact.min.js"></script>

<script defer src="//play.pokemonshowdown.com/config/config.js?2bddbc15"></script>
<script defer src="//play.pokemonshowdown.com/js/lib/jquery-1.11.0.min.js"></script>
<script defer src="//play.pokemonshowdown.com/js/lib/html-sanitizer-minified.js"></script>
<script defer src="//play.pokemonshowdown.com/js/battle-sound.js"></script>
<script defer src="//play.pokemonshowdown.com/js/battledata.js?0.7209276989879541"></script>
<script defer src="//play.pokemonshowdown.com/data/pokedex-mini.js?0.6111056340867951"></script>
<script defer src="//play.pokemonshowdown.com/data/pokedex-mini-bw.js?0.3532142036491459"></script>
<script defer src="//play.pokemonshowdown.com/data/graphics.js?0.24223875632456182"></script>
<script defer src="//play.pokemonshowdown.com/data/pokedex.js?0.38839984266356864"></script>
<script defer src="//play.pokemonshowdown.com/data/moves.js?0.21866028504024015"></script>
<script defer src="//play.pokemonshowdown.com/data/abilities.js?0.2005157953846628"></script>
<script defer src="//play.pokemonshowdown.com/data/items.js?0.9894211263848525"></script>
<script defer src="//play.pokemonshowdown.com/data/teambuilder-tables.js?0.6008791140282215"></script>
<script defer src="//play.pokemonshowdown.com/js/battle-tooltips.js?0.7580118955022959"></script>
<script defer src="//play.pokemonshowdown.com/js/battle.js?0.6057722274234274"></script>

<script defer src="js/utils.js?e31f9a17"></script>
<script defer src="js/replays-battle.js?7008c182"></script>

<!-- don't scrape this data! just add .json or .log after the URL!
Full API docs: https://github.com/smogon/pokemon-showdown-client/blob/master/WEB-API.md -->
<script type="text/plain" class="log" id="replaylog-smogtours-gen3ou-796517">
|inactive|Battle timer is ON: inactive players will automatically lose when time's up.
|t:|1728425033
|gametype|singles
|player|p1|Thebadger1230|101|
|player|p2|SANKE CARP|officer-gen2|
|teamsize|p1|6
|teamsize|p2|6
|gen|3
|tier|[Gen 3] OU
|rule|Sleep Clause Mod: Limit one foe put to sleep
|rule|Switch Priority Clause Mod: Faster Pokémon switch first
|rule|Species Clause: Limit one of each Pokémon
|rule|OHKO Clause: OHKO moves are banned
|rule|Evasion Items Clause: Evasion items are banned
|rule|Evasion Moves Clause: Evasion moves are banned
|rule|Endless Battle Clause: Forcing endless battles is banned
|rule|HP Percentage Mod: HP is shown in percentages
|rule|One Boost Passer Clause: Limit one Baton Passer that has a way to boost its stats
|rule|Freeze Clause Mod: Limit one foe frozen
|
|t:|1728425033
|start
|switch|p1a: Jimmy|Zapdos|100/100
|switch|p2a: Tyranitar|Tyranitar, M|100/100
|-weather|Sandstorm|[from] ability: Sand Stream|[of] p2a: Tyranitar
|turn|1
|
|t:|1728425059
|move|p1a: Jimmy|Substitute|p1a: Jimmy
|-start|p1a: Jimmy|Substitute
|-damage|p1a: Jimmy|76/100
|move|p2a: Tyranitar|Ice Beam|p1a: Jimmy
|-supereffective|p1a: Jimmy
|-end|p1a: Jimmy|Substitute
|
|-weather|Sandstorm|[upkeep]
|-damage|p1a: Jimmy|70/100|[from] Sandstorm
|-heal|p1a: Jimmy|76/100|[from] item: Leftovers
|upkeep
|turn|2
|
|t:|1728425070
|switch|p1a: Jimothy|Blaziken, M|100/100
|move|p2a: Tyranitar|Ice Beam|p1a: Jimothy
|-resisted|p1a: Jimothy
|-damage|p1a: Jimothy|80/100
|-status|p1a: Jimothy|frz
|
|-weather|Sandstorm|[upkeep]
|-damage|p1a: Jimothy|74/100 frz|[from] Sandstorm
|-heal|p1a: Jimothy|80/100 frz|[from] item: Leftovers
|upkeep
|turn|3
|inactive|Thebadger1230 has 270 seconds left.
|inactive|Thebadger1230 has 240 seconds left.
|
|t:|1728425146
|switch|p2a: Moltres|Moltres|100/100
|-curestatus|p1a: Jimothy|frz|[msg]
|move|p1a: Jimothy|Fire Blast|p2a: Moltres
|-resisted|p2a: Moltres
|-crit|p2a: Moltres
|-damage|p2a: Moltres|31/100
|
|-weather|Sandstorm|[upkeep]
|-damage|p2a: Moltres|24/100|[from] Sandstorm
|-damage|p1a: Jimothy|74/100|[from] Sandstorm
|-heal|p2a: Moltres|31/100|[from] item: Leftovers
|-heal|p1a: Jimothy|80/100|[from] item: Leftovers
|upkeep
|turn|4
|inactive|SANKE CARP has 270 seconds left.
|
|t:|1728425178
|move|p2a: Moltres|Overheat|p1a: Jimothy
|-resisted|p1a: Jimothy
|-damage|p1a: Jimothy|18/100
|-unboost|p2a: Moltres|spa|2
|move|p1a: Jimothy|Thunder Punch|p2a: Moltres
|-supereffective|p2a: Moltres
|-damage|p2a: Moltres|0 fnt
|faint|p2a: Moltres
|inactive|SANKE CARP has 240 seconds left.
|
|t:|1728425205
|switch|p2a: Claydol|Claydol|100/100
|
|-weather|Sandstorm|[upkeep]
|-damage|p1a: Jimothy|12/100|[from] Sandstorm
|-heal|p1a: Jimothy|18/100|[from] item: Leftovers
|upkeep
|turn|5
|inactive|Thebadger1230 has 210 seconds left.
|
|t:|1728425238
|switch|p1a: Jimbo|Claydol|100/100
|move|p2a: Claydol|Shadow Ball|p1a: Jimbo
|-supereffective|p1a: Jimbo
|-damage|p1a: Jimbo|60/100
|
|-weather|Sandstorm|[upkeep]
|-heal|p1a: Jimbo|67/100|[from] item: Leftovers
|upkeep
|turn|6
|
|t:|1728425252
|switch|p2a: Skarmory|Skarmory, M|100/100
|move|p1a: Jimbo|Explosion|p2a: Skarmory
|-resisted|p2a: Skarmory
|-damage|p2a: Skarmory|55/100
|faint|p1a: Jimbo
|
|t:|1728425255
|switch|p1a: Jimothy|Blaziken, M|18/100
|
|-weather|Sandstorm|[upkeep]
|-damage|p1a: Jimothy|12/100|[from] Sandstorm
|-heal|p1a: Jimothy|18/100|[from] item: Leftovers
|-heal|p2a: Skarmory|61/100|[from] item: Leftovers
|upkeep
|turn|7
|
|t:|1728425260
|move|p2a: Skarmory|Protect|p2a: Skarmory
|-singleturn|p2a: Skarmory|Protect
|move|p1a: Jimothy|Hidden Power|p2a: Skarmory
|-activate|p2a: Skarmory|Protect
|
|-weather|Sandstorm|[upkeep]
|-damage|p1a: Jimothy|12/100|[from] Sandstorm
|-heal|p1a: Jimothy|18/100|[from] item: Leftovers
|-heal|p2a: Skarmory|67/100|[from] item: Leftovers
|upkeep
|turn|8
|
|t:|1728425285
|move|p1a: Jimothy|Fire Blast|p2a: Skarmory
|-supereffective|p2a: Skarmory
|-damage|p2a: Skarmory|0 fnt
|faint|p2a: Skarmory
|
|t:|1728425289
|switch|p2a: Claydol|Claydol|100/100
|
|-weather|Sandstorm|[upkeep]
|-damage|p1a: Jimothy|12/100|[from] Sandstorm
|-heal|p1a: Jimothy|18/100|[from] item: Leftovers
|upkeep
|turn|9
|
|t:|1728425298
|switch|p1a: James|Swampert, M|100/100
|move|p2a: Claydol|Earthquake|p1a: James
|-damage|p1a: James|66/100
|
|-weather|Sandstorm|[upkeep]
|-heal|p1a: James|72/100|[from] item: Leftovers
|upkeep
|turn|10
|
|t:|1728425312
|switch|p2a: Celebi|Celebi|100/100
|move|p1a: James|Surf|p2a: Celebi
|-resisted|p2a: Celebi
|-damage|p2a: Celebi|85/100
|
|-weather|Sandstorm|[upkeep]
|-damage|p2a: Celebi|79/100|[from] Sandstorm
|-heal|p2a: Celebi|85/100|[from] item: Leftovers
|-heal|p1a: James|78/100|[from] item: Leftovers
|upkeep
|turn|11
|inactive|Thebadger1230 has 270 seconds left.
|
|t:|1728425322
|switch|p1a: Jamie|Blissey, F|100/100
|move|p2a: Celebi|Leech Seed|p1a: Jamie
|-start|p1a: Jamie|move: Leech Seed
|
|-weather|Sandstorm|[upkeep]
|-damage|p2a: Celebi|79/100|[from] Sandstorm
|-damage|p1a: Jamie|94/100|[from] Sandstorm
|-heal|p2a: Celebi|85/100|[from] item: Leftovers
|-heal|p1a: Jamie|100/100|[from] item: Leftovers
|-damage|p1a: Jamie|88/100|[from] Leech Seed|[of] p2a: Celebi
|-heal|p2a: Celebi|100/100|[silent]
|upkeep
|turn|12
|
|t:|1728425330
|switch|p1a: Jimmy|Zapdos|76/100
|move|p2a: Celebi|Psychic|p1a: Jimmy
|-damage|p1a: Jimmy|41/100
|
|-weather|Sandstorm|[upkeep]
|-damage|p1a: Jimmy|35/100|[from] Sandstorm
|-damage|p2a: Celebi|94/100|[from] Sandstorm
|-heal|p1a: Jimmy|41/100|[from] item: Leftovers
|-heal|p2a: Celebi|100/100|[from] item: Leftovers
|upkeep
|turn|13
|inactive|SANKE CARP has 270 seconds left.
|
|t:|1728425344
|move|p1a: Jimmy|Hidden Power|p2a: Celebi
|-supereffective|p2a: Celebi
|-damage|p2a: Celebi|56/100
|move|p2a: Celebi|Psychic|p1a: Jimmy
|-damage|p1a: Jimmy|8/100
|
|-weather|Sandstorm|[upkeep]
|-damage|p1a: Jimmy|2/100|[from] Sandstorm
|-damage|p2a: Celebi|50/100|[from] Sandstorm
|-heal|p1a: Jimmy|8/100|[from] item: Leftovers
|-heal|p2a: Celebi|56/100|[from] item: Leftovers
|upkeep
|turn|14
|inactive|SANKE CARP has 270 seconds left.
|
|t:|1728425358
|switch|p2a: Swampert|Swampert, M|100/100
|move|p1a: Jimmy|Hidden Power|p2a: Swampert
|-damage|p2a: Swampert|66/100
|
|-weather|Sandstorm|[upkeep]
|-damage|p1a: Jimmy|2/100|[from] Sandstorm
|-heal|p1a: Jimmy|8/100|[from] item: Leftovers
|-heal|p2a: Swampert|72/100|[from] item: Leftovers
|upkeep
|turn|15
|inactive|SANKE CARP has 270 seconds left.
|
|t:|1728425374
|move|p2a: Swampert|Protect|p2a: Swampert
|-singleturn|p2a: Swampert|Protect
|move|p1a: Jimmy|Baton Pass|p1a: Jimmy
|
|t:|1728425378
|switch|p1a: James|Swampert, M|78/100|[from] Baton Pass
|
|-weather|Sandstorm|[upkeep]
|-heal|p2a: Swampert|78/100|[from] item: Leftovers
|-heal|p1a: James|84/100|[from] item: Leftovers
|upkeep
|turn|16
|inactive|SANKE CARP has 270 seconds left.
|
|t:|1728425391
|switch|p2a: Celebi|Celebi|56/100
|move|p1a: James|Ice Beam|p2a: Celebi
|-supereffective|p2a: Celebi
|-damage|p2a: Celebi|13/100
|
|-weather|Sandstorm|[upkeep]
|-damage|p2a: Celebi|7/100|[from] Sandstorm
|-heal|p2a: Celebi|13/100|[from] item: Leftovers
|-heal|p1a: James|90/100|[from] item: Leftovers
|upkeep
|turn|17
|inactive|SANKE CARP has 270 seconds left.
|
|t:|1728425399
|switch|p1a: Jimmy|Zapdos|8/100
|move|p2a: Celebi|Recover|p2a: Celebi
|-heal|p2a: Celebi|63/100
|
|-weather|Sandstorm|[upkeep]
|-damage|p1a: Jimmy|2/100|[from] Sandstorm
|-damage|p2a: Celebi|57/100|[from] Sandstorm
|-heal|p1a: Jimmy|8/100|[from] item: Leftovers
|-heal|p2a: Celebi|63/100|[from] item: Leftovers
|upkeep
|turn|18
|inactive|SANKE CARP has 270 seconds left.
|
|t:|1728425410
|move|p1a: Jimmy|Hidden Power|p2a: Celebi
|-supereffective|p2a: Celebi
|-damage|p2a: Celebi|20/100
|move|p2a: Celebi|Recover|p2a: Celebi
|-heal|p2a: Celebi|70/100
|
|-weather|Sandstorm|[upkeep]
|-damage|p1a: Jimmy|2/100|[from] Sandstorm
|-damage|p2a: Celebi|64/100|[from] Sandstorm
|-heal|p1a: Jimmy|8/100|[from] item: Leftovers
|-heal|p2a: Celebi|70/100|[from] item: Leftovers
|upkeep
|turn|19
|inactive|SANKE CARP has 270 seconds left.
|
|t:|1728425440
|switch|p2a: Swampert|Swampert, M|78/100
|move|p1a: Jimmy|Hidden Power|p2a: Swampert
|-damage|p2a: Swampert|44/100
|
|-weather|Sandstorm|[upkeep]
|-damage|p1a: Jimmy|2/100|[from] Sandstorm
|-heal|p1a: Jimmy|8/100|[from] item: Leftovers
|-heal|p2a: Swampert|50/100|[from] item: Leftovers
|upkeep
|turn|20
|
|t:|1728425450
|move|p1a: Jimmy|Hidden Power|p2a: Swampert
|-damage|p2a: Swampert|17/100
|move|p2a: Swampert|Ice Beam|p1a: Jimmy
|-supereffective|p1a: Jimmy
|-damage|p1a: Jimmy|0 fnt
|faint|p1a: Jimmy
|
|t:|1728425461
|switch|p1a: James|Swampert, M|90/100
|
|-weather|Sandstorm|[upkeep]
|-heal|p2a: Swampert|23/100|[from] item: Leftovers
|-heal|p1a: James|96/100|[from] item: Leftovers
|upkeep
|turn|21
|inactive|SANKE CARP has 270 seconds left.
|
|t:|1728425482
|move|p2a: Swampert|Protect|p2a: Swampert
|-singleturn|p2a: Swampert|Protect
|move|p1a: James|Ice Beam|p2a: Swampert
|-activate|p2a: Swampert|Protect
|
|-weather|Sandstorm|[upkeep]
|-heal|p2a: Swampert|29/100|[from] item: Leftovers
|-heal|p1a: James|100/100|[from] item: Leftovers
|upkeep
|turn|22
|
|t:|1728425496
|switch|p2a: Celebi|Celebi|70/100
|move|p1a: James|Ice Beam|p2a: Celebi
|-supereffective|p2a: Celebi
|-damage|p2a: Celebi|27/100
|
|-weather|Sandstorm|[upkeep]
|-damage|p2a: Celebi|21/100|[from] Sandstorm
|-heal|p2a: Celebi|27/100|[from] item: Leftovers
|upkeep
|turn|23
|
|t:|1728425503
|move|p2a: Celebi|Hidden Power|p1a: James
|-supereffective|p1a: James
|-damage|p1a: James|0 fnt
|faint|p1a: James
|
|t:|1728425509
|switch|p1a: Jimothy|Blaziken, M|18/100
|
|-weather|Sandstorm|[upkeep]
|-damage|p1a: Jimothy|12/100|[from] Sandstorm
|-damage|p2a: Celebi|21/100|[from] Sandstorm
|-heal|p1a: Jimothy|18/100|[from] item: Leftovers
|-heal|p2a: Celebi|27/100|[from] item: Leftovers
|upkeep
|turn|24
|inactive|SANKE CARP has 270 seconds left.
|inactive|SANKE CARP has 240 seconds left.
|
|t:|1728425553
|move|p1a: Jimothy|Fire Blast|p2a: Celebi
|-supereffective|p2a: Celebi
|-damage|p2a: Celebi|0 fnt
|faint|p2a: Celebi
|
|t:|1728425558
|switch|p2a: Claydol|Claydol|100/100
|
|-weather|Sandstorm|[upkeep]
|-damage|p1a: Jimothy|12/100|[from] Sandstorm
|-heal|p1a: Jimothy|18/100|[from] item: Leftovers
|upkeep
|turn|25
|
|t:|1728425572
|switch|p1a: Jamie|Blissey, F|88/100
|move|p2a: Claydol|Earthquake|p1a: Jamie
|-damage|p1a: Jamie|50/100
|
|-weather|Sandstorm|[upkeep]
|-damage|p1a: Jamie|43/100|[from] Sandstorm
|-heal|p1a: Jamie|50/100|[from] item: Leftovers
|upkeep
|turn|26
|inactive|SANKE CARP has 240 seconds left.
|inactive|SANKE CARP has 210 seconds left.
|
|t:|1728425624
|switch|p2a: Tyranitar|Tyranitar, M|100/100
|move|p1a: Jamie|Ice Beam|p2a: Tyranitar
|-damage|p2a: Tyranitar|76/100
|
|-weather|Sandstorm|[upkeep]
|-damage|p1a: Jamie|43/100|[from] Sandstorm
|-heal|p1a: Jamie|50/100|[from] item: Leftovers
|upkeep
|turn|27
|
|t:|1728425632
|move|p2a: Tyranitar|Brick Break|p1a: Jamie
|-supereffective|p1a: Jamie
|-damage|p1a: Jamie|6/100
|move|p1a: Jamie|Seismic Toss|p2a: Tyranitar
|-damage|p2a: Tyranitar|47/100
|
|-weather|Sandstorm|[upkeep]
|-damage|p1a: Jamie|0 fnt|[from] Sandstorm
|faint|p1a: Jamie
|upkeep
|inactive|Thebadger1230 has 270 seconds left.
|
|t:|1728425669
|switch|p1a: Jim|Tyranitar, M|100/100
|turn|28
|
|t:|1728425686
|move|p2a: Tyranitar|Brick Break|p1a: Jim
|-supereffective|p1a: Jim
|-crit|p1a: Jim
|-damage|p1a: Jim|0 fnt
|faint|p1a: Jim
|c|☆Thebadger1230|cool
|inactive|Thebadger1230 has 270 seconds left.
|
|t:|1728425706
|switch|p1a: Jimothy|Blaziken, M|18/100
|
|-weather|Sandstorm|[upkeep]
|-damage|p1a: Jimothy|12/100|[from] Sandstorm
|-heal|p1a: Jimothy|18/100|[from] item: Leftovers
|upkeep
|turn|29
|
|t:|1728425711
|move|p1a: Jimothy|Sky Uppercut|p2a: Tyranitar
|-supereffective|p2a: Tyranitar
|-damage|p2a: Tyranitar|0 fnt
|faint|p2a: Tyranitar
|
|t:|1728425714
|switch|p2a: Claydol|Claydol|100/100
|
|-weather|Sandstorm|[upkeep]
|-damage|p1a: Jimothy|12/100|[from] Sandstorm
|-heal|p1a: Jimothy|18/100|[from] item: Leftovers
|upkeep
|turn|30
|
|t:|1728425719
|move|p1a: Jimothy|Fire Blast|p2a: Claydol
|-damage|p2a: Claydol|24/100
|move|p2a: Claydol|Earthquake|p1a: Jimothy
|-supereffective|p1a: Jimothy
|-damage|p1a: Jimothy|0 fnt
|faint|p1a: Jimothy
|
|win|SANKE CARP
|player|p1|
|player|p1|Thebadger1230|101|

</script>
<script type="application/json" class="data" id="replaydata-smogtours-gen3ou-796517">
{"id":"smogtours-gen3ou-796517","format":"[Gen 3] OU","players":["Thebadger1230","SANKE CARP"],"uploadtime":1728425719,"views":113,"formatid":"gen3ou","rating":null,"private":0,"password":null}
</script>

<script defer src="js/replays.js?9d40a366"></script>
