<!DOCTYPE html>
<meta charset="utf-8" />
<meta name="viewport" content="width=device-width" />

<title>[Gen 3] OU: CostcoCustomer vs. rezzo64 - Replays - Pok&eacute;mon Showdown!</title>

<meta name="description" content="Watch a replay of a Pok&eacute;mon battle between CostcoCustomer and rezzo64! Format: [Gen 3] OU; Date: Oct 18, 2024" />
<!--

Hey, you! Looking in the source for the replay log?

You can find them in JSON format, just add `.json` at the end of a replay URL.

https://replay.pokemonshowdown.com/gen7randomdoublesbattle-865046831.json

Or, if you only need the log itself, add `.log` instead:

https://replay.pokemonshowdown.com/gen7randomdoublesbattle-865046831.log

-->

<link rel="stylesheet" href="//pokemonshowdown.com/style/global.css?0.767286132409787" />
<link rel="stylesheet" href="//play.pokemonshowdown.com/style/font-awesome.css?0.9266228007934947" />
<link rel="stylesheet" href="//play.pokemonshowdown.com/style/battle.css?0.7924700842790926" />
<link rel="stylesheet" href="//play.pokemonshowdown.com/style/utilichart.css?0.8777417872839479" />

<!-- Global site tag (gtag.js) - Google Analytics -->
<script async src="https://www.googletagmanager.com/gtag/js?id=UA-26211653-1"></script>
<script>
  window.dataLayer = window.dataLayer || [];
  function gtag(){dataLayer.push(arguments);}
  gtag('js', new Date());

  gtag('config', 'UA-26211653-1');
</script>
<!-- End Google Analytics -->
<!-- Venatus Ad Manager - Install in <HEAD> of page -->
	<script src="https://hb.vntsm.com/v3/live/ad-manager.min.js" type="text/javascript" data-site-id="642aba63ec9a7b11c3c9c1be" data-mode="scan" async></script>
<!-- / Venatus Ad Manager -->

<style>
	@media (max-width:820px) {
		.battle {
			margin: 0 auto;
		}
		.battle-log {
			margin: 7px auto 0;
			max-width: 640px;
			height: 300px;
			position: static;
		}
	}
	.optgroup {
		display: inline-block;
		line-height: 22px;
		font-size: 10pt;
	}
	.optgroup .button {
		height: 25px;
		padding-top: 0;
		padding-bottom: 0;
	}
	.optgroup button.button {
		padding-left: 12px;
		padding-right: 12px;
	}
	.linklist {
		list-style: none;
		margin: 0.5em 0;
		padding: 0;
	}
	.linklist li {
		padding: 2px 0;
	}
	.sidebar {
		float: left;
		width: 320px;
	}
	.bar-wrapper {
		max-width: 1100px;
		margin: 0 auto;
	}
	.bar-wrapper.has-sidebar {
		max-width: 1430px;
	}
	.mainbar {
		margin: 0;
		padding-right: 1px;
	}
	.mainbar.has-sidebar {
		margin-left: 330px;
	}
	@media (min-width: 1511px) {
		.sidebar {
			width: 400px;
		}
		.bar-wrapper.has-sidebar {
			max-width: 1510px;
		}
		.mainbar.has-sidebar {
			margin-left: 410px;
		}
	}
	.section.first-section {
		margin-top: 9px;
	}
	.blocklink small {
		white-space: normal;
	}
	.button {
		vertical-align: middle;
	}
	.replay-controls {
		padding-top: 10px;
	}
	.replay-controls h1 {
		font-size: 16pt;
		font-weight: normal;
		color: #CCC;
	}
	.pagelink {
		text-align: center;
	}
	.pagelink a {
		width: 150px;
	}
	.textbox, .button {
		font-size: 11pt;
		vertical-align: middle;
	}
	@media (max-width: 450px) {
		.button {
			font-size: 9pt;
		}
	}
</style>

<div>

	<header>
		<div class="nav-wrapper"><ul class="nav">
			<li><a class="button nav-first" href="//pokemonshowdown.com/"><img src="//pokemonshowdown.com/images/pokemonshowdownbeta.png" srcset="//pokemonshowdown.com/images/pokemonshowdownbeta.png 1x, //pokemonshowdown.com/images/pokemonshowdownbeta@2x.png 2x" alt="Pok&eacute;mon Showdown" width="146" height="44" /> Home</a></li>
			<li><a class="button" href="//pokemonshowdown.com/dex/">Pok&eacute;dex</a></li>
			<li><a class="button cur" href="/">Replays</a></li>
			<li><a class="button" href="//pokemonshowdown.com/ladder/">Ladder</a></li>
			<li><a class="button nav-last" href="//pokemonshowdown.com/forums/">Forum</a></li>
			<li><a class="button greenbutton nav-first nav-last" href="//play.pokemonshowdown.com/">Play</a></li>
		</ul></div>
	</header>

	<div class="main" id="main">

		<noscript><section class="section">You need to enable JavaScript to use this page; sorry!</section></noscript>

	</div>

</div>

<script defer nomodule src="//play.pokemonshowdown.com/js/lib/ps-polyfill.js"></script>
<script defer src="//play.pokemonshowdown.com/js/lib/preact.min.js"></script>

<script defer src="//play.pokemonshowdown.com/config/config.js?6dec07f6"></script>
<script defer src="//play.pokemonshowdown.com/js/lib/jquery-1.11.0.min.js"></script>
<script defer src="//play.pokemonshowdown.com/js/lib/html-sanitizer-minified.js"></script>
<script defer src="//play.pokemonshowdown.com/js/battle-sound.js"></script>
<script defer src="//play.pokemonshowdown.com/js/battledata.js?0.6315294753075389"></script>
<script defer src="//play.pokemonshowdown.com/data/pokedex-mini.js?0.7603743185311358"></script>
<script defer src="//play.pokemonshowdown.com/data/pokedex-mini-bw.js?0.030888842834281283"></script>
<script defer src="//play.pokemonshowdown.com/data/graphics.js?0.05593094747507488"></script>
<script defer src="//play.pokemonshowdown.com/data/pokedex.js?0.47064822249611904"></script>
<script defer src="//play.pokemonshowdown.com/data/moves.js?0.8583693120512459"></script>
<script defer src="//play.pokemonshowdown.com/data/abilities.js?0.16017181182386842"></script>
<script defer src="//play.pokemonshowdown.com/data/items.js?0.4163379185673943"></script>
<script defer src="//play.pokemonshowdown.com/data/teambuilder-tables.js?0.31075597372830477"></script>
<script defer src="//play.pokemonshowdown.com/js/battle-tooltips.js?0.6536193500708172"></script>
<script defer src="//play.pokemonshowdown.com/js/battle.js?0.1916591943277901"></script>

<script defer src="js/utils.js?e31f9a17"></script>
<script defer src="js/replays-battle.js?7008c182"></script>

<!-- don't scrape this data! just add .json or .log after the URL!
Full API docs: https://github.com/smogon/pokemon-showdown-client/blob/master/WEB-API.md -->
<script type="text/plain" class="log" id="replaylog-smogtours-gen3ou-799489">
|inactive|Battle timer is ON: inactive players will automatically lose when time's up.
|t:|1729256507
|gametype|singles
|player|p1|CostcoCustomer|mina|
|player|p2|rezzo64|worker|
|teamsize|p1|6
|teamsize|p2|6
|gen|3
|tier|[Gen 3] OU
|rule|Sleep Clause Mod: Limit one foe put to sleep
|rule|Switch Priority Clause Mod: Faster Pokémon switch first
|rule|Species Clause: Limit one of each Pokémon
|rule|OHKO Clause: OHKO moves are banned
|rule|Evasion Items Clause: Evasion items are banned
|rule|Evasion Moves Clause: Evasion moves are banned
|rule|Endless Battle Clause: Forcing endless battles is banned
|rule|HP Percentage Mod: HP is shown in percentages
|rule|One Boost Passer Clause: Limit one Baton Passer that has a way to boost its stats
|rule|Freeze Clause Mod: Limit one foe frozen
|
|t:|1729256507
|start
|switch|p1a: Zados|Zapdos|100/100
|switch|p2a: Skarmory|Skarmory, F|100/100
|turn|1
|c|☆rezzo64|gl hf
|c|☆CostcoCustomer|gl hf!
|inactive|rezzo64 has 270 seconds left.
|
|t:|1729256544
|switch|p2a: Celebi|Celebi|100/100
|move|p1a: Zados|Thunderbolt|p2a: Celebi
|-resisted|p2a: Celebi
|-damage|p2a: Celebi|80/100
|
|-heal|p2a: Celebi|86/100|[from] item: Leftovers
|upkeep
|turn|2
|
|t:|1729256555
|move|p1a: Zados|Hidden Power|p2a: Celebi
|-supereffective|p2a: Celebi
|-damage|p2a: Celebi|50/100
|move|p2a: Celebi|Leech Seed|p1a: Zados
|-start|p1a: Zados|move: Leech Seed
|
|-damage|p1a: Zados|88/100|[from] Leech Seed|[of] p2a: Celebi
|-heal|p2a: Celebi|59/100|[silent]
|-heal|p2a: Celebi|66/100|[from] item: Leftovers
|upkeep
|turn|3
|
|t:|1729256566
|switch|p1a: Celbi|Celebi|100/100
|switch|p2a: Magneton|Magneton|100/100
|
|upkeep
|turn|4
|
|t:|1729256584
|move|p1a: Celbi|Calm Mind|p1a: Celbi
|-boost|p1a: Celbi|spa|1
|-boost|p1a: Celbi|spd|1
|move|p2a: Magneton|Toxic|p1a: Celbi
|-status|p1a: Celbi|tox
|
|-damage|p1a: Celbi|94/100 tox|[from] psn
|upkeep
|turn|5
|
|t:|1729256596
|switch|p2a: Blissey|Blissey, F|100/100
|move|p1a: Celbi|Hidden Power|p2a: Blissey
|-damage|p2a: Blissey|90/100
|
|-heal|p1a: Celbi|100/100 tox|[from] item: Leftovers
|-damage|p1a: Celbi|88/100 tox|[from] psn
|-heal|p2a: Blissey|96/100|[from] item: Leftovers
|upkeep
|turn|6
|inactive|rezzo64 has 270 seconds left.
|
|t:|1729256623
|move|p1a: Celbi|Leech Seed|p2a: Blissey
|-start|p2a: Blissey|move: Leech Seed
|move|p2a: Blissey|Thunder Wave||[still]
|-fail|p2a: Blissey
|
|-heal|p1a: Celbi|94/100 tox|[from] item: Leftovers
|-damage|p1a: Celbi|76/100 tox|[from] psn
|-heal|p2a: Blissey|100/100|[from] item: Leftovers
|-damage|p2a: Blissey|88/100|[from] Leech Seed|[of] p1a: Celbi
|-heal|p1a: Celbi|97/100 tox|[silent]
|upkeep
|turn|7
|
|t:|1729256630
|switch|p2a: Celebi|Celebi|66/100
|move|p1a: Celbi|Baton Pass|p1a: Celbi
|
|t:|1729256633
|-curestatus|p1a: Celbi|tox|[from] ability: Natural Cure
|switch|p1a: Zados|Zapdos|88/100|[from] Baton Pass
|
|-heal|p1a: Zados|94/100|[from] item: Leftovers
|-heal|p2a: Celebi|72/100|[from] item: Leftovers
|upkeep
|turn|8
|
|t:|1729256643
|switch|p2a: Blissey|Blissey, F|88/100
|move|p1a: Zados|Hidden Power|p2a: Blissey
|-damage|p2a: Blissey|75/100
|
|-heal|p1a: Zados|100/100|[from] item: Leftovers
|-heal|p2a: Blissey|82/100|[from] item: Leftovers
|upkeep
|turn|9
|
|t:|1729256667
|switch|p2a: Magneton|Magneton|100/100
|move|p1a: Zados|Baton Pass|p1a: Zados
|
|t:|1729256670
|switch|p1a: Celbi|Celebi|97/100|[from] Baton Pass
|
|-heal|p1a: Celbi|100/100|[from] item: Leftovers
|upkeep
|turn|10
|
|t:|1729256679
|switch|p2a: Blissey|Blissey, F|82/100
|move|p1a: Celbi|Calm Mind|p1a: Celbi
|-boost|p1a: Celbi|spa|1
|-boost|p1a: Celbi|spd|1
|
|-heal|p2a: Blissey|88/100|[from] item: Leftovers
|upkeep
|turn|11
|
|t:|1729256687
|move|p1a: Celbi|Leech Seed|p2a: Blissey|[miss]
|-miss|p1a: Celbi|p2a: Blissey
|move|p2a: Blissey|Thunder Wave|p1a: Celbi
|-status|p1a: Celbi|par
|
|-heal|p2a: Blissey|94/100|[from] item: Leftovers
|upkeep
|turn|12
|
|t:|1729256715
|switch|p2a: Swampert|Swampert, M|100/100
|move|p1a: Celbi|Baton Pass|p1a: Celbi
|
|t:|1729256723
|-curestatus|p1a: Celbi|par|[from] ability: Natural Cure
|switch|p1a: Zados|Zapdos|100/100|[from] Baton Pass
|
|upkeep
|turn|13
|inactive|rezzo64 has 270 seconds left.
|
|t:|1729256743
|switch|p2a: Magneton|Magneton|100/100
|move|p1a: Zados|Hidden Power|p2a: Magneton
|-resisted|p2a: Magneton
|-damage|p2a: Magneton|58/100
|
|upkeep
|turn|14
|
|t:|1729256750
|move|p1a: Zados|Thunderbolt|p2a: Magneton
|-resisted|p2a: Magneton
|-damage|p2a: Magneton|0 fnt
|faint|p2a: Magneton
|
|t:|1729256760
|switch|p2a: Aerodactyl|Aerodactyl, M|100/100
|
|upkeep
|turn|15
|
|t:|1729256765
|switch|p1a: Jrachi|Jirachi|100/100
|move|p2a: Aerodactyl|Rock Slide|p1a: Jrachi
|-resisted|p1a: Jrachi
|-damage|p1a: Jrachi|77/100
|
|-heal|p1a: Jrachi|83/100|[from] item: Leftovers
|upkeep
|turn|16
|
|t:|1729256782
|switch|p2a: Blissey|Blissey, F|94/100
|move|p1a: Jrachi|Body Slam|p2a: Blissey
|-damage|p2a: Blissey|77/100
|
|-heal|p1a: Jrachi|89/100|[from] item: Leftovers
|-heal|p2a: Blissey|84/100|[from] item: Leftovers
|upkeep
|turn|17
|
|t:|1729256785
|switch|p1a: Celbi|Celebi|100/100
|move|p2a: Blissey|Thunder Wave|p1a: Celbi
|-status|p1a: Celbi|par
|
|-heal|p2a: Blissey|90/100|[from] item: Leftovers
|upkeep
|turn|18
|
|t:|1729256792
|switch|p2a: Aerodactyl|Aerodactyl, M|100/100
|move|p1a: Celbi|Baton Pass|p1a: Celbi
|
|t:|1729256795
|-curestatus|p1a: Celbi|par|[from] ability: Natural Cure
|switch|p1a: Jrachi|Jirachi|89/100|[from] Baton Pass
|
|-heal|p1a: Jrachi|96/100|[from] item: Leftovers
|upkeep
|turn|19
|
|t:|1729256800
|switch|p2a: Blissey|Blissey, F|90/100
|move|p1a: Jrachi|Protect||[still]
|-fail|p1a: Jrachi
|
|-heal|p1a: Jrachi|100/100|[from] item: Leftovers
|-heal|p2a: Blissey|96/100|[from] item: Leftovers
|upkeep
|turn|20
|
|t:|1729256804
|switch|p1a: Celbi|Celebi|100/100
|move|p2a: Blissey|Thunder Wave|p1a: Celbi
|-status|p1a: Celbi|par
|
|-heal|p2a: Blissey|100/100|[from] item: Leftovers
|upkeep
|turn|21
|
|t:|1729256815
|switch|p2a: Skarmory|Skarmory, F|100/100
|move|p1a: Celbi|Baton Pass|p1a: Celbi
|
|t:|1729256820
|-curestatus|p1a: Celbi|par|[from] ability: Natural Cure
|switch|p1a: Zados|Zapdos|100/100|[from] Baton Pass
|
|upkeep
|turn|22
|
|t:|1729256826
|switch|p2a: Blissey|Blissey, F|100/100
|move|p1a: Zados|Thunderbolt|p2a: Blissey
|-damage|p2a: Blissey|82/100
|
|-heal|p2a: Blissey|88/100|[from] item: Leftovers
|upkeep
|turn|23
|
|t:|1729256835
|move|p1a: Zados|Baton Pass|p1a: Zados
|
|t:|1729256837
|switch|p1a: Celbi|Celebi|100/100|[from] Baton Pass
|move|p2a: Blissey|Thunder Wave|p1a: Celbi
|-status|p1a: Celbi|par
|
|-heal|p2a: Blissey|94/100|[from] item: Leftovers
|upkeep
|turn|24
|
|t:|1729256841
|switch|p2a: Skarmory|Skarmory, F|100/100
|-curestatus|p1a: Celbi|par|[from] ability: Natural Cure
|switch|p1a: Zados|Zapdos|100/100
|
|upkeep
|turn|25
|
|t:|1729256847
|switch|p2a: Blissey|Blissey, F|94/100
|move|p1a: Zados|Baton Pass|p1a: Zados
|
|t:|1729256851
|switch|p1a: Celbi|Celebi|100/100|[from] Baton Pass
|
|-heal|p2a: Blissey|99/100|[from] item: Leftovers
|upkeep
|turn|26
|
|t:|1729256854
|switch|p2a: Aerodactyl|Aerodactyl, M|100/100
|move|p1a: Celbi|Leech Seed|p2a: Aerodactyl|[miss]
|-miss|p1a: Celbi|p2a: Aerodactyl
|
|upkeep
|turn|27
|
|t:|1729256873
|switch|p1a: Jrachi|Jirachi|100/100
|move|p2a: Aerodactyl|Hidden Power|p1a: Jrachi
|-damage|p1a: Jrachi|75/100
|
|-heal|p1a: Jrachi|81/100|[from] item: Leftovers
|upkeep
|turn|28
|
|t:|1729256881
|switch|p2a: Blissey|Blissey, F|99/100
|move|p1a: Jrachi|Wish|p1a: Jrachi
|
|-heal|p1a: Jrachi|87/100|[from] item: Leftovers
|-heal|p2a: Blissey|100/100|[from] item: Leftovers
|upkeep
|turn|29
|
|t:|1729256894
|switch|p1a: Celbi|Celebi|100/100
|switch|p2a: Celebi|Celebi|72/100
|
|-heal|p2a: Celebi|78/100|[from] item: Leftovers
|upkeep
|turn|30
|
|t:|1729256907
|move|p1a: Celbi|Calm Mind|p1a: Celbi
|-boost|p1a: Celbi|spa|1
|-boost|p1a: Celbi|spd|1
|move|p2a: Celebi|Leech Seed|p1a: Celbi
|-immune|p1a: Celbi
|
|-heal|p2a: Celebi|84/100|[from] item: Leftovers
|upkeep
|turn|31
|
|t:|1729256917
|move|p1a: Celbi|Baton Pass|p1a: Celbi
|
|t:|1729256919
|switch|p1a: Zados|Zapdos|100/100|[from] Baton Pass
|move|p2a: Celebi|Perish Song|p2a: Celebi
|-start|p1a: Zados|perish3|[silent]
|-start|p2a: Celebi|perish3|[silent]
|-fieldactivate|move: Perish Song
|
|-heal|p2a: Celebi|90/100|[from] item: Leftovers
|-start|p1a: Zados|perish3
|-start|p2a: Celebi|perish3
|upkeep
|turn|32
|
|t:|1729256939
|switch|p2a: Blissey|Blissey, F|100/100
|move|p1a: Zados|Thunderbolt|p2a: Blissey
|-damage|p2a: Blissey|73/100
|
|-heal|p2a: Blissey|80/100|[from] item: Leftovers
|-start|p1a: Zados|perish2
|upkeep
|turn|33
|
|t:|1729256947
|switch|p1a: Celbi|Celebi|100/100
|move|p2a: Blissey|Thunder Wave|p1a: Celbi
|-status|p1a: Celbi|par
|
|-heal|p2a: Blissey|86/100|[from] item: Leftovers
|upkeep
|turn|34
|
|t:|1729256953
|switch|p2a: Skarmory|Skarmory, F|100/100
|move|p1a: Celbi|Baton Pass|p1a: Celbi
|
|t:|1729256956
|-curestatus|p1a: Celbi|par|[from] ability: Natural Cure
|switch|p1a: Zados|Zapdos|100/100|[from] Baton Pass
|
|upkeep
|turn|35
|
|t:|1729256972
|switch|p2a: Blissey|Blissey, F|86/100
|move|p1a: Zados|Baton Pass|p1a: Zados
|
|t:|1729256974
|switch|p1a: Heracros|Heracross, M, shiny|100/100|[from] Baton Pass
|
|-heal|p2a: Blissey|92/100|[from] item: Leftovers
|upkeep
|turn|36
|
|t:|1729256982
|switch|p2a: Skarmory|Skarmory, F|100/100
|move|p1a: Heracros|Substitute|p1a: Heracros
|-start|p1a: Heracros|Substitute
|-damage|p1a: Heracros|76/100
|
|upkeep
|turn|37
|
|t:|1729256991
|move|p1a: Heracros|Swords Dance|p1a: Heracros
|-boost|p1a: Heracros|atk|2
|move|p2a: Skarmory|Drill Peck|p1a: Heracros
|-supereffective|p1a: Heracros
|-end|p1a: Heracros|Substitute
|
|upkeep
|turn|38
|
|t:|1729256996
|move|p1a: Heracros|Substitute|p1a: Heracros
|-start|p1a: Heracros|Substitute
|-damage|p1a: Heracros|51/100
|move|p2a: Skarmory|Drill Peck|p1a: Heracros
|-supereffective|p1a: Heracros
|-crit|p1a: Heracros
|-end|p1a: Heracros|Substitute
|
|upkeep
|turn|39
|
|t:|1729257010
|switch|p1a: Jrachi|Jirachi|87/100
|move|p2a: Skarmory|Drill Peck|p1a: Jrachi
|-resisted|p1a: Jrachi
|-damage|p1a: Jrachi|78/100
|
|-heal|p1a: Jrachi|85/100|[from] item: Leftovers
|upkeep
|turn|40
|
|t:|1729257018
|move|p1a: Jrachi|Fire Punch|p2a: Skarmory
|-supereffective|p2a: Skarmory
|-damage|p2a: Skarmory|69/100
|move|p2a: Skarmory|Spikes|p1a: Jrachi
|-sidestart|p1: CostcoCustomer|Spikes
|
|-heal|p1a: Jrachi|91/100|[from] item: Leftovers
|-heal|p2a: Skarmory|75/100|[from] item: Leftovers
|upkeep
|turn|41
|inactive|rezzo64 has 270 seconds left.
|
|t:|1729257058
|switch|p2a: Celebi|Celebi|90/100
|move|p1a: Jrachi|Wish|p1a: Jrachi
|
|-heal|p2a: Celebi|97/100|[from] item: Leftovers
|-heal|p1a: Jrachi|97/100|[from] item: Leftovers
|upkeep
|turn|42
|inactive|rezzo64 has 270 seconds left.
|
|t:|1729257068
|move|p2a: Celebi|Leech Seed|p1a: Jrachi
|-start|p1a: Jrachi|move: Leech Seed
|move|p1a: Jrachi|Fire Punch|p2a: Celebi
|-supereffective|p2a: Celebi
|-damage|p2a: Celebi|69/100
|
|-heal|p1a: Jrachi|100/100|[from] move: Wish|[wisher] Jrachi
|-heal|p2a: Celebi|75/100|[from] item: Leftovers
|-damage|p1a: Jrachi|88/100|[from] Leech Seed|[of] p2a: Celebi
|-heal|p2a: Celebi|87/100|[silent]
|upkeep
|turn|43
|inactive|rezzo64 has 270 seconds left.
|
|t:|1729257078
|switch|p2a: Blissey|Blissey, F|92/100
|switch|p1a: Celbi|Celebi|100/100
|-damage|p1a: Celbi|88/100|[from] Spikes
|
|-heal|p1a: Celbi|94/100|[from] item: Leftovers
|-heal|p2a: Blissey|98/100|[from] item: Leftovers
|upkeep
|turn|44
|
|t:|1729257086
|move|p1a: Celbi|Calm Mind|p1a: Celbi
|-boost|p1a: Celbi|spa|1
|-boost|p1a: Celbi|spd|1
|move|p2a: Blissey|Thunder Wave|p1a: Celbi
|-status|p1a: Celbi|par
|
|-heal|p2a: Blissey|100/100|[from] item: Leftovers
|-heal|p1a: Celbi|100/100 par|[from] item: Leftovers
|upkeep
|turn|45
|
|t:|1729257094
|switch|p2a: Aerodactyl|Aerodactyl, M|100/100
|cant|p1a: Celbi|par
|
|upkeep
|turn|46
|
|t:|1729257106
|-curestatus|p1a: Celbi|par|[from] ability: Natural Cure
|switch|p1a: Zados|Zapdos|100/100
|move|p2a: Aerodactyl|Earthquake|p1a: Zados
|-immune|p1a: Zados
|
|upkeep
|turn|47
|
|t:|1729257116
|switch|p2a: Blissey|Blissey, F|100/100
|move|p1a: Zados|Baton Pass|p1a: Zados
|
|t:|1729257119
|switch|p1a: Celbi|Celebi|100/100|[from] Baton Pass
|-damage|p1a: Celbi|88/100|[from] Spikes
|
|-heal|p1a: Celbi|94/100|[from] item: Leftovers
|upkeep
|turn|48
|
|t:|1729257126
|switch|p2a: Aerodactyl|Aerodactyl, M|100/100
|move|p1a: Celbi|Calm Mind|p1a: Celbi
|-boost|p1a: Celbi|spa|1
|-boost|p1a: Celbi|spd|1
|
|-heal|p1a: Celbi|100/100|[from] item: Leftovers
|upkeep
|turn|49
|
|t:|1729257142
|move|p2a: Aerodactyl|Hidden Power|p1a: Celbi
|-supereffective|p1a: Celbi
|-damage|p1a: Celbi|0 fnt
|faint|p1a: Celbi
|
|t:|1729257152
|switch|p1a: Zados|Zapdos|100/100
|
|upkeep
|turn|50
|
|t:|1729257156
|switch|p2a: Blissey|Blissey, F|100/100
|move|p1a: Zados|Baton Pass|p1a: Zados
|
|t:|1729257158
|switch|p1a: Dutrio|Dugtrio, F|100/100|[from] Baton Pass
|-damage|p1a: Dutrio|88/100|[from] Spikes
|
|upkeep
|turn|51
|
|t:|1729257167
|move|p1a: Dutrio|Earthquake|p2a: Blissey
|-damage|p2a: Blissey|51/100
|move|p2a: Blissey|Soft-Boiled|p2a: Blissey
|-heal|p2a: Blissey|100/100
|
|upkeep
|turn|52
|
|t:|1729257171
|move|p1a: Dutrio|Earthquake|p2a: Blissey
|-damage|p2a: Blissey|51/100
|move|p2a: Blissey|Soft-Boiled|p2a: Blissey
|-heal|p2a: Blissey|100/100
|
|upkeep
|turn|53
|
|t:|1729257175
|move|p1a: Dutrio|Earthquake|p2a: Blissey
|-crit|p2a: Blissey
|-damage|p2a: Blissey|7/100
|move|p2a: Blissey|Soft-Boiled|p2a: Blissey
|-heal|p2a: Blissey|57/100
|
|-heal|p2a: Blissey|63/100|[from] item: Leftovers
|upkeep
|turn|54
|
|t:|1729257178
|move|p1a: Dutrio|Earthquake|p2a: Blissey
|-damage|p2a: Blissey|17/100
|move|p2a: Blissey|Soft-Boiled|p2a: Blissey
|-heal|p2a: Blissey|67/100
|
|-heal|p2a: Blissey|73/100|[from] item: Leftovers
|upkeep
|turn|55
|
|t:|1729257180
|move|p1a: Dutrio|Earthquake|p2a: Blissey
|-damage|p2a: Blissey|26/100
|move|p2a: Blissey|Soft-Boiled|p2a: Blissey
|-heal|p2a: Blissey|76/100
|
|-heal|p2a: Blissey|82/100|[from] item: Leftovers
|upkeep
|turn|56
|
|t:|1729257182
|move|p1a: Dutrio|Earthquake|p2a: Blissey
|-damage|p2a: Blissey|31/100
|move|p2a: Blissey|Soft-Boiled|p2a: Blissey
|-heal|p2a: Blissey|81/100
|
|-heal|p2a: Blissey|87/100|[from] item: Leftovers
|upkeep
|turn|57
|
|t:|1729257184
|move|p1a: Dutrio|Earthquake|p2a: Blissey
|-damage|p2a: Blissey|34/100
|move|p2a: Blissey|Soft-Boiled|p2a: Blissey
|-heal|p2a: Blissey|84/100
|
|-heal|p2a: Blissey|90/100|[from] item: Leftovers
|upkeep
|turn|58
|
|t:|1729257187
|move|p1a: Dutrio|Earthquake|p2a: Blissey
|-crit|p2a: Blissey
|-damage|p2a: Blissey|0 fnt
|faint|p2a: Blissey
|
|t:|1729257202
|switch|p2a: Celebi|Celebi|87/100
|
|-heal|p2a: Celebi|93/100|[from] item: Leftovers
|upkeep
|turn|59
|
|t:|1729257211
|switch|p1a: Jrachi|Jirachi|88/100
|-damage|p1a: Jrachi|76/100|[from] Spikes
|move|p2a: Celebi|Leech Seed|p1a: Jrachi
|-start|p1a: Jrachi|move: Leech Seed
|
|-heal|p2a: Celebi|99/100|[from] item: Leftovers
|-heal|p1a: Jrachi|82/100|[from] item: Leftovers
|-damage|p1a: Jrachi|70/100|[from] Leech Seed|[of] p2a: Celebi
|-heal|p2a: Celebi|100/100|[silent]
|upkeep
|turn|60
|
|t:|1729257220
|move|p2a: Celebi|Perish Song|p2a: Celebi
|-start|p1a: Jrachi|perish3|[silent]
|-start|p2a: Celebi|perish3|[silent]
|-fieldactivate|move: Perish Song
|move|p1a: Jrachi|Wish|p1a: Jrachi
|
|-heal|p1a: Jrachi|76/100|[from] item: Leftovers
|-damage|p1a: Jrachi|63/100|[from] Leech Seed|[of] p2a: Celebi
|-start|p2a: Celebi|perish3
|-start|p1a: Jrachi|perish3
|upkeep
|turn|61
|
|t:|1729257235
|switch|p2a: Aerodactyl|Aerodactyl, M|100/100
|switch|p1a: Heracros|Heracross, M, shiny|51/100
|-damage|p1a: Heracros|38/100|[from] Spikes
|
|-heal|p1a: Heracros|88/100|[from] move: Wish|[wisher] Jrachi
|upkeep
|turn|62
|inactive|rezzo64 has 270 seconds left.
|
|t:|1729257272
|switch|p2a: Skarmory|Skarmory, F|75/100
|switch|p1a: Jrachi|Jirachi|63/100
|-damage|p1a: Jrachi|51/100|[from] Spikes
|
|-heal|p1a: Jrachi|57/100|[from] item: Leftovers
|-heal|p2a: Skarmory|81/100|[from] item: Leftovers
|upkeep
|turn|63
|inactive|rezzo64 has 270 seconds left.
|
|t:|1729257278
|move|p1a: Jrachi|Wish|p1a: Jrachi
|move|p2a: Skarmory|Spikes|p1a: Jrachi
|-sidestart|p1: CostcoCustomer|Spikes
|
|-heal|p1a: Jrachi|63/100|[from] item: Leftovers
|-heal|p2a: Skarmory|87/100|[from] item: Leftovers
|upkeep
|turn|64
|
|t:|1729257286
|move|p1a: Jrachi|Fire Punch|p2a: Skarmory
|-supereffective|p2a: Skarmory
|-damage|p2a: Skarmory|54/100
|move|p2a: Skarmory|Roar|p1a: Jrachi
|drag|p1a: Kindra|Kingdra, F|100/100
|-damage|p1a: Kindra|84/100|[from] Spikes
|
|-heal|p1a: Kindra|100/100|[from] move: Wish|[wisher] Jrachi
|-heal|p2a: Skarmory|60/100|[from] item: Leftovers
|upkeep
|turn|65
|
|t:|1729257295
|move|p1a: Kindra|Rain Dance|p1a: Kindra
|-weather|RainDance
|move|p2a: Skarmory|Roar|p1a: Kindra
|drag|p1a: Dutrio|Dugtrio, F|88/100
|-damage|p1a: Dutrio|72/100|[from] Spikes
|
|-weather|RainDance|[upkeep]
|-heal|p2a: Skarmory|66/100|[from] item: Leftovers
|upkeep
|turn|66
|
|t:|1729257302
|move|p1a: Dutrio|Rock Slide|p2a: Skarmory
|-damage|p2a: Skarmory|45/100
|move|p2a: Skarmory|Spikes|p1a: Dutrio
|-sidestart|p1: CostcoCustomer|Spikes
|
|-weather|RainDance|[upkeep]
|-heal|p2a: Skarmory|51/100|[from] item: Leftovers
|upkeep
|turn|67
|
|t:|1729257308
|move|p2a: Skarmory|Protect|p2a: Skarmory
|-singleturn|p2a: Skarmory|Protect
|move|p1a: Dutrio|Rock Slide|p2a: Skarmory
|-activate|p2a: Skarmory|Protect
|
|-weather|RainDance|[upkeep]
|-heal|p2a: Skarmory|57/100|[from] item: Leftovers
|upkeep
|turn|68
|
|t:|1729257318
|switch|p1a: Zados|Zapdos|100/100
|move|p2a: Skarmory|Drill Peck|p1a: Zados
|-resisted|p1a: Zados
|-damage|p1a: Zados|87/100
|
|-weather|RainDance|[upkeep]
|-heal|p1a: Zados|93/100|[from] item: Leftovers
|-heal|p2a: Skarmory|63/100|[from] item: Leftovers
|upkeep
|turn|69
|
|t:|1729257328
|move|p2a: Skarmory|Protect|p2a: Skarmory
|-singleturn|p2a: Skarmory|Protect
|move|p1a: Zados|Baton Pass|p1a: Zados
|
|t:|1729257332
|switch|p1a: Jrachi|Jirachi|63/100|[from] Baton Pass
|-damage|p1a: Jrachi|38/100|[from] Spikes
|
|-weather|none
|-heal|p1a: Jrachi|45/100|[from] item: Leftovers
|-heal|p2a: Skarmory|69/100|[from] item: Leftovers
|upkeep
|turn|70
|
|t:|1729257360
|move|p1a: Jrachi|Protect|p1a: Jrachi
|-singleturn|p1a: Jrachi|Protect
|move|p2a: Skarmory|Roar|p1a: Jrachi
|-activate|p1a: Jrachi|Protect
|
|-heal|p1a: Jrachi|51/100|[from] item: Leftovers
|-heal|p2a: Skarmory|75/100|[from] item: Leftovers
|upkeep
|turn|71
|
|t:|1729257371
|move|p1a: Jrachi|Body Slam|p2a: Skarmory
|-resisted|p2a: Skarmory
|-damage|p2a: Skarmory|67/100
|move|p2a: Skarmory|Roar|p1a: Jrachi
|drag|p1a: Zados|Zapdos|93/100
|
|-heal|p1a: Zados|99/100|[from] item: Leftovers
|-heal|p2a: Skarmory|73/100|[from] item: Leftovers
|upkeep
|turn|72
|
|t:|1729257385
|switch|p2a: Swampert|Swampert, M|100/100
|move|p1a: Zados|Thunderbolt|p2a: Swampert
|-immune|p2a: Swampert
|
|-heal|p1a: Zados|100/100|[from] item: Leftovers
|upkeep
|turn|73
|inactive|rezzo64 has 270 seconds left.
|inactive|rezzo64 has 240 seconds left.
|
|t:|1729257451
|move|p1a: Zados|Hidden Power|p2a: Swampert
|-damage|p2a: Swampert|79/100
|move|p2a: Swampert|Curse|p2a: Swampert
|-unboost|p2a: Swampert|spe|1
|-boost|p2a: Swampert|atk|1
|-boost|p2a: Swampert|def|1
|
|-heal|p2a: Swampert|85/100|[from] item: Leftovers
|upkeep
|turn|74
|
|t:|1729257460
|move|p1a: Zados|Hidden Power|p2a: Swampert
|-damage|p2a: Swampert|63/100
|move|p2a: Swampert|Ice Beam|p1a: Zados
|-supereffective|p1a: Zados
|-damage|p1a: Zados|58/100
|-status|p1a: Zados|frz
|
|-heal|p1a: Zados|64/100 frz|[from] item: Leftovers
|-heal|p2a: Swampert|69/100|[from] item: Leftovers
|upkeep
|turn|75
|inactive|rezzo64 has 240 seconds left.
|
|t:|1729257469
|switch|p1a: Kindra|Kingdra, F|100/100
|-damage|p1a: Kindra|76/100|[from] Spikes
|move|p2a: Swampert|Curse|p2a: Swampert
|-unboost|p2a: Swampert|spe|1
|-boost|p2a: Swampert|atk|1
|-boost|p2a: Swampert|def|1
|
|-heal|p1a: Kindra|82/100|[from] item: Leftovers
|-heal|p2a: Swampert|75/100|[from] item: Leftovers
|upkeep
|turn|76
|
|t:|1729257478
|move|p1a: Kindra|Hidden Power|p2a: Swampert
|-supereffective|p2a: Swampert
|-damage|p2a: Swampert|0 fnt
|faint|p2a: Swampert
|inactive|rezzo64 has 240 seconds left.
|
|t:|1729257493
|switch|p2a: Skarmory|Skarmory, F|73/100
|
|-heal|p1a: Kindra|88/100|[from] item: Leftovers
|-heal|p2a: Skarmory|79/100|[from] item: Leftovers
|upkeep
|turn|77
|
|t:|1729257497
|move|p1a: Kindra|Surf|p2a: Skarmory
|-damage|p2a: Skarmory|36/100
|move|p2a: Skarmory|Roar|p1a: Kindra
|drag|p1a: Dutrio|Dugtrio, F|72/100
|-damage|p1a: Dutrio|47/100|[from] Spikes
|
|-heal|p2a: Skarmory|42/100|[from] item: Leftovers
|upkeep
|turn|78
|
|t:|1729257508
|move|p1a: Dutrio|Rock Slide|p2a: Skarmory
|-damage|p2a: Skarmory|19/100
|move|p2a: Skarmory|Drill Peck|p1a: Dutrio
|-damage|p1a: Dutrio|0 fnt
|faint|p1a: Dutrio
|
|t:|1729257512
|switch|p1a: Kindra|Kingdra, F|88/100
|-damage|p1a: Kindra|63/100|[from] Spikes
|
|-heal|p1a: Kindra|70/100|[from] item: Leftovers
|-heal|p2a: Skarmory|25/100|[from] item: Leftovers
|upkeep
|turn|79
|
|t:|1729257518
|move|p1a: Kindra|Surf|p2a: Skarmory
|-damage|p2a: Skarmory|0 fnt
|faint|p2a: Skarmory
|inactive|rezzo64 has 240 seconds left.
|inactive|rezzo64 has 210 seconds left.
|
|t:|1729257604
|switch|p2a: Celebi|Celebi|100/100
|
|-heal|p1a: Kindra|76/100|[from] item: Leftovers
|upkeep
|turn|80
|
|t:|1729257619
|switch|p1a: Zados|Zapdos|64/100 frz
|move|p2a: Celebi|Leech Seed|p1a: Zados
|-start|p1a: Zados|move: Leech Seed
|
|-heal|p1a: Zados|70/100 frz|[from] item: Leftovers
|-damage|p1a: Zados|58/100 frz|[from] Leech Seed|[of] p2a: Celebi
|upkeep
|turn|81
|
|t:|1729257629
|switch|p2a: Aerodactyl|Aerodactyl, M|100/100
|-curestatus|p1a: Zados|frz|[msg]
|move|p1a: Zados|Thunder Wave|p2a: Aerodactyl
|-status|p2a: Aerodactyl|par
|
|-heal|p1a: Zados|64/100|[from] item: Leftovers
|-damage|p1a: Zados|52/100|[from] Leech Seed|[of] p2a: Aerodactyl
|upkeep
|turn|82
|
|t:|1729257644
|move|p1a: Zados|Thunderbolt|p2a: Aerodactyl
|-supereffective|p2a: Aerodactyl
|-damage|p2a: Aerodactyl|0 fnt
|faint|p2a: Aerodactyl
|
|t:|1729257646
|switch|p2a: Celebi|Celebi|100/100
|
|-heal|p1a: Zados|58/100|[from] item: Leftovers
|-damage|p1a: Zados|45/100|[from] Leech Seed|[of] p2a: Celebi
|upkeep
|turn|83
|
|t:|1729257652
|move|p1a: Zados|Thunder Wave|p2a: Celebi
|-status|p2a: Celebi|par
|move|p2a: Celebi|Hidden Power|p1a: Zados
|-resisted|p1a: Zados
|-damage|p1a: Zados|33/100
|
|-heal|p1a: Zados|39/100|[from] item: Leftovers
|-damage|p1a: Zados|26/100|[from] Leech Seed|[of] p2a: Celebi
|upkeep
|turn|84
|
|t:|1729257659
|move|p1a: Zados|Hidden Power|p2a: Celebi
|-supereffective|p2a: Celebi
|-damage|p2a: Celebi|60/100 par
|move|p2a: Celebi|Hidden Power|p1a: Zados
|-resisted|p1a: Zados
|-damage|p1a: Zados|13/100
|
|-heal|p1a: Zados|19/100|[from] item: Leftovers
|-damage|p1a: Zados|7/100|[from] Leech Seed|[of] p2a: Celebi
|-heal|p2a: Celebi|70/100 par|[silent]
|-heal|p2a: Celebi|76/100 par|[from] item: Leftovers
|upkeep
|turn|85
|
|t:|1729257668
|move|p1a: Zados|Hidden Power|p2a: Celebi
|-supereffective|p2a: Celebi
|-damage|p2a: Celebi|38/100 par
|move|p2a: Celebi|Hidden Power|p1a: Zados
|-resisted|p1a: Zados
|-crit|p1a: Zados
|-damage|p1a: Zados|0 fnt
|faint|p1a: Zados
|
|t:|1729257673
|switch|p1a: Kindra|Kingdra, F|76/100
|-damage|p1a: Kindra|51/100|[from] Spikes
|
|-heal|p1a: Kindra|57/100|[from] item: Leftovers
|-heal|p2a: Celebi|44/100 par|[from] item: Leftovers
|upkeep
|turn|86
|
|t:|1729257677
|move|p1a: Kindra|Ice Beam|p2a: Celebi
|-supereffective|p2a: Celebi
|-damage|p2a: Celebi|0 fnt
|faint|p2a: Celebi
|
|win|CostcoCustomer
|c|☆CostcoCustomer|gg
|c|☆rezzo64|gg

</script>
<script type="application/json" class="data" id="replaydata-smogtours-gen3ou-799489">
{"id":"smogtours-gen3ou-799489","format":"[Gen 3] OU","players":["CostcoCustomer","rezzo64"],"uploadtime":1729257677,"views":91,"formatid":"gen3ou","rating":null,"private":0,"password":null}
</script>

<script defer src="js/replays.js?9d40a366"></script>
