<!DOCTYPE html>
<meta charset="utf-8" />
<meta name="viewport" content="width=device-width" />

<title>[Gen 3] OU: fayestra vs. KeshBa45 - Replays - Pok&eacute;mon Showdown!</title>

<meta name="description" content="Watch a replay of a Pok&eacute;mon battle between fayestra and KeshBa45! Format: [Gen 3] OU; Date: Oct 12, 2024" />
<!--

Hey, you! Looking in the source for the replay log?

You can find them in JSON format, just add `.json` at the end of a replay URL.

https://replay.pokemonshowdown.com/gen7randomdoublesbattle-865046831.json

Or, if you only need the log itself, add `.log` instead:

https://replay.pokemonshowdown.com/gen7randomdoublesbattle-865046831.log

-->

<link rel="stylesheet" href="//pokemonshowdown.com/style/global.css?0.767286132409787" />
<link rel="stylesheet" href="//play.pokemonshowdown.com/style/font-awesome.css?0.9266228007934947" />
<link rel="stylesheet" href="//play.pokemonshowdown.com/style/battle.css?0.7924700842790926" />
<link rel="stylesheet" href="//play.pokemonshowdown.com/style/utilichart.css?0.8777417872839479" />

<!-- Global site tag (gtag.js) - Google Analytics -->
<script async src="https://www.googletagmanager.com/gtag/js?id=UA-26211653-1"></script>
<script>
  window.dataLayer = window.dataLayer || [];
  function gtag(){dataLayer.push(arguments);}
  gtag('js', new Date());

  gtag('config', 'UA-26211653-1');
</script>
<!-- End Google Analytics -->
<!-- Venatus Ad Manager - Install in <HEAD> of page -->
	<script src="https://hb.vntsm.com/v3/live/ad-manager.min.js" type="text/javascript" data-site-id="642aba63ec9a7b11c3c9c1be" data-mode="scan" async></script>
<!-- / Venatus Ad Manager -->

<style>
	@media (max-width:820px) {
		.battle {
			margin: 0 auto;
		}
		.battle-log {
			margin: 7px auto 0;
			max-width: 640px;
			height: 300px;
			position: static;
		}
	}
	.optgroup {
		display: inline-block;
		line-height: 22px;
		font-size: 10pt;
	}
	.optgroup .button {
		height: 25px;
		padding-top: 0;
		padding-bottom: 0;
	}
	.optgroup button.button {
		padding-left: 12px;
		padding-right: 12px;
	}
	.linklist {
		list-style: none;
		margin: 0.5em 0;
		padding: 0;
	}
	.linklist li {
		padding: 2px 0;
	}
	.sidebar {
		float: left;
		width: 320px;
	}
	.bar-wrapper {
		max-width: 1100px;
		margin: 0 auto;
	}
	.bar-wrapper.has-sidebar {
		max-width: 1430px;
	}
	.mainbar {
		margin: 0;
		padding-right: 1px;
	}
	.mainbar.has-sidebar {
		margin-left: 330px;
	}
	@media (min-width: 1511px) {
		.sidebar {
			width: 400px;
		}
		.bar-wrapper.has-sidebar {
			max-width: 1510px;
		}
		.mainbar.has-sidebar {
			margin-left: 410px;
		}
	}
	.section.first-section {
		margin-top: 9px;
	}
	.blocklink small {
		white-space: normal;
	}
	.button {
		vertical-align: middle;
	}
	.replay-controls {
		padding-top: 10px;
	}
	.replay-controls h1 {
		font-size: 16pt;
		font-weight: normal;
		color: #CCC;
	}
	.pagelink {
		text-align: center;
	}
	.pagelink a {
		width: 150px;
	}
	.textbox, .button {
		font-size: 11pt;
		vertical-align: middle;
	}
	@media (max-width: 450px) {
		.button {
			font-size: 9pt;
		}
	}
</style>

<div>

	<header>
		<div class="nav-wrapper"><ul class="nav">
			<li><a class="button nav-first" href="//pokemonshowdown.com/"><img src="//pokemonshowdown.com/images/pokemonshowdownbeta.png" srcset="//pokemonshowdown.com/images/pokemonshowdownbeta.png 1x, //pokemonshowdown.com/images/pokemonshowdownbeta@2x.png 2x" alt="Pok&eacute;mon Showdown" width="146" height="44" /> Home</a></li>
			<li><a class="button" href="//pokemonshowdown.com/dex/">Pok&eacute;dex</a></li>
			<li><a class="button cur" href="/">Replays</a></li>
			<li><a class="button" href="//pokemonshowdown.com/ladder/">Ladder</a></li>
			<li><a class="button nav-last" href="//pokemonshowdown.com/forums/">Forum</a></li>
			<li><a class="button greenbutton nav-first nav-last" href="//play.pokemonshowdown.com/">Play</a></li>
		</ul></div>
	</header>

	<div class="main" id="main">

		<noscript><section class="section">You need to enable JavaScript to use this page; sorry!</section></noscript>

	</div>

</div>

<script defer nomodule src="//play.pokemonshowdown.com/js/lib/ps-polyfill.js"></script>
<script defer src="//play.pokemonshowdown.com/js/lib/preact.min.js"></script>

<script defer src="//play.pokemonshowdown.com/config/config.js?6dec07f6"></script>
<script defer src="//play.pokemonshowdown.com/js/lib/jquery-1.11.0.min.js"></script>
<script defer src="//play.pokemonshowdown.com/js/lib/html-sanitizer-minified.js"></script>
<script defer src="//play.pokemonshowdown.com/js/battle-sound.js"></script>
<script defer src="//play.pokemonshowdown.com/js/battledata.js?0.6315294753075389"></script>
<script defer src="//play.pokemonshowdown.com/data/pokedex-mini.js?0.7603743185311358"></script>
<script defer src="//play.pokemonshowdown.com/data/pokedex-mini-bw.js?0.030888842834281283"></script>
<script defer src="//play.pokemonshowdown.com/data/graphics.js?0.05593094747507488"></script>
<script defer src="//play.pokemonshowdown.com/data/pokedex.js?0.47064822249611904"></script>
<script defer src="//play.pokemonshowdown.com/data/moves.js?0.8583693120512459"></script>
<script defer src="//play.pokemonshowdown.com/data/abilities.js?0.16017181182386842"></script>
<script defer src="//play.pokemonshowdown.com/data/items.js?0.4163379185673943"></script>
<script defer src="//play.pokemonshowdown.com/data/teambuilder-tables.js?0.31075597372830477"></script>
<script defer src="//play.pokemonshowdown.com/js/battle-tooltips.js?0.6536193500708172"></script>
<script defer src="//play.pokemonshowdown.com/js/battle.js?0.1916591943277901"></script>

<script defer src="js/utils.js?e31f9a17"></script>
<script defer src="js/replays-battle.js?7008c182"></script>

<!-- don't scrape this data! just add .json or .log after the URL!
Full API docs: https://github.com/smogon/pokemon-showdown-client/blob/master/WEB-API.md -->
<script type="text/plain" class="log" id="replaylog-gen3ou-2221518195-h58754bxhi7v41th1css0musepaq3d6pw">
|j|☆fayestra
|j|☆KeshBa45
|t:|1728754775
|gametype|singles
|player|p1|fayestra|acetrainerf-gen6|
|player|p2|KeshBa45|#wcop2024africa2|
|teamsize|p1|6
|teamsize|p2|6
|gen|3
|tier|[Gen 3] OU
|rule|Sleep Clause Mod: Limit one foe put to sleep
|rule|Switch Priority Clause Mod: Faster Pokémon switch first
|rule|Species Clause: Limit one of each Pokémon
|rule|OHKO Clause: OHKO moves are banned
|rule|Evasion Items Clause: Evasion items are banned
|rule|Evasion Moves Clause: Evasion moves are banned
|rule|Endless Battle Clause: Forcing endless battles is banned
|rule|HP Percentage Mod: HP is shown in percentages
|rule|One Boost Passer Clause: Limit one Baton Passer that has a way to boost its stats
|rule|Freeze Clause Mod: Limit one foe frozen
|
|t:|1728754775
|start
|switch|p1a: wikipedia.org/jum|Salamence, M|100/100
|switch|p2a: Zapdos|Zapdos|100/100
|-ability|p1a: wikipedia.org/jum|Intimidate|boost
|-unboost|p2a: Zapdos|atk|1
|turn|1
|c|☆KeshBa45|Hf
|c|☆fayestra|u2
|
|t:|1728754808
|switch|p1a: jump & pop???|Snorlax, M|100/100
|move|p2a: Zapdos|Thunderbolt|p1a: jump & pop???
|-damage|p1a: jump & pop???|76/100
|
|-heal|p1a: jump & pop???|82/100|[from] item: Leftovers
|upkeep
|turn|2
|
|t:|1728754815
|move|p2a: Zapdos|Baton Pass|p2a: Zapdos
|
|t:|1728754817
|switch|p2a: Celebi|Celebi|100/100|[from] Baton Pass
|move|p1a: jump & pop???|Curse|p1a: jump & pop???
|-unboost|p1a: jump & pop???|spe|1
|-boost|p1a: jump & pop???|atk|1
|-boost|p1a: jump & pop???|def|1
|
|-heal|p1a: jump & pop???|88/100|[from] item: Leftovers
|upkeep
|turn|3
|
|t:|1728754830
|switch|p1a: wikipedia.org/jum|Salamence, M|100/100
|-ability|p1a: wikipedia.org/jum|Intimidate|boost
|-unboost|p2a: Celebi|atk|1
|move|p2a: Celebi|Leech Seed|p1a: wikipedia.org/jum
|-start|p1a: wikipedia.org/jum|move: Leech Seed
|
|-damage|p1a: wikipedia.org/jum|88/100|[from] Leech Seed|[of] p2a: Celebi
|upkeep
|turn|4
|
|t:|1728754835
|switch|p2a: Tyranitar|Tyranitar, M|100/100
|-weather|Sandstorm|[from] ability: Sand Stream|[of] p2a: Tyranitar
|move|p1a: wikipedia.org/jum|Hidden Power|p2a: Tyranitar
|-resisted|p2a: Tyranitar
|-damage|p2a: Tyranitar|85/100
|
|-weather|Sandstorm|[upkeep]
|-damage|p1a: wikipedia.org/jum|82/100|[from] Sandstorm
|-heal|p1a: wikipedia.org/jum|88/100|[from] item: Leftovers
|-damage|p1a: wikipedia.org/jum|76/100|[from] Leech Seed|[of] p2a: Tyranitar
|-heal|p2a: Tyranitar|96/100|[silent]
|-heal|p2a: Tyranitar|100/100|[from] item: Leftovers
|upkeep
|turn|5
|
|t:|1728754841
|-singleturn|p2a: Tyranitar|move: Focus Punch
|switch|p1a: play in da mud|Swampert, F|100/100
|move|p2a: Tyranitar|Focus Punch|p1a: play in da mud
|-damage|p1a: play in da mud|57/100
|
|-weather|Sandstorm|[upkeep]
|-heal|p1a: play in da mud|63/100|[from] item: Leftovers
|upkeep
|turn|6
|
|t:|1728754851
|switch|p2a: Celebi|Celebi|100/100
|move|p1a: play in da mud|Toxic|p2a: Celebi|[miss]
|-miss|p1a: play in da mud|p2a: Celebi
|
|-weather|Sandstorm|[upkeep]
|-damage|p2a: Celebi|94/100|[from] Sandstorm
|-heal|p2a: Celebi|100/100|[from] item: Leftovers
|-heal|p1a: play in da mud|69/100|[from] item: Leftovers
|upkeep
|turn|7
|
|t:|1728754858
|switch|p1a: waiter wisplease!|Umbreon, M|100/100
|move|p2a: Celebi|Leech Seed|p1a: waiter wisplease!
|-start|p1a: waiter wisplease!|move: Leech Seed
|
|-weather|Sandstorm|[upkeep]
|-damage|p2a: Celebi|94/100|[from] Sandstorm
|-damage|p1a: waiter wisplease!|94/100|[from] Sandstorm
|-heal|p2a: Celebi|100/100|[from] item: Leftovers
|-heal|p1a: waiter wisplease!|100/100|[from] item: Leftovers
|-damage|p1a: waiter wisplease!|88/100|[from] Leech Seed|[of] p2a: Celebi
|upkeep
|turn|8
|j| I'm the Dome Ace
|inactive|Battle timer is ON: inactive players will automatically lose when time's up. (requested by fayestra)
|inactive|KeshBa45 has 270 seconds left.
|
|t:|1728754958
|move|p2a: Celebi|Baton Pass|p2a: Celebi
|
|t:|1728754968
|switch|p2a: Tyranitar|Tyranitar, M|100/100|[from] Baton Pass
|move|p1a: waiter wisplease!|Wish|p1a: waiter wisplease!
|
|-weather|Sandstorm|[upkeep]
|-damage|p1a: waiter wisplease!|82/100|[from] Sandstorm
|-heal|p1a: waiter wisplease!|88/100|[from] item: Leftovers
|-damage|p1a: waiter wisplease!|76/100|[from] Leech Seed|[of] p2a: Tyranitar
|upkeep
|turn|9
|
|t:|1728754978
|-singleturn|p2a: Tyranitar|move: Focus Punch
|switch|p1a: play in da mud|Swampert, F|69/100
|move|p2a: Tyranitar|Focus Punch|p1a: play in da mud
|-damage|p1a: play in da mud|32/100
|
|-heal|p1a: play in da mud|82/100|[from] move: Wish|[wisher] waiter wisplease!
|-weather|Sandstorm|[upkeep]
|-heal|p1a: play in da mud|88/100|[from] item: Leftovers
|upkeep
|turn|10
|
|t:|1728754989
|switch|p1a: wikipedia.org/jum|Salamence, M|76/100
|-ability|p1a: wikipedia.org/jum|Intimidate|boost
|-unboost|p2a: Tyranitar|atk|1
|switch|p2a: Celebi|Celebi|100/100
|
|-weather|Sandstorm|[upkeep]
|-damage|p1a: wikipedia.org/jum|69/100|[from] Sandstorm
|-damage|p2a: Celebi|94/100|[from] Sandstorm
|-heal|p1a: wikipedia.org/jum|76/100|[from] item: Leftovers
|-heal|p2a: Celebi|100/100|[from] item: Leftovers
|upkeep
|turn|11
|
|t:|1728754998
|switch|p2a: Swampert|Swampert, F|100/100
|move|p1a: wikipedia.org/jum|Hidden Power|p2a: Swampert
|-damage|p2a: Swampert|75/100
|
|-weather|Sandstorm|[upkeep]
|-damage|p1a: wikipedia.org/jum|69/100|[from] Sandstorm
|-heal|p1a: wikipedia.org/jum|76/100|[from] item: Leftovers
|-heal|p2a: Swampert|81/100|[from] item: Leftovers
|upkeep
|turn|12
|
|t:|1728755010
|switch|p1a: sieve or salad|Celebi|100/100
|switch|p2a: Tyranitar|Tyranitar, M|100/100
|
|-weather|Sandstorm|[upkeep]
|-damage|p1a: sieve or salad|94/100|[from] Sandstorm
|-heal|p1a: sieve or salad|100/100|[from] item: Leftovers
|upkeep
|turn|13
|
|t:|1728755026
|switch|p1a: wikipedia.org/jum|Salamence, M|76/100
|-ability|p1a: wikipedia.org/jum|Intimidate|boost
|-unboost|p2a: Tyranitar|atk|1
|move|p2a: Tyranitar|Hidden Power|p1a: wikipedia.org/jum
|-resisted|p1a: wikipedia.org/jum
|-damage|p1a: wikipedia.org/jum|65/100
|
|-weather|Sandstorm|[upkeep]
|-damage|p1a: wikipedia.org/jum|59/100|[from] Sandstorm
|-heal|p1a: wikipedia.org/jum|65/100|[from] item: Leftovers
|upkeep
|turn|14
|
|t:|1728755034
|switch|p2a: Swampert|Swampert, F|81/100
|move|p1a: wikipedia.org/jum|Brick Break|p2a: Swampert
|-damage|p2a: Swampert|64/100
|
|-weather|Sandstorm|[upkeep]
|-damage|p1a: wikipedia.org/jum|59/100|[from] Sandstorm
|-heal|p1a: wikipedia.org/jum|65/100|[from] item: Leftovers
|-heal|p2a: Swampert|70/100|[from] item: Leftovers
|upkeep
|turn|15
|
|t:|1728755039
|switch|p1a: sieve or salad|Celebi|100/100
|move|p2a: Swampert|Ice Beam|p1a: sieve or salad
|-supereffective|p1a: sieve or salad
|-crit|p1a: sieve or salad
|-damage|p1a: sieve or salad|40/100
|
|-weather|Sandstorm|[upkeep]
|-damage|p1a: sieve or salad|34/100|[from] Sandstorm
|-heal|p1a: sieve or salad|40/100|[from] item: Leftovers
|-heal|p2a: Swampert|76/100|[from] item: Leftovers
|upkeep
|turn|16
|
|t:|1728755055
|switch|p2a: Dugtrio|Dugtrio, F|100/100
|move|p1a: sieve or salad|Recover|p1a: sieve or salad
|-heal|p1a: sieve or salad|90/100
|
|-weather|Sandstorm|[upkeep]
|-damage|p1a: sieve or salad|84/100|[from] Sandstorm
|-heal|p1a: sieve or salad|90/100|[from] item: Leftovers
|upkeep
|turn|17
|
|t:|1728755059
|move|p2a: Dugtrio|Hidden Power|p1a: sieve or salad
|-supereffective|p1a: sieve or salad
|-damage|p1a: sieve or salad|14/100
|move|p1a: sieve or salad|Hidden Power|p2a: Dugtrio
|-supereffective|p2a: Dugtrio
|-damage|p2a: Dugtrio|10/100
|
|-weather|Sandstorm|[upkeep]
|-damage|p1a: sieve or salad|8/100|[from] Sandstorm
|-heal|p1a: sieve or salad|14/100|[from] item: Leftovers
|upkeep
|turn|18
|
|t:|1728755065
|move|p2a: Dugtrio|Hidden Power|p1a: sieve or salad
|-supereffective|p1a: sieve or salad
|-damage|p1a: sieve or salad|0 fnt
|faint|p1a: sieve or salad
|
|t:|1728755075
|switch|p1a: crotons|Forretress, M|100/100
|
|-weather|Sandstorm|[upkeep]
|upkeep
|turn|19
|
|t:|1728755083
|switch|p2a: Zapdos|Zapdos|100/100
|move|p1a: crotons|Spikes|p2a: Zapdos
|-sidestart|p2: KeshBa45|Spikes
|
|-weather|Sandstorm|[upkeep]
|-damage|p2a: Zapdos|94/100|[from] Sandstorm
|-heal|p2a: Zapdos|100/100|[from] item: Leftovers
|upkeep
|turn|20
|
|t:|1728755090
|switch|p1a: jump & pop???|Snorlax, M|88/100
|move|p2a: Zapdos|Thunderbolt|p1a: jump & pop???
|-crit|p1a: jump & pop???
|-damage|p1a: jump & pop???|42/100
|
|-weather|Sandstorm|[upkeep]
|-damage|p2a: Zapdos|94/100|[from] Sandstorm
|-damage|p1a: jump & pop???|35/100|[from] Sandstorm
|-heal|p2a: Zapdos|100/100|[from] item: Leftovers
|-heal|p1a: jump & pop???|42/100|[from] item: Leftovers
|upkeep
|turn|21
|
|t:|1728755100
|switch|p1a: waiter wisplease!|Umbreon, M|76/100
|move|p2a: Zapdos|Baton Pass|p2a: Zapdos
|
|t:|1728755106
|switch|p2a: Tyranitar|Tyranitar, M|100/100|[from] Baton Pass
|-damage|p2a: Tyranitar|88/100|[from] Spikes
|
|-weather|Sandstorm|[upkeep]
|-damage|p1a: waiter wisplease!|70/100|[from] Sandstorm
|-heal|p1a: waiter wisplease!|76/100|[from] item: Leftovers
|-heal|p2a: Tyranitar|94/100|[from] item: Leftovers
|upkeep
|turn|22
|
|t:|1728755113
|-singleturn|p2a: Tyranitar|move: Focus Punch
|move|p1a: waiter wisplease!|Toxic|p2a: Tyranitar
|-status|p2a: Tyranitar|tox
|move|p2a: Tyranitar|Focus Punch|p1a: waiter wisplease!
|-supereffective|p1a: waiter wisplease!
|-damage|p1a: waiter wisplease!|0 fnt
|faint|p1a: waiter wisplease!
|
|t:|1728755124
|switch|p1a: wikipedia.org/jum|Salamence, M|65/100
|-ability|p1a: wikipedia.org/jum|Intimidate|boost
|-unboost|p2a: Tyranitar|atk|1
|
|-weather|Sandstorm|[upkeep]
|-damage|p1a: wikipedia.org/jum|59/100|[from] Sandstorm
|-heal|p1a: wikipedia.org/jum|65/100|[from] item: Leftovers
|-heal|p2a: Tyranitar|100/100 tox|[from] item: Leftovers
|-damage|p2a: Tyranitar|94/100 tox|[from] psn
|upkeep
|turn|23
|
|t:|1728755133
|switch|p2a: Dugtrio|Dugtrio, F|10/100
|-damage|p2a: Dugtrio|0 fnt|[from] Spikes
|faint|p2a: Dugtrio
|
|t:|1728755137
|switch|p2a: Starmie|Starmie|100/100
|-damage|p2a: Starmie|88/100|[from] Spikes
|
|-weather|Sandstorm|[upkeep]
|-damage|p2a: Starmie|82/100|[from] Sandstorm
|-damage|p1a: wikipedia.org/jum|59/100|[from] Sandstorm
|-heal|p2a: Starmie|88/100|[from] item: Leftovers
|-heal|p1a: wikipedia.org/jum|65/100|[from] item: Leftovers
|upkeep
|turn|24
|
|t:|1728755146
|switch|p1a: jump & pop???|Snorlax, M|42/100
|move|p2a: Starmie|Ice Beam|p1a: jump & pop???
|-damage|p1a: jump & pop???|34/100
|
|-weather|Sandstorm|[upkeep]
|-damage|p2a: Starmie|82/100|[from] Sandstorm
|-damage|p1a: jump & pop???|28/100|[from] Sandstorm
|-heal|p2a: Starmie|88/100|[from] item: Leftovers
|-heal|p1a: jump & pop???|34/100|[from] item: Leftovers
|upkeep
|turn|25
|
|t:|1728755155
|switch|p2a: Tyranitar|Tyranitar, M|94/100 tox
|-damage|p2a: Tyranitar|82/100 tox|[from] Spikes
|move|p1a: jump & pop???|Rest|p1a: jump & pop???
|-status|p1a: jump & pop???|slp|[from] move: Rest
|-heal|p1a: jump & pop???|100/100 slp|[silent]
|
|-weather|Sandstorm|[upkeep]
|-damage|p1a: jump & pop???|94/100 slp|[from] Sandstorm
|-heal|p2a: Tyranitar|88/100 tox|[from] item: Leftovers
|-damage|p2a: Tyranitar|82/100 tox|[from] psn
|-heal|p1a: jump & pop???|100/100 slp|[from] item: Leftovers
|upkeep
|turn|26
|
|t:|1728755173
|-singleturn|p2a: Tyranitar|move: Focus Punch
|switch|p1a: play in da mud|Swampert, F|88/100
|move|p2a: Tyranitar|Focus Punch|p1a: play in da mud
|-damage|p1a: play in da mud|46/100
|
|-weather|Sandstorm|[upkeep]
|-heal|p1a: play in da mud|52/100|[from] item: Leftovers
|-heal|p2a: Tyranitar|88/100 tox|[from] item: Leftovers
|-damage|p2a: Tyranitar|76/100 tox|[from] psn
|upkeep
|turn|27
|
|t:|1728755187
|switch|p2a: Celebi|Celebi|100/100
|-damage|p2a: Celebi|88/100|[from] Spikes
|move|p1a: play in da mud|Toxic|p2a: Celebi
|-status|p2a: Celebi|tox
|
|-weather|Sandstorm|[upkeep]
|-damage|p2a: Celebi|82/100 tox|[from] Sandstorm
|-heal|p2a: Celebi|88/100 tox|[from] item: Leftovers
|-damage|p2a: Celebi|82/100 tox|[from] psn
|-heal|p1a: play in da mud|58/100|[from] item: Leftovers
|upkeep
|turn|28
|
|t:|1728755202
|switch|p1a: wikipedia.org/jum|Salamence, M|65/100
|-ability|p1a: wikipedia.org/jum|Intimidate|boost
|-unboost|p2a: Celebi|atk|1
|move|p2a: Celebi|Leech Seed|p1a: wikipedia.org/jum
|-start|p1a: wikipedia.org/jum|move: Leech Seed
|
|-weather|Sandstorm|[upkeep]
|-damage|p1a: wikipedia.org/jum|59/100|[from] Sandstorm
|-damage|p2a: Celebi|76/100 tox|[from] Sandstorm
|-heal|p1a: wikipedia.org/jum|65/100|[from] item: Leftovers
|-damage|p1a: wikipedia.org/jum|53/100|[from] Leech Seed|[of] p2a: Celebi
|-heal|p2a: Celebi|87/100 tox|[silent]
|-heal|p2a: Celebi|93/100 tox|[from] item: Leftovers
|-damage|p2a: Celebi|80/100 tox|[from] psn
|upkeep
|turn|29
|
|t:|1728755207
|switch|p1a: crotons|Forretress, M|100/100
|move|p2a: Celebi|Baton Pass|p2a: Celebi
|
|t:|1728755210
|-curestatus|p2a: Celebi|tox|[from] ability: Natural Cure
|switch|p2a: Zapdos|Zapdos|100/100|[from] Baton Pass
|
|-weather|Sandstorm|[upkeep]
|-damage|p2a: Zapdos|94/100|[from] Sandstorm
|-heal|p2a: Zapdos|100/100|[from] item: Leftovers
|upkeep
|turn|30
|
|t:|1728755216
|switch|p1a: play in da mud|Swampert, F|58/100
|move|p2a: Zapdos|Thunderbolt|p1a: play in da mud
|-immune|p1a: play in da mud
|
|-weather|Sandstorm|[upkeep]
|-damage|p2a: Zapdos|94/100|[from] Sandstorm
|-heal|p2a: Zapdos|100/100|[from] item: Leftovers
|-heal|p1a: play in da mud|65/100|[from] item: Leftovers
|upkeep
|turn|31
|
|t:|1728755219
|move|p1a: play in da mud|Protect|p1a: play in da mud
|-singleturn|p1a: play in da mud|Protect
|move|p2a: Zapdos|Hidden Power|p1a: play in da mud
|-activate|p1a: play in da mud|Protect
|
|-weather|Sandstorm|[upkeep]
|-damage|p2a: Zapdos|94/100|[from] Sandstorm
|-heal|p2a: Zapdos|100/100|[from] item: Leftovers
|-heal|p1a: play in da mud|71/100|[from] item: Leftovers
|upkeep
|turn|32
|
|t:|1728755225
|switch|p1a: jump & pop???|Snorlax, M|100/100 slp
|move|p2a: Zapdos|Hidden Power|p1a: jump & pop???
|-crit|p1a: jump & pop???
|-damage|p1a: jump & pop???|75/100 slp
|
|-weather|Sandstorm|[upkeep]
|-damage|p2a: Zapdos|94/100|[from] Sandstorm
|-damage|p1a: jump & pop???|69/100 slp|[from] Sandstorm
|-heal|p2a: Zapdos|100/100|[from] item: Leftovers
|-heal|p1a: jump & pop???|75/100 slp|[from] item: Leftovers
|upkeep
|turn|33
|
|t:|1728755228
|move|p2a: Zapdos|Baton Pass|p2a: Zapdos
|
|t:|1728755230
|switch|p2a: Starmie|Starmie|88/100|[from] Baton Pass
|-damage|p2a: Starmie|76/100|[from] Spikes
|cant|p1a: jump & pop???|slp
|
|-weather|Sandstorm|[upkeep]
|-damage|p2a: Starmie|70/100|[from] Sandstorm
|-damage|p1a: jump & pop???|69/100 slp|[from] Sandstorm
|-heal|p2a: Starmie|76/100|[from] item: Leftovers
|-heal|p1a: jump & pop???|75/100 slp|[from] item: Leftovers
|upkeep
|turn|34
|
|t:|1728755234
|move|p2a: Starmie|Rapid Spin|p1a: jump & pop???
|-damage|p1a: jump & pop???|74/100 slp
|-sideend|p2: KeshBa45|Spikes|[from] move: Rapid Spin|[of] p2a: Starmie
|cant|p1a: jump & pop???|slp
|
|-weather|Sandstorm|[upkeep]
|-damage|p2a: Starmie|70/100|[from] Sandstorm
|-damage|p1a: jump & pop???|67/100 slp|[from] Sandstorm
|-heal|p2a: Starmie|76/100|[from] item: Leftovers
|-heal|p1a: jump & pop???|74/100 slp|[from] item: Leftovers
|upkeep
|turn|35
|
|t:|1728755238
|switch|p2a: Tyranitar|Tyranitar, M|76/100 tox
|-curestatus|p1a: jump & pop???|slp|[msg]
|move|p1a: jump & pop???|Curse|p1a: jump & pop???
|-unboost|p1a: jump & pop???|spe|1
|-boost|p1a: jump & pop???|atk|1
|-boost|p1a: jump & pop???|def|1
|
|-weather|Sandstorm|[upkeep]
|-damage|p1a: jump & pop???|67/100|[from] Sandstorm
|-heal|p2a: Tyranitar|82/100 tox|[from] item: Leftovers
|-damage|p2a: Tyranitar|76/100 tox|[from] psn
|-heal|p1a: jump & pop???|74/100|[from] item: Leftovers
|upkeep
|turn|36
|
|t:|1728755242
|move|p2a: Tyranitar|Rock Slide|p1a: jump & pop???
|-damage|p1a: jump & pop???|50/100
|cant|p1a: jump & pop???|flinch
|
|-weather|Sandstorm|[upkeep]
|-damage|p1a: jump & pop???|44/100|[from] Sandstorm
|-heal|p2a: Tyranitar|82/100 tox|[from] item: Leftovers
|-damage|p2a: Tyranitar|69/100 tox|[from] psn
|-heal|p1a: jump & pop???|50/100|[from] item: Leftovers
|upkeep
|turn|37
|
|t:|1728755247
|-singleturn|p2a: Tyranitar|move: Focus Punch
|move|p1a: jump & pop???|Earthquake|p2a: Tyranitar
|-supereffective|p2a: Tyranitar
|-damage|p2a: Tyranitar|3/100 tox
|move|p2a: Tyranitar|Focus Punch||[still]
|cant|p2a: Tyranitar|Focus Punch|Focus Punch
|
|-weather|Sandstorm|[upkeep]
|-damage|p1a: jump & pop???|44/100|[from] Sandstorm
|-heal|p2a: Tyranitar|10/100 tox|[from] item: Leftovers
|-damage|p2a: Tyranitar|0 fnt|[from] psn
|faint|p2a: Tyranitar
|-heal|p1a: jump & pop???|50/100|[from] item: Leftovers
|upkeep
|
|t:|1728755254
|switch|p2a: Celebi|Celebi|80/100
|turn|38
|
|t:|1728755258
|move|p2a: Celebi|Leech Seed|p1a: jump & pop???
|-start|p1a: jump & pop???|move: Leech Seed
|move|p1a: jump & pop???|Curse|p1a: jump & pop???
|-unboost|p1a: jump & pop???|spe|1
|-boost|p1a: jump & pop???|atk|1
|-boost|p1a: jump & pop???|def|1
|
|-weather|Sandstorm|[upkeep]
|-damage|p2a: Celebi|74/100|[from] Sandstorm
|-damage|p1a: jump & pop???|44/100|[from] Sandstorm
|-heal|p2a: Celebi|80/100|[from] item: Leftovers
|-heal|p1a: jump & pop???|50/100|[from] item: Leftovers
|-damage|p1a: jump & pop???|37/100|[from] Leech Seed|[of] p2a: Celebi
|-heal|p2a: Celebi|96/100|[silent]
|upkeep
|turn|39
|
|t:|1728755275
|move|p2a: Celebi|Baton Pass|p2a: Celebi
|
|t:|1728755279
|switch|p2a: Zapdos|Zapdos|100/100|[from] Baton Pass
|move|p1a: jump & pop???|Rest|p1a: jump & pop???
|-status|p1a: jump & pop???|slp|[from] move: Rest
|-heal|p1a: jump & pop???|100/100 slp|[silent]
|
|-weather|Sandstorm|[upkeep]
|-damage|p2a: Zapdos|94/100|[from] Sandstorm
|-damage|p1a: jump & pop???|94/100 slp|[from] Sandstorm
|-heal|p2a: Zapdos|100/100|[from] item: Leftovers
|-heal|p1a: jump & pop???|100/100 slp|[from] item: Leftovers
|-damage|p1a: jump & pop???|88/100 slp|[from] Leech Seed|[of] p2a: Zapdos
|upkeep
|turn|40
|
|t:|1728755285
|switch|p1a: crotons|Forretress, M|100/100
|move|p2a: Zapdos|Thunderbolt|p1a: crotons
|-damage|p1a: crotons|55/100
|
|-weather|Sandstorm|[upkeep]
|-damage|p2a: Zapdos|94/100|[from] Sandstorm
|-heal|p2a: Zapdos|100/100|[from] item: Leftovers
|-heal|p1a: crotons|61/100|[from] item: Leftovers
|upkeep
|turn|41
|
|t:|1728755298
|move|p2a: Zapdos|Baton Pass|p2a: Zapdos
|
|t:|1728755299
|switch|p2a: Swampert|Swampert, F|76/100|[from] Baton Pass
|move|p1a: crotons|Spikes|p2a: Swampert
|-sidestart|p2: KeshBa45|Spikes
|
|-weather|Sandstorm|[upkeep]
|-heal|p2a: Swampert|82/100|[from] item: Leftovers
|-heal|p1a: crotons|67/100|[from] item: Leftovers
|upkeep
|turn|42
|
|t:|1728755305
|switch|p1a: play in da mud|Swampert, F|71/100
|move|p2a: Swampert|Hydro Pump|p1a: play in da mud
|-damage|p1a: play in da mud|39/100
|
|-weather|Sandstorm|[upkeep]
|-heal|p1a: play in da mud|46/100|[from] item: Leftovers
|-heal|p2a: Swampert|88/100|[from] item: Leftovers
|upkeep
|turn|43
|
|t:|1728755314
|move|p2a: Swampert|Protect|p2a: Swampert
|-singleturn|p2a: Swampert|Protect
|move|p1a: play in da mud|Toxic|p2a: Swampert
|-activate|p2a: Swampert|Protect
|
|-weather|Sandstorm|[upkeep]
|-heal|p1a: play in da mud|52/100|[from] item: Leftovers
|-heal|p2a: Swampert|95/100|[from] item: Leftovers
|upkeep
|turn|44
|
|t:|1728755319
|switch|p2a: Celebi|Celebi|96/100
|-damage|p2a: Celebi|83/100|[from] Spikes
|move|p1a: play in da mud|Protect||[still]
|-fail|p1a: play in da mud
|
|-weather|Sandstorm|[upkeep]
|-damage|p2a: Celebi|77/100|[from] Sandstorm
|-heal|p2a: Celebi|83/100|[from] item: Leftovers
|-heal|p1a: play in da mud|58/100|[from] item: Leftovers
|upkeep
|turn|45
|
|t:|1728755324
|switch|p1a: wikipedia.org/jum|Salamence, M|53/100
|-ability|p1a: wikipedia.org/jum|Intimidate|boost
|-unboost|p2a: Celebi|atk|1
|move|p2a: Celebi|Leech Seed|p1a: wikipedia.org/jum
|-start|p1a: wikipedia.org/jum|move: Leech Seed
|
|-weather|Sandstorm|[upkeep]
|-damage|p1a: wikipedia.org/jum|46/100|[from] Sandstorm
|-damage|p2a: Celebi|77/100|[from] Sandstorm
|-heal|p1a: wikipedia.org/jum|53/100|[from] item: Leftovers
|-damage|p1a: wikipedia.org/jum|40/100|[from] Leech Seed|[of] p2a: Celebi
|-heal|p2a: Celebi|88/100|[silent]
|-heal|p2a: Celebi|94/100|[from] item: Leftovers
|upkeep
|turn|46
|
|t:|1728755330
|switch|p2a: Zapdos|Zapdos|100/100
|move|p1a: wikipedia.org/jum|Wish|p1a: wikipedia.org/jum
|
|-weather|Sandstorm|[upkeep]
|-damage|p2a: Zapdos|94/100|[from] Sandstorm
|-damage|p1a: wikipedia.org/jum|34/100|[from] Sandstorm
|-heal|p2a: Zapdos|100/100|[from] item: Leftovers
|-heal|p1a: wikipedia.org/jum|40/100|[from] item: Leftovers
|-damage|p1a: wikipedia.org/jum|28/100|[from] Leech Seed|[of] p2a: Zapdos
|upkeep
|turn|47
|
|t:|1728755338
|switch|p1a: jump & pop???|Snorlax, M|88/100 slp
|move|p2a: Zapdos|Hidden Power|p1a: jump & pop???
|-damage|p1a: jump & pop???|75/100 slp
|
|-heal|p1a: jump & pop???|100/100 slp|[from] move: Wish|[wisher] wikipedia.org/jum
|-weather|Sandstorm|[upkeep]
|-damage|p2a: Zapdos|94/100|[from] Sandstorm
|-damage|p1a: jump & pop???|94/100 slp|[from] Sandstorm
|-heal|p2a: Zapdos|100/100|[from] item: Leftovers
|-heal|p1a: jump & pop???|100/100 slp|[from] item: Leftovers
|upkeep
|turn|48
|
|t:|1728755342
|move|p2a: Zapdos|Thunderbolt|p1a: jump & pop???
|-damage|p1a: jump & pop???|75/100 slp
|cant|p1a: jump & pop???|slp
|
|-weather|Sandstorm|[upkeep]
|-damage|p2a: Zapdos|94/100|[from] Sandstorm
|-damage|p1a: jump & pop???|69/100 slp|[from] Sandstorm
|-heal|p2a: Zapdos|100/100|[from] item: Leftovers
|-heal|p1a: jump & pop???|75/100 slp|[from] item: Leftovers
|upkeep
|turn|49
|
|t:|1728755361
|switch|p2a: Celebi|Celebi|94/100
|-damage|p2a: Celebi|82/100|[from] Spikes
|cant|p1a: jump & pop???|slp
|
|-weather|Sandstorm|[upkeep]
|-damage|p2a: Celebi|76/100|[from] Sandstorm
|-damage|p1a: jump & pop???|69/100 slp|[from] Sandstorm
|-heal|p2a: Celebi|82/100|[from] item: Leftovers
|-heal|p1a: jump & pop???|75/100 slp|[from] item: Leftovers
|upkeep
|turn|50
|
|t:|1728755367
|switch|p1a: crotons|Forretress, M|67/100
|move|p2a: Celebi|Leech Seed|p1a: crotons
|-start|p1a: crotons|move: Leech Seed
|
|-weather|Sandstorm|[upkeep]
|-damage|p2a: Celebi|76/100|[from] Sandstorm
|-heal|p2a: Celebi|82/100|[from] item: Leftovers
|-heal|p1a: crotons|74/100|[from] item: Leftovers
|-damage|p1a: crotons|61/100|[from] Leech Seed|[of] p2a: Celebi
|-heal|p2a: Celebi|93/100|[silent]
|upkeep
|turn|51
|
|t:|1728755379
|move|p2a: Celebi|Baton Pass|p2a: Celebi
|
|t:|1728755384
|switch|p2a: Zapdos|Zapdos|100/100|[from] Baton Pass
|move|p1a: crotons|Hidden Power|p2a: Zapdos
|-damage|p2a: Zapdos|82/100
|
|-weather|Sandstorm|[upkeep]
|-damage|p2a: Zapdos|76/100|[from] Sandstorm
|-heal|p2a: Zapdos|82/100|[from] item: Leftovers
|-heal|p1a: crotons|67/100|[from] item: Leftovers
|-damage|p1a: crotons|55/100|[from] Leech Seed|[of] p2a: Zapdos
|-heal|p2a: Zapdos|96/100|[silent]
|upkeep
|turn|52
|
|t:|1728755393
|switch|p1a: play in da mud|Swampert, F|58/100
|move|p2a: Zapdos|Thunderbolt|p1a: play in da mud
|-immune|p1a: play in da mud
|
|-weather|Sandstorm|[upkeep]
|-damage|p2a: Zapdos|90/100|[from] Sandstorm
|-heal|p2a: Zapdos|96/100|[from] item: Leftovers
|-heal|p1a: play in da mud|64/100|[from] item: Leftovers
|upkeep
|turn|53
|
|t:|1728755399
|move|p1a: play in da mud|Protect|p1a: play in da mud
|-singleturn|p1a: play in da mud|Protect
|move|p2a: Zapdos|Hidden Power|p1a: play in da mud
|-activate|p1a: play in da mud|Protect
|
|-weather|Sandstorm|[upkeep]
|-damage|p2a: Zapdos|90/100|[from] Sandstorm
|-heal|p2a: Zapdos|96/100|[from] item: Leftovers
|-heal|p1a: play in da mud|70/100|[from] item: Leftovers
|upkeep
|turn|54
|
|t:|1728755409
|switch|p1a: jump & pop???|Snorlax, M|75/100 slp
|move|p2a: Zapdos|Hidden Power|p1a: jump & pop???
|-damage|p1a: jump & pop???|64/100 slp
|
|-weather|Sandstorm|[upkeep]
|-damage|p2a: Zapdos|90/100|[from] Sandstorm
|-damage|p1a: jump & pop???|58/100 slp|[from] Sandstorm
|-heal|p2a: Zapdos|96/100|[from] item: Leftovers
|-heal|p1a: jump & pop???|64/100 slp|[from] item: Leftovers
|upkeep
|turn|55
|
|t:|1728755413
|move|p2a: Zapdos|Thunderbolt|p1a: jump & pop???
|-damage|p1a: jump & pop???|39/100 slp
|-curestatus|p1a: jump & pop???|slp|[msg]
|move|p1a: jump & pop???|Return|p2a: Zapdos
|-damage|p2a: Zapdos|45/100
|
|-weather|Sandstorm|[upkeep]
|-damage|p2a: Zapdos|39/100|[from] Sandstorm
|-damage|p1a: jump & pop???|33/100|[from] Sandstorm
|-heal|p2a: Zapdos|45/100|[from] item: Leftovers
|-heal|p1a: jump & pop???|39/100|[from] item: Leftovers
|upkeep
|turn|56
|
|t:|1728755419
|move|p2a: Zapdos|Thunderbolt|p1a: jump & pop???
|-damage|p1a: jump & pop???|14/100
|move|p1a: jump & pop???|Return|p2a: Zapdos
|-damage|p2a: Zapdos|0 fnt
|faint|p2a: Zapdos
|
|t:|1728755432
|switch|p2a: Swampert|Swampert, F|95/100
|-damage|p2a: Swampert|82/100|[from] Spikes
|
|-weather|Sandstorm|[upkeep]
|-damage|p1a: jump & pop???|7/100|[from] Sandstorm
|-heal|p2a: Swampert|88/100|[from] item: Leftovers
|-heal|p1a: jump & pop???|14/100|[from] item: Leftovers
|upkeep
|turn|57
|
|t:|1728755440
|switch|p1a: wikipedia.org/jum|Salamence, M|28/100
|-ability|p1a: wikipedia.org/jum|Intimidate|boost
|-unboost|p2a: Swampert|atk|1
|move|p2a: Swampert|Earthquake|p1a: wikipedia.org/jum
|-immune|p1a: wikipedia.org/jum
|
|-weather|Sandstorm|[upkeep]
|-damage|p1a: wikipedia.org/jum|21/100|[from] Sandstorm
|-heal|p1a: wikipedia.org/jum|28/100|[from] item: Leftovers
|-heal|p2a: Swampert|95/100|[from] item: Leftovers
|upkeep
|turn|58
|
|t:|1728755459
|switch|p1a: play in da mud|Swampert, F|70/100
|move|p2a: Swampert|Ice Beam|p1a: play in da mud
|-damage|p1a: play in da mud|54/100
|
|-weather|Sandstorm|[upkeep]
|-heal|p1a: play in da mud|60/100|[from] item: Leftovers
|-heal|p2a: Swampert|100/100|[from] item: Leftovers
|upkeep
|turn|59
|
|t:|1728755465
|switch|p2a: Celebi|Celebi|93/100
|-damage|p2a: Celebi|80/100|[from] Spikes
|move|p1a: play in da mud|Toxic|p2a: Celebi
|-status|p2a: Celebi|tox
|
|-weather|Sandstorm|[upkeep]
|-damage|p2a: Celebi|74/100 tox|[from] Sandstorm
|-heal|p2a: Celebi|80/100 tox|[from] item: Leftovers
|-damage|p2a: Celebi|74/100 tox|[from] psn
|-heal|p1a: play in da mud|66/100|[from] item: Leftovers
|upkeep
|turn|60
|
|t:|1728755472
|move|p1a: play in da mud|Protect|p1a: play in da mud
|-singleturn|p1a: play in da mud|Protect
|move|p2a: Celebi|Leech Seed|p1a: play in da mud
|-activate|p1a: play in da mud|Protect
|
|-weather|Sandstorm|[upkeep]
|-damage|p2a: Celebi|68/100 tox|[from] Sandstorm
|-heal|p2a: Celebi|74/100 tox|[from] item: Leftovers
|-damage|p2a: Celebi|62/100 tox|[from] psn
|-heal|p1a: play in da mud|72/100|[from] item: Leftovers
|upkeep
|turn|61
|
|t:|1728755480
|switch|p1a: wikipedia.org/jum|Salamence, M|28/100
|-ability|p1a: wikipedia.org/jum|Intimidate|boost
|-unboost|p2a: Celebi|atk|1
|move|p2a: Celebi|Leech Seed|p1a: wikipedia.org/jum
|-start|p1a: wikipedia.org/jum|move: Leech Seed
|
|-weather|Sandstorm|[upkeep]
|-damage|p1a: wikipedia.org/jum|21/100|[from] Sandstorm
|-damage|p2a: Celebi|56/100 tox|[from] Sandstorm
|-heal|p1a: wikipedia.org/jum|28/100|[from] item: Leftovers
|-damage|p1a: wikipedia.org/jum|15/100|[from] Leech Seed|[of] p2a: Celebi
|-heal|p2a: Celebi|67/100 tox|[silent]
|-heal|p2a: Celebi|73/100 tox|[from] item: Leftovers
|-damage|p2a: Celebi|54/100 tox|[from] psn
|upkeep
|turn|62
|
|t:|1728755489
|-curestatus|p2a: Celebi|tox|[from] ability: Natural Cure
|switch|p2a: Swampert|Swampert, F|100/100
|-damage|p2a: Swampert|88/100|[from] Spikes
|move|p1a: wikipedia.org/jum|Wish|p1a: wikipedia.org/jum
|
|-weather|Sandstorm|[upkeep]
|-damage|p1a: wikipedia.org/jum|9/100|[from] Sandstorm
|-heal|p1a: wikipedia.org/jum|15/100|[from] item: Leftovers
|-damage|p1a: wikipedia.org/jum|3/100|[from] Leech Seed|[of] p2a: Swampert
|-heal|p2a: Swampert|99/100|[silent]
|-heal|p2a: Swampert|100/100|[from] item: Leftovers
|upkeep
|turn|63
|inactive|fayestra has 270 seconds left.
|
|t:|1728755546
|switch|p1a: jump & pop???|Snorlax, M|14/100
|move|p2a: Swampert|Earthquake|p1a: jump & pop???
|-damage|p1a: jump & pop???|0 fnt
|faint|p1a: jump & pop???
|
|t:|1728755551
|switch|p1a: wikipedia.org/jum|Salamence, M|3/100
|-ability|p1a: wikipedia.org/jum|Intimidate|boost
|-unboost|p2a: Swampert|atk|1
|
|-heal|p1a: wikipedia.org/jum|53/100|[from] move: Wish|[wisher] wikipedia.org/jum
|-weather|Sandstorm|[upkeep]
|-damage|p1a: wikipedia.org/jum|46/100|[from] Sandstorm
|-heal|p1a: wikipedia.org/jum|53/100|[from] item: Leftovers
|upkeep
|turn|64
|
|t:|1728755559
|switch|p1a: play in da mud|Swampert, F|72/100
|move|p2a: Swampert|Hydro Pump|p1a: play in da mud
|-damage|p1a: play in da mud|41/100
|
|-weather|Sandstorm|[upkeep]
|-heal|p1a: play in da mud|47/100|[from] item: Leftovers
|upkeep
|turn|65
|
|t:|1728755566
|switch|p2a: Celebi|Celebi|54/100
|-damage|p2a: Celebi|42/100|[from] Spikes
|move|p1a: play in da mud|Protect||[still]
|-fail|p1a: play in da mud
|
|-weather|Sandstorm|[upkeep]
|-damage|p2a: Celebi|36/100|[from] Sandstorm
|-heal|p2a: Celebi|42/100|[from] item: Leftovers
|-heal|p1a: play in da mud|53/100|[from] item: Leftovers
|upkeep
|turn|66
|
|t:|1728755570
|switch|p1a: wikipedia.org/jum|Salamence, M|53/100
|-ability|p1a: wikipedia.org/jum|Intimidate|boost
|-unboost|p2a: Celebi|atk|1
|move|p2a: Celebi|Leech Seed|p1a: wikipedia.org/jum
|-start|p1a: wikipedia.org/jum|move: Leech Seed
|
|-weather|Sandstorm|[upkeep]
|-damage|p1a: wikipedia.org/jum|46/100|[from] Sandstorm
|-damage|p2a: Celebi|36/100|[from] Sandstorm
|-heal|p1a: wikipedia.org/jum|53/100|[from] item: Leftovers
|-damage|p1a: wikipedia.org/jum|40/100|[from] Leech Seed|[of] p2a: Celebi
|-heal|p2a: Celebi|47/100|[silent]
|-heal|p2a: Celebi|53/100|[from] item: Leftovers
|upkeep
|turn|67
|
|t:|1728755576
|switch|p1a: crotons|Forretress, M|55/100
|move|p2a: Celebi|Recover|p2a: Celebi
|-heal|p2a: Celebi|100/100
|
|-weather|Sandstorm|[upkeep]
|-damage|p2a: Celebi|94/100|[from] Sandstorm
|-heal|p2a: Celebi|100/100|[from] item: Leftovers
|-heal|p1a: crotons|61/100|[from] item: Leftovers
|upkeep
|turn|68
|
|t:|1728755579
|move|p2a: Celebi|Baton Pass|p2a: Celebi
|
|t:|1728755581
|switch|p2a: Swampert|Swampert, F|100/100|[from] Baton Pass
|-damage|p2a: Swampert|88/100|[from] Spikes
|move|p1a: crotons|Spikes|p2a: Swampert
|-sidestart|p2: KeshBa45|Spikes
|
|-weather|Sandstorm|[upkeep]
|-heal|p2a: Swampert|94/100|[from] item: Leftovers
|-heal|p1a: crotons|67/100|[from] item: Leftovers
|upkeep
|turn|69
|
|t:|1728755585
|move|p2a: Swampert|Hydro Pump|p1a: crotons|[miss]
|-miss|p2a: Swampert|p1a: crotons
|move|p1a: crotons|Spikes|p2a: Swampert
|-sidestart|p2: KeshBa45|Spikes
|
|-weather|Sandstorm|[upkeep]
|-heal|p2a: Swampert|100/100|[from] item: Leftovers
|-heal|p1a: crotons|74/100|[from] item: Leftovers
|upkeep
|turn|70
|
|t:|1728755590
|move|p2a: Swampert|Protect|p2a: Swampert
|-singleturn|p2a: Swampert|Protect
|move|p1a: crotons|Earthquake|p2a: Swampert
|-activate|p2a: Swampert|Protect
|
|-weather|Sandstorm|[upkeep]
|-heal|p1a: crotons|80/100|[from] item: Leftovers
|upkeep
|turn|71
|
|t:|1728755594
|move|p2a: Swampert|Hydro Pump|p1a: crotons
|-crit|p1a: crotons
|-damage|p1a: crotons|12/100
|move|p1a: crotons|Earthquake|p2a: Swampert
|-damage|p2a: Swampert|87/100
|
|-weather|Sandstorm|[upkeep]
|-heal|p2a: Swampert|94/100|[from] item: Leftovers
|-heal|p1a: crotons|18/100|[from] item: Leftovers
|upkeep
|turn|72
|
|t:|1728755599
|switch|p1a: play in da mud|Swampert, F|53/100
|move|p2a: Swampert|Hydro Pump|p1a: play in da mud|[miss]
|-miss|p2a: Swampert|p1a: play in da mud
|
|-weather|Sandstorm|[upkeep]
|-heal|p1a: play in da mud|60/100|[from] item: Leftovers
|-heal|p2a: Swampert|99/100|[from] item: Leftovers
|upkeep
|turn|73
|
|t:|1728755611
|switch|p2a: Celebi|Celebi|100/100
|-damage|p2a: Celebi|75/100|[from] Spikes
|move|p1a: play in da mud|Toxic|p2a: Celebi
|-status|p2a: Celebi|tox
|
|-weather|Sandstorm|[upkeep]
|-damage|p2a: Celebi|69/100 tox|[from] Sandstorm
|-heal|p2a: Celebi|75/100 tox|[from] item: Leftovers
|-damage|p2a: Celebi|69/100 tox|[from] psn
|-heal|p1a: play in da mud|66/100|[from] item: Leftovers
|upkeep
|turn|74
|
|t:|1728755620
|move|p1a: play in da mud|Protect|p1a: play in da mud
|-singleturn|p1a: play in da mud|Protect
|move|p2a: Celebi|Recover|p2a: Celebi
|-heal|p2a: Celebi|100/100 tox
|
|-weather|Sandstorm|[upkeep]
|-damage|p2a: Celebi|94/100 tox|[from] Sandstorm
|-heal|p2a: Celebi|100/100 tox|[from] item: Leftovers
|-damage|p2a: Celebi|88/100 tox|[from] psn
|-heal|p1a: play in da mud|72/100|[from] item: Leftovers
|upkeep
|turn|75
|
|t:|1728755624
|switch|p1a: crotons|Forretress, M|18/100
|move|p2a: Celebi|Leech Seed|p1a: crotons
|-start|p1a: crotons|move: Leech Seed
|
|-weather|Sandstorm|[upkeep]
|-damage|p2a: Celebi|82/100 tox|[from] Sandstorm
|-heal|p2a: Celebi|88/100 tox|[from] item: Leftovers
|-damage|p2a: Celebi|70/100 tox|[from] psn
|-heal|p1a: crotons|25/100|[from] item: Leftovers
|-damage|p1a: crotons|12/100|[from] Leech Seed|[of] p2a: Celebi
|-heal|p2a: Celebi|80/100 tox|[silent]
|upkeep
|turn|76
|
|t:|1728755634
|move|p2a: Celebi|Psychic|p1a: crotons
|-resisted|p1a: crotons
|-damage|p1a: crotons|0 fnt
|faint|p1a: crotons
|
|t:|1728755636
|switch|p1a: wikipedia.org/jum|Salamence, M|40/100
|-ability|p1a: wikipedia.org/jum|Intimidate|boost
|-unboost|p2a: Celebi|atk|1
|
|-weather|Sandstorm|[upkeep]
|-damage|p1a: wikipedia.org/jum|34/100|[from] Sandstorm
|-damage|p2a: Celebi|74/100 tox|[from] Sandstorm
|-heal|p1a: wikipedia.org/jum|40/100|[from] item: Leftovers
|-heal|p2a: Celebi|80/100 tox|[from] item: Leftovers
|-damage|p2a: Celebi|56/100 tox|[from] psn
|upkeep
|turn|77
|
|t:|1728755641
|-curestatus|p2a: Celebi|tox|[from] ability: Natural Cure
|switch|p2a: Swampert|Swampert, F|99/100
|-damage|p2a: Swampert|75/100|[from] Spikes
|move|p1a: wikipedia.org/jum|Hidden Power|p2a: Swampert
|-damage|p2a: Swampert|46/100
|
|-weather|Sandstorm|[upkeep]
|-damage|p1a: wikipedia.org/jum|34/100|[from] Sandstorm
|-heal|p1a: wikipedia.org/jum|40/100|[from] item: Leftovers
|-heal|p2a: Swampert|52/100|[from] item: Leftovers
|upkeep
|turn|78
|
|t:|1728755651
|switch|p1a: play in da mud|Swampert, F|72/100
|move|p2a: Swampert|Ice Beam|p1a: play in da mud
|-damage|p1a: play in da mud|55/100
|
|-weather|Sandstorm|[upkeep]
|-heal|p1a: play in da mud|61/100|[from] item: Leftovers
|-heal|p2a: Swampert|59/100|[from] item: Leftovers
|upkeep
|turn|79
|
|t:|1728755654
|move|p1a: play in da mud|Toxic|p2a: Swampert
|-status|p2a: Swampert|tox
|move|p2a: Swampert|Hydro Pump|p1a: play in da mud
|-damage|p1a: play in da mud|30/100
|
|-weather|Sandstorm|[upkeep]
|-heal|p1a: play in da mud|36/100|[from] item: Leftovers
|-heal|p2a: Swampert|65/100 tox|[from] item: Leftovers
|-damage|p2a: Swampert|59/100 tox|[from] psn
|upkeep
|turn|80
|
|t:|1728755660
|move|p1a: play in da mud|Protect|p1a: play in da mud
|-singleturn|p1a: play in da mud|Protect
|move|p2a: Swampert|Earthquake|p1a: play in da mud
|-activate|p1a: play in da mud|Protect
|
|-weather|Sandstorm|[upkeep]
|-heal|p1a: play in da mud|43/100|[from] item: Leftovers
|-heal|p2a: Swampert|65/100 tox|[from] item: Leftovers
|-damage|p2a: Swampert|52/100 tox|[from] psn
|upkeep
|turn|81
|l| I'm the Dome Ace
|
|t:|1728755668
|move|p1a: play in da mud|Protect|p1a: play in da mud
|-singleturn|p1a: play in da mud|Protect
|move|p2a: Swampert|Ice Beam|p1a: play in da mud
|-activate|p1a: play in da mud|Protect
|
|-weather|Sandstorm|[upkeep]
|-heal|p1a: play in da mud|49/100|[from] item: Leftovers
|-heal|p2a: Swampert|59/100 tox|[from] item: Leftovers
|-damage|p2a: Swampert|40/100 tox|[from] psn
|upkeep
|turn|82
|
|t:|1728755672
|move|p1a: play in da mud|Surf|p2a: Swampert
|-damage|p2a: Swampert|14/100 tox
|move|p2a: Swampert|Earthquake|p1a: play in da mud
|-damage|p1a: play in da mud|24/100
|
|-weather|Sandstorm|[upkeep]
|-heal|p1a: play in da mud|30/100|[from] item: Leftovers
|-heal|p2a: Swampert|20/100 tox|[from] item: Leftovers
|-damage|p2a: Swampert|0 fnt|[from] psn
|faint|p2a: Swampert
|upkeep
|
|t:|1728755677
|switch|p2a: Starmie|Starmie|76/100
|-damage|p2a: Starmie|51/100|[from] Spikes
|turn|83
|
|t:|1728755684
|move|p1a: play in da mud|Protect|p1a: play in da mud
|-singleturn|p1a: play in da mud|Protect
|move|p2a: Starmie|Hydro Pump|p1a: play in da mud
|-activate|p1a: play in da mud|Protect
|
|-weather|Sandstorm|[upkeep]
|-damage|p2a: Starmie|45/100|[from] Sandstorm
|-heal|p2a: Starmie|51/100|[from] item: Leftovers
|-heal|p1a: play in da mud|36/100|[from] item: Leftovers
|upkeep
|turn|84
|
|t:|1728755690
|move|p2a: Starmie|Hydro Pump|p1a: play in da mud
|-damage|p1a: play in da mud|0 fnt
|faint|p1a: play in da mud
|
|t:|1728755692
|switch|p1a: wikipedia.org/jum|Salamence, M|40/100
|-ability|p1a: wikipedia.org/jum|Intimidate|boost
|-unboost|p2a: Starmie|atk|1
|
|-weather|Sandstorm|[upkeep]
|-damage|p2a: Starmie|45/100|[from] Sandstorm
|-damage|p1a: wikipedia.org/jum|34/100|[from] Sandstorm
|-heal|p2a: Starmie|51/100|[from] item: Leftovers
|-heal|p1a: wikipedia.org/jum|40/100|[from] item: Leftovers
|upkeep
|turn|85
|
|t:|1728755698
|move|p2a: Starmie|Ice Beam|p1a: wikipedia.org/jum
|-supereffective|p1a: wikipedia.org/jum
|-damage|p1a: wikipedia.org/jum|0 fnt
|faint|p1a: wikipedia.org/jum
|
|win|KeshBa45
|l|☆fayestra
|player|p1|

</script>
<script type="application/json" class="data" id="replaydata-gen3ou-2221518195-h58754bxhi7v41th1css0musepaq3d6pw">
{"id":"gen3ou-2221518195","format":"[Gen 3] OU","players":["fayestra","KeshBa45"],"uploadtime":1728755705,"views":83,"formatid":"gen3ou","rating":null,"private":1,"password":"h58754bxhi7v41th1css0musepaq3d6"}
</script>

<script defer src="js/replays.js?9d40a366"></script>
