<!DOCTYPE html>
<meta charset="utf-8" />
<meta name="viewport" content="width=device-width" />

<title>[Gen 3] OU: blundergoth vs. gthorpe - Replays - Pok&eacute;mon Showdown!</title>

<meta name="description" content="Watch a replay of a Pok&eacute;mon battle between blundergoth and gthorpe! Format: [Gen 3] OU; Date: Oct 4, 2024" />
<!--

Hey, you! Looking in the source for the replay log?

You can find them in JSON format, just add `.json` at the end of a replay URL.

https://replay.pokemonshowdown.com/gen7randomdoublesbattle-865046831.json

Or, if you only need the log itself, add `.log` instead:

https://replay.pokemonshowdown.com/gen7randomdoublesbattle-865046831.log

-->

<link rel="stylesheet" href="//pokemonshowdown.com/style/global.css?0.767286132409787" />
<link rel="stylesheet" href="//play.pokemonshowdown.com/style/font-awesome.css?0.9266228007934947" />
<link rel="stylesheet" href="//play.pokemonshowdown.com/style/battle.css?0.7924700842790926" />
<link rel="stylesheet" href="//play.pokemonshowdown.com/style/utilichart.css?0.8777417872839479" />

<!-- Global site tag (gtag.js) - Google Analytics -->
<script async src="https://www.googletagmanager.com/gtag/js?id=UA-26211653-1"></script>
<script>
  window.dataLayer = window.dataLayer || [];
  function gtag(){dataLayer.push(arguments);}
  gtag('js', new Date());

  gtag('config', 'UA-26211653-1');
</script>
<!-- End Google Analytics -->
<!-- Venatus Ad Manager - Install in <HEAD> of page -->
	<script src="https://hb.vntsm.com/v3/live/ad-manager.min.js" type="text/javascript" data-site-id="642aba63ec9a7b11c3c9c1be" data-mode="scan" async></script>
<!-- / Venatus Ad Manager -->

<style>
	@media (max-width:820px) {
		.battle {
			margin: 0 auto;
		}
		.battle-log {
			margin: 7px auto 0;
			max-width: 640px;
			height: 300px;
			position: static;
		}
	}
	.optgroup {
		display: inline-block;
		line-height: 22px;
		font-size: 10pt;
	}
	.optgroup .button {
		height: 25px;
		padding-top: 0;
		padding-bottom: 0;
	}
	.optgroup button.button {
		padding-left: 12px;
		padding-right: 12px;
	}
	.linklist {
		list-style: none;
		margin: 0.5em 0;
		padding: 0;
	}
	.linklist li {
		padding: 2px 0;
	}
	.sidebar {
		float: left;
		width: 320px;
	}
	.bar-wrapper {
		max-width: 1100px;
		margin: 0 auto;
	}
	.bar-wrapper.has-sidebar {
		max-width: 1430px;
	}
	.mainbar {
		margin: 0;
		padding-right: 1px;
	}
	.mainbar.has-sidebar {
		margin-left: 330px;
	}
	@media (min-width: 1511px) {
		.sidebar {
			width: 400px;
		}
		.bar-wrapper.has-sidebar {
			max-width: 1510px;
		}
		.mainbar.has-sidebar {
			margin-left: 410px;
		}
	}
	.section.first-section {
		margin-top: 9px;
	}
	.blocklink small {
		white-space: normal;
	}
	.button {
		vertical-align: middle;
	}
	.replay-controls {
		padding-top: 10px;
	}
	.replay-controls h1 {
		font-size: 16pt;
		font-weight: normal;
		color: #CCC;
	}
	.pagelink {
		text-align: center;
	}
	.pagelink a {
		width: 150px;
	}
	.textbox, .button {
		font-size: 11pt;
		vertical-align: middle;
	}
	@media (max-width: 450px) {
		.button {
			font-size: 9pt;
		}
	}
</style>

<div>

	<header>
		<div class="nav-wrapper"><ul class="nav">
			<li><a class="button nav-first" href="//pokemonshowdown.com/"><img src="//pokemonshowdown.com/images/pokemonshowdownbeta.png" srcset="//pokemonshowdown.com/images/pokemonshowdownbeta.png 1x, //pokemonshowdown.com/images/pokemonshowdownbeta@2x.png 2x" alt="Pok&eacute;mon Showdown" width="146" height="44" /> Home</a></li>
			<li><a class="button" href="//pokemonshowdown.com/dex/">Pok&eacute;dex</a></li>
			<li><a class="button cur" href="/">Replays</a></li>
			<li><a class="button" href="//pokemonshowdown.com/ladder/">Ladder</a></li>
			<li><a class="button nav-last" href="//pokemonshowdown.com/forums/">Forum</a></li>
			<li><a class="button greenbutton nav-first nav-last" href="//play.pokemonshowdown.com/">Play</a></li>
		</ul></div>
	</header>

	<div class="main" id="main">

		<noscript><section class="section">You need to enable JavaScript to use this page; sorry!</section></noscript>

	</div>

</div>

<script defer nomodule src="//play.pokemonshowdown.com/js/lib/ps-polyfill.js"></script>
<script defer src="//play.pokemonshowdown.com/js/lib/preact.min.js"></script>

<script defer src="//play.pokemonshowdown.com/config/config.js?6dec07f6"></script>
<script defer src="//play.pokemonshowdown.com/js/lib/jquery-1.11.0.min.js"></script>
<script defer src="//play.pokemonshowdown.com/js/lib/html-sanitizer-minified.js"></script>
<script defer src="//play.pokemonshowdown.com/js/battle-sound.js"></script>
<script defer src="//play.pokemonshowdown.com/js/battledata.js?0.6315294753075389"></script>
<script defer src="//play.pokemonshowdown.com/data/pokedex-mini.js?0.7603743185311358"></script>
<script defer src="//play.pokemonshowdown.com/data/pokedex-mini-bw.js?0.030888842834281283"></script>
<script defer src="//play.pokemonshowdown.com/data/graphics.js?0.05593094747507488"></script>
<script defer src="//play.pokemonshowdown.com/data/pokedex.js?0.47064822249611904"></script>
<script defer src="//play.pokemonshowdown.com/data/moves.js?0.8583693120512459"></script>
<script defer src="//play.pokemonshowdown.com/data/abilities.js?0.16017181182386842"></script>
<script defer src="//play.pokemonshowdown.com/data/items.js?0.4163379185673943"></script>
<script defer src="//play.pokemonshowdown.com/data/teambuilder-tables.js?0.31075597372830477"></script>
<script defer src="//play.pokemonshowdown.com/js/battle-tooltips.js?0.6536193500708172"></script>
<script defer src="//play.pokemonshowdown.com/js/battle.js?0.1916591943277901"></script>

<script defer src="js/utils.js?e31f9a17"></script>
<script defer src="js/replays-battle.js?7008c182"></script>

<!-- don't scrape this data! just add .json or .log after the URL!
Full API docs: https://github.com/smogon/pokemon-showdown-client/blob/master/WEB-API.md -->
<script type="text/plain" class="log" id="replaylog-smogtours-gen3ou-794475">
|inactive|Battle timer is ON: inactive players will automatically lose when time's up.
|t:|1728007390
|gametype|singles
|player|p1|blundergoth|ingo|
|player|p2|gthorpe|169|
|teamsize|p1|6
|teamsize|p2|6
|gen|3
|tier|[Gen 3] OU
|rule|Sleep Clause Mod: Limit one foe put to sleep
|rule|Switch Priority Clause Mod: Faster Pokémon switch first
|rule|Species Clause: Limit one of each Pokémon
|rule|OHKO Clause: OHKO moves are banned
|rule|Evasion Items Clause: Evasion items are banned
|rule|Evasion Moves Clause: Evasion moves are banned
|rule|Endless Battle Clause: Forcing endless battles is banned
|rule|HP Percentage Mod: HP is shown in percentages
|rule|One Boost Passer Clause: Limit one Baton Passer that has a way to boost its stats
|rule|Freeze Clause Mod: Limit one foe frozen
|
|t:|1728007390
|start
|switch|p1a: Venusaur|Venusaur, F|100/100
|switch|p2a: Titan|Swampert, M, shiny|100/100
|turn|1
|
|t:|1728007410
|switch|p2a: Mom|Blissey, F|100/100
|move|p1a: Venusaur|Sleep Powder|p2a: Mom
|-status|p2a: Mom|slp|[from] move: Sleep Powder
|
|upkeep
|turn|2
|
|t:|1728007437
|-curestatus|p2a: Mom|slp|[from] ability: Natural Cure
|switch|p2a: Shia|Salamence, M|100/100
|-ability|p2a: Shia|Intimidate|boost
|-unboost|p1a: Venusaur|atk|1
|move|p1a: Venusaur|Sludge Bomb|p2a: Shia
|-damage|p2a: Shia|78/100
|
|upkeep
|turn|3
|inactive|blundergoth has 270 seconds left.
|
|t:|1728007457
|switch|p1a: Quagsire|Quagsire, M|100/100
|move|p2a: Shia|Hidden Power|p1a: Quagsire
|-damage|p1a: Quagsire|75/100
|
|-heal|p1a: Quagsire|81/100|[from] item: Leftovers
|upkeep
|turn|4
|c|☆gthorpe|i will say you brought cool leads
|inactive|blundergoth has 270 seconds left.
|
|t:|1728007473
|switch|p2a: Bam|Snorlax, M, shiny|100/100
|move|p1a: Quagsire|Earthquake|p2a: Bam
|-damage|p2a: Bam|72/100
|
|-heal|p2a: Bam|78/100|[from] item: Leftovers
|-heal|p1a: Quagsire|87/100|[from] item: Leftovers
|upkeep
|turn|5
|inactive|blundergoth has 270 seconds left.
|
|t:|1728007479
|switch|p1a: Forretress|Forretress, M|100/100
|move|p2a: Bam|Body Slam|p1a: Forretress
|-resisted|p1a: Forretress
|-damage|p1a: Forretress|85/100
|-status|p1a: Forretress|par
|
|-heal|p2a: Bam|84/100|[from] item: Leftovers
|-heal|p1a: Forretress|91/100 par|[from] item: Leftovers
|upkeep
|turn|6
|inactive|blundergoth has 270 seconds left.
|
|t:|1728007504
|switch|p2a: Shia|Salamence, M|78/100
|-ability|p2a: Shia|Intimidate|boost
|-unboost|p1a: Forretress|atk|1
|move|p1a: Forretress|Spikes|p2a: Shia
|-sidestart|p2: gthorpe|Spikes
|
|-heal|p1a: Forretress|97/100 par|[from] item: Leftovers
|upkeep
|turn|7
|
|t:|1728007514
|switch|p1a: Quagsire|Quagsire, M|87/100
|move|p2a: Shia|Dragon Dance|p2a: Shia
|-boost|p2a: Shia|atk|1
|-boost|p2a: Shia|spe|1
|
|-heal|p1a: Quagsire|93/100|[from] item: Leftovers
|upkeep
|turn|8
|
|t:|1728007519
|move|p2a: Shia|Hidden Power|p1a: Quagsire
|-damage|p1a: Quagsire|56/100
|move|p1a: Quagsire|Ice Beam|p2a: Shia
|-supereffective|p2a: Shia
|-damage|p2a: Shia|0 fnt
|faint|p2a: Shia
|
|t:|1728007524
|switch|p2a: Titan|Swampert, M, shiny|100/100
|-damage|p2a: Titan|88/100|[from] Spikes
|
|-heal|p2a: Titan|94/100|[from] item: Leftovers
|-heal|p1a: Quagsire|62/100|[from] item: Leftovers
|upkeep
|turn|9
|inactive|blundergoth has 270 seconds left.
|
|t:|1728007547
|switch|p1a: Salamence|Salamence, M|100/100
|-ability|p1a: Salamence|Intimidate|boost
|-unboost|p2a: Titan|atk|1
|move|p2a: Titan|Earthquake|p1a: Salamence
|-immune|p1a: Salamence
|
|-heal|p2a: Titan|100/100|[from] item: Leftovers
|upkeep
|turn|10
|
|t:|1728007554
|switch|p1a: Jirachi|Jirachi|100/100
|move|p2a: Titan|Ice Beam|p1a: Jirachi
|-resisted|p1a: Jirachi
|-damage|p1a: Jirachi|94/100
|
|-heal|p1a: Jirachi|99/100|[from] item: Leftovers
|upkeep
|turn|11
|inactive|blundergoth has 270 seconds left.
|
|t:|1728007574
|switch|p1a: Quagsire|Quagsire, M|62/100
|move|p2a: Titan|Earthquake|p1a: Quagsire
|-damage|p1a: Quagsire|44/100
|
|-heal|p1a: Quagsire|50/100|[from] item: Leftovers
|upkeep
|turn|12
|inactive|blundergoth has 270 seconds left.
|
|t:|1728007588
|move|p2a: Titan|Ice Beam|p1a: Quagsire
|-damage|p1a: Quagsire|28/100
|move|p1a: Quagsire|Curse|p1a: Quagsire
|-unboost|p1a: Quagsire|spe|1
|-boost|p1a: Quagsire|atk|1
|-boost|p1a: Quagsire|def|1
|
|-heal|p1a: Quagsire|35/100|[from] item: Leftovers
|upkeep
|turn|13
|
|t:|1728007591
|move|p2a: Titan|Ice Beam|p1a: Quagsire
|-damage|p1a: Quagsire|10/100
|move|p1a: Quagsire|Rest|p1a: Quagsire
|-status|p1a: Quagsire|slp|[from] move: Rest
|-heal|p1a: Quagsire|100/100 slp|[silent]
|
|upkeep
|turn|14
|
|t:|1728007597
|switch|p2a: Triumphret|Magneton|100/100
|-damage|p2a: Triumphret|88/100|[from] Spikes
|cant|p1a: Quagsire|slp
|
|-heal|p2a: Triumphret|94/100|[from] item: Leftovers
|upkeep
|turn|15
|
|t:|1728007603
|switch|p1a: Venusaur|Venusaur, F|100/100
|move|p2a: Triumphret|Substitute|p2a: Triumphret
|-start|p2a: Triumphret|Substitute
|-damage|p2a: Triumphret|70/100
|
|-heal|p2a: Triumphret|76/100|[from] item: Leftovers
|upkeep
|turn|16
|
|t:|1728007607
|move|p2a: Triumphret|Thunderbolt|p1a: Venusaur
|-resisted|p1a: Venusaur
|-damage|p1a: Venusaur|80/100
|move|p1a: Venusaur|Earthquake|p2a: Triumphret
|-supereffective|p2a: Triumphret
|-end|p2a: Triumphret|Substitute
|
|-heal|p2a: Triumphret|82/100|[from] item: Leftovers
|-heal|p1a: Venusaur|86/100|[from] item: Leftovers
|upkeep
|turn|17
|
|t:|1728007614
|switch|p2a: Mom|Blissey, F|100/100
|-damage|p2a: Mom|88/100|[from] Spikes
|move|p1a: Venusaur|Roar|p2a: Mom
|drag|p2a: Atelia|Tyranitar, M|100/100
|-damage|p2a: Atelia|88/100|[from] Spikes
|-weather|Sandstorm|[from] ability: Sand Stream|[of] p2a: Atelia
|
|-weather|Sandstorm|[upkeep]
|-damage|p1a: Venusaur|80/100|[from] Sandstorm
|-heal|p1a: Venusaur|86/100|[from] item: Leftovers
|upkeep
|turn|18
|
|t:|1728007629
|switch|p2a: Mom|Blissey, F|88/100
|-damage|p2a: Mom|76/100|[from] Spikes
|move|p1a: Venusaur|Roar|p2a: Mom
|drag|p2a: Atelia|Tyranitar, M|88/100
|-damage|p2a: Atelia|76/100|[from] Spikes
|
|-weather|Sandstorm|[upkeep]
|-damage|p1a: Venusaur|80/100|[from] Sandstorm
|-heal|p1a: Venusaur|86/100|[from] item: Leftovers
|upkeep
|turn|19
|inactive|blundergoth has 270 seconds left.
|
|t:|1728007673
|switch|p2a: Mom|Blissey, F|76/100
|-damage|p2a: Mom|63/100|[from] Spikes
|move|p1a: Venusaur|Earthquake|p2a: Mom
|-damage|p2a: Mom|46/100
|
|-weather|Sandstorm|[upkeep]
|-damage|p1a: Venusaur|80/100|[from] Sandstorm
|-damage|p2a: Mom|39/100|[from] Sandstorm
|-heal|p1a: Venusaur|86/100|[from] item: Leftovers
|-heal|p2a: Mom|46/100|[from] item: Leftovers
|upkeep
|turn|20
|inactive|blundergoth has 270 seconds left.
|
|t:|1728007687
|move|p1a: Venusaur|Sleep Powder|p2a: Mom|[miss]
|-miss|p1a: Venusaur|p2a: Mom
|move|p2a: Mom|Soft-Boiled|p2a: Mom
|-heal|p2a: Mom|96/100
|
|-weather|Sandstorm|[upkeep]
|-damage|p1a: Venusaur|80/100|[from] Sandstorm
|-damage|p2a: Mom|89/100|[from] Sandstorm
|-heal|p1a: Venusaur|86/100|[from] item: Leftovers
|-heal|p2a: Mom|96/100|[from] item: Leftovers
|upkeep
|turn|21
|
|t:|1728007691
|move|p1a: Venusaur|Sleep Powder|p2a: Mom
|-status|p2a: Mom|slp|[from] move: Sleep Powder
|cant|p2a: Mom|slp
|
|-weather|Sandstorm|[upkeep]
|-damage|p1a: Venusaur|80/100|[from] Sandstorm
|-damage|p2a: Mom|89/100 slp|[from] Sandstorm
|-heal|p1a: Venusaur|86/100|[from] item: Leftovers
|-heal|p2a: Mom|96/100 slp|[from] item: Leftovers
|upkeep
|turn|22
|
|t:|1728007699
|cant|p2a: Mom|slp
|move|p1a: Venusaur|Roar|p2a: Mom
|-curestatus|p2a: Mom|slp|[from] ability: Natural Cure
|drag|p2a: Triumphret|Magneton|82/100
|-damage|p2a: Triumphret|70/100|[from] Spikes
|
|-weather|Sandstorm|[upkeep]
|-damage|p1a: Venusaur|80/100|[from] Sandstorm
|-heal|p2a: Triumphret|76/100|[from] item: Leftovers
|-heal|p1a: Venusaur|86/100|[from] item: Leftovers
|upkeep
|turn|23
|
|t:|1728007704
|switch|p2a: Titan|Swampert, M, shiny|100/100
|-damage|p2a: Titan|88/100|[from] Spikes
|move|p1a: Venusaur|Earthquake|p2a: Titan
|-damage|p2a: Titan|75/100
|
|-weather|Sandstorm|[upkeep]
|-damage|p1a: Venusaur|80/100|[from] Sandstorm
|-heal|p1a: Venusaur|86/100|[from] item: Leftovers
|-heal|p2a: Titan|82/100|[from] item: Leftovers
|upkeep
|turn|24
|
|t:|1728007723
|move|p1a: Venusaur|Sleep Powder|p2a: Titan
|-status|p2a: Titan|slp|[from] move: Sleep Powder
|cant|p2a: Titan|slp
|
|-weather|Sandstorm|[upkeep]
|-damage|p1a: Venusaur|80/100|[from] Sandstorm
|-heal|p1a: Venusaur|86/100|[from] item: Leftovers
|-heal|p2a: Titan|88/100 slp|[from] item: Leftovers
|upkeep
|turn|25
|
|t:|1728007731
|switch|p2a: Mom|Blissey, F|96/100
|-damage|p2a: Mom|83/100|[from] Spikes
|move|p1a: Venusaur|Roar|p2a: Mom
|drag|p2a: Titan|Swampert, M, shiny|88/100 slp
|-damage|p2a: Titan|75/100 slp|[from] Spikes
|
|-weather|Sandstorm|[upkeep]
|-damage|p1a: Venusaur|80/100|[from] Sandstorm
|-heal|p1a: Venusaur|86/100|[from] item: Leftovers
|-heal|p2a: Titan|82/100 slp|[from] item: Leftovers
|upkeep
|turn|26
|
|t:|1728007738
|switch|p2a: Mom|Blissey, F|83/100
|-damage|p2a: Mom|71/100|[from] Spikes
|move|p1a: Venusaur|Roar|p2a: Mom
|drag|p2a: Triumphret|Magneton|76/100
|-damage|p2a: Triumphret|63/100|[from] Spikes
|
|-weather|Sandstorm|[upkeep]
|-damage|p1a: Venusaur|80/100|[from] Sandstorm
|-heal|p2a: Triumphret|70/100|[from] item: Leftovers
|-heal|p1a: Venusaur|86/100|[from] item: Leftovers
|upkeep
|turn|27
|
|t:|1728007746
|switch|p2a: Titan|Swampert, M, shiny|82/100 slp
|-damage|p2a: Titan|69/100 slp|[from] Spikes
|move|p1a: Venusaur|Earthquake|p2a: Titan
|-damage|p2a: Titan|57/100 slp
|
|-weather|Sandstorm|[upkeep]
|-damage|p1a: Venusaur|80/100|[from] Sandstorm
|-heal|p1a: Venusaur|86/100|[from] item: Leftovers
|-heal|p2a: Titan|63/100 slp|[from] item: Leftovers
|upkeep
|turn|28
|
|t:|1728007753
|switch|p2a: Mom|Blissey, F|71/100
|-damage|p2a: Mom|58/100|[from] Spikes
|move|p1a: Venusaur|Roar|p2a: Mom
|drag|p2a: Atelia|Tyranitar, M|76/100
|-damage|p2a: Atelia|64/100|[from] Spikes
|
|-weather|Sandstorm|[upkeep]
|-damage|p1a: Venusaur|80/100|[from] Sandstorm
|-heal|p1a: Venusaur|86/100|[from] item: Leftovers
|upkeep
|turn|29
|
|t:|1728007759
|move|p2a: Atelia|Dragon Dance|p2a: Atelia
|-boost|p2a: Atelia|atk|1
|-boost|p2a: Atelia|spe|1
|move|p1a: Venusaur|Earthquake|p2a: Atelia
|-supereffective|p2a: Atelia
|-damage|p2a: Atelia|30/100
|
|-weather|Sandstorm|[upkeep]
|-damage|p1a: Venusaur|80/100|[from] Sandstorm
|-heal|p1a: Venusaur|86/100|[from] item: Leftovers
|upkeep
|turn|30
|
|t:|1728007764
|move|p2a: Atelia|Earthquake|p1a: Venusaur
|-damage|p1a: Venusaur|38/100
|move|p1a: Venusaur|Earthquake|p2a: Atelia
|-supereffective|p2a: Atelia
|-damage|p2a: Atelia|0 fnt
|faint|p2a: Atelia
|
|t:|1728007767
|switch|p2a: Bam|Snorlax, M, shiny|84/100
|-damage|p2a: Bam|72/100|[from] Spikes
|
|-weather|Sandstorm|[upkeep]
|-damage|p1a: Venusaur|32/100|[from] Sandstorm
|-damage|p2a: Bam|66/100|[from] Sandstorm
|-heal|p1a: Venusaur|38/100|[from] item: Leftovers
|-heal|p2a: Bam|72/100|[from] item: Leftovers
|upkeep
|turn|31
|
|t:|1728007789
|switch|p1a: Quagsire|Quagsire, M|100/100 slp
|move|p2a: Bam|Body Slam|p1a: Quagsire
|-damage|p1a: Quagsire|67/100 slp
|
|-weather|Sandstorm|[upkeep]
|-damage|p2a: Bam|66/100|[from] Sandstorm
|-heal|p2a: Bam|72/100|[from] item: Leftovers
|-heal|p1a: Quagsire|73/100 slp|[from] item: Leftovers
|upkeep
|turn|32
|
|t:|1728007801
|-singleturn|p2a: Bam|move: Focus Punch
|cant|p1a: Quagsire|slp
|move|p2a: Bam|Focus Punch|p1a: Quagsire
|-damage|p1a: Quagsire|39/100 slp
|
|-weather|Sandstorm|[upkeep]
|-damage|p2a: Bam|66/100|[from] Sandstorm
|-heal|p2a: Bam|72/100|[from] item: Leftovers
|-heal|p1a: Quagsire|45/100 slp|[from] item: Leftovers
|upkeep
|turn|33
|
|t:|1728007824
|move|p2a: Bam|Body Slam|p1a: Quagsire
|-damage|p1a: Quagsire|13/100 slp
|-curestatus|p1a: Quagsire|slp|[msg]
|move|p1a: Quagsire|Rest|p1a: Quagsire
|-status|p1a: Quagsire|slp|[from] move: Rest
|-heal|p1a: Quagsire|100/100 slp|[silent]
|
|-weather|Sandstorm|[upkeep]
|-damage|p2a: Bam|66/100|[from] Sandstorm
|-heal|p2a: Bam|72/100|[from] item: Leftovers
|upkeep
|turn|34
|inactive|blundergoth has 270 seconds left.
|
|t:|1728007851
|switch|p2a: Triumphret|Magneton|70/100
|-damage|p2a: Triumphret|57/100|[from] Spikes
|switch|p1a: Salamence|Salamence, M|100/100
|-ability|p1a: Salamence|Intimidate|boost
|-unboost|p2a: Triumphret|atk|1
|
|-weather|Sandstorm|[upkeep]
|-damage|p1a: Salamence|94/100|[from] Sandstorm
|-heal|p1a: Salamence|100/100|[from] item: Leftovers
|-heal|p2a: Triumphret|63/100|[from] item: Leftovers
|upkeep
|turn|35
|inactive|blundergoth has 270 seconds left.
|
|t:|1728007871
|switch|p2a: Titan|Swampert, M, shiny|63/100 slp
|-damage|p2a: Titan|51/100 slp|[from] Spikes
|move|p1a: Salamence|Hydro Pump|p2a: Titan
|-damage|p2a: Titan|17/100 slp
|
|-weather|Sandstorm|[upkeep]
|-damage|p1a: Salamence|94/100|[from] Sandstorm
|-heal|p1a: Salamence|100/100|[from] item: Leftovers
|-heal|p2a: Titan|24/100 slp|[from] item: Leftovers
|upkeep
|turn|36
|
|t:|1728007882
|move|p1a: Salamence|Dragon Claw|p2a: Titan
|-damage|p2a: Titan|0 fnt
|faint|p2a: Titan
|
|t:|1728007887
|switch|p2a: Bam|Snorlax, M, shiny|72/100
|-damage|p2a: Bam|59/100|[from] Spikes
|
|-weather|Sandstorm|[upkeep]
|-damage|p1a: Salamence|94/100|[from] Sandstorm
|-damage|p2a: Bam|53/100|[from] Sandstorm
|-heal|p1a: Salamence|100/100|[from] item: Leftovers
|-heal|p2a: Bam|59/100|[from] item: Leftovers
|upkeep
|turn|37
|
|t:|1728007891
|move|p1a: Salamence|Brick Break|p2a: Bam
|-supereffective|p2a: Bam
|-damage|p2a: Bam|16/100
|move|p2a: Bam|Body Slam|p1a: Salamence
|-damage|p1a: Salamence|45/100
|
|-weather|Sandstorm|[upkeep]
|-damage|p1a: Salamence|39/100|[from] Sandstorm
|-damage|p2a: Bam|10/100|[from] Sandstorm
|-heal|p1a: Salamence|45/100|[from] item: Leftovers
|-heal|p2a: Bam|16/100|[from] item: Leftovers
|upkeep
|turn|38
|
|t:|1728007894
|move|p1a: Salamence|Brick Break|p2a: Bam
|-supereffective|p2a: Bam
|-damage|p2a: Bam|0 fnt
|faint|p2a: Bam
|
|t:|1728007896
|switch|p2a: Mom|Blissey, F|58/100
|-damage|p2a: Mom|46/100|[from] Spikes
|
|-weather|Sandstorm|[upkeep]
|-damage|p1a: Salamence|39/100|[from] Sandstorm
|-damage|p2a: Mom|40/100|[from] Sandstorm
|-heal|p1a: Salamence|45/100|[from] item: Leftovers
|-heal|p2a: Mom|46/100|[from] item: Leftovers
|upkeep
|turn|39
|
|t:|1728007901
|move|p1a: Salamence|Brick Break|p2a: Mom
|-supereffective|p2a: Mom
|-damage|p2a: Mom|6/100
|move|p2a: Mom|Ice Beam|p1a: Salamence
|-supereffective|p1a: Salamence
|-damage|p1a: Salamence|0 fnt
|faint|p1a: Salamence
|
|t:|1728007908
|switch|p1a: Venusaur|Venusaur, F|38/100
|
|-weather|Sandstorm|[upkeep]
|-damage|p1a: Venusaur|32/100|[from] Sandstorm
|-damage|p2a: Mom|0 fnt|[from] Sandstorm
|faint|p2a: Mom
|-heal|p1a: Venusaur|38/100|[from] item: Leftovers
|upkeep
|
|t:|1728007910
|switch|p2a: Triumphret|Magneton|63/100
|-damage|p2a: Triumphret|51/100|[from] Spikes
|turn|40
|
|t:|1728007911
|move|p2a: Triumphret|Thunderbolt|p1a: Venusaur
|-resisted|p1a: Venusaur
|-damage|p1a: Venusaur|18/100
|move|p1a: Venusaur|Earthquake|p2a: Triumphret
|-supereffective|p2a: Triumphret
|-damage|p2a: Triumphret|0 fnt
|faint|p2a: Triumphret
|
|win|blundergoth
|c|☆gthorpe|gg
|c|☆blundergoth|GG

</script>
<script type="application/json" class="data" id="replaydata-smogtours-gen3ou-794475">
{"id":"smogtours-gen3ou-794475","format":"[Gen 3] OU","players":["blundergoth","gthorpe"],"uploadtime":1728007911,"views":141,"formatid":"gen3ou","rating":null,"private":0,"password":null}
</script>

<script defer src="js/replays.js?9d40a366"></script>
