<!DOCTYPE html>
<meta charset="utf-8" />
<meta name="viewport" content="width=device-width" />

<title>[Gen 3] OU: oopsalldeoxys vs. Kvist - Replays - Pok&eacute;mon Showdown!</title>

<meta name="description" content="Watch a replay of a Pok&eacute;mon battle between oopsalldeoxys and Kvist! Format: [Gen 3] OU; Date: Oct 25, 2024" />
<!--

Hey, you! Looking in the source for the replay log?

You can find them in JSON format, just add `.json` at the end of a replay URL.

https://replay.pokemonshowdown.com/gen7randomdoublesbattle-865046831.json

Or, if you only need the log itself, add `.log` instead:

https://replay.pokemonshowdown.com/gen7randomdoublesbattle-865046831.log

-->

<link rel="stylesheet" href="//pokemonshowdown.com/style/global.css?0.023195364461161105" />
<link rel="stylesheet" href="//play.pokemonshowdown.com/style/font-awesome.css?0.13261647063804238" />
<link rel="stylesheet" href="//play.pokemonshowdown.com/style/battle.css?0.8753245789963631" />
<link rel="stylesheet" href="//play.pokemonshowdown.com/style/utilichart.css?0.8627959624976733" />

<!-- Global site tag (gtag.js) - Google Analytics -->
<script async src="https://www.googletagmanager.com/gtag/js?id=UA-26211653-1"></script>
<script>
  window.dataLayer = window.dataLayer || [];
  function gtag(){dataLayer.push(arguments);}
  gtag('js', new Date());

  gtag('config', 'UA-26211653-1');
</script>
<!-- End Google Analytics -->
<!-- Venatus Ad Manager - Install in <HEAD> of page -->
	<script src="https://hb.vntsm.com/v3/live/ad-manager.min.js" type="text/javascript" data-site-id="642aba63ec9a7b11c3c9c1be" data-mode="scan" async></script>
<!-- / Venatus Ad Manager -->

<style>
	@media (max-width:820px) {
		.battle {
			margin: 0 auto;
		}
		.battle-log {
			margin: 7px auto 0;
			max-width: 640px;
			height: 300px;
			position: static;
		}
	}
	.optgroup {
		display: inline-block;
		line-height: 22px;
		font-size: 10pt;
	}
	.optgroup .button {
		height: 25px;
		padding-top: 0;
		padding-bottom: 0;
	}
	.optgroup button.button {
		padding-left: 12px;
		padding-right: 12px;
	}
	.linklist {
		list-style: none;
		margin: 0.5em 0;
		padding: 0;
	}
	.linklist li {
		padding: 2px 0;
	}
	.sidebar {
		float: left;
		width: 320px;
	}
	.bar-wrapper {
		max-width: 1100px;
		margin: 0 auto;
	}
	.bar-wrapper.has-sidebar {
		max-width: 1430px;
	}
	.mainbar {
		margin: 0;
		padding-right: 1px;
	}
	.mainbar.has-sidebar {
		margin-left: 330px;
	}
	@media (min-width: 1511px) {
		.sidebar {
			width: 400px;
		}
		.bar-wrapper.has-sidebar {
			max-width: 1510px;
		}
		.mainbar.has-sidebar {
			margin-left: 410px;
		}
	}
	.section.first-section {
		margin-top: 9px;
	}
	.blocklink small {
		white-space: normal;
	}
	.button {
		vertical-align: middle;
	}
	.replay-controls {
		padding-top: 10px;
	}
	.replay-controls h1 {
		font-size: 16pt;
		font-weight: normal;
		color: #CCC;
	}
	.pagelink {
		text-align: center;
	}
	.pagelink a {
		width: 150px;
	}
	.textbox, .button {
		font-size: 11pt;
		vertical-align: middle;
	}
	@media (max-width: 450px) {
		.button {
			font-size: 9pt;
		}
	}
</style>

<div>

	<header>
		<div class="nav-wrapper"><ul class="nav">
			<li><a class="button nav-first" href="//pokemonshowdown.com/"><img src="//pokemonshowdown.com/images/pokemonshowdownbeta.png" srcset="//pokemonshowdown.com/images/pokemonshowdownbeta.png 1x, //pokemonshowdown.com/images/pokemonshowdownbeta@2x.png 2x" alt="Pok&eacute;mon Showdown" width="146" height="44" /> Home</a></li>
			<li><a class="button" href="//pokemonshowdown.com/dex/">Pok&eacute;dex</a></li>
			<li><a class="button cur" href="/">Replays</a></li>
			<li><a class="button" href="//pokemonshowdown.com/ladder/">Ladder</a></li>
			<li><a class="button nav-last" href="//pokemonshowdown.com/forums/">Forum</a></li>
			<li><a class="button greenbutton nav-first nav-last" href="//play.pokemonshowdown.com/">Play</a></li>
		</ul></div>
	</header>

	<div class="main" id="main">

		<noscript><section class="section">You need to enable JavaScript to use this page; sorry!</section></noscript>

	</div>

</div>

<script defer nomodule src="//play.pokemonshowdown.com/js/lib/ps-polyfill.js"></script>
<script defer src="//play.pokemonshowdown.com/js/lib/preact.min.js"></script>

<script defer src="//play.pokemonshowdown.com/config/config.js?2bddbc15"></script>
<script defer src="//play.pokemonshowdown.com/js/lib/jquery-1.11.0.min.js"></script>
<script defer src="//play.pokemonshowdown.com/js/lib/html-sanitizer-minified.js"></script>
<script defer src="//play.pokemonshowdown.com/js/battle-sound.js"></script>
<script defer src="//play.pokemonshowdown.com/js/battledata.js?0.7209276989879541"></script>
<script defer src="//play.pokemonshowdown.com/data/pokedex-mini.js?0.6111056340867951"></script>
<script defer src="//play.pokemonshowdown.com/data/pokedex-mini-bw.js?0.3532142036491459"></script>
<script defer src="//play.pokemonshowdown.com/data/graphics.js?0.24223875632456182"></script>
<script defer src="//play.pokemonshowdown.com/data/pokedex.js?0.38839984266356864"></script>
<script defer src="//play.pokemonshowdown.com/data/moves.js?0.21866028504024015"></script>
<script defer src="//play.pokemonshowdown.com/data/abilities.js?0.2005157953846628"></script>
<script defer src="//play.pokemonshowdown.com/data/items.js?0.9894211263848525"></script>
<script defer src="//play.pokemonshowdown.com/data/teambuilder-tables.js?0.6008791140282215"></script>
<script defer src="//play.pokemonshowdown.com/js/battle-tooltips.js?0.7580118955022959"></script>
<script defer src="//play.pokemonshowdown.com/js/battle.js?0.6057722274234274"></script>

<script defer src="js/utils.js?e31f9a17"></script>
<script defer src="js/replays-battle.js?7008c182"></script>

<!-- don't scrape this data! just add .json or .log after the URL!
Full API docs: https://github.com/smogon/pokemon-showdown-client/blob/master/WEB-API.md -->
<script type="text/plain" class="log" id="replaylog-smogtours-gen3ou-801770">
|inactive|Battle timer is ON: inactive players will automatically lose when time's up.
|t:|1729830929
|gametype|singles
|player|p1|oopsalldeoxys|1|
|player|p2|Kvist|2|
|teamsize|p1|6
|teamsize|p2|6
|gen|3
|tier|[Gen 3] OU
|rule|Sleep Clause Mod: Limit one foe put to sleep
|rule|Switch Priority Clause Mod: Faster Pokémon switch first
|rule|Species Clause: Limit one of each Pokémon
|rule|OHKO Clause: OHKO moves are banned
|rule|Evasion Items Clause: Evasion items are banned
|rule|Evasion Moves Clause: Evasion moves are banned
|rule|Endless Battle Clause: Forcing endless battles is banned
|rule|HP Percentage Mod: HP is shown in percentages
|rule|One Boost Passer Clause: Limit one Baton Passer that has a way to boost its stats
|rule|Freeze Clause Mod: Limit one foe frozen
|
|t:|1729830929
|start
|switch|p1a: Meat Grinder|Tyranitar, F, shiny|100/100
|switch|p2a: Skarmory|Skarmory, M|100/100
|-weather|Sandstorm|[from] ability: Sand Stream|[of] p1a: Meat Grinder
|turn|1
|c|☆oopsalldeoxys|glhf
|c|☆Kvist|glhf
|
|t:|1729830954
|move|p1a: Meat Grinder|Dragon Dance|p1a: Meat Grinder
|-boost|p1a: Meat Grinder|atk|1
|-boost|p1a: Meat Grinder|spe|1
|move|p2a: Skarmory|Spikes|p1a: Meat Grinder
|-sidestart|p1: oopsalldeoxys|Spikes
|
|-weather|Sandstorm|[upkeep]
|upkeep
|turn|2
|
|t:|1729830957
|move|p1a: Meat Grinder|Rock Slide|p2a: Skarmory
|-damage|p2a: Skarmory|59/100
|move|p2a: Skarmory|Roar|p1a: Meat Grinder
|drag|p1a: Rainbow|Charizard, M, shiny|100/100
|
|-weather|Sandstorm|[upkeep]
|-damage|p1a: Rainbow|94/100|[from] Sandstorm
|-heal|p1a: Rainbow|100/100|[from] item: Leftovers
|-heal|p2a: Skarmory|65/100|[from] item: Leftovers
|upkeep
|turn|3
|
|t:|1729830969
|switch|p2a: Suicune|Suicune|100/100
|move|p1a: Rainbow|Fire Blast|p2a: Suicune|[miss]
|-miss|p1a: Rainbow|p2a: Suicune
|
|-weather|Sandstorm|[upkeep]
|-damage|p1a: Rainbow|94/100|[from] Sandstorm
|-damage|p2a: Suicune|94/100|[from] Sandstorm
|-heal|p1a: Rainbow|100/100|[from] item: Leftovers
|-heal|p2a: Suicune|100/100|[from] item: Leftovers
|upkeep
|turn|4
|
|t:|1729830973
|switch|p1a: Money Folder|Celebi|100/100
|-damage|p1a: Money Folder|88/100|[from] Spikes
|move|p2a: Suicune|Surf|p1a: Money Folder
|-resisted|p1a: Money Folder
|-damage|p1a: Money Folder|75/100
|
|-weather|Sandstorm|[upkeep]
|-damage|p1a: Money Folder|69/100|[from] Sandstorm
|-damage|p2a: Suicune|94/100|[from] Sandstorm
|-heal|p1a: Money Folder|75/100|[from] item: Leftovers
|-heal|p2a: Suicune|100/100|[from] item: Leftovers
|upkeep
|turn|5
|
|t:|1729830988
|switch|p2a: Metagross|Metagross|100/100
|move|p1a: Money Folder|Calm Mind|p1a: Money Folder
|-boost|p1a: Money Folder|spa|1
|-boost|p1a: Money Folder|spd|1
|
|-weather|Sandstorm|[upkeep]
|-damage|p1a: Money Folder|69/100|[from] Sandstorm
|-heal|p1a: Money Folder|75/100|[from] item: Leftovers
|upkeep
|turn|6
|
|t:|1729831002
|move|p1a: Money Folder|Baton Pass|p1a: Money Folder
|
|t:|1729831006
|switch|p1a: Accordian|Skarmory, M|100/100|[from] Baton Pass
|move|p2a: Metagross|Agility|p2a: Metagross
|-boost|p2a: Metagross|spe|2
|
|-weather|Sandstorm|[upkeep]
|upkeep
|turn|7
|
|t:|1729831012
|move|p2a: Metagross|Meteor Mash|p1a: Accordian|[miss]
|-miss|p2a: Metagross|p1a: Accordian
|move|p1a: Accordian|Spikes|p2a: Metagross
|-sidestart|p2: Kvist|Spikes
|
|-weather|Sandstorm|[upkeep]
|upkeep
|turn|8
|
|t:|1729831028
|switch|p2a: Gengar|Gengar, F|100/100
|move|p1a: Accordian|Roar|p2a: Gengar
|drag|p2a: Metagross|Metagross|100/100
|-damage|p2a: Metagross|88/100|[from] Spikes
|
|-weather|Sandstorm|[upkeep]
|-heal|p2a: Metagross|94/100|[from] item: Leftovers
|upkeep
|turn|9
|
|t:|1729831037
|move|p1a: Accordian|Spikes|p2a: Metagross
|-sidestart|p2: Kvist|Spikes
|move|p2a: Metagross|Meteor Mash|p1a: Accordian
|-resisted|p1a: Accordian
|-damage|p1a: Accordian|79/100
|
|-weather|Sandstorm|[upkeep]
|-heal|p1a: Accordian|85/100|[from] item: Leftovers
|-heal|p2a: Metagross|100/100|[from] item: Leftovers
|upkeep
|turn|10
|
|t:|1729831041
|switch|p2a: Gengar|Gengar, F|100/100
|move|p1a: Accordian|Spikes|p2a: Gengar
|-sidestart|p2: Kvist|Spikes
|
|-weather|Sandstorm|[upkeep]
|-damage|p2a: Gengar|94/100|[from] Sandstorm
|-heal|p2a: Gengar|100/100|[from] item: Leftovers
|-heal|p1a: Accordian|91/100|[from] item: Leftovers
|upkeep
|turn|11
|inactive|oopsalldeoxys has 270 seconds left.
|inactive|oopsalldeoxys has 240 seconds left.
|inactive|oopsalldeoxys has 210 seconds left.
|
|t:|1729831146
|move|p2a: Gengar|Will-O-Wisp|p1a: Accordian
|-status|p1a: Accordian|brn
|move|p1a: Accordian|Roar|p2a: Gengar
|drag|p2a: Suicune|Suicune|100/100
|-damage|p2a: Suicune|76/100|[from] Spikes
|
|-weather|Sandstorm|[upkeep]
|-damage|p2a: Suicune|69/100|[from] Sandstorm
|-heal|p2a: Suicune|76/100|[from] item: Leftovers
|-heal|p1a: Accordian|97/100 brn|[from] item: Leftovers
|-damage|p1a: Accordian|85/100 brn|[from] brn
|upkeep
|turn|12
|inactive|oopsalldeoxys has 180 seconds left.
|
|t:|1729831183
|move|p2a: Suicune|Surf|p1a: Accordian
|-damage|p1a: Accordian|63/100 brn
|move|p1a: Accordian|Toxic|p2a: Suicune
|-status|p2a: Suicune|tox
|
|-weather|Sandstorm|[upkeep]
|-damage|p2a: Suicune|69/100 tox|[from] Sandstorm
|-heal|p2a: Suicune|76/100 tox|[from] item: Leftovers
|-heal|p1a: Accordian|69/100 brn|[from] item: Leftovers
|-damage|p1a: Accordian|56/100 brn|[from] brn
|-damage|p2a: Suicune|69/100 tox|[from] psn
|upkeep
|turn|13
|
|t:|1729831192
|switch|p1a: Money Folder|Celebi|75/100
|-damage|p1a: Money Folder|63/100|[from] Spikes
|move|p2a: Suicune|Rest|p2a: Suicune
|-status|p2a: Suicune|slp|[from] move: Rest
|-heal|p2a: Suicune|100/100 slp|[silent]
|
|-weather|Sandstorm|[upkeep]
|-damage|p1a: Money Folder|56/100|[from] Sandstorm
|-damage|p2a: Suicune|94/100 slp|[from] Sandstorm
|-heal|p1a: Money Folder|63/100|[from] item: Leftovers
|-heal|p2a: Suicune|100/100 slp|[from] item: Leftovers
|upkeep
|turn|14
|
|t:|1729831198
|switch|p2a: Claydol|Claydol|100/100
|move|p1a: Money Folder|Calm Mind|p1a: Money Folder
|-boost|p1a: Money Folder|spa|1
|-boost|p1a: Money Folder|spd|1
|
|-weather|Sandstorm|[upkeep]
|-damage|p1a: Money Folder|56/100|[from] Sandstorm
|-heal|p1a: Money Folder|63/100|[from] item: Leftovers
|upkeep
|turn|15
|
|t:|1729831203
|move|p1a: Money Folder|Giga Drain|p2a: Claydol
|-supereffective|p2a: Claydol
|-damage|p2a: Claydol|24/100
|-heal|p1a: Money Folder|88/100|[from] drain|[of] p2a: Claydol
|move|p2a: Claydol|Rapid Spin|p1a: Money Folder
|-damage|p1a: Money Folder|83/100
|-sideend|p2: Kvist|Spikes|[from] move: Rapid Spin|[of] p2a: Claydol
|
|-weather|Sandstorm|[upkeep]
|-damage|p1a: Money Folder|77/100|[from] Sandstorm
|-heal|p1a: Money Folder|83/100|[from] item: Leftovers
|-heal|p2a: Claydol|30/100|[from] item: Leftovers
|upkeep
|turn|16
|
|t:|1729831212
|switch|p2a: Metagross|Metagross|100/100
|move|p1a: Money Folder|Baton Pass|p1a: Money Folder
|
|t:|1729831215
|switch|p1a: Rainbow|Charizard, M, shiny|100/100|[from] Baton Pass
|
|-weather|Sandstorm|[upkeep]
|-damage|p1a: Rainbow|94/100|[from] Sandstorm
|-heal|p1a: Rainbow|100/100|[from] item: Leftovers
|upkeep
|turn|17
|
|t:|1729831222
|switch|p2a: Claydol|Claydol|30/100
|move|p1a: Rainbow|Fire Blast|p2a: Claydol
|-damage|p2a: Claydol|0 fnt
|faint|p2a: Claydol
|inactive|Kvist has 270 seconds left.
|
|t:|1729831253
|switch|p2a: Blissey|Blissey, F|100/100
|
|-weather|Sandstorm|[upkeep]
|-damage|p1a: Rainbow|94/100|[from] Sandstorm
|-damage|p2a: Blissey|94/100|[from] Sandstorm
|-heal|p1a: Rainbow|100/100|[from] item: Leftovers
|-heal|p2a: Blissey|100/100|[from] item: Leftovers
|upkeep
|turn|18
|
|t:|1729831261
|move|p1a: Rainbow|Beat Up|p2a: Blissey
|-damage|p2a: Blissey|90/100
|-damage|p2a: Blissey|75/100
|-damage|p2a: Blissey|63/100
|-damage|p2a: Blissey|50/100
|-damage|p2a: Blissey|33/100
|-hitcount|p2a: Blissey|5
|move|p2a: Blissey|Thunder Wave|p1a: Rainbow
|-status|p1a: Rainbow|par
|
|-weather|Sandstorm|[upkeep]
|-damage|p2a: Blissey|27/100|[from] Sandstorm
|-damage|p1a: Rainbow|94/100 par|[from] Sandstorm
|-heal|p2a: Blissey|33/100|[from] item: Leftovers
|-heal|p1a: Rainbow|100/100 par|[from] item: Leftovers
|upkeep
|turn|19
|inactive|Kvist has 270 seconds left.
|
|t:|1729831282
|move|p2a: Blissey|Thunderbolt|p1a: Rainbow
|-supereffective|p1a: Rainbow
|-damage|p1a: Rainbow|61/100 par
|cant|p1a: Rainbow|par
|
|-weather|Sandstorm|[upkeep]
|-damage|p2a: Blissey|27/100|[from] Sandstorm
|-damage|p1a: Rainbow|55/100 par|[from] Sandstorm
|-heal|p2a: Blissey|33/100|[from] item: Leftovers
|-heal|p1a: Rainbow|61/100 par|[from] item: Leftovers
|upkeep
|turn|20
|
|t:|1729831292
|switch|p2a: Gengar|Gengar, F|100/100
|cant|p1a: Rainbow|par
|
|-weather|Sandstorm|[upkeep]
|-damage|p2a: Gengar|94/100|[from] Sandstorm
|-damage|p1a: Rainbow|55/100 par|[from] Sandstorm
|-heal|p2a: Gengar|100/100|[from] item: Leftovers
|-heal|p1a: Rainbow|61/100 par|[from] item: Leftovers
|upkeep
|turn|21
|
|t:|1729831302
|move|p2a: Gengar|Thunderbolt|p1a: Rainbow
|-supereffective|p1a: Rainbow
|-damage|p1a: Rainbow|8/100 par
|cant|p1a: Rainbow|par
|
|-weather|Sandstorm|[upkeep]
|-damage|p2a: Gengar|94/100|[from] Sandstorm
|-damage|p1a: Rainbow|2/100 par|[from] Sandstorm
|-heal|p2a: Gengar|100/100|[from] item: Leftovers
|-heal|p1a: Rainbow|8/100 par|[from] item: Leftovers
|upkeep
|turn|22
|
|t:|1729831309
|move|p2a: Gengar|Thunderbolt|p1a: Rainbow
|-supereffective|p1a: Rainbow
|-damage|p1a: Rainbow|0 fnt
|faint|p1a: Rainbow
|
|t:|1729831332
|switch|p1a: All Caps|Metagross, shiny|100/100
|-damage|p1a: All Caps|88/100|[from] Spikes
|
|-weather|Sandstorm|[upkeep]
|-damage|p2a: Gengar|94/100|[from] Sandstorm
|-heal|p2a: Gengar|100/100|[from] item: Leftovers
|-heal|p1a: All Caps|94/100|[from] item: Leftovers
|upkeep
|turn|23
|inactive|Kvist has 270 seconds left.
|
|t:|1729831358
|switch|p2a: Skarmory|Skarmory, M|65/100
|move|p1a: All Caps|Thunder Punch|p2a: Skarmory
|-supereffective|p2a: Skarmory
|-damage|p2a: Skarmory|24/100
|
|-weather|Sandstorm|[upkeep]
|-heal|p1a: All Caps|100/100|[from] item: Leftovers
|-heal|p2a: Skarmory|30/100|[from] item: Leftovers
|upkeep
|turn|24
|inactive|Kvist has 270 seconds left.
|
|t:|1729831371
|move|p2a: Skarmory|Protect|p2a: Skarmory
|-singleturn|p2a: Skarmory|Protect
|move|p1a: All Caps|Thunder Punch|p2a: Skarmory
|-activate|p2a: Skarmory|Protect
|
|-weather|Sandstorm|[upkeep]
|-heal|p2a: Skarmory|36/100|[from] item: Leftovers
|upkeep
|turn|25
|inactive|Kvist has 270 seconds left.
|inactive|oopsalldeoxys has 210 seconds left.
|
|t:|1729831404
|switch|p2a: Metagross|Metagross|100/100
|move|p1a: All Caps|Thunder Punch|p2a: Metagross
|-damage|p2a: Metagross|75/100
|
|-weather|Sandstorm|[upkeep]
|-heal|p2a: Metagross|81/100|[from] item: Leftovers
|upkeep
|turn|26
|
|t:|1729831414
|move|p2a: Metagross|Earthquake|p1a: All Caps
|-supereffective|p1a: All Caps
|-damage|p1a: All Caps|47/100
|move|p1a: All Caps|Earthquake|p2a: Metagross
|-supereffective|p2a: Metagross
|-damage|p2a: Metagross|33/100
|
|-weather|Sandstorm|[upkeep]
|-heal|p2a: Metagross|39/100|[from] item: Leftovers
|-heal|p1a: All Caps|53/100|[from] item: Leftovers
|upkeep
|turn|27
|
|t:|1729831422
|switch|p1a: Accordian|Skarmory, M|56/100 brn
|move|p2a: Metagross|Earthquake|p1a: Accordian
|-immune|p1a: Accordian
|
|-weather|Sandstorm|[upkeep]
|-heal|p1a: Accordian|62/100 brn|[from] item: Leftovers
|-damage|p1a: Accordian|50/100 brn|[from] brn
|-heal|p2a: Metagross|45/100|[from] item: Leftovers
|upkeep
|turn|28
|
|t:|1729831429
|move|p1a: Accordian|Spikes|p2a: Metagross
|-sidestart|p2: Kvist|Spikes
|move|p2a: Metagross|Meteor Mash|p1a: Accordian
|-resisted|p1a: Accordian
|-damage|p1a: Accordian|28/100 brn
|
|-weather|Sandstorm|[upkeep]
|-heal|p1a: Accordian|34/100 brn|[from] item: Leftovers
|-damage|p1a: Accordian|22/100 brn|[from] brn
|-heal|p2a: Metagross|52/100|[from] item: Leftovers
|upkeep
|turn|29
|
|t:|1729831435
|move|p2a: Metagross|Meteor Mash|p1a: Accordian
|-resisted|p1a: Accordian
|-damage|p1a: Accordian|2/100 brn
|move|p1a: Accordian|Roar|p2a: Metagross
|drag|p2a: Suicune|Suicune|100/100 slp
|-damage|p2a: Suicune|88/100 slp|[from] Spikes
|
|-weather|Sandstorm|[upkeep]
|-damage|p2a: Suicune|82/100 slp|[from] Sandstorm
|-heal|p1a: Accordian|8/100 brn|[from] item: Leftovers
|-heal|p2a: Suicune|88/100 slp|[from] item: Leftovers
|-damage|p1a: Accordian|0 fnt|[from] brn
|faint|p1a: Accordian
|upkeep
|
|t:|1729831437
|switch|p1a: Figaro|Swampert, M, shiny|100/100
|-damage|p1a: Figaro|88/100|[from] Spikes
|turn|30
|
|t:|1729831448
|switch|p1a: Money Folder|Celebi|83/100
|-damage|p1a: Money Folder|71/100|[from] Spikes
|cant|p2a: Suicune|slp
|move|p2a: Suicune|Sleep Talk|p2a: Suicune
|move|p2a: Suicune|Rest|p2a: Suicune|[from]Sleep Talk
|
|-weather|Sandstorm|[upkeep]
|-damage|p1a: Money Folder|65/100|[from] Sandstorm
|-damage|p2a: Suicune|82/100 slp|[from] Sandstorm
|-heal|p1a: Money Folder|71/100|[from] item: Leftovers
|-heal|p2a: Suicune|88/100 slp|[from] item: Leftovers
|upkeep
|turn|31
|inactive|Kvist has 270 seconds left.
|
|t:|1729831474
|switch|p2a: Skarmory|Skarmory, M|36/100
|move|p1a: Money Folder|Calm Mind|p1a: Money Folder
|-boost|p1a: Money Folder|spa|1
|-boost|p1a: Money Folder|spd|1
|
|-weather|Sandstorm|[upkeep]
|-damage|p1a: Money Folder|65/100|[from] Sandstorm
|-heal|p1a: Money Folder|71/100|[from] item: Leftovers
|-heal|p2a: Skarmory|42/100|[from] item: Leftovers
|upkeep
|turn|32
|
|t:|1729831478
|move|p1a: Money Folder|Hidden Power|p2a: Skarmory
|-supereffective|p2a: Skarmory
|-damage|p2a: Skarmory|0 fnt
|faint|p2a: Skarmory
|inactive|Kvist has 270 seconds left.
|inactive|Kvist has 240 seconds left.
|
|t:|1729831517
|switch|p2a: Gengar|Gengar, F|100/100
|
|-weather|Sandstorm|[upkeep]
|-damage|p2a: Gengar|94/100|[from] Sandstorm
|-damage|p1a: Money Folder|65/100|[from] Sandstorm
|-heal|p2a: Gengar|100/100|[from] item: Leftovers
|-heal|p1a: Money Folder|71/100|[from] item: Leftovers
|upkeep
|turn|33
|inactive|Kvist has 240 seconds left.
|inactive|oopsalldeoxys has 270 seconds left.
|inactive|oopsalldeoxys has 240 seconds left.
|
|t:|1729831582
|move|p2a: Gengar|Will-O-Wisp|p1a: Money Folder
|-status|p1a: Money Folder|brn
|move|p1a: Money Folder|Hidden Power|p2a: Gengar
|-damage|p2a: Gengar|56/100
|
|-weather|Sandstorm|[upkeep]
|-damage|p2a: Gengar|50/100|[from] Sandstorm
|-damage|p1a: Money Folder|65/100 brn|[from] Sandstorm
|-heal|p2a: Gengar|56/100|[from] item: Leftovers
|-heal|p1a: Money Folder|71/100 brn|[from] item: Leftovers
|-damage|p1a: Money Folder|59/100 brn|[from] brn
|upkeep
|turn|34
|
|t:|1729831595
|move|p2a: Gengar|Explosion|p1a: Money Folder
|-damage|p1a: Money Folder|3/100 brn
|faint|p2a: Gengar
|inactive|Kvist has 240 seconds left.
|
|t:|1729831612
|switch|p2a: Metagross|Metagross|52/100
|-damage|p2a: Metagross|39/100|[from] Spikes
|
|-weather|Sandstorm|[upkeep]
|-damage|p1a: Money Folder|0 fnt|[from] Sandstorm
|faint|p1a: Money Folder
|-heal|p2a: Metagross|45/100|[from] item: Leftovers
|upkeep
|
|t:|1729831616
|switch|p1a: Figaro|Swampert, M, shiny|88/100
|-damage|p1a: Figaro|76/100|[from] Spikes
|turn|35
|inactive|oopsalldeoxys has 240 seconds left.
|inactive|Kvist has 240 seconds left.
|
|t:|1729831627
|move|p2a: Metagross|Explosion|p1a: Figaro
|-damage|p1a: Figaro|0 fnt
|faint|p2a: Metagross
|faint|p1a: Figaro
|inactive|oopsalldeoxys has 240 seconds left.
|inactive|oopsalldeoxys has 210 seconds left.
|
|t:|1729831682
|switch|p2a: Suicune|Suicune|88/100 slp
|switch|p1a: All Caps|Metagross, shiny|53/100
|-damage|p2a: Suicune|76/100 slp|[from] Spikes
|-damage|p1a: All Caps|41/100|[from] Spikes
|
|-weather|Sandstorm|[upkeep]
|-damage|p2a: Suicune|69/100 slp|[from] Sandstorm
|-heal|p2a: Suicune|76/100 slp|[from] item: Leftovers
|-heal|p1a: All Caps|47/100|[from] item: Leftovers
|upkeep
|turn|36
|
|t:|1729831695
|cant|p2a: Suicune|slp
|move|p2a: Suicune|Sleep Talk|p2a: Suicune
|move|p2a: Suicune|Rest|p2a: Suicune|[from]Sleep Talk
|move|p1a: All Caps|Thunder Punch|p2a: Suicune
|-supereffective|p2a: Suicune
|-damage|p2a: Suicune|41/100 slp
|
|-weather|Sandstorm|[upkeep]
|-damage|p2a: Suicune|35/100 slp|[from] Sandstorm
|-heal|p2a: Suicune|41/100 slp|[from] item: Leftovers
|-heal|p1a: All Caps|53/100|[from] item: Leftovers
|upkeep
|turn|37
|
|t:|1729831701
|cant|p2a: Suicune|slp
|move|p2a: Suicune|Sleep Talk|p2a: Suicune
|move|p2a: Suicune|Calm Mind|p2a: Suicune|[from]Sleep Talk
|-boost|p2a: Suicune|spa|1
|-boost|p2a: Suicune|spd|1
|move|p1a: All Caps|Thunder Punch|p2a: Suicune
|-supereffective|p2a: Suicune
|-damage|p2a: Suicune|19/100 slp
|
|-weather|Sandstorm|[upkeep]
|-damage|p2a: Suicune|13/100 slp|[from] Sandstorm
|-heal|p2a: Suicune|19/100 slp|[from] item: Leftovers
|-heal|p1a: All Caps|59/100|[from] item: Leftovers
|upkeep
|turn|38
|inactive|oopsalldeoxys has 210 seconds left.
|
|t:|1729831714
|-curestatus|p2a: Suicune|slp|[msg]
|move|p2a: Suicune|Rest|p2a: Suicune
|-status|p2a: Suicune|slp|[from] move: Rest
|-heal|p2a: Suicune|100/100 slp|[silent]
|move|p1a: All Caps|Explosion|p2a: Suicune
|-damage|p2a: Suicune|16/100 slp
|faint|p1a: All Caps
|
|t:|1729831718
|switch|p1a: Meat Grinder|Tyranitar, F, shiny|100/100
|-damage|p1a: Meat Grinder|88/100|[from] Spikes
|
|-weather|Sandstorm|[upkeep]
|-damage|p2a: Suicune|10/100 slp|[from] Sandstorm
|-heal|p2a: Suicune|16/100 slp|[from] item: Leftovers
|-heal|p1a: Meat Grinder|94/100|[from] item: Leftovers
|upkeep
|turn|39
|inactive|Kvist has 270 seconds left.
|
|t:|1729831724
|cant|p2a: Suicune|slp
|move|p2a: Suicune|Sleep Talk|p2a: Suicune
|move|p2a: Suicune|Calm Mind|p2a: Suicune|[from]Sleep Talk
|-boost|p2a: Suicune|spa|1
|-boost|p2a: Suicune|spd|1
|move|p1a: Meat Grinder|Earthquake|p2a: Suicune
|-damage|p2a: Suicune|0 fnt
|faint|p2a: Suicune
|
|t:|1729831729
|switch|p2a: Blissey|Blissey, F|33/100
|-damage|p2a: Blissey|21/100|[from] Spikes
|
|-weather|Sandstorm|[upkeep]
|-damage|p2a: Blissey|15/100|[from] Sandstorm
|-heal|p1a: Meat Grinder|100/100|[from] item: Leftovers
|-heal|p2a: Blissey|21/100|[from] item: Leftovers
|upkeep
|turn|40
|
|t:|1729831732
|move|p1a: Meat Grinder|Earthquake|p2a: Blissey
|-damage|p2a: Blissey|0 fnt
|faint|p2a: Blissey
|
|win|oopsalldeoxys
|c|☆Kvist|gg
|c|☆oopsalldeoxys|gg

</script>
<script type="application/json" class="data" id="replaydata-smogtours-gen3ou-801770">
{"id":"smogtours-gen3ou-801770","format":"[Gen 3] OU","players":["oopsalldeoxys","Kvist"],"uploadtime":1729831732,"views":91,"formatid":"gen3ou","rating":null,"private":0,"password":null}
</script>

<script defer src="js/replays.js?9d40a366"></script>
