<!DOCTYPE html>
<meta charset="utf-8" />
<meta name="viewport" content="width=device-width" />

<title>[Gen 3] OU: CazabichosPablo vs. Organic Oranges - Replays - Pok&eacute;mon Showdown!</title>

<meta name="description" content="Watch a replay of a Pok&eacute;mon battle between CazabichosPablo and Organic Oranges! Format: [Gen 3] OU; Date: Nov 9, 2024" />
<!--

Hey, you! Looking in the source for the replay log?

You can find them in JSON format, just add `.json` at the end of a replay URL.

https://replay.pokemonshowdown.com/gen7randomdoublesbattle-865046831.json

Or, if you only need the log itself, add `.log` instead:

https://replay.pokemonshowdown.com/gen7randomdoublesbattle-865046831.log

-->

<link rel="stylesheet" href="//pokemonshowdown.com/style/global.css?0.023195364461161105" />
<link rel="stylesheet" href="//play.pokemonshowdown.com/style/font-awesome.css?0.13261647063804238" />
<link rel="stylesheet" href="//play.pokemonshowdown.com/style/battle.css?0.8753245789963631" />
<link rel="stylesheet" href="//play.pokemonshowdown.com/style/utilichart.css?0.8627959624976733" />

<!-- Global site tag (gtag.js) - Google Analytics -->
<script async src="https://www.googletagmanager.com/gtag/js?id=UA-26211653-1"></script>
<script>
  window.dataLayer = window.dataLayer || [];
  function gtag(){dataLayer.push(arguments);}
  gtag('js', new Date());

  gtag('config', 'UA-26211653-1');
</script>
<!-- End Google Analytics -->
<!-- Venatus Ad Manager - Install in <HEAD> of page -->
	<script src="https://hb.vntsm.com/v3/live/ad-manager.min.js" type="text/javascript" data-site-id="642aba63ec9a7b11c3c9c1be" data-mode="scan" async></script>
<!-- / Venatus Ad Manager -->

<style>
	@media (max-width:820px) {
		.battle {
			margin: 0 auto;
		}
		.battle-log {
			margin: 7px auto 0;
			max-width: 640px;
			height: 300px;
			position: static;
		}
	}
	.optgroup {
		display: inline-block;
		line-height: 22px;
		font-size: 10pt;
	}
	.optgroup .button {
		height: 25px;
		padding-top: 0;
		padding-bottom: 0;
	}
	.optgroup button.button {
		padding-left: 12px;
		padding-right: 12px;
	}
	.linklist {
		list-style: none;
		margin: 0.5em 0;
		padding: 0;
	}
	.linklist li {
		padding: 2px 0;
	}
	.sidebar {
		float: left;
		width: 320px;
	}
	.bar-wrapper {
		max-width: 1100px;
		margin: 0 auto;
	}
	.bar-wrapper.has-sidebar {
		max-width: 1430px;
	}
	.mainbar {
		margin: 0;
		padding-right: 1px;
	}
	.mainbar.has-sidebar {
		margin-left: 330px;
	}
	@media (min-width: 1511px) {
		.sidebar {
			width: 400px;
		}
		.bar-wrapper.has-sidebar {
			max-width: 1510px;
		}
		.mainbar.has-sidebar {
			margin-left: 410px;
		}
	}
	.section.first-section {
		margin-top: 9px;
	}
	.blocklink small {
		white-space: normal;
	}
	.button {
		vertical-align: middle;
	}
	.replay-controls {
		padding-top: 10px;
	}
	.replay-controls h1 {
		font-size: 16pt;
		font-weight: normal;
		color: #CCC;
	}
	.pagelink {
		text-align: center;
	}
	.pagelink a {
		width: 150px;
	}
	.textbox, .button {
		font-size: 11pt;
		vertical-align: middle;
	}
	@media (max-width: 450px) {
		.button {
			font-size: 9pt;
		}
	}
</style>

<div>

	<header>
		<div class="nav-wrapper"><ul class="nav">
			<li><a class="button nav-first" href="//pokemonshowdown.com/"><img src="//pokemonshowdown.com/images/pokemonshowdownbeta.png" srcset="//pokemonshowdown.com/images/pokemonshowdownbeta.png 1x, //pokemonshowdown.com/images/pokemonshowdownbeta@2x.png 2x" alt="Pok&eacute;mon Showdown" width="146" height="44" /> Home</a></li>
			<li><a class="button" href="//pokemonshowdown.com/dex/">Pok&eacute;dex</a></li>
			<li><a class="button cur" href="/">Replays</a></li>
			<li><a class="button" href="//pokemonshowdown.com/ladder/">Ladder</a></li>
			<li><a class="button nav-last" href="//pokemonshowdown.com/forums/">Forum</a></li>
			<li><a class="button greenbutton nav-first nav-last" href="//play.pokemonshowdown.com/">Play</a></li>
		</ul></div>
	</header>

	<div class="main" id="main">

		<noscript><section class="section">You need to enable JavaScript to use this page; sorry!</section></noscript>

	</div>

</div>

<script defer nomodule src="//play.pokemonshowdown.com/js/lib/ps-polyfill.js"></script>
<script defer src="//play.pokemonshowdown.com/js/lib/preact.min.js"></script>

<script defer src="//play.pokemonshowdown.com/config/config.js?2bddbc15"></script>
<script defer src="//play.pokemonshowdown.com/js/lib/jquery-1.11.0.min.js"></script>
<script defer src="//play.pokemonshowdown.com/js/lib/html-sanitizer-minified.js"></script>
<script defer src="//play.pokemonshowdown.com/js/battle-sound.js"></script>
<script defer src="//play.pokemonshowdown.com/js/battledata.js?0.7209276989879541"></script>
<script defer src="//play.pokemonshowdown.com/data/pokedex-mini.js?0.6111056340867951"></script>
<script defer src="//play.pokemonshowdown.com/data/pokedex-mini-bw.js?0.3532142036491459"></script>
<script defer src="//play.pokemonshowdown.com/data/graphics.js?0.24223875632456182"></script>
<script defer src="//play.pokemonshowdown.com/data/pokedex.js?0.38839984266356864"></script>
<script defer src="//play.pokemonshowdown.com/data/moves.js?0.21866028504024015"></script>
<script defer src="//play.pokemonshowdown.com/data/abilities.js?0.2005157953846628"></script>
<script defer src="//play.pokemonshowdown.com/data/items.js?0.9894211263848525"></script>
<script defer src="//play.pokemonshowdown.com/data/teambuilder-tables.js?0.6008791140282215"></script>
<script defer src="//play.pokemonshowdown.com/js/battle-tooltips.js?0.7580118955022959"></script>
<script defer src="//play.pokemonshowdown.com/js/battle.js?0.6057722274234274"></script>

<script defer src="js/utils.js?e31f9a17"></script>
<script defer src="js/replays-battle.js?7008c182"></script>

<!-- don't scrape this data! just add .json or .log after the URL!
Full API docs: https://github.com/smogon/pokemon-showdown-client/blob/master/WEB-API.md -->
<script type="text/plain" class="log" id="replaylog-smogtours-gen3ou-805367">
|inactive|Battle timer is ON: inactive players will automatically lose when time's up.
|t:|1731146401
|gametype|singles
|player|p1|CazabichosPablo|bugcatcher-gen4dp|
|player|p2|Organic Oranges|tate|
|teamsize|p1|6
|teamsize|p2|6
|gen|3
|tier|[Gen 3] OU
|rule|Sleep Clause Mod: Limit one foe put to sleep
|rule|Switch Priority Clause Mod: Faster Pokémon switch first
|rule|Species Clause: Limit one of each Pokémon
|rule|OHKO Clause: OHKO moves are banned
|rule|Evasion Items Clause: Evasion items are banned
|rule|Evasion Moves Clause: Evasion moves are banned
|rule|Endless Battle Clause: Forcing endless battles is banned
|rule|HP Percentage Mod: HP is shown in percentages
|rule|One Boost Passer Clause: Limit one Baton Passer that has a way to boost its stats
|rule|Freeze Clause Mod: Limit one foe frozen
|
|t:|1731146401
|start
|switch|p1a: Machamp|Machamp, M|100/100
|switch|p2a: Salamence|Salamence, F, shiny|100/100
|-ability|p2a: Salamence|Intimidate|boost
|-unboost|p1a: Machamp|atk|1
|turn|1
|
|t:|1731146412
|switch|p1a: Metagross|Metagross|100/100
|move|p2a: Salamence|Hidden Power|p1a: Metagross
|-resisted|p1a: Metagross
|-damage|p1a: Metagross|73/100
|
|upkeep
|turn|2
|
|t:|1731146431
|switch|p2a: Skarmory|Skarmory, F|100/100
|move|p1a: Metagross|Meteor Mash|p2a: Skarmory
|-resisted|p2a: Skarmory
|-damage|p2a: Skarmory|65/100
|
|-heal|p2a: Skarmory|71/100|[from] item: Leftovers
|upkeep
|turn|3
|
|t:|1731146438
|move|p1a: Metagross|Meteor Mash|p2a: Skarmory
|-resisted|p2a: Skarmory
|-damage|p2a: Skarmory|36/100
|move|p2a: Skarmory|Spikes|p1a: Metagross
|-sidestart|p1: CazabichosPablo|Spikes
|
|-heal|p2a: Skarmory|42/100|[from] item: Leftovers
|upkeep
|turn|4
|
|t:|1731146446
|move|p2a: Skarmory|Protect|p2a: Skarmory
|-singleturn|p2a: Skarmory|Protect
|move|p1a: Metagross|Meteor Mash|p2a: Skarmory
|-activate|p2a: Skarmory|Protect
|
|-heal|p2a: Skarmory|48/100|[from] item: Leftovers
|upkeep
|turn|5
|
|t:|1731146456
|move|p1a: Metagross|Meteor Mash|p2a: Skarmory
|-resisted|p2a: Skarmory
|-damage|p2a: Skarmory|13/100
|-boost|p1a: Metagross|atk|1
|move|p2a: Skarmory|Spikes|p1a: Metagross
|-sidestart|p1: CazabichosPablo|Spikes
|
|-heal|p2a: Skarmory|19/100|[from] item: Leftovers
|upkeep
|turn|6
|
|t:|1731146466
|move|p2a: Skarmory|Protect|p2a: Skarmory
|-singleturn|p2a: Skarmory|Protect
|move|p1a: Metagross|Meteor Mash|p2a: Skarmory
|-activate|p2a: Skarmory|Protect
|
|-heal|p2a: Skarmory|25/100|[from] item: Leftovers
|upkeep
|turn|7
|
|t:|1731146475
|switch|p2a: Gyarados|Gyarados, F, shiny|100/100
|-ability|p2a: Gyarados|Intimidate|boost
|-fail|p1a: Metagross|unboost|[from] ability: Clear Body|[of] p1a: Metagross
|move|p1a: Metagross|Meteor Mash|p2a: Gyarados
|-resisted|p2a: Gyarados
|-damage|p2a: Gyarados|15/100
|-boost|p1a: Metagross|atk|1
|
|upkeep
|turn|8
|
|t:|1731146487
|move|p2a: Gyarados|Thunder Wave|p1a: Metagross
|-status|p1a: Metagross|par
|move|p1a: Metagross|Meteor Mash|p2a: Gyarados
|-resisted|p2a: Gyarados
|-damage|p2a: Gyarados|0 fnt
|faint|p2a: Gyarados
|
|t:|1731146497
|switch|p2a: Salamence|Salamence, F, shiny|100/100
|-ability|p2a: Salamence|Intimidate|boost
|-fail|p1a: Metagross|unboost|[from] ability: Clear Body|[of] p1a: Metagross
|
|upkeep
|turn|9
|
|t:|1731146503
|switch|p1a: Claydol|Claydol|100/100
|move|p2a: Salamence|Earthquake|p1a: Claydol
|-immune|p1a: Claydol
|
|upkeep
|turn|10
|
|t:|1731146510
|switch|p2a: Skarmory|Skarmory, F|25/100
|move|p1a: Claydol|Psychic|p2a: Skarmory
|-resisted|p2a: Skarmory
|-damage|p2a: Skarmory|15/100
|
|-heal|p2a: Skarmory|21/100|[from] item: Leftovers
|upkeep
|turn|11
|
|t:|1731146523
|switch|p1a: Metagross|Metagross|73/100 par
|-damage|p1a: Metagross|57/100 par|[from] Spikes
|move|p2a: Skarmory|Toxic|p1a: Metagross|[miss]
|-miss|p2a: Skarmory|p1a: Metagross
|
|-heal|p2a: Skarmory|27/100|[from] item: Leftovers
|upkeep
|turn|12
|
|t:|1731146545
|move|p2a: Skarmory|Protect|p2a: Skarmory
|-singleturn|p2a: Skarmory|Protect
|move|p1a: Metagross|Meteor Mash|p2a: Skarmory
|-activate|p2a: Skarmory|Protect
|
|-heal|p2a: Skarmory|33/100|[from] item: Leftovers
|upkeep
|turn|13
|
|t:|1731146555
|switch|p2a: Jirachi|Jirachi|100/100
|move|p1a: Metagross|Meteor Mash|p2a: Jirachi
|-resisted|p2a: Jirachi
|-damage|p2a: Jirachi|74/100
|
|-heal|p2a: Jirachi|80/100|[from] item: Leftovers
|upkeep
|turn|14
|
|t:|1731146566
|switch|p1a: Claydol|Claydol|100/100
|move|p2a: Jirachi|Calm Mind|p2a: Jirachi
|-boost|p2a: Jirachi|spa|1
|-boost|p2a: Jirachi|spd|1
|
|-heal|p2a: Jirachi|86/100|[from] item: Leftovers
|upkeep
|turn|15
|
|t:|1731146575
|move|p2a: Jirachi|Fire Punch|p1a: Claydol
|-damage|p1a: Claydol|77/100
|-status|p1a: Claydol|brn
|move|p1a: Claydol|Rapid Spin|p2a: Jirachi
|-resisted|p2a: Jirachi
|-damage|p2a: Jirachi|85/100
|-sideend|p1: CazabichosPablo|Spikes|[from] move: Rapid Spin|[of] p1a: Claydol
|
|-heal|p2a: Jirachi|91/100|[from] item: Leftovers
|-heal|p1a: Claydol|83/100 brn|[from] item: Leftovers
|-damage|p1a: Claydol|71/100 brn|[from] brn
|upkeep
|turn|16
|
|t:|1731146588
|switch|p1a: Tyranitar|Tyranitar, F|100/100
|-weather|Sandstorm|[from] ability: Sand Stream|[of] p1a: Tyranitar
|move|p2a: Jirachi|Calm Mind|p2a: Jirachi
|-boost|p2a: Jirachi|spa|1
|-boost|p2a: Jirachi|spd|1
|
|-weather|Sandstorm|[upkeep]
|-heal|p2a: Jirachi|98/100|[from] item: Leftovers
|upkeep
|turn|17
|inactive|CazabichosPablo has 270 seconds left.
|
|t:|1731146630
|move|p2a: Jirachi|Fire Punch|p1a: Tyranitar
|-resisted|p1a: Tyranitar
|-crit|p1a: Tyranitar
|-damage|p1a: Tyranitar|66/100
|move|p1a: Tyranitar|Dragon Dance|p1a: Tyranitar
|-boost|p1a: Tyranitar|atk|1
|-boost|p1a: Tyranitar|spe|1
|
|-weather|Sandstorm|[upkeep]
|-heal|p2a: Jirachi|100/100|[from] item: Leftovers
|upkeep
|turn|18
|
|t:|1731146639
|move|p1a: Tyranitar|Earthquake|p2a: Jirachi
|-supereffective|p2a: Jirachi
|-damage|p2a: Jirachi|31/100
|move|p2a: Jirachi|Fire Punch|p1a: Tyranitar
|-resisted|p1a: Tyranitar
|-damage|p1a: Tyranitar|48/100
|-status|p1a: Tyranitar|brn
|-enditem|p1a: Tyranitar|Lum Berry|[eat]
|-curestatus|p1a: Tyranitar|brn|[msg]
|
|-weather|Sandstorm|[upkeep]
|-heal|p2a: Jirachi|37/100|[from] item: Leftovers
|upkeep
|turn|19
|
|t:|1731146653
|move|p1a: Tyranitar|Earthquake|p2a: Jirachi
|-supereffective|p2a: Jirachi
|-damage|p2a: Jirachi|0 fnt
|faint|p2a: Jirachi
|
|t:|1731146659
|switch|p2a: Salamence|Salamence, F, shiny|100/100
|-ability|p2a: Salamence|Intimidate|boost
|-unboost|p1a: Tyranitar|atk|1
|
|-weather|Sandstorm|[upkeep]
|-damage|p2a: Salamence|94/100|[from] Sandstorm
|upkeep
|turn|20
|
|t:|1731146669
|switch|p2a: Forretress|Forretress, F|100/100
|move|p1a: Tyranitar|Rock Slide|p2a: Forretress
|-damage|p2a: Forretress|80/100
|
|-weather|Sandstorm|[upkeep]
|-heal|p2a: Forretress|86/100|[from] item: Leftovers
|upkeep
|turn|21
|inactive|CazabichosPablo has 270 seconds left.
|
|t:|1731146707
|move|p1a: Tyranitar|Dragon Dance|p1a: Tyranitar
|-boost|p1a: Tyranitar|atk|1
|-boost|p1a: Tyranitar|spe|1
|move|p2a: Forretress|Hidden Power|p1a: Tyranitar
|-supereffective|p1a: Tyranitar
|-damage|p1a: Tyranitar|3/100
|
|-weather|Sandstorm|[upkeep]
|-heal|p2a: Forretress|92/100|[from] item: Leftovers
|upkeep
|turn|22
|
|t:|1731146716
|move|p1a: Tyranitar|Rock Slide|p2a: Forretress
|-damage|p2a: Forretress|61/100
|move|p2a: Forretress|Hidden Power|p1a: Tyranitar
|-supereffective|p1a: Tyranitar
|-damage|p1a: Tyranitar|0 fnt
|faint|p1a: Tyranitar
|
|t:|1731146719
|switch|p1a: Snorlax|Snorlax, M|100/100
|
|-weather|Sandstorm|[upkeep]
|-damage|p1a: Snorlax|94/100|[from] Sandstorm
|-heal|p2a: Forretress|67/100|[from] item: Leftovers
|-heal|p1a: Snorlax|100/100|[from] item: Leftovers
|upkeep
|turn|23
|
|t:|1731146745
|switch|p1a: Claydol|Claydol|71/100 brn
|move|p2a: Forretress|Zap Cannon|p1a: Claydol
|-immune|p1a: Claydol
|
|-weather|Sandstorm|[upkeep]
|-heal|p1a: Claydol|77/100 brn|[from] item: Leftovers
|-damage|p1a: Claydol|64/100 brn|[from] brn
|-heal|p2a: Forretress|74/100|[from] item: Leftovers
|upkeep
|turn|24
|
|t:|1731146757
|switch|p1a: Snorlax|Snorlax, M|100/100
|move|p2a: Forretress|Hidden Power|p1a: Snorlax
|-damage|p1a: Snorlax|81/100
|
|-weather|Sandstorm|[upkeep]
|-damage|p1a: Snorlax|75/100|[from] Sandstorm
|-heal|p2a: Forretress|80/100|[from] item: Leftovers
|-heal|p1a: Snorlax|81/100|[from] item: Leftovers
|upkeep
|turn|25
|
|t:|1731146770
|move|p2a: Forretress|Zap Cannon|p1a: Snorlax|[miss]
|-miss|p2a: Forretress|p1a: Snorlax
|move|p1a: Snorlax|Curse|p1a: Snorlax
|-unboost|p1a: Snorlax|spe|1
|-boost|p1a: Snorlax|atk|1
|-boost|p1a: Snorlax|def|1
|
|-weather|Sandstorm|[upkeep]
|-damage|p1a: Snorlax|75/100|[from] Sandstorm
|-heal|p2a: Forretress|86/100|[from] item: Leftovers
|-heal|p1a: Snorlax|81/100|[from] item: Leftovers
|upkeep
|turn|26
|
|t:|1731146781
|move|p2a: Forretress|Zap Cannon|p1a: Snorlax
|-damage|p1a: Snorlax|74/100
|-status|p1a: Snorlax|par
|cant|p1a: Snorlax|par
|
|-weather|Sandstorm|[upkeep]
|-damage|p1a: Snorlax|68/100 par|[from] Sandstorm
|-heal|p2a: Forretress|92/100|[from] item: Leftovers
|-heal|p1a: Snorlax|74/100 par|[from] item: Leftovers
|upkeep
|turn|27
|
|t:|1731146792
|switch|p2a: Skarmory|Skarmory, F|33/100
|cant|p1a: Snorlax|par
|
|-weather|Sandstorm|[upkeep]
|-damage|p1a: Snorlax|68/100 par|[from] Sandstorm
|-heal|p2a: Skarmory|39/100|[from] item: Leftovers
|-heal|p1a: Snorlax|74/100 par|[from] item: Leftovers
|upkeep
|turn|28
|
|t:|1731146808
|cant|p1a: Snorlax|par
|move|p2a: Skarmory|Roar|p1a: Snorlax
|drag|p1a: Breloom|Breloom, M|100/100
|
|-weather|Sandstorm|[upkeep]
|-damage|p1a: Breloom|94/100|[from] Sandstorm
|-heal|p1a: Breloom|100/100|[from] item: Leftovers
|-heal|p2a: Skarmory|45/100|[from] item: Leftovers
|upkeep
|turn|29
|
|t:|1731146824
|switch|p2a: Blissey|Blissey, F|100/100
|move|p1a: Breloom|Spore|p2a: Blissey
|-status|p2a: Blissey|slp|[from] move: Spore
|
|-weather|Sandstorm|[upkeep]
|-damage|p1a: Breloom|94/100|[from] Sandstorm
|-damage|p2a: Blissey|94/100 slp|[from] Sandstorm
|-heal|p1a: Breloom|100/100|[from] item: Leftovers
|-heal|p2a: Blissey|100/100 slp|[from] item: Leftovers
|upkeep
|turn|30
|
|t:|1731146834
|-singleturn|p1a: Breloom|move: Focus Punch
|-curestatus|p2a: Blissey|slp|[from] ability: Natural Cure
|switch|p2a: Salamence|Salamence, F, shiny|94/100
|-ability|p2a: Salamence|Intimidate|boost
|-unboost|p1a: Breloom|atk|1
|move|p1a: Breloom|Focus Punch|p2a: Salamence
|-resisted|p2a: Salamence
|-crit|p2a: Salamence
|-damage|p2a: Salamence|0 fnt
|faint|p2a: Salamence
|inactive|Organic Oranges has 270 seconds left.
|c|☆CazabichosPablo|sry
|
|t:|1731146856
|switch|p2a: Blissey|Blissey, F|100/100
|
|-weather|Sandstorm|[upkeep]
|-damage|p1a: Breloom|94/100|[from] Sandstorm
|-damage|p2a: Blissey|94/100|[from] Sandstorm
|-heal|p1a: Breloom|100/100|[from] item: Leftovers
|-heal|p2a: Blissey|100/100|[from] item: Leftovers
|upkeep
|turn|31
|-message|Organic Oranges forfeited.
|
|win|CazabichosPablo
|player|p2|

</script>
<script type="application/json" class="data" id="replaydata-smogtours-gen3ou-805367">
{"id":"smogtours-gen3ou-805367","format":"[Gen 3] OU","players":["CazabichosPablo","Organic Oranges"],"uploadtime":1731146862,"views":13,"formatid":"gen3ou","rating":null,"private":0,"password":null}
</script>

<script defer src="js/replays.js?9d40a366"></script>
