<!DOCTYPE html>
<meta charset="utf-8" />
<meta name="viewport" content="width=device-width" />

<title>[Gen 3] OU: kingofironfrisk vs. msoft_j - Replays - Pok&eacute;mon Showdown!</title>

<meta name="description" content="Watch a replay of a Pok&eacute;mon battle between kingofironfrisk and msoft_j! Format: [Gen 3] OU; Date: Oct 15, 2024" />
<!--

Hey, you! Looking in the source for the replay log?

You can find them in JSON format, just add `.json` at the end of a replay URL.

https://replay.pokemonshowdown.com/gen7randomdoublesbattle-865046831.json

Or, if you only need the log itself, add `.log` instead:

https://replay.pokemonshowdown.com/gen7randomdoublesbattle-865046831.log

-->

<link rel="stylesheet" href="//pokemonshowdown.com/style/global.css?0.023195364461161105" />
<link rel="stylesheet" href="//play.pokemonshowdown.com/style/font-awesome.css?0.13261647063804238" />
<link rel="stylesheet" href="//play.pokemonshowdown.com/style/battle.css?0.8753245789963631" />
<link rel="stylesheet" href="//play.pokemonshowdown.com/style/utilichart.css?0.8627959624976733" />

<!-- Global site tag (gtag.js) - Google Analytics -->
<script async src="https://www.googletagmanager.com/gtag/js?id=UA-26211653-1"></script>
<script>
  window.dataLayer = window.dataLayer || [];
  function gtag(){dataLayer.push(arguments);}
  gtag('js', new Date());

  gtag('config', 'UA-26211653-1');
</script>
<!-- End Google Analytics -->
<!-- Venatus Ad Manager - Install in <HEAD> of page -->
	<script src="https://hb.vntsm.com/v3/live/ad-manager.min.js" type="text/javascript" data-site-id="642aba63ec9a7b11c3c9c1be" data-mode="scan" async></script>
<!-- / Venatus Ad Manager -->

<style>
	@media (max-width:820px) {
		.battle {
			margin: 0 auto;
		}
		.battle-log {
			margin: 7px auto 0;
			max-width: 640px;
			height: 300px;
			position: static;
		}
	}
	.optgroup {
		display: inline-block;
		line-height: 22px;
		font-size: 10pt;
	}
	.optgroup .button {
		height: 25px;
		padding-top: 0;
		padding-bottom: 0;
	}
	.optgroup button.button {
		padding-left: 12px;
		padding-right: 12px;
	}
	.linklist {
		list-style: none;
		margin: 0.5em 0;
		padding: 0;
	}
	.linklist li {
		padding: 2px 0;
	}
	.sidebar {
		float: left;
		width: 320px;
	}
	.bar-wrapper {
		max-width: 1100px;
		margin: 0 auto;
	}
	.bar-wrapper.has-sidebar {
		max-width: 1430px;
	}
	.mainbar {
		margin: 0;
		padding-right: 1px;
	}
	.mainbar.has-sidebar {
		margin-left: 330px;
	}
	@media (min-width: 1511px) {
		.sidebar {
			width: 400px;
		}
		.bar-wrapper.has-sidebar {
			max-width: 1510px;
		}
		.mainbar.has-sidebar {
			margin-left: 410px;
		}
	}
	.section.first-section {
		margin-top: 9px;
	}
	.blocklink small {
		white-space: normal;
	}
	.button {
		vertical-align: middle;
	}
	.replay-controls {
		padding-top: 10px;
	}
	.replay-controls h1 {
		font-size: 16pt;
		font-weight: normal;
		color: #CCC;
	}
	.pagelink {
		text-align: center;
	}
	.pagelink a {
		width: 150px;
	}
	.textbox, .button {
		font-size: 11pt;
		vertical-align: middle;
	}
	@media (max-width: 450px) {
		.button {
			font-size: 9pt;
		}
	}
</style>

<div>

	<header>
		<div class="nav-wrapper"><ul class="nav">
			<li><a class="button nav-first" href="//pokemonshowdown.com/"><img src="//pokemonshowdown.com/images/pokemonshowdownbeta.png" srcset="//pokemonshowdown.com/images/pokemonshowdownbeta.png 1x, //pokemonshowdown.com/images/pokemonshowdownbeta@2x.png 2x" alt="Pok&eacute;mon Showdown" width="146" height="44" /> Home</a></li>
			<li><a class="button" href="//pokemonshowdown.com/dex/">Pok&eacute;dex</a></li>
			<li><a class="button cur" href="/">Replays</a></li>
			<li><a class="button" href="//pokemonshowdown.com/ladder/">Ladder</a></li>
			<li><a class="button nav-last" href="//pokemonshowdown.com/forums/">Forum</a></li>
			<li><a class="button greenbutton nav-first nav-last" href="//play.pokemonshowdown.com/">Play</a></li>
		</ul></div>
	</header>

	<div class="main" id="main">

		<noscript><section class="section">You need to enable JavaScript to use this page; sorry!</section></noscript>

	</div>

</div>

<script defer nomodule src="//play.pokemonshowdown.com/js/lib/ps-polyfill.js"></script>
<script defer src="//play.pokemonshowdown.com/js/lib/preact.min.js"></script>

<script defer src="//play.pokemonshowdown.com/config/config.js?2bddbc15"></script>
<script defer src="//play.pokemonshowdown.com/js/lib/jquery-1.11.0.min.js"></script>
<script defer src="//play.pokemonshowdown.com/js/lib/html-sanitizer-minified.js"></script>
<script defer src="//play.pokemonshowdown.com/js/battle-sound.js"></script>
<script defer src="//play.pokemonshowdown.com/js/battledata.js?0.7209276989879541"></script>
<script defer src="//play.pokemonshowdown.com/data/pokedex-mini.js?0.6111056340867951"></script>
<script defer src="//play.pokemonshowdown.com/data/pokedex-mini-bw.js?0.3532142036491459"></script>
<script defer src="//play.pokemonshowdown.com/data/graphics.js?0.24223875632456182"></script>
<script defer src="//play.pokemonshowdown.com/data/pokedex.js?0.38839984266356864"></script>
<script defer src="//play.pokemonshowdown.com/data/moves.js?0.21866028504024015"></script>
<script defer src="//play.pokemonshowdown.com/data/abilities.js?0.2005157953846628"></script>
<script defer src="//play.pokemonshowdown.com/data/items.js?0.9894211263848525"></script>
<script defer src="//play.pokemonshowdown.com/data/teambuilder-tables.js?0.6008791140282215"></script>
<script defer src="//play.pokemonshowdown.com/js/battle-tooltips.js?0.7580118955022959"></script>
<script defer src="//play.pokemonshowdown.com/js/battle.js?0.6057722274234274"></script>

<script defer src="js/utils.js?e31f9a17"></script>
<script defer src="js/replays-battle.js?7008c182"></script>

<!-- don't scrape this data! just add .json or .log after the URL!
Full API docs: https://github.com/smogon/pokemon-showdown-client/blob/master/WEB-API.md -->
<script type="text/plain" class="log" id="replaylog-smogtours-gen3ou-798894">
|inactive|Battle timer is ON: inactive players will automatically lose when time's up.
|t:|1728998223
|gametype|singles
|player|p1|kingofironfrisk|tabitha-gen3|
|player|p2|msoft_j|supernerd|
|teamsize|p1|6
|teamsize|p2|6
|gen|3
|tier|[Gen 3] OU
|rule|Sleep Clause Mod: Limit one foe put to sleep
|rule|Switch Priority Clause Mod: Faster Pokémon switch first
|rule|Species Clause: Limit one of each Pokémon
|rule|OHKO Clause: OHKO moves are banned
|rule|Evasion Items Clause: Evasion items are banned
|rule|Evasion Moves Clause: Evasion moves are banned
|rule|Endless Battle Clause: Forcing endless battles is banned
|rule|HP Percentage Mod: HP is shown in percentages
|rule|One Boost Passer Clause: Limit one Baton Passer that has a way to boost its stats
|rule|Freeze Clause Mod: Limit one foe frozen
|
|t:|1728998223
|start
|switch|p1a: Tyranitar|Tyranitar, F|100/100
|switch|p2a: Snorlax|Snorlax, M|100/100
|-weather|Sandstorm|[from] ability: Sand Stream|[of] p1a: Tyranitar
|turn|1
|
|t:|1728998232
|switch|p2a: Weezing|Weezing, F|100/100
|move|p1a: Tyranitar|Substitute|p1a: Tyranitar
|-start|p1a: Tyranitar|Substitute
|-damage|p1a: Tyranitar|75/100
|
|-weather|Sandstorm|[upkeep]
|-damage|p2a: Weezing|94/100|[from] Sandstorm
|-heal|p2a: Weezing|100/100|[from] item: Leftovers
|-heal|p1a: Tyranitar|82/100|[from] item: Leftovers
|upkeep
|turn|2
|
|t:|1728998236
|move|p2a: Weezing|Sludge Bomb|p1a: Tyranitar
|-resisted|p1a: Tyranitar
|-activate|p1a: Tyranitar|Substitute|[damage]
|move|p1a: Tyranitar|Thunder|p2a: Weezing
|-damage|p2a: Weezing|52/100
|
|-weather|Sandstorm|[upkeep]
|-damage|p2a: Weezing|46/100|[from] Sandstorm
|-heal|p2a: Weezing|52/100|[from] item: Leftovers
|-heal|p1a: Tyranitar|88/100|[from] item: Leftovers
|upkeep
|turn|3
|
|t:|1728998240
|switch|p2a: Claydol|Claydol|100/100
|move|p1a: Tyranitar|Crunch|p2a: Claydol
|-supereffective|p2a: Claydol
|-damage|p2a: Claydol|43/100
|
|-weather|Sandstorm|[upkeep]
|-heal|p2a: Claydol|49/100|[from] item: Leftovers
|-heal|p1a: Tyranitar|94/100|[from] item: Leftovers
|upkeep
|turn|4
|
|t:|1728998253
|move|p2a: Claydol|Earthquake|p1a: Tyranitar
|-supereffective|p1a: Tyranitar
|-end|p1a: Tyranitar|Substitute
|move|p1a: Tyranitar|Crunch|p2a: Claydol
|-supereffective|p2a: Claydol
|-damage|p2a: Claydol|0 fnt
|faint|p2a: Claydol
|
|t:|1728998255
|switch|p2a: Suicune|Suicune|100/100
|
|-weather|Sandstorm|[upkeep]
|-damage|p2a: Suicune|94/100|[from] Sandstorm
|-heal|p2a: Suicune|100/100|[from] item: Leftovers
|-heal|p1a: Tyranitar|99/100|[from] item: Leftovers
|upkeep
|turn|5
|
|t:|1728998265
|switch|p1a: Metagross|Metagross|100/100
|move|p2a: Suicune|Surf|p1a: Metagross
|-damage|p1a: Metagross|69/100
|
|-weather|Sandstorm|[upkeep]
|-damage|p2a: Suicune|94/100|[from] Sandstorm
|-heal|p2a: Suicune|100/100|[from] item: Leftovers
|upkeep
|turn|6
|
|t:|1728998273
|switch|p2a: Weezing|Weezing, F|52/100
|switch|p1a: Skarmory|Skarmory, F|100/100
|
|-weather|Sandstorm|[upkeep]
|-damage|p2a: Weezing|46/100|[from] Sandstorm
|-heal|p2a: Weezing|52/100|[from] item: Leftovers
|upkeep
|turn|7
|
|t:|1728998279
|move|p1a: Skarmory|Spikes|p2a: Weezing
|-sidestart|p2: msoft_j|Spikes
|move|p2a: Weezing|Will-O-Wisp|p1a: Skarmory|[miss]
|-miss|p2a: Weezing|p1a: Skarmory
|
|-weather|Sandstorm|[upkeep]
|-damage|p2a: Weezing|46/100|[from] Sandstorm
|-heal|p2a: Weezing|52/100|[from] item: Leftovers
|upkeep
|turn|8
|
|t:|1728998282
|switch|p2a: Magneton|Magneton|100/100
|-damage|p2a: Magneton|88/100|[from] Spikes
|move|p1a: Skarmory|Spikes|p2a: Magneton
|-sidestart|p2: msoft_j|Spikes
|
|-weather|Sandstorm|[upkeep]
|-heal|p2a: Magneton|94/100|[from] item: Leftovers
|upkeep
|turn|9
|
|t:|1728998284
|move|p2a: Magneton|Thunderbolt|p1a: Skarmory
|-supereffective|p1a: Skarmory
|-damage|p1a: Skarmory|0 fnt
|faint|p1a: Skarmory
|
|t:|1728998296
|switch|p1a: Flygon|Flygon, F|100/100
|
|-weather|Sandstorm|[upkeep]
|-heal|p2a: Magneton|99/100|[from] item: Leftovers
|upkeep
|turn|10
|
|t:|1728998303
|switch|p2a: Weezing|Weezing, F|52/100
|move|p1a: Flygon|Earthquake|p2a: Weezing
|-immune|p2a: Weezing
|
|-weather|Sandstorm|[upkeep]
|-damage|p2a: Weezing|46/100|[from] Sandstorm
|-heal|p2a: Weezing|52/100|[from] item: Leftovers
|upkeep
|turn|11
|
|t:|1728998308
|switch|p1a: Gengar|Gengar, M|100/100
|move|p2a: Weezing|Will-O-Wisp|p1a: Gengar
|-status|p1a: Gengar|brn
|
|-weather|Sandstorm|[upkeep]
|-damage|p1a: Gengar|94/100 brn|[from] Sandstorm
|-damage|p2a: Weezing|46/100|[from] Sandstorm
|-heal|p1a: Gengar|100/100 brn|[from] item: Leftovers
|-damage|p1a: Gengar|88/100 brn|[from] brn
|-heal|p2a: Weezing|52/100|[from] item: Leftovers
|upkeep
|turn|12
|
|t:|1728998314
|switch|p2a: Snorlax|Snorlax, M|100/100
|-damage|p2a: Snorlax|84/100|[from] Spikes
|move|p1a: Gengar|Will-O-Wisp|p2a: Snorlax|[miss]
|-miss|p1a: Gengar|p2a: Snorlax
|
|-weather|Sandstorm|[upkeep]
|-damage|p1a: Gengar|82/100 brn|[from] Sandstorm
|-damage|p2a: Snorlax|78/100|[from] Sandstorm
|-heal|p1a: Gengar|88/100 brn|[from] item: Leftovers
|-damage|p1a: Gengar|76/100 brn|[from] brn
|-heal|p2a: Snorlax|84/100|[from] item: Leftovers
|upkeep
|turn|13
|
|t:|1728998320
|move|p1a: Gengar|Will-O-Wisp|p2a: Snorlax
|-status|p2a: Snorlax|brn
|move|p2a: Snorlax|Curse|p2a: Snorlax
|-unboost|p2a: Snorlax|spe|1
|-boost|p2a: Snorlax|atk|1
|-boost|p2a: Snorlax|def|1
|
|-weather|Sandstorm|[upkeep]
|-damage|p1a: Gengar|70/100 brn|[from] Sandstorm
|-damage|p2a: Snorlax|78/100 brn|[from] Sandstorm
|-heal|p1a: Gengar|76/100 brn|[from] item: Leftovers
|-damage|p1a: Gengar|63/100 brn|[from] brn
|-heal|p2a: Snorlax|84/100 brn|[from] item: Leftovers
|-damage|p2a: Snorlax|71/100 brn|[from] brn
|upkeep
|turn|14
|
|t:|1728998327
|move|p1a: Gengar|Taunt|p2a: Snorlax
|-start|p2a: Snorlax|move: Taunt
|cant|p2a: Snorlax|move: Taunt|Curse
|
|-weather|Sandstorm|[upkeep]
|-damage|p1a: Gengar|57/100 brn|[from] Sandstorm
|-damage|p2a: Snorlax|65/100 brn|[from] Sandstorm
|-heal|p1a: Gengar|63/100 brn|[from] item: Leftovers
|-damage|p1a: Gengar|51/100 brn|[from] brn
|-heal|p2a: Snorlax|71/100 brn|[from] item: Leftovers
|-damage|p2a: Snorlax|59/100 brn|[from] brn
|upkeep
|turn|15
|
|t:|1728998330
|move|p1a: Gengar|Ice Punch|p2a: Snorlax
|-damage|p2a: Snorlax|46/100 brn
|move|p2a: Snorlax|Shadow Ball|p1a: Gengar
|-supereffective|p1a: Gengar
|-damage|p1a: Gengar|0 fnt
|faint|p1a: Gengar
|
|t:|1728998336
|switch|p1a: Tyranitar|Tyranitar, F|99/100
|
|-weather|Sandstorm|[upkeep]
|-damage|p2a: Snorlax|40/100 brn|[from] Sandstorm
|-heal|p1a: Tyranitar|100/100|[from] item: Leftovers
|-heal|p2a: Snorlax|46/100 brn|[from] item: Leftovers
|-damage|p2a: Snorlax|34/100 brn|[from] brn
|-end|p2a: Snorlax|move: Taunt|[silent]
|upkeep
|turn|16
|
|t:|1728998348
|move|p1a: Tyranitar|Substitute|p1a: Tyranitar
|-start|p1a: Tyranitar|Substitute
|-damage|p1a: Tyranitar|75/100
|move|p2a: Snorlax|Body Slam|p1a: Tyranitar
|-resisted|p1a: Tyranitar
|-activate|p1a: Tyranitar|Substitute|[damage]
|
|-weather|Sandstorm|[upkeep]
|-damage|p2a: Snorlax|28/100 brn|[from] Sandstorm
|-heal|p1a: Tyranitar|82/100|[from] item: Leftovers
|-heal|p2a: Snorlax|34/100 brn|[from] item: Leftovers
|-damage|p2a: Snorlax|21/100 brn|[from] brn
|upkeep
|turn|17
|
|t:|1728998370
|-singleturn|p1a: Tyranitar|move: Focus Punch
|move|p2a: Snorlax|Body Slam|p1a: Tyranitar
|-resisted|p1a: Tyranitar
|-activate|p1a: Tyranitar|Substitute|[damage]
|move|p1a: Tyranitar|Focus Punch|p2a: Snorlax
|-supereffective|p2a: Snorlax
|-damage|p2a: Snorlax|0 fnt
|faint|p2a: Snorlax
|
|t:|1728998377
|switch|p2a: Suicune|Suicune|100/100
|-damage|p2a: Suicune|84/100|[from] Spikes
|
|-weather|Sandstorm|[upkeep]
|-damage|p2a: Suicune|78/100|[from] Sandstorm
|-heal|p2a: Suicune|84/100|[from] item: Leftovers
|-heal|p1a: Tyranitar|88/100|[from] item: Leftovers
|upkeep
|turn|18
|
|t:|1728998381
|move|p2a: Suicune|Surf|p1a: Tyranitar
|-supereffective|p1a: Tyranitar
|-end|p1a: Tyranitar|Substitute
|move|p1a: Tyranitar|Thunder|p2a: Suicune|[miss]
|-miss|p1a: Tyranitar|p2a: Suicune
|
|-weather|Sandstorm|[upkeep]
|-damage|p2a: Suicune|78/100|[from] Sandstorm
|-heal|p2a: Suicune|84/100|[from] item: Leftovers
|-heal|p1a: Tyranitar|94/100|[from] item: Leftovers
|upkeep
|turn|19
|
|t:|1728998388
|move|p2a: Suicune|Surf|p1a: Tyranitar
|-supereffective|p1a: Tyranitar
|-damage|p1a: Tyranitar|47/100
|move|p1a: Tyranitar|Thunder|p2a: Suicune
|-supereffective|p2a: Suicune
|-damage|p2a: Suicune|31/100
|
|-weather|Sandstorm|[upkeep]
|-damage|p2a: Suicune|25/100|[from] Sandstorm
|-heal|p2a: Suicune|31/100|[from] item: Leftovers
|-heal|p1a: Tyranitar|53/100|[from] item: Leftovers
|upkeep
|turn|20
|
|t:|1728998399
|switch|p1a: Jolteon|Jolteon, M|100/100
|move|p2a: Suicune|Surf|p1a: Jolteon
|-damage|p1a: Jolteon|64/100
|
|-weather|Sandstorm|[upkeep]
|-damage|p1a: Jolteon|58/100|[from] Sandstorm
|-damage|p2a: Suicune|25/100|[from] Sandstorm
|-heal|p1a: Jolteon|64/100|[from] item: Leftovers
|-heal|p2a: Suicune|31/100|[from] item: Leftovers
|upkeep
|turn|21
|
|t:|1728998403
|switch|p2a: Blissey|Blissey, F|100/100
|-damage|p2a: Blissey|84/100|[from] Spikes
|move|p1a: Jolteon|Thunderbolt|p2a: Blissey
|-damage|p2a: Blissey|66/100
|
|-weather|Sandstorm|[upkeep]
|-damage|p1a: Jolteon|58/100|[from] Sandstorm
|-damage|p2a: Blissey|60/100|[from] Sandstorm
|-heal|p1a: Jolteon|64/100|[from] item: Leftovers
|-heal|p2a: Blissey|66/100|[from] item: Leftovers
|upkeep
|turn|22
|
|t:|1728998409
|move|p1a: Jolteon|Thunder Wave|p2a: Blissey
|-status|p2a: Blissey|par
|move|p2a: Blissey|Ice Beam|p1a: Jolteon
|-damage|p1a: Jolteon|33/100
|
|-weather|Sandstorm|[upkeep]
|-damage|p1a: Jolteon|26/100|[from] Sandstorm
|-damage|p2a: Blissey|60/100 par|[from] Sandstorm
|-heal|p1a: Jolteon|33/100|[from] item: Leftovers
|-heal|p2a: Blissey|66/100 par|[from] item: Leftovers
|upkeep
|turn|23
|
|t:|1728998414
|move|p1a: Jolteon|Thunderbolt|p2a: Blissey
|-damage|p2a: Blissey|49/100 par
|move|p2a: Blissey|Ice Beam|p1a: Jolteon
|-damage|p1a: Jolteon|1/100
|
|-weather|Sandstorm|[upkeep]
|-damage|p1a: Jolteon|0 fnt|[from] Sandstorm
|-damage|p2a: Blissey|43/100 par|[from] Sandstorm
|faint|p1a: Jolteon
|-heal|p2a: Blissey|49/100 par|[from] item: Leftovers
|upkeep
|
|t:|1728998416
|switch|p1a: Tyranitar|Tyranitar, F|53/100
|turn|24
|
|t:|1728998421
|move|p1a: Tyranitar|Substitute|p1a: Tyranitar
|-start|p1a: Tyranitar|Substitute
|-damage|p1a: Tyranitar|28/100
|move|p2a: Blissey|Thunderbolt|p1a: Tyranitar
|-activate|p1a: Tyranitar|Substitute|[damage]
|
|-weather|Sandstorm|[upkeep]
|-damage|p2a: Blissey|43/100 par|[from] Sandstorm
|-heal|p1a: Tyranitar|34/100|[from] item: Leftovers
|-heal|p2a: Blissey|49/100 par|[from] item: Leftovers
|upkeep
|turn|25
|
|t:|1728998426
|-singleturn|p1a: Tyranitar|move: Focus Punch
|move|p2a: Blissey|Thunderbolt|p1a: Tyranitar
|-end|p1a: Tyranitar|Substitute
|move|p1a: Tyranitar|Focus Punch|p2a: Blissey
|-supereffective|p2a: Blissey
|-damage|p2a: Blissey|0 fnt
|faint|p2a: Blissey
|
|t:|1728998439
|switch|p2a: Suicune|Suicune|31/100
|-damage|p2a: Suicune|14/100|[from] Spikes
|
|-weather|Sandstorm|[upkeep]
|-damage|p2a: Suicune|8/100|[from] Sandstorm
|-heal|p2a: Suicune|14/100|[from] item: Leftovers
|-heal|p1a: Tyranitar|40/100|[from] item: Leftovers
|upkeep
|turn|26
|
|t:|1728998446
|switch|p1a: Metagross|Metagross|69/100
|move|p2a: Suicune|Surf|p1a: Metagross
|-damage|p1a: Metagross|38/100
|
|-weather|Sandstorm|[upkeep]
|-damage|p2a: Suicune|8/100|[from] Sandstorm
|-heal|p2a: Suicune|14/100|[from] item: Leftovers
|upkeep
|turn|27
|
|t:|1728998459
|move|p2a: Suicune|Surf|p1a: Metagross
|-damage|p1a: Metagross|4/100
|move|p1a: Metagross|Meteor Mash|p2a: Suicune
|-resisted|p2a: Suicune
|-damage|p2a: Suicune|0 fnt
|faint|p2a: Suicune
|inactive|msoft_j has 270 seconds left.
|
|t:|1728998505
|switch|p2a: Weezing|Weezing, F|52/100
|
|-weather|Sandstorm|[upkeep]
|-damage|p2a: Weezing|46/100|[from] Sandstorm
|-heal|p2a: Weezing|52/100|[from] item: Leftovers
|upkeep
|turn|28
|
|t:|1728998514
|move|p1a: Metagross|Meteor Mash|p2a: Weezing
|-damage|p2a: Weezing|0 fnt
|faint|p2a: Weezing
|
|t:|1728998517
|switch|p2a: Magneton|Magneton|99/100
|-damage|p2a: Magneton|84/100|[from] Spikes
|
|-weather|Sandstorm|[upkeep]
|-heal|p2a: Magneton|90/100|[from] item: Leftovers
|upkeep
|turn|29
|
|t:|1728998519
|move|p2a: Magneton|Thunderbolt|p1a: Metagross
|-damage|p1a: Metagross|0 fnt
|faint|p1a: Metagross
|
|t:|1728998520
|switch|p1a: Flygon|Flygon, F|100/100
|
|-weather|Sandstorm|[upkeep]
|-heal|p2a: Magneton|95/100|[from] item: Leftovers
|upkeep
|turn|30
|
|t:|1728998522
|move|p1a: Flygon|Earthquake|p2a: Magneton
|-supereffective|p2a: Magneton
|-damage|p2a: Magneton|0 fnt
|faint|p2a: Magneton
|
|win|kingofironfrisk
|c|☆kingofironfrisk|gg
|c|☆msoft_j|gg

</script>
<script type="application/json" class="data" id="replaydata-smogtours-gen3ou-798894">
{"id":"smogtours-gen3ou-798894","format":"[Gen 3] OU","players":["kingofironfrisk","msoft_j"],"uploadtime":1728998522,"views":105,"formatid":"gen3ou","rating":null,"private":0,"password":null}
</script>

<script defer src="js/replays.js?9d40a366"></script>
