<!DOCTYPE html>
<meta charset="utf-8" />
<meta name="viewport" content="width=device-width" />

<title>[Gen 3] OU: socalson vs. Attalyn - Replays - Pok&eacute;mon Showdown!</title>

<meta name="description" content="Watch a replay of a Pok&eacute;mon battle between socalson and Attalyn! Format: [Gen 3] OU; Date: Oct 14, 2024" />
<!--

Hey, you! Looking in the source for the replay log?

You can find them in JSON format, just add `.json` at the end of a replay URL.

https://replay.pokemonshowdown.com/gen7randomdoublesbattle-865046831.json

Or, if you only need the log itself, add `.log` instead:

https://replay.pokemonshowdown.com/gen7randomdoublesbattle-865046831.log

-->

<link rel="stylesheet" href="//pokemonshowdown.com/style/global.css?0.023195364461161105" />
<link rel="stylesheet" href="//play.pokemonshowdown.com/style/font-awesome.css?0.13261647063804238" />
<link rel="stylesheet" href="//play.pokemonshowdown.com/style/battle.css?0.8753245789963631" />
<link rel="stylesheet" href="//play.pokemonshowdown.com/style/utilichart.css?0.8627959624976733" />

<!-- Global site tag (gtag.js) - Google Analytics -->
<script async src="https://www.googletagmanager.com/gtag/js?id=UA-26211653-1"></script>
<script>
  window.dataLayer = window.dataLayer || [];
  function gtag(){dataLayer.push(arguments);}
  gtag('js', new Date());

  gtag('config', 'UA-26211653-1');
</script>
<!-- End Google Analytics -->
<!-- Venatus Ad Manager - Install in <HEAD> of page -->
	<script src="https://hb.vntsm.com/v3/live/ad-manager.min.js" type="text/javascript" data-site-id="642aba63ec9a7b11c3c9c1be" data-mode="scan" async></script>
<!-- / Venatus Ad Manager -->

<style>
	@media (max-width:820px) {
		.battle {
			margin: 0 auto;
		}
		.battle-log {
			margin: 7px auto 0;
			max-width: 640px;
			height: 300px;
			position: static;
		}
	}
	.optgroup {
		display: inline-block;
		line-height: 22px;
		font-size: 10pt;
	}
	.optgroup .button {
		height: 25px;
		padding-top: 0;
		padding-bottom: 0;
	}
	.optgroup button.button {
		padding-left: 12px;
		padding-right: 12px;
	}
	.linklist {
		list-style: none;
		margin: 0.5em 0;
		padding: 0;
	}
	.linklist li {
		padding: 2px 0;
	}
	.sidebar {
		float: left;
		width: 320px;
	}
	.bar-wrapper {
		max-width: 1100px;
		margin: 0 auto;
	}
	.bar-wrapper.has-sidebar {
		max-width: 1430px;
	}
	.mainbar {
		margin: 0;
		padding-right: 1px;
	}
	.mainbar.has-sidebar {
		margin-left: 330px;
	}
	@media (min-width: 1511px) {
		.sidebar {
			width: 400px;
		}
		.bar-wrapper.has-sidebar {
			max-width: 1510px;
		}
		.mainbar.has-sidebar {
			margin-left: 410px;
		}
	}
	.section.first-section {
		margin-top: 9px;
	}
	.blocklink small {
		white-space: normal;
	}
	.button {
		vertical-align: middle;
	}
	.replay-controls {
		padding-top: 10px;
	}
	.replay-controls h1 {
		font-size: 16pt;
		font-weight: normal;
		color: #CCC;
	}
	.pagelink {
		text-align: center;
	}
	.pagelink a {
		width: 150px;
	}
	.textbox, .button {
		font-size: 11pt;
		vertical-align: middle;
	}
	@media (max-width: 450px) {
		.button {
			font-size: 9pt;
		}
	}
</style>

<div>

	<header>
		<div class="nav-wrapper"><ul class="nav">
			<li><a class="button nav-first" href="//pokemonshowdown.com/"><img src="//pokemonshowdown.com/images/pokemonshowdownbeta.png" srcset="//pokemonshowdown.com/images/pokemonshowdownbeta.png 1x, //pokemonshowdown.com/images/pokemonshowdownbeta@2x.png 2x" alt="Pok&eacute;mon Showdown" width="146" height="44" /> Home</a></li>
			<li><a class="button" href="//pokemonshowdown.com/dex/">Pok&eacute;dex</a></li>
			<li><a class="button cur" href="/">Replays</a></li>
			<li><a class="button" href="//pokemonshowdown.com/ladder/">Ladder</a></li>
			<li><a class="button nav-last" href="//pokemonshowdown.com/forums/">Forum</a></li>
			<li><a class="button greenbutton nav-first nav-last" href="//play.pokemonshowdown.com/">Play</a></li>
		</ul></div>
	</header>

	<div class="main" id="main">

		<noscript><section class="section">You need to enable JavaScript to use this page; sorry!</section></noscript>

	</div>

</div>

<script defer nomodule src="//play.pokemonshowdown.com/js/lib/ps-polyfill.js"></script>
<script defer src="//play.pokemonshowdown.com/js/lib/preact.min.js"></script>

<script defer src="//play.pokemonshowdown.com/config/config.js?2bddbc15"></script>
<script defer src="//play.pokemonshowdown.com/js/lib/jquery-1.11.0.min.js"></script>
<script defer src="//play.pokemonshowdown.com/js/lib/html-sanitizer-minified.js"></script>
<script defer src="//play.pokemonshowdown.com/js/battle-sound.js"></script>
<script defer src="//play.pokemonshowdown.com/js/battledata.js?0.7209276989879541"></script>
<script defer src="//play.pokemonshowdown.com/data/pokedex-mini.js?0.6111056340867951"></script>
<script defer src="//play.pokemonshowdown.com/data/pokedex-mini-bw.js?0.3532142036491459"></script>
<script defer src="//play.pokemonshowdown.com/data/graphics.js?0.24223875632456182"></script>
<script defer src="//play.pokemonshowdown.com/data/pokedex.js?0.38839984266356864"></script>
<script defer src="//play.pokemonshowdown.com/data/moves.js?0.21866028504024015"></script>
<script defer src="//play.pokemonshowdown.com/data/abilities.js?0.2005157953846628"></script>
<script defer src="//play.pokemonshowdown.com/data/items.js?0.9894211263848525"></script>
<script defer src="//play.pokemonshowdown.com/data/teambuilder-tables.js?0.6008791140282215"></script>
<script defer src="//play.pokemonshowdown.com/js/battle-tooltips.js?0.7580118955022959"></script>
<script defer src="//play.pokemonshowdown.com/js/battle.js?0.6057722274234274"></script>

<script defer src="js/utils.js?e31f9a17"></script>
<script defer src="js/replays-battle.js?7008c182"></script>

<!-- don't scrape this data! just add .json or .log after the URL!
Full API docs: https://github.com/smogon/pokemon-showdown-client/blob/master/WEB-API.md -->
<script type="text/plain" class="log" id="replaylog-smogtours-gen3ou-798797">
|inactive|Battle timer is ON: inactive players will automatically lose when time's up.
|t:|1728943457
|gametype|singles
|player|p1|socalson|barry|
|player|p2|Attalyn|pokemonrangerf|
|teamsize|p1|6
|teamsize|p2|6
|gen|3
|tier|[Gen 3] OU
|rule|Sleep Clause Mod: Limit one foe put to sleep
|rule|Switch Priority Clause Mod: Faster Pokémon switch first
|rule|Species Clause: Limit one of each Pokémon
|rule|OHKO Clause: OHKO moves are banned
|rule|Evasion Items Clause: Evasion items are banned
|rule|Evasion Moves Clause: Evasion moves are banned
|rule|Endless Battle Clause: Forcing endless battles is banned
|rule|HP Percentage Mod: HP is shown in percentages
|rule|One Boost Passer Clause: Limit one Baton Passer that has a way to boost its stats
|rule|Freeze Clause Mod: Limit one foe frozen
|
|t:|1728943457
|start
|switch|p1a: Castle Wall|Skarmory, F|100/100
|switch|p2a: Tyranitar|Tyranitar, F|100/100
|-weather|Sandstorm|[from] ability: Sand Stream|[of] p2a: Tyranitar
|turn|1
|
|t:|1728943481
|switch|p2a: Zapdos|Zapdos|100/100
|move|p1a: Castle Wall|Spikes|p2a: Zapdos
|-sidestart|p2: Attalyn|Spikes
|
|-weather|Sandstorm|[upkeep]
|-damage|p2a: Zapdos|94/100|[from] Sandstorm
|-heal|p2a: Zapdos|100/100|[from] item: Leftovers
|upkeep
|turn|2
|
|t:|1728943493
|switch|p2a: Skarmory|Skarmory, F|100/100
|switch|p1a: Dunk|Swampert, M|100/100
|
|-weather|Sandstorm|[upkeep]
|upkeep
|turn|3
|
|t:|1728943501
|switch|p1a: Gengar|Gengar, F|100/100
|move|p2a: Skarmory|Spikes|p1a: Gengar
|-sidestart|p1: socalson|Spikes
|
|-weather|Sandstorm|[upkeep]
|-damage|p1a: Gengar|94/100|[from] Sandstorm
|-heal|p1a: Gengar|100/100|[from] item: Leftovers
|upkeep
|turn|4
|
|t:|1728943523
|move|p1a: Gengar|Thunderbolt|p2a: Skarmory
|-supereffective|p2a: Skarmory
|-damage|p2a: Skarmory|39/100
|move|p2a: Skarmory|Spikes|p1a: Gengar
|-sidestart|p1: socalson|Spikes
|
|-weather|Sandstorm|[upkeep]
|-damage|p1a: Gengar|94/100|[from] Sandstorm
|-heal|p1a: Gengar|100/100|[from] item: Leftovers
|-heal|p2a: Skarmory|45/100|[from] item: Leftovers
|upkeep
|turn|5
|
|t:|1728943547
|switch|p2a: Dusclops|Dusclops, M|100/100
|-damage|p2a: Dusclops|88/100|[from] Spikes
|move|p1a: Gengar|Thunderbolt|p2a: Dusclops
|-damage|p2a: Dusclops|54/100
|
|-weather|Sandstorm|[upkeep]
|-damage|p1a: Gengar|94/100|[from] Sandstorm
|-damage|p2a: Dusclops|48/100|[from] Sandstorm
|-heal|p1a: Gengar|100/100|[from] item: Leftovers
|-heal|p2a: Dusclops|54/100|[from] item: Leftovers
|upkeep
|turn|6
|
|t:|1728943559
|switch|p1a: Castle Wall|Skarmory, F|100/100
|move|p2a: Dusclops|Pain Split|p1a: Castle Wall
|-sethp|p1a: Castle Wall|73/100|[from] move: Pain Split|[silent]
|-sethp|p2a: Dusclops|86/100|[from] move: Pain Split
|
|-weather|Sandstorm|[upkeep]
|-damage|p2a: Dusclops|80/100|[from] Sandstorm
|-heal|p1a: Castle Wall|79/100|[from] item: Leftovers
|-heal|p2a: Dusclops|86/100|[from] item: Leftovers
|upkeep
|turn|7
|
|t:|1728943571
|move|p1a: Castle Wall|Spikes|p2a: Dusclops
|-sidestart|p2: Attalyn|Spikes
|move|p2a: Dusclops|Will-O-Wisp|p1a: Castle Wall
|-status|p1a: Castle Wall|brn
|
|-weather|Sandstorm|[upkeep]
|-damage|p2a: Dusclops|80/100|[from] Sandstorm
|-heal|p1a: Castle Wall|85/100 brn|[from] item: Leftovers
|-damage|p1a: Castle Wall|73/100 brn|[from] brn
|-heal|p2a: Dusclops|86/100|[from] item: Leftovers
|upkeep
|turn|8
|
|t:|1728943586
|switch|p2a: Zapdos|Zapdos|100/100
|move|p1a: Castle Wall|Spikes|p2a: Zapdos
|-sidestart|p2: Attalyn|Spikes
|
|-weather|Sandstorm|[upkeep]
|-damage|p2a: Zapdos|94/100|[from] Sandstorm
|-heal|p2a: Zapdos|100/100|[from] item: Leftovers
|-heal|p1a: Castle Wall|79/100 brn|[from] item: Leftovers
|-damage|p1a: Castle Wall|67/100 brn|[from] brn
|upkeep
|turn|9
|
|t:|1728943595
|move|p1a: Castle Wall|Toxic|p2a: Zapdos
|-status|p2a: Zapdos|tox
|move|p2a: Zapdos|Roar|p1a: Castle Wall
|drag|p1a: Jirachi|Jirachi|100/100
|-damage|p1a: Jirachi|84/100|[from] Spikes
|
|-weather|Sandstorm|[upkeep]
|-damage|p2a: Zapdos|94/100 tox|[from] Sandstorm
|-heal|p1a: Jirachi|90/100|[from] item: Leftovers
|-heal|p2a: Zapdos|100/100 tox|[from] item: Leftovers
|-damage|p2a: Zapdos|94/100 tox|[from] psn
|upkeep
|turn|10
|
|t:|1728943606
|move|p1a: Jirachi|Psychic|p2a: Zapdos
|-damage|p2a: Zapdos|57/100 tox
|move|p2a: Zapdos|Roar|p1a: Jirachi
|drag|p1a: Castle Wall|Skarmory, F|67/100 brn
|
|-weather|Sandstorm|[upkeep]
|-damage|p2a: Zapdos|51/100 tox|[from] Sandstorm
|-heal|p2a: Zapdos|57/100 tox|[from] item: Leftovers
|-damage|p2a: Zapdos|45/100 tox|[from] psn
|-heal|p1a: Castle Wall|73/100 brn|[from] item: Leftovers
|-damage|p1a: Castle Wall|60/100 brn|[from] brn
|upkeep
|turn|11
|
|t:|1728943626
|move|p1a: Castle Wall|Protect|p1a: Castle Wall
|-singleturn|p1a: Castle Wall|Protect
|move|p2a: Zapdos|Rest|p2a: Zapdos
|-status|p2a: Zapdos|slp|[from] move: Rest
|-heal|p2a: Zapdos|100/100 slp|[silent]
|
|-weather|Sandstorm|[upkeep]
|-damage|p2a: Zapdos|94/100 slp|[from] Sandstorm
|-heal|p2a: Zapdos|100/100 slp|[from] item: Leftovers
|-heal|p1a: Castle Wall|66/100 brn|[from] item: Leftovers
|-damage|p1a: Castle Wall|54/100 brn|[from] brn
|upkeep
|turn|12
|
|t:|1728943637
|switch|p1a: Aerodactyl|Aerodactyl, F|100/100
|cant|p2a: Zapdos|slp
|move|p2a: Zapdos|Sleep Talk|p2a: Zapdos
|move|p2a: Zapdos|Roar|p1a: Aerodactyl|[from]Sleep Talk
|drag|p1a: Jirachi|Jirachi|90/100
|-damage|p1a: Jirachi|74/100|[from] Spikes
|
|-weather|Sandstorm|[upkeep]
|-damage|p2a: Zapdos|94/100 slp|[from] Sandstorm
|-heal|p1a: Jirachi|80/100|[from] item: Leftovers
|-heal|p2a: Zapdos|100/100 slp|[from] item: Leftovers
|upkeep
|turn|13
|
|t:|1728943649
|move|p1a: Jirachi|Psychic|p2a: Zapdos
|-damage|p2a: Zapdos|66/100 slp
|cant|p2a: Zapdos|slp
|move|p2a: Zapdos|Sleep Talk|p2a: Zapdos
|move|p2a: Zapdos|Roar|p1a: Jirachi|[from]Sleep Talk
|drag|p1a: Dunk|Swampert, M|100/100
|-damage|p1a: Dunk|84/100|[from] Spikes
|
|-weather|Sandstorm|[upkeep]
|-damage|p2a: Zapdos|60/100 slp|[from] Sandstorm
|-heal|p2a: Zapdos|66/100 slp|[from] item: Leftovers
|-heal|p1a: Dunk|90/100|[from] item: Leftovers
|upkeep
|turn|14
|inactive|Attalyn has 270 seconds left.
|
|t:|1728943669
|-curestatus|p2a: Zapdos|slp|[msg]
|move|p2a: Zapdos|Rest|p2a: Zapdos
|-status|p2a: Zapdos|slp|[from] move: Rest
|-heal|p2a: Zapdos|100/100 slp|[silent]
|move|p1a: Dunk|Ice Beam|p2a: Zapdos
|-supereffective|p2a: Zapdos
|-damage|p2a: Zapdos|61/100 slp
|
|-weather|Sandstorm|[upkeep]
|-damage|p2a: Zapdos|55/100 slp|[from] Sandstorm
|-heal|p2a: Zapdos|61/100 slp|[from] item: Leftovers
|-heal|p1a: Dunk|96/100|[from] item: Leftovers
|upkeep
|turn|15
|inactive|Attalyn has 270 seconds left.
|inactive|Attalyn has 240 seconds left.
|
|t:|1728943731
|switch|p2a: Dusclops|Dusclops, M|86/100
|-damage|p2a: Dusclops|61/100|[from] Spikes
|move|p1a: Dunk|Ice Beam|p2a: Dusclops
|-damage|p2a: Dusclops|42/100
|
|-weather|Sandstorm|[upkeep]
|-damage|p2a: Dusclops|36/100|[from] Sandstorm
|-heal|p1a: Dunk|100/100|[from] item: Leftovers
|-heal|p2a: Dusclops|42/100|[from] item: Leftovers
|upkeep
|turn|16
|
|t:|1728943744
|switch|p1a: Castle Wall|Skarmory, F|54/100 brn
|move|p2a: Dusclops|Pain Split|p1a: Castle Wall
|-sethp|p1a: Castle Wall|45/100 brn|[from] move: Pain Split|[silent]
|-sethp|p2a: Dusclops|53/100|[from] move: Pain Split
|
|-weather|Sandstorm|[upkeep]
|-damage|p2a: Dusclops|47/100|[from] Sandstorm
|-heal|p1a: Castle Wall|51/100 brn|[from] item: Leftovers
|-damage|p1a: Castle Wall|39/100 brn|[from] brn
|-heal|p2a: Dusclops|53/100|[from] item: Leftovers
|upkeep
|turn|17
|
|t:|1728943756
|switch|p2a: Zapdos|Zapdos|61/100 slp
|move|p1a: Castle Wall|Roar|p2a: Zapdos
|drag|p2a: Dusclops|Dusclops, M|53/100
|-damage|p2a: Dusclops|28/100|[from] Spikes
|
|-weather|Sandstorm|[upkeep]
|-damage|p2a: Dusclops|22/100|[from] Sandstorm
|-heal|p1a: Castle Wall|45/100 brn|[from] item: Leftovers
|-damage|p1a: Castle Wall|33/100 brn|[from] brn
|-heal|p2a: Dusclops|28/100|[from] item: Leftovers
|upkeep
|turn|18
|inactive|Attalyn has 210 seconds left.
|
|t:|1728943778
|move|p1a: Castle Wall|Toxic|p2a: Dusclops
|-status|p2a: Dusclops|tox
|move|p2a: Dusclops|Ice Beam|p1a: Castle Wall
|-damage|p1a: Castle Wall|18/100 brn
|
|-weather|Sandstorm|[upkeep]
|-damage|p2a: Dusclops|22/100 tox|[from] Sandstorm
|-heal|p1a: Castle Wall|24/100 brn|[from] item: Leftovers
|-damage|p1a: Castle Wall|11/100 brn|[from] brn
|-heal|p2a: Dusclops|28/100 tox|[from] item: Leftovers
|-damage|p2a: Dusclops|22/100 tox|[from] psn
|upkeep
|turn|19
|inactive|Attalyn has 210 seconds left.
|
|t:|1728943790
|move|p2a: Dusclops|Pain Split|p1a: Castle Wall
|-sethp|p1a: Castle Wall|15/100 brn|[from] move: Pain Split|[silent]
|-sethp|p2a: Dusclops|17/100 tox|[from] move: Pain Split
|move|p1a: Castle Wall|Roar|p2a: Dusclops
|drag|p2a: Skarmory|Skarmory, F|45/100
|
|-weather|Sandstorm|[upkeep]
|-heal|p1a: Castle Wall|21/100 brn|[from] item: Leftovers
|-damage|p1a: Castle Wall|9/100 brn|[from] brn
|-heal|p2a: Skarmory|51/100|[from] item: Leftovers
|upkeep
|turn|20
|inactive|Attalyn has 210 seconds left.
|
|t:|1728943805
|move|p1a: Castle Wall|Roar|p2a: Skarmory
|drag|p2a: Flygon|Flygon, F|100/100
|
|-weather|Sandstorm|[upkeep]
|-heal|p1a: Castle Wall|15/100 brn|[from] item: Leftovers
|-damage|p1a: Castle Wall|2/100 brn|[from] brn
|upkeep
|turn|21
|inactive|Attalyn has 210 seconds left.
|
|t:|1728943818
|move|p2a: Flygon|Rock Slide|p1a: Castle Wall
|-damage|p1a: Castle Wall|0 fnt
|faint|p1a: Castle Wall
|
|t:|1728943823
|switch|p1a: Gengar|Gengar, F|100/100
|
|-weather|Sandstorm|[upkeep]
|-damage|p1a: Gengar|94/100|[from] Sandstorm
|-heal|p1a: Gengar|100/100|[from] item: Leftovers
|upkeep
|turn|22
|
|t:|1728943831
|switch|p2a: Dusclops|Dusclops, M|17/100 tox
|-damage|p2a: Dusclops|0 fnt|[from] Spikes
|faint|p2a: Dusclops
|
|t:|1728943836
|switch|p2a: Tyranitar|Tyranitar, F|100/100
|-damage|p2a: Tyranitar|75/100|[from] Spikes
|
|-weather|Sandstorm|[upkeep]
|-damage|p1a: Gengar|94/100|[from] Sandstorm
|-heal|p1a: Gengar|100/100|[from] item: Leftovers
|-heal|p2a: Tyranitar|82/100|[from] item: Leftovers
|upkeep
|turn|23
|
|t:|1728943854
|-activate|p1a: Gengar|move: Pursuit
|move|p2a: Tyranitar|Pursuit|p1a: Gengar|[from]Pursuit
|-supereffective|p1a: Gengar
|-damage|p1a: Gengar|0 fnt
|faint|p1a: Gengar
|-hint|Previously chosen switches continue in Gen 2-4 after a Pursuit target faints.
|switch|p1a: Dunk|Swampert, M|100/100
|-damage|p1a: Dunk|84/100|[from] Spikes
|
|-weather|Sandstorm|[upkeep]
|-heal|p2a: Tyranitar|88/100|[from] item: Leftovers
|-heal|p1a: Dunk|90/100|[from] item: Leftovers
|upkeep
|turn|24
|
|t:|1728943869
|move|p2a: Tyranitar|Crunch|p1a: Dunk
|-damage|p1a: Dunk|54/100
|move|p1a: Dunk|Hydro Pump|p2a: Tyranitar|[miss]
|-miss|p1a: Dunk|p2a: Tyranitar
|
|-weather|Sandstorm|[upkeep]
|-heal|p2a: Tyranitar|94/100|[from] item: Leftovers
|-heal|p1a: Dunk|60/100|[from] item: Leftovers
|upkeep
|turn|25
|
|t:|1728943880
|move|p1a: Dunk|Protect|p1a: Dunk
|-singleturn|p1a: Dunk|Protect
|move|p2a: Tyranitar|Crunch|p1a: Dunk
|-activate|p1a: Dunk|Protect
|
|-weather|Sandstorm|[upkeep]
|-heal|p2a: Tyranitar|99/100|[from] item: Leftovers
|-heal|p1a: Dunk|67/100|[from] item: Leftovers
|upkeep
|turn|26
|
|t:|1728943888
|move|p2a: Tyranitar|Crunch|p1a: Dunk
|-damage|p1a: Dunk|31/100
|move|p1a: Dunk|Hydro Pump|p2a: Tyranitar
|-supereffective|p2a: Tyranitar
|-damage|p2a: Tyranitar|6/100
|
|-weather|Sandstorm|[upkeep]
|-heal|p2a: Tyranitar|12/100|[from] item: Leftovers
|-heal|p1a: Dunk|37/100|[from] item: Leftovers
|upkeep
|turn|27
|
|t:|1728943901
|move|p1a: Dunk|Protect|p1a: Dunk
|-singleturn|p1a: Dunk|Protect
|move|p2a: Tyranitar|Crunch|p1a: Dunk
|-activate|p1a: Dunk|Protect
|
|-weather|Sandstorm|[upkeep]
|-heal|p2a: Tyranitar|19/100|[from] item: Leftovers
|-heal|p1a: Dunk|43/100|[from] item: Leftovers
|upkeep
|turn|28
|
|t:|1728943924
|move|p2a: Tyranitar|Crunch|p1a: Dunk
|-damage|p1a: Dunk|8/100
|move|p1a: Dunk|Earthquake|p2a: Tyranitar
|-supereffective|p2a: Tyranitar
|-damage|p2a: Tyranitar|0 fnt
|faint|p2a: Tyranitar
|
|t:|1728943935
|switch|p2a: Moltres|Moltres|100/100
|
|-weather|Sandstorm|[upkeep]
|-damage|p2a: Moltres|94/100|[from] Sandstorm
|-heal|p2a: Moltres|100/100|[from] item: Leftovers
|-heal|p1a: Dunk|15/100|[from] item: Leftovers
|upkeep
|turn|29
|inactive|Attalyn has 210 seconds left.
|
|t:|1728943959
|move|p1a: Dunk|Protect|p1a: Dunk
|-singleturn|p1a: Dunk|Protect
|move|p2a: Moltres|Flamethrower|p1a: Dunk
|-activate|p1a: Dunk|Protect
|
|-weather|Sandstorm|[upkeep]
|-damage|p2a: Moltres|94/100|[from] Sandstorm
|-heal|p2a: Moltres|100/100|[from] item: Leftovers
|-heal|p1a: Dunk|21/100|[from] item: Leftovers
|upkeep
|turn|30
|inactive|Attalyn has 210 seconds left.
|
|t:|1728943968
|move|p2a: Moltres|Hidden Power|p1a: Dunk
|-supereffective|p1a: Dunk
|-damage|p1a: Dunk|0 fnt
|faint|p1a: Dunk
|
|t:|1728943971
|switch|p1a: Aerodactyl|Aerodactyl, F|100/100
|
|-weather|Sandstorm|[upkeep]
|-damage|p2a: Moltres|94/100|[from] Sandstorm
|-heal|p2a: Moltres|100/100|[from] item: Leftovers
|upkeep
|turn|31
|
|t:|1728943979
|switch|p2a: Flygon|Flygon, F|100/100
|move|p1a: Aerodactyl|Double-Edge|p2a: Flygon
|-damage|p2a: Flygon|55/100
|
|-weather|Sandstorm|[upkeep]
|-heal|p2a: Flygon|61/100|[from] item: Leftovers
|upkeep
|turn|32
|
|t:|1728943989
|move|p2a: Flygon|Protect|p2a: Flygon
|-singleturn|p2a: Flygon|Protect
|move|p1a: Aerodactyl|Double-Edge|p2a: Flygon
|-activate|p2a: Flygon|Protect
|
|-weather|Sandstorm|[upkeep]
|-heal|p2a: Flygon|68/100|[from] item: Leftovers
|upkeep
|turn|33
|
|t:|1728944008
|switch|p1a: Jirachi|Jirachi|80/100
|-damage|p1a: Jirachi|63/100|[from] Spikes
|move|p2a: Flygon|Rock Slide|p1a: Jirachi
|-resisted|p1a: Jirachi
|-damage|p1a: Jirachi|57/100
|
|-weather|Sandstorm|[upkeep]
|-heal|p1a: Jirachi|63/100|[from] item: Leftovers
|-heal|p2a: Flygon|74/100|[from] item: Leftovers
|upkeep
|turn|34
|inactive|Attalyn has 210 seconds left.
|
|t:|1728944036
|move|p1a: Jirachi|Psychic|p2a: Flygon
|-damage|p2a: Flygon|29/100
|move|p2a: Flygon|Earthquake|p1a: Jirachi
|-supereffective|p1a: Jirachi
|-damage|p1a: Jirachi|2/100
|
|-weather|Sandstorm|[upkeep]
|-heal|p1a: Jirachi|8/100|[from] item: Leftovers
|-heal|p2a: Flygon|35/100|[from] item: Leftovers
|upkeep
|turn|35
|
|t:|1728944050
|move|p2a: Flygon|Protect|p2a: Flygon
|-singleturn|p2a: Flygon|Protect
|move|p1a: Jirachi|Psychic|p2a: Flygon
|-activate|p2a: Flygon|Protect
|
|-weather|Sandstorm|[upkeep]
|-heal|p1a: Jirachi|14/100|[from] item: Leftovers
|-heal|p2a: Flygon|41/100|[from] item: Leftovers
|upkeep
|turn|36
|inactive|Attalyn has 180 seconds left.
|
|t:|1728944088
|switch|p2a: Skarmory|Skarmory, F|51/100
|move|p1a: Jirachi|Psychic|p2a: Skarmory
|-resisted|p2a: Skarmory
|-damage|p2a: Skarmory|33/100
|
|-weather|Sandstorm|[upkeep]
|-heal|p1a: Jirachi|21/100|[from] item: Leftovers
|-heal|p2a: Skarmory|39/100|[from] item: Leftovers
|upkeep
|turn|37
|inactive|Attalyn has 180 seconds left.
|
|t:|1728944100
|move|p1a: Jirachi|Fire Punch|p2a: Skarmory
|-supereffective|p2a: Skarmory
|-damage|p2a: Skarmory|0 fnt
|faint|p2a: Skarmory
|
|t:|1728944104
|switch|p2a: Moltres|Moltres|100/100
|
|-weather|Sandstorm|[upkeep]
|-damage|p2a: Moltres|94/100|[from] Sandstorm
|-heal|p2a: Moltres|100/100|[from] item: Leftovers
|-heal|p1a: Jirachi|27/100|[from] item: Leftovers
|upkeep
|turn|38
|inactive|Attalyn has 180 seconds left.
|
|t:|1728944116
|move|p2a: Moltres|Will-O-Wisp|p1a: Jirachi|[miss]
|-miss|p2a: Moltres|p1a: Jirachi
|move|p1a: Jirachi|Psychic|p2a: Moltres
|-damage|p2a: Moltres|54/100
|
|-weather|Sandstorm|[upkeep]
|-damage|p2a: Moltres|48/100|[from] Sandstorm
|-heal|p2a: Moltres|54/100|[from] item: Leftovers
|-heal|p1a: Jirachi|33/100|[from] item: Leftovers
|upkeep
|turn|39
|
|t:|1728944126
|move|p2a: Moltres|Flamethrower|p1a: Jirachi
|-supereffective|p1a: Jirachi
|-damage|p1a: Jirachi|0 fnt
|faint|p1a: Jirachi
|
|t:|1728944129
|switch|p1a: Lunk|Tyranitar, M|100/100
|-damage|p1a: Lunk|84/100|[from] Spikes
|
|-weather|Sandstorm|[upkeep]
|-damage|p2a: Moltres|48/100|[from] Sandstorm
|-heal|p2a: Moltres|54/100|[from] item: Leftovers
|upkeep
|turn|40
|
|t:|1728944143
|move|p2a: Moltres|Will-O-Wisp|p1a: Lunk
|-status|p1a: Lunk|brn
|-enditem|p1a: Lunk|Lum Berry|[eat]
|-curestatus|p1a: Lunk|brn|[msg]
|move|p1a: Lunk|Dragon Dance|p1a: Lunk
|-boost|p1a: Lunk|atk|1
|-boost|p1a: Lunk|spe|1
|
|-weather|Sandstorm|[upkeep]
|-damage|p2a: Moltres|48/100|[from] Sandstorm
|-heal|p2a: Moltres|54/100|[from] item: Leftovers
|upkeep
|turn|41
|
|t:|1728944153
|move|p1a: Lunk|Rock Slide|p2a: Moltres
|-supereffective|p2a: Moltres
|-damage|p2a: Moltres|0 fnt
|faint|p2a: Moltres
|
|t:|1728944159
|switch|p2a: Zapdos|Zapdos|61/100 slp
|
|-weather|Sandstorm|[upkeep]
|-damage|p2a: Zapdos|55/100 slp|[from] Sandstorm
|-heal|p2a: Zapdos|61/100 slp|[from] item: Leftovers
|upkeep
|turn|42
|
|t:|1728944168
|move|p1a: Lunk|Dragon Dance|p1a: Lunk
|-boost|p1a: Lunk|atk|1
|-boost|p1a: Lunk|spe|1
|cant|p2a: Zapdos|slp
|move|p2a: Zapdos|Sleep Talk|p2a: Zapdos
|move|p2a: Zapdos|Rest|p2a: Zapdos|[from]Sleep Talk
|
|-weather|Sandstorm|[upkeep]
|-damage|p2a: Zapdos|55/100 slp|[from] Sandstorm
|-heal|p2a: Zapdos|61/100 slp|[from] item: Leftovers
|upkeep
|turn|43
|
|t:|1728944177
|move|p1a: Lunk|Rock Slide|p2a: Zapdos
|-supereffective|p2a: Zapdos
|-damage|p2a: Zapdos|0 fnt
|faint|p2a: Zapdos
|
|t:|1728944182
|switch|p2a: Flygon|Flygon, F|41/100
|
|-weather|Sandstorm|[upkeep]
|-heal|p2a: Flygon|47/100|[from] item: Leftovers
|upkeep
|turn|44
|inactive|Attalyn has 210 seconds left.
|
|t:|1728944189
|move|p2a: Flygon|Protect|p2a: Flygon
|-singleturn|p2a: Flygon|Protect
|move|p1a: Lunk|Hidden Power|p2a: Flygon
|-activate|p2a: Flygon|Protect
|
|-weather|Sandstorm|[upkeep]
|-heal|p2a: Flygon|54/100|[from] item: Leftovers
|upkeep
|turn|45
|inactive|Attalyn has 210 seconds left.
|
|t:|1728944200
|move|p1a: Lunk|Hidden Power|p2a: Flygon
|-damage|p2a: Flygon|12/100
|move|p2a: Flygon|Earthquake|p1a: Lunk
|-supereffective|p1a: Lunk
|-damage|p1a: Lunk|21/100
|
|-weather|Sandstorm|[upkeep]
|-heal|p2a: Flygon|18/100|[from] item: Leftovers
|upkeep
|turn|46
|c|☆socalson|gg
|
|t:|1728944209
|move|p1a: Lunk|Hidden Power|p2a: Flygon
|-damage|p2a: Flygon|0 fnt
|faint|p2a: Flygon
|
|win|socalson
|c|☆Attalyn|gg
|player|p1|

</script>
<script type="application/json" class="data" id="replaydata-smogtours-gen3ou-798797">
{"id":"smogtours-gen3ou-798797","format":"[Gen 3] OU","players":["socalson","Attalyn"],"uploadtime":1728944209,"views":88,"formatid":"gen3ou","rating":null,"private":0,"password":null}
</script>

<script defer src="js/replays.js?9d40a366"></script>
