<!DOCTYPE html>
<meta charset="utf-8" />
<meta name="viewport" content="width=device-width" />

<title>[Gen 3] OU: big will 2024 vs. Euph0riADV - Replays - Pok&eacute;mon Showdown!</title>

<meta name="description" content="Watch a replay of a Pok&eacute;mon battle between big will 2024 and Euph0riADV! Format: [Gen 3] OU; Date: Oct 15, 2024" />
<!--

Hey, you! Looking in the source for the replay log?

You can find them in JSON format, just add `.json` at the end of a replay URL.

https://replay.pokemonshowdown.com/gen7randomdoublesbattle-865046831.json

Or, if you only need the log itself, add `.log` instead:

https://replay.pokemonshowdown.com/gen7randomdoublesbattle-865046831.log

-->

<link rel="stylesheet" href="//pokemonshowdown.com/style/global.css?0.023195364461161105" />
<link rel="stylesheet" href="//play.pokemonshowdown.com/style/font-awesome.css?0.13261647063804238" />
<link rel="stylesheet" href="//play.pokemonshowdown.com/style/battle.css?0.8753245789963631" />
<link rel="stylesheet" href="//play.pokemonshowdown.com/style/utilichart.css?0.8627959624976733" />

<!-- Global site tag (gtag.js) - Google Analytics -->
<script async src="https://www.googletagmanager.com/gtag/js?id=UA-26211653-1"></script>
<script>
  window.dataLayer = window.dataLayer || [];
  function gtag(){dataLayer.push(arguments);}
  gtag('js', new Date());

  gtag('config', 'UA-26211653-1');
</script>
<!-- End Google Analytics -->
<!-- Venatus Ad Manager - Install in <HEAD> of page -->
	<script src="https://hb.vntsm.com/v3/live/ad-manager.min.js" type="text/javascript" data-site-id="642aba63ec9a7b11c3c9c1be" data-mode="scan" async></script>
<!-- / Venatus Ad Manager -->

<style>
	@media (max-width:820px) {
		.battle {
			margin: 0 auto;
		}
		.battle-log {
			margin: 7px auto 0;
			max-width: 640px;
			height: 300px;
			position: static;
		}
	}
	.optgroup {
		display: inline-block;
		line-height: 22px;
		font-size: 10pt;
	}
	.optgroup .button {
		height: 25px;
		padding-top: 0;
		padding-bottom: 0;
	}
	.optgroup button.button {
		padding-left: 12px;
		padding-right: 12px;
	}
	.linklist {
		list-style: none;
		margin: 0.5em 0;
		padding: 0;
	}
	.linklist li {
		padding: 2px 0;
	}
	.sidebar {
		float: left;
		width: 320px;
	}
	.bar-wrapper {
		max-width: 1100px;
		margin: 0 auto;
	}
	.bar-wrapper.has-sidebar {
		max-width: 1430px;
	}
	.mainbar {
		margin: 0;
		padding-right: 1px;
	}
	.mainbar.has-sidebar {
		margin-left: 330px;
	}
	@media (min-width: 1511px) {
		.sidebar {
			width: 400px;
		}
		.bar-wrapper.has-sidebar {
			max-width: 1510px;
		}
		.mainbar.has-sidebar {
			margin-left: 410px;
		}
	}
	.section.first-section {
		margin-top: 9px;
	}
	.blocklink small {
		white-space: normal;
	}
	.button {
		vertical-align: middle;
	}
	.replay-controls {
		padding-top: 10px;
	}
	.replay-controls h1 {
		font-size: 16pt;
		font-weight: normal;
		color: #CCC;
	}
	.pagelink {
		text-align: center;
	}
	.pagelink a {
		width: 150px;
	}
	.textbox, .button {
		font-size: 11pt;
		vertical-align: middle;
	}
	@media (max-width: 450px) {
		.button {
			font-size: 9pt;
		}
	}
</style>

<div>

	<header>
		<div class="nav-wrapper"><ul class="nav">
			<li><a class="button nav-first" href="//pokemonshowdown.com/"><img src="//pokemonshowdown.com/images/pokemonshowdownbeta.png" srcset="//pokemonshowdown.com/images/pokemonshowdownbeta.png 1x, //pokemonshowdown.com/images/pokemonshowdownbeta@2x.png 2x" alt="Pok&eacute;mon Showdown" width="146" height="44" /> Home</a></li>
			<li><a class="button" href="//pokemonshowdown.com/dex/">Pok&eacute;dex</a></li>
			<li><a class="button cur" href="/">Replays</a></li>
			<li><a class="button" href="//pokemonshowdown.com/ladder/">Ladder</a></li>
			<li><a class="button nav-last" href="//pokemonshowdown.com/forums/">Forum</a></li>
			<li><a class="button greenbutton nav-first nav-last" href="//play.pokemonshowdown.com/">Play</a></li>
		</ul></div>
	</header>

	<div class="main" id="main">

		<noscript><section class="section">You need to enable JavaScript to use this page; sorry!</section></noscript>

	</div>

</div>

<script defer nomodule src="//play.pokemonshowdown.com/js/lib/ps-polyfill.js"></script>
<script defer src="//play.pokemonshowdown.com/js/lib/preact.min.js"></script>

<script defer src="//play.pokemonshowdown.com/config/config.js?2bddbc15"></script>
<script defer src="//play.pokemonshowdown.com/js/lib/jquery-1.11.0.min.js"></script>
<script defer src="//play.pokemonshowdown.com/js/lib/html-sanitizer-minified.js"></script>
<script defer src="//play.pokemonshowdown.com/js/battle-sound.js"></script>
<script defer src="//play.pokemonshowdown.com/js/battledata.js?0.7209276989879541"></script>
<script defer src="//play.pokemonshowdown.com/data/pokedex-mini.js?0.6111056340867951"></script>
<script defer src="//play.pokemonshowdown.com/data/pokedex-mini-bw.js?0.3532142036491459"></script>
<script defer src="//play.pokemonshowdown.com/data/graphics.js?0.24223875632456182"></script>
<script defer src="//play.pokemonshowdown.com/data/pokedex.js?0.38839984266356864"></script>
<script defer src="//play.pokemonshowdown.com/data/moves.js?0.21866028504024015"></script>
<script defer src="//play.pokemonshowdown.com/data/abilities.js?0.2005157953846628"></script>
<script defer src="//play.pokemonshowdown.com/data/items.js?0.9894211263848525"></script>
<script defer src="//play.pokemonshowdown.com/data/teambuilder-tables.js?0.6008791140282215"></script>
<script defer src="//play.pokemonshowdown.com/js/battle-tooltips.js?0.7580118955022959"></script>
<script defer src="//play.pokemonshowdown.com/js/battle.js?0.6057722274234274"></script>

<script defer src="js/utils.js?e31f9a17"></script>
<script defer src="js/replays-battle.js?7008c182"></script>

<!-- don't scrape this data! just add .json or .log after the URL!
Full API docs: https://github.com/smogon/pokemon-showdown-client/blob/master/WEB-API.md -->
<script type="text/plain" class="log" id="replaylog-smogtours-gen3ou-798861">
|inactive|Battle timer is ON: inactive players will automatically lose when time's up.
|t:|1728955525
|gametype|singles
|player|p1|big will 2024|morty-gen2|
|player|p2|Euph0riADV|102|
|teamsize|p1|6
|teamsize|p2|6
|gen|3
|tier|[Gen 3] OU
|rule|Sleep Clause Mod: Limit one foe put to sleep
|rule|Switch Priority Clause Mod: Faster Pokémon switch first
|rule|Species Clause: Limit one of each Pokémon
|rule|OHKO Clause: OHKO moves are banned
|rule|Evasion Items Clause: Evasion items are banned
|rule|Evasion Moves Clause: Evasion moves are banned
|rule|Endless Battle Clause: Forcing endless battles is banned
|rule|HP Percentage Mod: HP is shown in percentages
|rule|One Boost Passer Clause: Limit one Baton Passer that has a way to boost its stats
|rule|Freeze Clause Mod: Limit one foe frozen
|
|t:|1728955525
|start
|switch|p1a: Pretty Sweet|Jynx, F|100/100
|switch|p2a: Diagonals|Tyranitar, F|100/100
|-weather|Sandstorm|[from] ability: Sand Stream|[of] p2a: Diagonals
|turn|1
|inactive|big will 2024 also wants the timer to be on.
|c|☆big will 2024|hf
|
|t:|1728955534
|-singleturn|p2a: Diagonals|move: Focus Punch
|move|p1a: Pretty Sweet|Ice Beam|p2a: Diagonals
|-damage|p2a: Diagonals|67/100
|move|p2a: Diagonals|Focus Punch||[still]
|cant|p2a: Diagonals|Focus Punch|Focus Punch
|
|-weather|Sandstorm|[upkeep]
|-damage|p1a: Pretty Sweet|95/100|[from] Sandstorm
|-heal|p1a: Pretty Sweet|100/100|[from] item: Leftovers
|-heal|p2a: Diagonals|73/100|[from] item: Leftovers
|upkeep
|turn|2
|
|t:|1728955543
|switch|p2a: Rainbo Convo|Swampert, F|100/100
|move|p1a: Pretty Sweet|Ice Beam|p2a: Rainbo Convo
|-damage|p2a: Rainbo Convo|62/100
|
|-weather|Sandstorm|[upkeep]
|-damage|p1a: Pretty Sweet|95/100|[from] Sandstorm
|-heal|p1a: Pretty Sweet|100/100|[from] item: Leftovers
|-heal|p2a: Rainbo Convo|68/100|[from] item: Leftovers
|upkeep
|turn|3
|
|t:|1728955550
|move|p1a: Pretty Sweet|Lovely Kiss|p2a: Rainbo Convo
|-status|p2a: Rainbo Convo|slp|[from] move: Lovely Kiss
|cant|p2a: Rainbo Convo|slp
|
|-weather|Sandstorm|[upkeep]
|-damage|p1a: Pretty Sweet|95/100|[from] Sandstorm
|-heal|p1a: Pretty Sweet|100/100|[from] item: Leftovers
|-heal|p2a: Rainbo Convo|74/100 slp|[from] item: Leftovers
|upkeep
|turn|4
|
|t:|1728955566
|move|p1a: Pretty Sweet|Ice Beam|p2a: Rainbo Convo
|-damage|p2a: Rainbo Convo|39/100 slp
|cant|p2a: Rainbo Convo|slp
|
|-weather|Sandstorm|[upkeep]
|-damage|p1a: Pretty Sweet|95/100|[from] Sandstorm
|-heal|p1a: Pretty Sweet|100/100|[from] item: Leftovers
|-heal|p2a: Rainbo Convo|45/100 slp|[from] item: Leftovers
|upkeep
|turn|5
|
|t:|1728955570
|switch|p2a: Brakhage|Skarmory, M|100/100
|move|p1a: Pretty Sweet|Ice Beam|p2a: Brakhage
|-crit|p2a: Brakhage
|-damage|p2a: Brakhage|20/100
|
|-weather|Sandstorm|[upkeep]
|-damage|p1a: Pretty Sweet|95/100|[from] Sandstorm
|-heal|p1a: Pretty Sweet|100/100|[from] item: Leftovers
|-heal|p2a: Brakhage|26/100|[from] item: Leftovers
|upkeep
|turn|6
|
|t:|1728955577
|move|p2a: Brakhage|Protect|p2a: Brakhage
|-singleturn|p2a: Brakhage|Protect
|move|p1a: Pretty Sweet|Taunt|p2a: Brakhage
|-activate|p2a: Brakhage|Protect
|
|-weather|Sandstorm|[upkeep]
|-damage|p1a: Pretty Sweet|95/100|[from] Sandstorm
|-heal|p1a: Pretty Sweet|100/100|[from] item: Leftovers
|-heal|p2a: Brakhage|32/100|[from] item: Leftovers
|upkeep
|turn|7
|
|t:|1728955591
|switch|p2a: Refractions|Magneton, shiny|100/100
|move|p1a: Pretty Sweet|Ice Beam|p2a: Refractions
|-resisted|p2a: Refractions
|-damage|p2a: Refractions|62/100
|
|-weather|Sandstorm|[upkeep]
|-damage|p1a: Pretty Sweet|95/100|[from] Sandstorm
|-heal|p1a: Pretty Sweet|100/100|[from] item: Leftovers
|-heal|p2a: Refractions|68/100|[from] item: Leftovers
|upkeep
|turn|8
|
|t:|1728955605
|switch|p1a: Seigfried|Claydol|100/100
|move|p2a: Refractions|Hidden Power|p1a: Seigfried
|-damage|p1a: Seigfried|75/100
|
|-weather|Sandstorm|[upkeep]
|-heal|p2a: Refractions|74/100|[from] item: Leftovers
|-heal|p1a: Seigfried|82/100|[from] item: Leftovers
|upkeep
|turn|9
|
|t:|1728955629
|switch|p2a: Parsec|Flygon, F|100/100
|switch|p1a: White Ferrari|Jirachi|100/100
|
|-weather|Sandstorm|[upkeep]
|upkeep
|turn|10
|
|t:|1728955636
|switch|p1a: Nights|Gengar, F|100/100
|move|p2a: Parsec|Substitute|p2a: Parsec
|-start|p2a: Parsec|Substitute
|-damage|p2a: Parsec|76/100
|
|-weather|Sandstorm|[upkeep]
|-damage|p1a: Nights|95/100|[from] Sandstorm
|-heal|p1a: Nights|100/100|[from] item: Leftovers
|-heal|p2a: Parsec|82/100|[from] item: Leftovers
|upkeep
|turn|11
|
|t:|1728955647
|move|p1a: Nights|Explosion|p2a: Parsec
|-end|p2a: Parsec|Substitute
|faint|p1a: Nights
|
|t:|1728955650
|switch|p1a: Ivy|Suicune|100/100
|
|-weather|Sandstorm|[upkeep]
|-damage|p1a: Ivy|94/100|[from] Sandstorm
|-heal|p2a: Parsec|88/100|[from] item: Leftovers
|-heal|p1a: Ivy|100/100|[from] item: Leftovers
|upkeep
|turn|12
|
|t:|1728955660
|switch|p2a: Rainbo Convo|Swampert, F|45/100 slp
|move|p1a: Ivy|Calm Mind|p1a: Ivy
|-boost|p1a: Ivy|spa|1
|-boost|p1a: Ivy|spd|1
|
|-weather|Sandstorm|[upkeep]
|-damage|p1a: Ivy|94/100|[from] Sandstorm
|-heal|p1a: Ivy|100/100|[from] item: Leftovers
|-heal|p2a: Rainbo Convo|52/100 slp|[from] item: Leftovers
|upkeep
|turn|13
|
|t:|1728955677
|move|p1a: Ivy|Surf|p2a: Rainbo Convo
|-damage|p2a: Rainbo Convo|1/100 slp
|cant|p2a: Rainbo Convo|slp
|
|-weather|Sandstorm|[upkeep]
|-damage|p1a: Ivy|94/100|[from] Sandstorm
|-heal|p1a: Ivy|100/100|[from] item: Leftovers
|-heal|p2a: Rainbo Convo|7/100 slp|[from] item: Leftovers
|upkeep
|turn|14
|
|t:|1728955689
|move|p1a: Ivy|Surf|p2a: Rainbo Convo
|-damage|p2a: Rainbo Convo|0 fnt
|faint|p2a: Rainbo Convo
|
|t:|1728955691
|switch|p2a: Flower Nowhere|Celebi|100/100
|
|-weather|Sandstorm|[upkeep]
|-damage|p2a: Flower Nowhere|94/100|[from] Sandstorm
|-damage|p1a: Ivy|94/100|[from] Sandstorm
|-heal|p2a: Flower Nowhere|100/100|[from] item: Leftovers
|-heal|p1a: Ivy|100/100|[from] item: Leftovers
|upkeep
|turn|15
|
|t:|1728955694
|move|p2a: Flower Nowhere|Leech Seed|p1a: Ivy
|-start|p1a: Ivy|move: Leech Seed
|move|p1a: Ivy|Ice Beam|p2a: Flower Nowhere
|-supereffective|p2a: Flower Nowhere
|-damage|p2a: Flower Nowhere|32/100
|
|-weather|Sandstorm|[upkeep]
|-damage|p2a: Flower Nowhere|26/100|[from] Sandstorm
|-damage|p1a: Ivy|94/100|[from] Sandstorm
|-heal|p2a: Flower Nowhere|32/100|[from] item: Leftovers
|-heal|p1a: Ivy|100/100|[from] item: Leftovers
|-damage|p1a: Ivy|88/100|[from] Leech Seed|[of] p2a: Flower Nowhere
|-heal|p2a: Flower Nowhere|45/100|[silent]
|upkeep
|turn|16
|
|t:|1728955702
|switch|p1a: Pretty Sweet|Jynx, F|100/100
|move|p2a: Flower Nowhere|Recover|p2a: Flower Nowhere
|-heal|p2a: Flower Nowhere|95/100
|
|-weather|Sandstorm|[upkeep]
|-damage|p1a: Pretty Sweet|95/100|[from] Sandstorm
|-damage|p2a: Flower Nowhere|88/100|[from] Sandstorm
|-heal|p1a: Pretty Sweet|100/100|[from] item: Leftovers
|-heal|p2a: Flower Nowhere|95/100|[from] item: Leftovers
|upkeep
|turn|17
|
|t:|1728955711
|switch|p2a: Refractions|Magneton, shiny|74/100
|move|p1a: Pretty Sweet|Taunt|p2a: Refractions
|-start|p2a: Refractions|move: Taunt
|
|-weather|Sandstorm|[upkeep]
|-damage|p1a: Pretty Sweet|95/100|[from] Sandstorm
|-heal|p1a: Pretty Sweet|100/100|[from] item: Leftovers
|-heal|p2a: Refractions|80/100|[from] item: Leftovers
|upkeep
|turn|18
|
|t:|1728955714
|move|p1a: Pretty Sweet|Lovely Kiss|p2a: Refractions
|-status|p2a: Refractions|slp|[from] move: Lovely Kiss
|cant|p2a: Refractions|slp
|
|-weather|Sandstorm|[upkeep]
|-damage|p1a: Pretty Sweet|95/100|[from] Sandstorm
|-heal|p1a: Pretty Sweet|100/100|[from] item: Leftovers
|-heal|p2a: Refractions|86/100 slp|[from] item: Leftovers
|-end|p2a: Refractions|move: Taunt|[silent]
|upkeep
|turn|19
|
|t:|1728955718
|switch|p1a: Self Control|Dugtrio, M|100/100
|cant|p2a: Refractions|slp
|
|-weather|Sandstorm|[upkeep]
|-heal|p2a: Refractions|93/100 slp|[from] item: Leftovers
|upkeep
|turn|20
|
|t:|1728955724
|move|p1a: Self Control|Earthquake|p2a: Refractions
|-supereffective|p2a: Refractions
|-damage|p2a: Refractions|0 fnt
|faint|p2a: Refractions
|
|t:|1728955729
|switch|p2a: Parsec|Flygon, F|88/100
|
|-weather|Sandstorm|[upkeep]
|-heal|p2a: Parsec|94/100|[from] item: Leftovers
|upkeep
|turn|21
|
|t:|1728955733
|switch|p1a: Ivy|Suicune|88/100
|move|p2a: Parsec|Substitute|p2a: Parsec
|-start|p2a: Parsec|Substitute
|-damage|p2a: Parsec|69/100
|
|-weather|Sandstorm|[upkeep]
|-damage|p1a: Ivy|82/100|[from] Sandstorm
|-heal|p2a: Parsec|75/100|[from] item: Leftovers
|-heal|p1a: Ivy|88/100|[from] item: Leftovers
|upkeep
|turn|22
|
|t:|1728955738
|move|p2a: Parsec|Earthquake|p1a: Ivy
|-damage|p1a: Ivy|54/100
|move|p1a: Ivy|Ice Beam|p2a: Parsec
|-supereffective|p2a: Parsec
|-end|p2a: Parsec|Substitute
|
|-weather|Sandstorm|[upkeep]
|-damage|p1a: Ivy|47/100|[from] Sandstorm
|-heal|p2a: Parsec|81/100|[from] item: Leftovers
|-heal|p1a: Ivy|54/100|[from] item: Leftovers
|upkeep
|turn|23
|
|t:|1728955754
|switch|p2a: Brakhage|Skarmory, M|32/100
|move|p1a: Ivy|Ice Beam|p2a: Brakhage
|-damage|p2a: Brakhage|7/100
|-status|p2a: Brakhage|frz
|
|-weather|Sandstorm|[upkeep]
|-damage|p1a: Ivy|47/100|[from] Sandstorm
|-heal|p1a: Ivy|54/100|[from] item: Leftovers
|-heal|p2a: Brakhage|13/100 frz|[from] item: Leftovers
|upkeep
|turn|24
|
|t:|1728955762
|move|p1a: Ivy|Ice Beam|p2a: Brakhage
|-damage|p2a: Brakhage|0 fnt
|faint|p2a: Brakhage
|
|t:|1728955766
|switch|p2a: Flower Nowhere|Celebi|95/100
|
|-weather|Sandstorm|[upkeep]
|-damage|p2a: Flower Nowhere|88/100|[from] Sandstorm
|-damage|p1a: Ivy|47/100|[from] Sandstorm
|-heal|p2a: Flower Nowhere|95/100|[from] item: Leftovers
|-heal|p1a: Ivy|54/100|[from] item: Leftovers
|upkeep
|turn|25
|
|t:|1728955769
|move|p2a: Flower Nowhere|Hidden Power|p1a: Ivy
|-supereffective|p1a: Ivy
|-damage|p1a: Ivy|20/100
|move|p1a: Ivy|Ice Beam|p2a: Flower Nowhere
|-supereffective|p2a: Flower Nowhere
|-damage|p2a: Flower Nowhere|49/100
|
|-weather|Sandstorm|[upkeep]
|-damage|p2a: Flower Nowhere|43/100|[from] Sandstorm
|-damage|p1a: Ivy|14/100|[from] Sandstorm
|-heal|p2a: Flower Nowhere|49/100|[from] item: Leftovers
|-heal|p1a: Ivy|20/100|[from] item: Leftovers
|upkeep
|turn|26
|
|t:|1728955774
|switch|p1a: Pretty Sweet|Jynx, F|100/100
|move|p2a: Flower Nowhere|Recover|p2a: Flower Nowhere
|-heal|p2a: Flower Nowhere|99/100
|
|-weather|Sandstorm|[upkeep]
|-damage|p1a: Pretty Sweet|95/100|[from] Sandstorm
|-damage|p2a: Flower Nowhere|93/100|[from] Sandstorm
|-heal|p1a: Pretty Sweet|100/100|[from] item: Leftovers
|-heal|p2a: Flower Nowhere|99/100|[from] item: Leftovers
|upkeep
|turn|27
|
|t:|1728955783
|switch|p2a: Diagonals|Tyranitar, F|73/100
|move|p1a: Pretty Sweet|Ice Beam|p2a: Diagonals
|-damage|p2a: Diagonals|36/100
|
|-weather|Sandstorm|[upkeep]
|-damage|p1a: Pretty Sweet|95/100|[from] Sandstorm
|-heal|p1a: Pretty Sweet|100/100|[from] item: Leftovers
|-heal|p2a: Diagonals|43/100|[from] item: Leftovers
|upkeep
|turn|28
|
|t:|1728955789
|switch|p1a: Seigfried|Claydol|82/100
|move|p2a: Diagonals|Crunch|p1a: Seigfried
|-supereffective|p1a: Seigfried
|-damage|p1a: Seigfried|17/100
|
|-weather|Sandstorm|[upkeep]
|-heal|p1a: Seigfried|23/100|[from] item: Leftovers
|-heal|p2a: Diagonals|49/100|[from] item: Leftovers
|upkeep
|turn|29
|
|t:|1728955799
|switch|p2a: Flower Nowhere|Celebi|99/100
|move|p1a: Seigfried|Explosion|p2a: Flower Nowhere
|-damage|p2a: Flower Nowhere|28/100
|faint|p1a: Seigfried
|
|t:|1728955802
|switch|p1a: Pretty Sweet|Jynx, F|100/100
|
|-weather|Sandstorm|[upkeep]
|-damage|p1a: Pretty Sweet|95/100|[from] Sandstorm
|-damage|p2a: Flower Nowhere|22/100|[from] Sandstorm
|-heal|p1a: Pretty Sweet|100/100|[from] item: Leftovers
|-heal|p2a: Flower Nowhere|28/100|[from] item: Leftovers
|upkeep
|turn|30
|
|t:|1728955820
|switch|p2a: Diagonals|Tyranitar, F|49/100
|move|p1a: Pretty Sweet|Ice Beam|p2a: Diagonals
|-damage|p2a: Diagonals|15/100
|
|-weather|Sandstorm|[upkeep]
|-damage|p1a: Pretty Sweet|95/100|[from] Sandstorm
|-heal|p1a: Pretty Sweet|100/100|[from] item: Leftovers
|-heal|p2a: Diagonals|21/100|[from] item: Leftovers
|upkeep
|turn|31
|
|t:|1728955824
|move|p1a: Pretty Sweet|Ice Beam|p2a: Diagonals
|-damage|p2a: Diagonals|0 fnt
|faint|p2a: Diagonals
|
|t:|1728955829
|switch|p2a: Parsec|Flygon, F|81/100
|
|-weather|Sandstorm|[upkeep]
|-damage|p1a: Pretty Sweet|95/100|[from] Sandstorm
|-heal|p2a: Parsec|87/100|[from] item: Leftovers
|-heal|p1a: Pretty Sweet|100/100|[from] item: Leftovers
|upkeep
|turn|32
|
|t:|1728955842
|move|p2a: Parsec|Rock Slide|p1a: Pretty Sweet
|-supereffective|p1a: Pretty Sweet
|-damage|p1a: Pretty Sweet|0 fnt
|faint|p1a: Pretty Sweet
|
|t:|1728955849
|switch|p1a: White Ferrari|Jirachi|100/100
|
|-weather|Sandstorm|[upkeep]
|-heal|p2a: Parsec|93/100|[from] item: Leftovers
|upkeep
|turn|33
|
|t:|1728955856
|move|p2a: Parsec|Substitute|p2a: Parsec
|-start|p2a: Parsec|Substitute
|-damage|p2a: Parsec|68/100
|move|p1a: White Ferrari|Hidden Power|p2a: Parsec
|-end|p2a: Parsec|Substitute
|
|-weather|Sandstorm|[upkeep]
|-heal|p2a: Parsec|74/100|[from] item: Leftovers
|upkeep
|turn|34
|
|t:|1728955861
|move|p2a: Parsec|Earthquake|p1a: White Ferrari
|-supereffective|p1a: White Ferrari
|-damage|p1a: White Ferrari|34/100
|move|p1a: White Ferrari|Hidden Power|p2a: Parsec
|-damage|p2a: Parsec|47/100
|
|-weather|Sandstorm|[upkeep]
|-heal|p2a: Parsec|53/100|[from] item: Leftovers
|-heal|p1a: White Ferrari|41/100|[from] item: Leftovers
|upkeep
|turn|35
|
|t:|1728955870
|move|p2a: Parsec|Earthquake|p1a: White Ferrari
|-supereffective|p1a: White Ferrari
|-damage|p1a: White Ferrari|0 fnt
|faint|p1a: White Ferrari
|
|t:|1728955871
|switch|p1a: Self Control|Dugtrio, M|100/100
|
|-weather|Sandstorm|[upkeep]
|-heal|p2a: Parsec|59/100|[from] item: Leftovers
|upkeep
|turn|36
|
|t:|1728955882
|move|p1a: Self Control|Hidden Power|p2a: Parsec
|-damage|p2a: Parsec|27/100
|move|p2a: Parsec|Substitute|p2a: Parsec
|-start|p2a: Parsec|Substitute
|-damage|p2a: Parsec|2/100
|
|-weather|Sandstorm|[upkeep]
|-heal|p2a: Parsec|8/100|[from] item: Leftovers
|upkeep
|turn|37
|
|t:|1728955886
|move|p1a: Self Control|Hidden Power|p2a: Parsec
|-end|p2a: Parsec|Substitute
|move|p2a: Parsec|Earthquake|p1a: Self Control
|-damage|p1a: Self Control|0 fnt
|faint|p1a: Self Control
|
|t:|1728955888
|switch|p1a: Ivy|Suicune|20/100
|
|-weather|Sandstorm|[upkeep]
|-damage|p1a: Ivy|14/100|[from] Sandstorm
|-heal|p2a: Parsec|14/100|[from] item: Leftovers
|-heal|p1a: Ivy|20/100|[from] item: Leftovers
|upkeep
|turn|38
|
|t:|1728955893
|move|p2a: Parsec|Earthquake|p1a: Ivy
|-damage|p1a: Ivy|0 fnt
|faint|p1a: Ivy
|
|win|Euph0riADV

</script>
<script type="application/json" class="data" id="replaydata-smogtours-gen3ou-798861">
{"id":"smogtours-gen3ou-798861","format":"[Gen 3] OU","players":["big will 2024","Euph0riADV"],"uploadtime":1728955893,"views":100,"formatid":"gen3ou","rating":null,"private":0,"password":null}
</script>

<script defer src="js/replays.js?9d40a366"></script>
