<!DOCTYPE html>
<meta charset="utf-8" />
<meta name="viewport" content="width=device-width" />

<title>[Gen 3] OU: deckline vs. gorditoconbigote - Replays - Pok&eacute;mon Showdown!</title>

<meta name="description" content="Watch a replay of a Pok&eacute;mon battle between deckline and gorditoconbigote! Format: [Gen 3] OU; Date: Oct 9, 2024" />
<!--

Hey, you! Looking in the source for the replay log?

You can find them in JSON format, just add `.json` at the end of a replay URL.

https://replay.pokemonshowdown.com/gen7randomdoublesbattle-865046831.json

Or, if you only need the log itself, add `.log` instead:

https://replay.pokemonshowdown.com/gen7randomdoublesbattle-865046831.log

-->

<link rel="stylesheet" href="//pokemonshowdown.com/style/global.css?0.023195364461161105" />
<link rel="stylesheet" href="//play.pokemonshowdown.com/style/font-awesome.css?0.13261647063804238" />
<link rel="stylesheet" href="//play.pokemonshowdown.com/style/battle.css?0.8753245789963631" />
<link rel="stylesheet" href="//play.pokemonshowdown.com/style/utilichart.css?0.8627959624976733" />

<!-- Global site tag (gtag.js) - Google Analytics -->
<script async src="https://www.googletagmanager.com/gtag/js?id=UA-26211653-1"></script>
<script>
  window.dataLayer = window.dataLayer || [];
  function gtag(){dataLayer.push(arguments);}
  gtag('js', new Date());

  gtag('config', 'UA-26211653-1');
</script>
<!-- End Google Analytics -->
<!-- Venatus Ad Manager - Install in <HEAD> of page -->
	<script src="https://hb.vntsm.com/v3/live/ad-manager.min.js" type="text/javascript" data-site-id="642aba63ec9a7b11c3c9c1be" data-mode="scan" async></script>
<!-- / Venatus Ad Manager -->

<style>
	@media (max-width:820px) {
		.battle {
			margin: 0 auto;
		}
		.battle-log {
			margin: 7px auto 0;
			max-width: 640px;
			height: 300px;
			position: static;
		}
	}
	.optgroup {
		display: inline-block;
		line-height: 22px;
		font-size: 10pt;
	}
	.optgroup .button {
		height: 25px;
		padding-top: 0;
		padding-bottom: 0;
	}
	.optgroup button.button {
		padding-left: 12px;
		padding-right: 12px;
	}
	.linklist {
		list-style: none;
		margin: 0.5em 0;
		padding: 0;
	}
	.linklist li {
		padding: 2px 0;
	}
	.sidebar {
		float: left;
		width: 320px;
	}
	.bar-wrapper {
		max-width: 1100px;
		margin: 0 auto;
	}
	.bar-wrapper.has-sidebar {
		max-width: 1430px;
	}
	.mainbar {
		margin: 0;
		padding-right: 1px;
	}
	.mainbar.has-sidebar {
		margin-left: 330px;
	}
	@media (min-width: 1511px) {
		.sidebar {
			width: 400px;
		}
		.bar-wrapper.has-sidebar {
			max-width: 1510px;
		}
		.mainbar.has-sidebar {
			margin-left: 410px;
		}
	}
	.section.first-section {
		margin-top: 9px;
	}
	.blocklink small {
		white-space: normal;
	}
	.button {
		vertical-align: middle;
	}
	.replay-controls {
		padding-top: 10px;
	}
	.replay-controls h1 {
		font-size: 16pt;
		font-weight: normal;
		color: #CCC;
	}
	.pagelink {
		text-align: center;
	}
	.pagelink a {
		width: 150px;
	}
	.textbox, .button {
		font-size: 11pt;
		vertical-align: middle;
	}
	@media (max-width: 450px) {
		.button {
			font-size: 9pt;
		}
	}
</style>

<div>

	<header>
		<div class="nav-wrapper"><ul class="nav">
			<li><a class="button nav-first" href="//pokemonshowdown.com/"><img src="//pokemonshowdown.com/images/pokemonshowdownbeta.png" srcset="//pokemonshowdown.com/images/pokemonshowdownbeta.png 1x, //pokemonshowdown.com/images/pokemonshowdownbeta@2x.png 2x" alt="Pok&eacute;mon Showdown" width="146" height="44" /> Home</a></li>
			<li><a class="button" href="//pokemonshowdown.com/dex/">Pok&eacute;dex</a></li>
			<li><a class="button cur" href="/">Replays</a></li>
			<li><a class="button" href="//pokemonshowdown.com/ladder/">Ladder</a></li>
			<li><a class="button nav-last" href="//pokemonshowdown.com/forums/">Forum</a></li>
			<li><a class="button greenbutton nav-first nav-last" href="//play.pokemonshowdown.com/">Play</a></li>
		</ul></div>
	</header>

	<div class="main" id="main">

		<noscript><section class="section">You need to enable JavaScript to use this page; sorry!</section></noscript>

	</div>

</div>

<script defer nomodule src="//play.pokemonshowdown.com/js/lib/ps-polyfill.js"></script>
<script defer src="//play.pokemonshowdown.com/js/lib/preact.min.js"></script>

<script defer src="//play.pokemonshowdown.com/config/config.js?2bddbc15"></script>
<script defer src="//play.pokemonshowdown.com/js/lib/jquery-1.11.0.min.js"></script>
<script defer src="//play.pokemonshowdown.com/js/lib/html-sanitizer-minified.js"></script>
<script defer src="//play.pokemonshowdown.com/js/battle-sound.js"></script>
<script defer src="//play.pokemonshowdown.com/js/battledata.js?0.7209276989879541"></script>
<script defer src="//play.pokemonshowdown.com/data/pokedex-mini.js?0.6111056340867951"></script>
<script defer src="//play.pokemonshowdown.com/data/pokedex-mini-bw.js?0.3532142036491459"></script>
<script defer src="//play.pokemonshowdown.com/data/graphics.js?0.24223875632456182"></script>
<script defer src="//play.pokemonshowdown.com/data/pokedex.js?0.38839984266356864"></script>
<script defer src="//play.pokemonshowdown.com/data/moves.js?0.21866028504024015"></script>
<script defer src="//play.pokemonshowdown.com/data/abilities.js?0.2005157953846628"></script>
<script defer src="//play.pokemonshowdown.com/data/items.js?0.9894211263848525"></script>
<script defer src="//play.pokemonshowdown.com/data/teambuilder-tables.js?0.6008791140282215"></script>
<script defer src="//play.pokemonshowdown.com/js/battle-tooltips.js?0.7580118955022959"></script>
<script defer src="//play.pokemonshowdown.com/js/battle.js?0.6057722274234274"></script>

<script defer src="js/utils.js?e31f9a17"></script>
<script defer src="js/replays-battle.js?7008c182"></script>

<!-- don't scrape this data! just add .json or .log after the URL!
Full API docs: https://github.com/smogon/pokemon-showdown-client/blob/master/WEB-API.md -->
<script type="text/plain" class="log" id="replaylog-smogtours-gen3ou-796656">
|inactive|Battle timer is ON: inactive players will automatically lose when time's up.
|t:|1728492629
|gametype|singles
|player|p1|deckline|#wcop2024france2|
|player|p2|gorditoconbigote|1|
|teamsize|p1|6
|teamsize|p2|6
|gen|3
|tier|[Gen 3] OU
|rule|Sleep Clause Mod: Limit one foe put to sleep
|rule|Switch Priority Clause Mod: Faster Pokémon switch first
|rule|Species Clause: Limit one of each Pokémon
|rule|OHKO Clause: OHKO moves are banned
|rule|Evasion Items Clause: Evasion items are banned
|rule|Evasion Moves Clause: Evasion moves are banned
|rule|Endless Battle Clause: Forcing endless battles is banned
|rule|HP Percentage Mod: HP is shown in percentages
|rule|One Boost Passer Clause: Limit one Baton Passer that has a way to boost its stats
|rule|Freeze Clause Mod: Limit one foe frozen
|
|t:|1728492629
|start
|switch|p1a: Zapdos|Zapdos|100/100
|switch|p2a: Bird1|Zapdos|100/100
|turn|1
|inactive|deckline also wants the timer to be on.
|c|☆deckline|hf
|c|☆gorditoconbigote|glhf!
|inactive|deckline has 270 seconds left.
|
|t:|1728492660
|switch|p2a: Bird3|Blissey, F|100/100
|move|p1a: Zapdos|Toxic|p2a: Bird3
|-status|p2a: Bird3|tox
|
|-damage|p2a: Bird3|94/100 tox|[from] psn
|upkeep
|turn|2
|
|t:|1728492680
|move|p1a: Zapdos|Protect|p1a: Zapdos
|-singleturn|p1a: Zapdos|Protect
|move|p2a: Bird3|Ice Beam|p1a: Zapdos
|-activate|p1a: Zapdos|Protect
|
|-heal|p2a: Bird3|100/100 tox|[from] item: Leftovers
|-damage|p2a: Bird3|88/100 tox|[from] psn
|upkeep
|turn|3
|
|t:|1728492690
|switch|p1a: Jirachi|Jirachi|100/100
|move|p2a: Bird3|Ice Beam|p1a: Jirachi
|-resisted|p1a: Jirachi
|-damage|p1a: Jirachi|93/100
|
|-heal|p1a: Jirachi|99/100|[from] item: Leftovers
|-heal|p2a: Bird3|94/100 tox|[from] item: Leftovers
|-damage|p2a: Bird3|76/100 tox|[from] psn
|upkeep
|turn|4
|
|t:|1728492707
|move|p1a: Jirachi|Toxic|p2a: Bird3|[miss]
|-miss|p1a: Jirachi|p2a: Bird3
|move|p2a: Bird3|Fire Blast|p1a: Jirachi
|-supereffective|p1a: Jirachi
|-damage|p1a: Jirachi|66/100
|
|-heal|p1a: Jirachi|72/100|[from] item: Leftovers
|-heal|p2a: Bird3|82/100 tox|[from] item: Leftovers
|-damage|p2a: Bird3|57/100 tox|[from] psn
|upkeep
|turn|5
|
|t:|1728492720
|-curestatus|p2a: Bird3|tox|[from] ability: Natural Cure
|switch|p2a: Bird6|Gengar, F|100/100
|move|p1a: Jirachi|Wish|p1a: Jirachi
|
|-heal|p1a: Jirachi|78/100|[from] item: Leftovers
|upkeep
|turn|6
|
|t:|1728492739
|switch|p1a: Tyranitar|Tyranitar, M|100/100
|-weather|Sandstorm|[from] ability: Sand Stream|[of] p1a: Tyranitar
|move|p2a: Bird6|Will-O-Wisp|p1a: Tyranitar|[miss]
|-miss|p2a: Bird6|p1a: Tyranitar
|
|-weather|Sandstorm|[upkeep]
|-damage|p2a: Bird6|95/100|[from] Sandstorm
|-heal|p2a: Bird6|100/100|[from] item: Leftovers
|upkeep
|turn|7
|
|t:|1728492748
|move|p2a: Bird6|Will-O-Wisp|p1a: Tyranitar
|-status|p1a: Tyranitar|brn
|move|p1a: Tyranitar|Pursuit|p2a: Bird6
|-supereffective|p2a: Bird6
|-damage|p2a: Bird6|58/100
|
|-weather|Sandstorm|[upkeep]
|-damage|p2a: Bird6|52/100|[from] Sandstorm
|-heal|p2a: Bird6|58/100|[from] item: Leftovers
|-damage|p1a: Tyranitar|88/100 brn|[from] brn
|upkeep
|turn|8
|
|t:|1728492756
|move|p2a: Bird6|Giga Drain|p1a: Tyranitar
|-supereffective|p1a: Tyranitar
|-damage|p1a: Tyranitar|53/100 brn
|-heal|p2a: Bird6|80/100|[from] drain|[of] p1a: Tyranitar
|move|p1a: Tyranitar|Pursuit|p2a: Bird6
|-supereffective|p2a: Bird6
|-damage|p2a: Bird6|34/100
|
|-weather|Sandstorm|[upkeep]
|-damage|p2a: Bird6|28/100|[from] Sandstorm
|-heal|p2a: Bird6|34/100|[from] item: Leftovers
|-heal|p1a: Tyranitar|59/100 brn|[from] item: Leftovers
|-damage|p1a: Tyranitar|47/100 brn|[from] brn
|upkeep
|turn|9
|
|t:|1728492770
|move|p2a: Bird6|Giga Drain|p1a: Tyranitar
|-supereffective|p1a: Tyranitar
|-damage|p1a: Tyranitar|12/100 brn
|-heal|p2a: Bird6|56/100|[from] drain|[of] p1a: Tyranitar
|move|p1a: Tyranitar|Pursuit|p2a: Bird6
|-supereffective|p2a: Bird6
|-damage|p2a: Bird6|12/100
|
|-weather|Sandstorm|[upkeep]
|-damage|p2a: Bird6|6/100|[from] Sandstorm
|-heal|p2a: Bird6|12/100|[from] item: Leftovers
|-heal|p1a: Tyranitar|18/100 brn|[from] item: Leftovers
|-damage|p1a: Tyranitar|6/100 brn|[from] brn
|upkeep
|turn|10
|
|t:|1728492779
|move|p2a: Bird6|Giga Drain|p1a: Tyranitar
|-supereffective|p1a: Tyranitar
|-damage|p1a: Tyranitar|0 fnt
|-heal|p2a: Bird6|16/100|[from] drain|[of] p1a: Tyranitar
|faint|p1a: Tyranitar
|
|t:|1728492783
|switch|p1a: Jirachi|Jirachi|78/100
|
|-weather|Sandstorm|[upkeep]
|-damage|p2a: Bird6|10/100|[from] Sandstorm
|-heal|p2a: Bird6|16/100|[from] item: Leftovers
|-heal|p1a: Jirachi|84/100|[from] item: Leftovers
|upkeep
|turn|11
|
|t:|1728492787
|move|p2a: Bird6|Will-O-Wisp|p1a: Jirachi
|-status|p1a: Jirachi|brn
|move|p1a: Jirachi|Fire Punch|p2a: Bird6
|-damage|p2a: Bird6|0 fnt
|faint|p2a: Bird6
|
|t:|1728492795
|switch|p2a: Bird3|Blissey, F|57/100
|
|-weather|Sandstorm|[upkeep]
|-damage|p2a: Bird3|51/100|[from] Sandstorm
|-heal|p1a: Jirachi|91/100 brn|[from] item: Leftovers
|-damage|p1a: Jirachi|78/100 brn|[from] brn
|-heal|p2a: Bird3|57/100|[from] item: Leftovers
|upkeep
|turn|12
|
|t:|1728492799
|move|p1a: Jirachi|Toxic|p2a: Bird3
|-status|p2a: Bird3|tox
|move|p2a: Bird3|Soft-Boiled|p2a: Bird3
|-heal|p2a: Bird3|100/100 tox
|
|-weather|Sandstorm|[upkeep]
|-damage|p2a: Bird3|94/100 tox|[from] Sandstorm
|-heal|p1a: Jirachi|84/100 brn|[from] item: Leftovers
|-damage|p1a: Jirachi|72/100 brn|[from] brn
|-heal|p2a: Bird3|100/100 tox|[from] item: Leftovers
|-damage|p2a: Bird3|94/100 tox|[from] psn
|upkeep
|turn|13
|
|t:|1728492808
|move|p1a: Jirachi|Wish|p1a: Jirachi
|move|p2a: Bird3|Fire Blast|p1a: Jirachi
|-supereffective|p1a: Jirachi
|-crit|p1a: Jirachi
|-damage|p1a: Jirachi|0 fnt
|faint|p1a: Jirachi
|c|☆deckline|.
|
|t:|1728492820
|switch|p1a: Swampert|Swampert, M|100/100
|
|-weather|Sandstorm|[upkeep]
|-damage|p2a: Bird3|88/100 tox|[from] Sandstorm
|-heal|p2a: Bird3|94/100 tox|[from] item: Leftovers
|-damage|p2a: Bird3|82/100 tox|[from] psn
|upkeep
|turn|14
|
|t:|1728492827
|-curestatus|p2a: Bird3|tox|[from] ability: Natural Cure
|switch|p2a: Bird5|Swampert, F|100/100
|move|p1a: Swampert|Ice Beam|p2a: Bird5
|-damage|p2a: Bird5|83/100
|
|-weather|Sandstorm|[upkeep]
|-heal|p2a: Bird5|89/100|[from] item: Leftovers
|upkeep
|turn|15
|
|t:|1728492837
|switch|p1a: Forretress|Forretress, M|100/100
|move|p2a: Bird5|Protect||[still]
|-fail|p2a: Bird5
|
|-weather|Sandstorm|[upkeep]
|-heal|p2a: Bird5|96/100|[from] item: Leftovers
|upkeep
|turn|16
|
|t:|1728492849
|switch|p2a: Bird3|Blissey, F|82/100
|move|p1a: Forretress|Spikes|p2a: Bird3
|-sidestart|p2: gorditoconbigote|Spikes
|
|-weather|Sandstorm|[upkeep]
|-damage|p2a: Bird3|76/100|[from] Sandstorm
|-heal|p2a: Bird3|82/100|[from] item: Leftovers
|upkeep
|turn|17
|
|t:|1728492857
|switch|p1a: Zapdos|Zapdos|100/100
|move|p2a: Bird3|Fire Blast|p1a: Zapdos
|-damage|p1a: Zapdos|82/100
|
|-weather|Sandstorm|[upkeep]
|-damage|p1a: Zapdos|76/100|[from] Sandstorm
|-damage|p2a: Bird3|76/100|[from] Sandstorm
|-heal|p1a: Zapdos|82/100|[from] item: Leftovers
|-heal|p2a: Bird3|82/100|[from] item: Leftovers
|upkeep
|turn|18
|
|t:|1728492867
|switch|p1a: Forretress|Forretress, M|100/100
|move|p2a: Bird3|Toxic|p1a: Forretress
|-immune|p1a: Forretress
|
|-weather|Sandstorm|[upkeep]
|-damage|p2a: Bird3|76/100|[from] Sandstorm
|-heal|p2a: Bird3|82/100|[from] item: Leftovers
|upkeep
|turn|19
|
|t:|1728492880
|switch|p1a: Zapdos|Zapdos|82/100
|move|p2a: Bird3|Fire Blast|p1a: Zapdos
|-damage|p1a: Zapdos|64/100
|
|-weather|Sandstorm|[upkeep]
|-damage|p1a: Zapdos|57/100|[from] Sandstorm
|-damage|p2a: Bird3|76/100|[from] Sandstorm
|-heal|p1a: Zapdos|64/100|[from] item: Leftovers
|-heal|p2a: Bird3|82/100|[from] item: Leftovers
|upkeep
|turn|20
|
|t:|1728492887
|move|p1a: Zapdos|Protect|p1a: Zapdos
|-singleturn|p1a: Zapdos|Protect
|move|p2a: Bird3|Ice Beam|p1a: Zapdos
|-activate|p1a: Zapdos|Protect
|
|-weather|Sandstorm|[upkeep]
|-damage|p1a: Zapdos|57/100|[from] Sandstorm
|-damage|p2a: Bird3|76/100|[from] Sandstorm
|-heal|p1a: Zapdos|64/100|[from] item: Leftovers
|-heal|p2a: Bird3|82/100|[from] item: Leftovers
|upkeep
|turn|21
|
|t:|1728492894
|move|p1a: Zapdos|Toxic|p2a: Bird3
|-status|p2a: Bird3|tox
|move|p2a: Bird3|Ice Beam|p1a: Zapdos
|-supereffective|p1a: Zapdos
|-damage|p1a: Zapdos|30/100
|
|-weather|Sandstorm|[upkeep]
|-damage|p1a: Zapdos|23/100|[from] Sandstorm
|-damage|p2a: Bird3|76/100 tox|[from] Sandstorm
|-heal|p1a: Zapdos|30/100|[from] item: Leftovers
|-heal|p2a: Bird3|82/100 tox|[from] item: Leftovers
|-damage|p2a: Bird3|76/100 tox|[from] psn
|upkeep
|turn|22
|
|t:|1728492906
|-curestatus|p2a: Bird3|tox|[from] ability: Natural Cure
|switch|p2a: Bird2|Skarmory, F|100/100
|move|p1a: Zapdos|Protect||[still]
|-fail|p1a: Zapdos
|
|-weather|Sandstorm|[upkeep]
|-damage|p1a: Zapdos|23/100|[from] Sandstorm
|-heal|p1a: Zapdos|30/100|[from] item: Leftovers
|upkeep
|turn|23
|
|t:|1728492911
|switch|p2a: Bird3|Blissey, F|76/100
|-damage|p2a: Bird3|63/100|[from] Spikes
|move|p1a: Zapdos|Thunderbolt|p2a: Bird3
|-crit|p2a: Bird3
|-damage|p2a: Bird3|29/100
|
|-weather|Sandstorm|[upkeep]
|-damage|p1a: Zapdos|23/100|[from] Sandstorm
|-damage|p2a: Bird3|23/100|[from] Sandstorm
|-heal|p1a: Zapdos|30/100|[from] item: Leftovers
|-heal|p2a: Bird3|29/100|[from] item: Leftovers
|upkeep
|turn|24
|
|t:|1728492918
|move|p1a: Zapdos|Toxic|p2a: Bird3
|-status|p2a: Bird3|tox
|move|p2a: Bird3|Soft-Boiled|p2a: Bird3
|-heal|p2a: Bird3|79/100 tox
|
|-weather|Sandstorm|[upkeep]
|-damage|p1a: Zapdos|23/100|[from] Sandstorm
|-damage|p2a: Bird3|73/100 tox|[from] Sandstorm
|-heal|p1a: Zapdos|30/100|[from] item: Leftovers
|-heal|p2a: Bird3|79/100 tox|[from] item: Leftovers
|-damage|p2a: Bird3|73/100 tox|[from] psn
|upkeep
|turn|25
|
|t:|1728492923
|switch|p1a: Forretress|Forretress, M|100/100
|move|p2a: Bird3|Soft-Boiled|p2a: Bird3
|-heal|p2a: Bird3|100/100 tox
|
|-weather|Sandstorm|[upkeep]
|-damage|p2a: Bird3|94/100 tox|[from] Sandstorm
|-heal|p2a: Bird3|100/100 tox|[from] item: Leftovers
|-damage|p2a: Bird3|88/100 tox|[from] psn
|upkeep
|turn|26
|
|t:|1728492933
|-curestatus|p2a: Bird3|tox|[from] ability: Natural Cure
|switch|p2a: Bird1|Zapdos|100/100
|switch|p1a: Zapdos|Zapdos|30/100
|
|-weather|Sandstorm|[upkeep]
|-damage|p2a: Bird1|94/100|[from] Sandstorm
|-damage|p1a: Zapdos|23/100|[from] Sandstorm
|-heal|p2a: Bird1|100/100|[from] item: Leftovers
|-heal|p1a: Zapdos|30/100|[from] item: Leftovers
|upkeep
|turn|27
|
|t:|1728492940
|move|p2a: Bird1|Thunderbolt|p1a: Zapdos
|-damage|p1a: Zapdos|0 fnt
|faint|p1a: Zapdos
|
|t:|1728492941
|switch|p1a: Swampert|Swampert, M|100/100
|
|-weather|Sandstorm|[upkeep]
|-damage|p2a: Bird1|94/100|[from] Sandstorm
|-heal|p2a: Bird1|100/100|[from] item: Leftovers
|upkeep
|turn|28
|
|t:|1728492944
|move|p2a: Bird1|Hidden Power|p1a: Swampert
|-damage|p1a: Swampert|79/100
|move|p1a: Swampert|Ice Beam|p2a: Bird1
|-supereffective|p2a: Bird1
|-damage|p2a: Bird1|54/100
|
|-weather|Sandstorm|[upkeep]
|-damage|p2a: Bird1|48/100|[from] Sandstorm
|-heal|p2a: Bird1|54/100|[from] item: Leftovers
|-heal|p1a: Swampert|85/100|[from] item: Leftovers
|upkeep
|turn|29
|
|t:|1728492967
|switch|p2a: Bird5|Swampert, F|96/100
|-damage|p2a: Bird5|83/100|[from] Spikes
|move|p1a: Swampert|Surf|p2a: Bird5
|-damage|p2a: Bird5|57/100
|
|-weather|Sandstorm|[upkeep]
|-heal|p2a: Bird5|64/100|[from] item: Leftovers
|-heal|p1a: Swampert|91/100|[from] item: Leftovers
|upkeep
|turn|30
|
|t:|1728492973
|switch|p1a: Forretress|Forretress, M|100/100
|move|p2a: Bird5|Hydro Pump|p1a: Forretress
|-damage|p1a: Forretress|62/100
|
|-weather|Sandstorm|[upkeep]
|-heal|p2a: Bird5|70/100|[from] item: Leftovers
|-heal|p1a: Forretress|68/100|[from] item: Leftovers
|upkeep
|turn|31
|
|t:|1728492980
|move|p2a: Bird5|Hydro Pump|p1a: Forretress
|-damage|p1a: Forretress|33/100
|move|p1a: Forretress|Explosion|p2a: Bird5
|-damage|p2a: Bird5|0 fnt
|faint|p1a: Forretress
|faint|p2a: Bird5
|
|t:|1728492987
|switch|p2a: Bird2|Skarmory, F|100/100
|switch|p1a: Swampert|Swampert, M|91/100
|
|-weather|Sandstorm|[upkeep]
|-heal|p1a: Swampert|98/100|[from] item: Leftovers
|upkeep
|turn|32
|
|t:|1728492992
|move|p2a: Bird2|Spikes|p1a: Swampert
|-sidestart|p1: deckline|Spikes
|move|p1a: Swampert|Surf|p2a: Bird2
|-damage|p2a: Bird2|71/100
|
|-weather|Sandstorm|[upkeep]
|-heal|p2a: Bird2|77/100|[from] item: Leftovers
|-heal|p1a: Swampert|100/100|[from] item: Leftovers
|upkeep
|turn|33
|
|t:|1728492996
|move|p2a: Bird2|Toxic|p1a: Swampert
|-status|p1a: Swampert|tox
|move|p1a: Swampert|Surf|p2a: Bird2
|-damage|p2a: Bird2|49/100
|
|-weather|Sandstorm|[upkeep]
|-heal|p2a: Bird2|55/100|[from] item: Leftovers
|-damage|p1a: Swampert|94/100 tox|[from] psn
|upkeep
|turn|34
|
|t:|1728493001
|move|p2a: Bird2|Taunt|p1a: Swampert
|-start|p1a: Swampert|move: Taunt
|move|p1a: Swampert|Surf|p2a: Bird2
|-damage|p2a: Bird2|24/100
|
|-weather|Sandstorm|[upkeep]
|-heal|p2a: Bird2|30/100|[from] item: Leftovers
|-heal|p1a: Swampert|100/100 tox|[from] item: Leftovers
|-damage|p1a: Swampert|88/100 tox|[from] psn
|upkeep
|turn|35
|
|t:|1728493011
|move|p2a: Bird2|Spikes|p1a: Swampert
|-sidestart|p1: deckline|Spikes
|move|p1a: Swampert|Surf|p2a: Bird2
|-crit|p2a: Bird2
|-damage|p2a: Bird2|0 fnt
|faint|p2a: Bird2
|
|t:|1728493022
|switch|p2a: Bird3|Blissey, F|88/100
|-damage|p2a: Bird3|76/100|[from] Spikes
|
|-weather|Sandstorm|[upkeep]
|-damage|p2a: Bird3|70/100|[from] Sandstorm
|-heal|p2a: Bird3|76/100|[from] item: Leftovers
|-heal|p1a: Swampert|94/100 tox|[from] item: Leftovers
|-damage|p1a: Swampert|76/100 tox|[from] psn
|-end|p1a: Swampert|move: Taunt|[silent]
|upkeep
|turn|36
|
|t:|1728493027
|move|p2a: Bird3|Soft-Boiled|p2a: Bird3
|-heal|p2a: Bird3|100/100
|move|p1a: Swampert|Earthquake|p2a: Bird3
|-crit|p2a: Bird3
|-damage|p2a: Bird3|22/100
|
|-weather|Sandstorm|[upkeep]
|-damage|p2a: Bird3|16/100|[from] Sandstorm
|-heal|p2a: Bird3|22/100|[from] item: Leftovers
|-heal|p1a: Swampert|82/100 tox|[from] item: Leftovers
|-damage|p1a: Swampert|57/100 tox|[from] psn
|upkeep
|turn|37
|
|t:|1728493032
|move|p2a: Bird3|Soft-Boiled|p2a: Bird3
|-heal|p2a: Bird3|72/100
|move|p1a: Swampert|Earthquake|p2a: Bird3
|-damage|p2a: Bird3|33/100
|
|-weather|Sandstorm|[upkeep]
|-damage|p2a: Bird3|27/100|[from] Sandstorm
|-heal|p2a: Bird3|33/100|[from] item: Leftovers
|-heal|p1a: Swampert|63/100 tox|[from] item: Leftovers
|-damage|p1a: Swampert|32/100 tox|[from] psn
|upkeep
|turn|38
|
|t:|1728493040
|move|p2a: Bird3|Soft-Boiled|p2a: Bird3
|-heal|p2a: Bird3|83/100
|move|p1a: Swampert|Earthquake|p2a: Bird3
|-damage|p2a: Bird3|42/100
|
|-weather|Sandstorm|[upkeep]
|-damage|p2a: Bird3|35/100|[from] Sandstorm
|-heal|p2a: Bird3|42/100|[from] item: Leftovers
|-heal|p1a: Swampert|38/100 tox|[from] item: Leftovers
|-damage|p1a: Swampert|1/100 tox|[from] psn
|upkeep
|turn|39
|
|t:|1728493044
|move|p2a: Bird3|Soft-Boiled|p2a: Bird3
|-heal|p2a: Bird3|91/100
|move|p1a: Swampert|Earthquake|p2a: Bird3
|-damage|p2a: Bird3|50/100
|
|-weather|Sandstorm|[upkeep]
|-damage|p2a: Bird3|44/100|[from] Sandstorm
|-heal|p2a: Bird3|50/100|[from] item: Leftovers
|-heal|p1a: Swampert|7/100 tox|[from] item: Leftovers
|-damage|p1a: Swampert|0 fnt|[from] psn
|faint|p1a: Swampert
|upkeep
|
|t:|1728493047
|switch|p1a: Gyarados|Gyarados, M|100/100
|-ability|p1a: Gyarados|Intimidate|boost
|-unboost|p2a: Bird3|atk|1
|turn|40
|
|t:|1728493058
|move|p1a: Gyarados|Dragon Dance|p1a: Gyarados
|-boost|p1a: Gyarados|atk|1
|-boost|p1a: Gyarados|spe|1
|move|p2a: Bird3|Toxic|p1a: Gyarados
|-status|p1a: Gyarados|tox
|
|-weather|Sandstorm|[upkeep]
|-damage|p1a: Gyarados|95/100 tox|[from] Sandstorm
|-damage|p2a: Bird3|44/100|[from] Sandstorm
|-heal|p1a: Gyarados|100/100 tox|[from] item: Leftovers
|-damage|p1a: Gyarados|95/100 tox|[from] psn
|-heal|p2a: Bird3|50/100|[from] item: Leftovers
|upkeep
|turn|41
|
|t:|1728493064
|move|p1a: Gyarados|Double-Edge|p2a: Bird3
|-damage|p2a: Bird3|0 fnt
|-damage|p1a: Gyarados|64/100 tox|[from] Recoil|[of] p2a: Bird3
|faint|p2a: Bird3
|
|t:|1728493069
|switch|p2a: Bird1|Zapdos|54/100
|
|-weather|Sandstorm|[upkeep]
|-damage|p1a: Gyarados|58/100 tox|[from] Sandstorm
|-damage|p2a: Bird1|48/100|[from] Sandstorm
|-heal|p1a: Gyarados|64/100 tox|[from] item: Leftovers
|-damage|p1a: Gyarados|52/100 tox|[from] psn
|-heal|p2a: Bird1|54/100|[from] item: Leftovers
|upkeep
|turn|42
|
|t:|1728493074
|move|p2a: Bird1|Protect|p2a: Bird1
|-singleturn|p2a: Bird1|Protect
|move|p1a: Gyarados|Hidden Power|p2a: Bird1
|-activate|p2a: Bird1|Protect
|
|-weather|Sandstorm|[upkeep]
|-damage|p1a: Gyarados|46/100 tox|[from] Sandstorm
|-damage|p2a: Bird1|48/100|[from] Sandstorm
|-heal|p1a: Gyarados|52/100 tox|[from] item: Leftovers
|-damage|p1a: Gyarados|34/100 tox|[from] psn
|-heal|p2a: Bird1|54/100|[from] item: Leftovers
|upkeep
|turn|43
|c|☆deckline|pretty lame game tbh
|c|☆deckline|jira won it solo
|
|t:|1728493099
|switch|p2a: Bird4|Tyranitar, F|100/100
|-damage|p2a: Bird4|88/100|[from] Spikes
|move|p1a: Gyarados|Hidden Power|p2a: Bird4
|-damage|p2a: Bird4|59/100
|
|-weather|Sandstorm|[upkeep]
|-damage|p1a: Gyarados|28/100 tox|[from] Sandstorm
|-heal|p1a: Gyarados|34/100 tox|[from] item: Leftovers
|-damage|p1a: Gyarados|10/100 tox|[from] psn
|-heal|p2a: Bird4|65/100|[from] item: Leftovers
|upkeep
|turn|44
|
|t:|1728493108
|move|p1a: Gyarados|Earthquake|p2a: Bird4
|-supereffective|p2a: Bird4
|-damage|p2a: Bird4|0 fnt
|faint|p2a: Bird4
|
|t:|1728493111
|switch|p2a: Bird1|Zapdos|54/100
|
|-weather|Sandstorm|[upkeep]
|-damage|p1a: Gyarados|4/100 tox|[from] Sandstorm
|-damage|p2a: Bird1|48/100|[from] Sandstorm
|-heal|p1a: Gyarados|10/100 tox|[from] item: Leftovers
|-damage|p1a: Gyarados|0 fnt|[from] psn
|faint|p1a: Gyarados
|
|win|gorditoconbigote
|upkeep

</script>
<script type="application/json" class="data" id="replaydata-smogtours-gen3ou-796656">
{"id":"smogtours-gen3ou-796656","format":"[Gen 3] OU","players":["deckline","gorditoconbigote"],"uploadtime":1728493111,"views":101,"formatid":"gen3ou","rating":null,"private":0,"password":null}
</script>

<script defer src="js/replays.js?9d40a366"></script>
