<!DOCTYPE html>
<meta charset="utf-8" />
<meta name="viewport" content="width=device-width" />

<title>[Gen 3] OU: MagsAndMiles vs. jerdgerd - Replays - Pok&eacute;mon Showdown!</title>

<meta name="description" content="Watch a replay of a Pok&eacute;mon battle between MagsAndMiles and jerdgerd! Format: [Gen 3] OU; Date: Nov 3, 2024" />
<!--

Hey, you! Looking in the source for the replay log?

You can find them in JSON format, just add `.json` at the end of a replay URL.

https://replay.pokemonshowdown.com/gen7randomdoublesbattle-865046831.json

Or, if you only need the log itself, add `.log` instead:

https://replay.pokemonshowdown.com/gen7randomdoublesbattle-865046831.log

-->

<link rel="stylesheet" href="//pokemonshowdown.com/style/global.css?0.023195364461161105" />
<link rel="stylesheet" href="//play.pokemonshowdown.com/style/font-awesome.css?0.13261647063804238" />
<link rel="stylesheet" href="//play.pokemonshowdown.com/style/battle.css?0.8753245789963631" />
<link rel="stylesheet" href="//play.pokemonshowdown.com/style/utilichart.css?0.8627959624976733" />

<!-- Global site tag (gtag.js) - Google Analytics -->
<script async src="https://www.googletagmanager.com/gtag/js?id=UA-26211653-1"></script>
<script>
  window.dataLayer = window.dataLayer || [];
  function gtag(){dataLayer.push(arguments);}
  gtag('js', new Date());

  gtag('config', 'UA-26211653-1');
</script>
<!-- End Google Analytics -->
<!-- Venatus Ad Manager - Install in <HEAD> of page -->
	<script src="https://hb.vntsm.com/v3/live/ad-manager.min.js" type="text/javascript" data-site-id="642aba63ec9a7b11c3c9c1be" data-mode="scan" async></script>
<!-- / Venatus Ad Manager -->

<style>
	@media (max-width:820px) {
		.battle {
			margin: 0 auto;
		}
		.battle-log {
			margin: 7px auto 0;
			max-width: 640px;
			height: 300px;
			position: static;
		}
	}
	.optgroup {
		display: inline-block;
		line-height: 22px;
		font-size: 10pt;
	}
	.optgroup .button {
		height: 25px;
		padding-top: 0;
		padding-bottom: 0;
	}
	.optgroup button.button {
		padding-left: 12px;
		padding-right: 12px;
	}
	.linklist {
		list-style: none;
		margin: 0.5em 0;
		padding: 0;
	}
	.linklist li {
		padding: 2px 0;
	}
	.sidebar {
		float: left;
		width: 320px;
	}
	.bar-wrapper {
		max-width: 1100px;
		margin: 0 auto;
	}
	.bar-wrapper.has-sidebar {
		max-width: 1430px;
	}
	.mainbar {
		margin: 0;
		padding-right: 1px;
	}
	.mainbar.has-sidebar {
		margin-left: 330px;
	}
	@media (min-width: 1511px) {
		.sidebar {
			width: 400px;
		}
		.bar-wrapper.has-sidebar {
			max-width: 1510px;
		}
		.mainbar.has-sidebar {
			margin-left: 410px;
		}
	}
	.section.first-section {
		margin-top: 9px;
	}
	.blocklink small {
		white-space: normal;
	}
	.button {
		vertical-align: middle;
	}
	.replay-controls {
		padding-top: 10px;
	}
	.replay-controls h1 {
		font-size: 16pt;
		font-weight: normal;
		color: #CCC;
	}
	.pagelink {
		text-align: center;
	}
	.pagelink a {
		width: 150px;
	}
	.textbox, .button {
		font-size: 11pt;
		vertical-align: middle;
	}
	@media (max-width: 450px) {
		.button {
			font-size: 9pt;
		}
	}
</style>

<div>

	<header>
		<div class="nav-wrapper"><ul class="nav">
			<li><a class="button nav-first" href="//pokemonshowdown.com/"><img src="//pokemonshowdown.com/images/pokemonshowdownbeta.png" srcset="//pokemonshowdown.com/images/pokemonshowdownbeta.png 1x, //pokemonshowdown.com/images/pokemonshowdownbeta@2x.png 2x" alt="Pok&eacute;mon Showdown" width="146" height="44" /> Home</a></li>
			<li><a class="button" href="//pokemonshowdown.com/dex/">Pok&eacute;dex</a></li>
			<li><a class="button cur" href="/">Replays</a></li>
			<li><a class="button" href="//pokemonshowdown.com/ladder/">Ladder</a></li>
			<li><a class="button nav-last" href="//pokemonshowdown.com/forums/">Forum</a></li>
			<li><a class="button greenbutton nav-first nav-last" href="//play.pokemonshowdown.com/">Play</a></li>
		</ul></div>
	</header>

	<div class="main" id="main">

		<noscript><section class="section">You need to enable JavaScript to use this page; sorry!</section></noscript>

	</div>

</div>

<script defer nomodule src="//play.pokemonshowdown.com/js/lib/ps-polyfill.js"></script>
<script defer src="//play.pokemonshowdown.com/js/lib/preact.min.js"></script>

<script defer src="//play.pokemonshowdown.com/config/config.js?2bddbc15"></script>
<script defer src="//play.pokemonshowdown.com/js/lib/jquery-1.11.0.min.js"></script>
<script defer src="//play.pokemonshowdown.com/js/lib/html-sanitizer-minified.js"></script>
<script defer src="//play.pokemonshowdown.com/js/battle-sound.js"></script>
<script defer src="//play.pokemonshowdown.com/js/battledata.js?0.7209276989879541"></script>
<script defer src="//play.pokemonshowdown.com/data/pokedex-mini.js?0.6111056340867951"></script>
<script defer src="//play.pokemonshowdown.com/data/pokedex-mini-bw.js?0.3532142036491459"></script>
<script defer src="//play.pokemonshowdown.com/data/graphics.js?0.24223875632456182"></script>
<script defer src="//play.pokemonshowdown.com/data/pokedex.js?0.38839984266356864"></script>
<script defer src="//play.pokemonshowdown.com/data/moves.js?0.21866028504024015"></script>
<script defer src="//play.pokemonshowdown.com/data/abilities.js?0.2005157953846628"></script>
<script defer src="//play.pokemonshowdown.com/data/items.js?0.9894211263848525"></script>
<script defer src="//play.pokemonshowdown.com/data/teambuilder-tables.js?0.6008791140282215"></script>
<script defer src="//play.pokemonshowdown.com/js/battle-tooltips.js?0.7580118955022959"></script>
<script defer src="//play.pokemonshowdown.com/js/battle.js?0.6057722274234274"></script>

<script defer src="js/utils.js?e31f9a17"></script>
<script defer src="js/replays-battle.js?7008c182"></script>

<!-- don't scrape this data! just add .json or .log after the URL!
Full API docs: https://github.com/smogon/pokemon-showdown-client/blob/master/WEB-API.md -->
<script type="text/plain" class="log" id="replaylog-smogtours-gen3ou-804340">
|inactive|Battle timer is ON: inactive players will automatically lose when time's up.
|t:|1730647735
|gametype|singles
|player|p1|MagsAndMiles|bruno|
|player|p2|jerdgerd|169|
|teamsize|p1|6
|teamsize|p2|6
|gen|3
|tier|[Gen 3] OU
|rule|Sleep Clause Mod: Limit one foe put to sleep
|rule|Switch Priority Clause Mod: Faster Pokémon switch first
|rule|Species Clause: Limit one of each Pokémon
|rule|OHKO Clause: OHKO moves are banned
|rule|Evasion Items Clause: Evasion items are banned
|rule|Evasion Moves Clause: Evasion moves are banned
|rule|Endless Battle Clause: Forcing endless battles is banned
|rule|HP Percentage Mod: HP is shown in percentages
|rule|One Boost Passer Clause: Limit one Baton Passer that has a way to boost its stats
|rule|Freeze Clause Mod: Limit one foe frozen
|
|t:|1730647735
|start
|switch|p1a: Tyranitar|Tyranitar, F|100/100
|switch|p2a: Skarmory|Skarmory, F|100/100
|-weather|Sandstorm|[from] ability: Sand Stream|[of] p1a: Tyranitar
|turn|1
|
|t:|1730647753
|switch|p1a: Jolteon|Jolteon, M|100/100
|move|p2a: Skarmory|Spikes|p1a: Jolteon
|-sidestart|p1: MagsAndMiles|Spikes
|
|-weather|Sandstorm|[upkeep]
|-damage|p1a: Jolteon|94/100|[from] Sandstorm
|-heal|p1a: Jolteon|100/100|[from] item: Leftovers
|upkeep
|turn|2
|
|t:|1730647764
|switch|p1a: Skarmory|Skarmory, F|100/100
|switch|p2a: Blissey|Blissey, F, shiny|100/100
|
|-weather|Sandstorm|[upkeep]
|-damage|p2a: Blissey|94/100|[from] Sandstorm
|-heal|p2a: Blissey|100/100|[from] item: Leftovers
|upkeep
|turn|3
|
|t:|1730647772
|move|p1a: Skarmory|Spikes|p2a: Blissey
|-sidestart|p2: jerdgerd|Spikes
|move|p2a: Blissey|Fire Blast|p1a: Skarmory
|-supereffective|p1a: Skarmory
|-damage|p1a: Skarmory|36/100
|
|-weather|Sandstorm|[upkeep]
|-damage|p2a: Blissey|94/100|[from] Sandstorm
|-heal|p1a: Skarmory|42/100|[from] item: Leftovers
|-heal|p2a: Blissey|100/100|[from] item: Leftovers
|upkeep
|turn|4
|
|t:|1730647784
|switch|p2a: Skarmory|Skarmory, F|100/100
|move|p1a: Skarmory|Protect||[still]
|-fail|p1a: Skarmory
|
|-weather|Sandstorm|[upkeep]
|-heal|p1a: Skarmory|48/100|[from] item: Leftovers
|upkeep
|turn|5
|
|t:|1730647791
|move|p1a: Skarmory|Spikes|p2a: Skarmory
|-sidestart|p2: jerdgerd|Spikes
|move|p2a: Skarmory|Spikes|p1a: Skarmory
|-sidestart|p1: MagsAndMiles|Spikes
|
|-weather|Sandstorm|[upkeep]
|-heal|p1a: Skarmory|54/100|[from] item: Leftovers
|upkeep
|turn|6
|
|t:|1730647796
|move|p1a: Skarmory|Spikes|p2a: Skarmory
|-sidestart|p2: jerdgerd|Spikes
|move|p2a: Skarmory|Spikes|p1a: Skarmory
|-sidestart|p1: MagsAndMiles|Spikes
|
|-weather|Sandstorm|[upkeep]
|-heal|p1a: Skarmory|60/100|[from] item: Leftovers
|upkeep
|turn|7
|
|t:|1730647802
|move|p1a: Skarmory|Roar|p2a: Skarmory
|drag|p2a: Starmie|Starmie|100/100
|-damage|p2a: Starmie|76/100|[from] Spikes
|
|-weather|Sandstorm|[upkeep]
|-damage|p2a: Starmie|70/100|[from] Sandstorm
|-heal|p2a: Starmie|76/100|[from] item: Leftovers
|-heal|p1a: Skarmory|66/100|[from] item: Leftovers
|upkeep
|turn|8
|
|t:|1730647811
|switch|p1a: Gengar|Gengar, M|100/100
|move|p2a: Starmie|Thunderbolt|p1a: Gengar
|-damage|p1a: Gengar|58/100
|
|-weather|Sandstorm|[upkeep]
|-damage|p2a: Starmie|70/100|[from] Sandstorm
|-damage|p1a: Gengar|52/100|[from] Sandstorm
|-heal|p2a: Starmie|76/100|[from] item: Leftovers
|-heal|p1a: Gengar|58/100|[from] item: Leftovers
|upkeep
|turn|9
|
|t:|1730647824
|switch|p1a: Metagross|Metagross|100/100
|-damage|p1a: Metagross|76/100|[from] Spikes
|move|p2a: Starmie|Hydro Pump|p1a: Metagross
|-damage|p1a: Metagross|14/100
|
|-weather|Sandstorm|[upkeep]
|-damage|p2a: Starmie|70/100|[from] Sandstorm
|-heal|p2a: Starmie|76/100|[from] item: Leftovers
|upkeep
|turn|10
|
|t:|1730647835
|move|p2a: Starmie|Thunderbolt|p1a: Metagross
|-damage|p1a: Metagross|0 fnt
|faint|p1a: Metagross
|
|t:|1730647842
|switch|p1a: Jolteon|Jolteon, M|100/100
|-damage|p1a: Jolteon|76/100|[from] Spikes
|
|-weather|Sandstorm|[upkeep]
|-damage|p1a: Jolteon|69/100|[from] Sandstorm
|-damage|p2a: Starmie|70/100|[from] Sandstorm
|-heal|p1a: Jolteon|76/100|[from] item: Leftovers
|-heal|p2a: Starmie|76/100|[from] item: Leftovers
|upkeep
|turn|11
|
|t:|1730647852
|switch|p2a: Blissey|Blissey, F, shiny|100/100
|-damage|p2a: Blissey|76/100|[from] Spikes
|move|p1a: Jolteon|Roar|p2a: Blissey
|drag|p2a: Tyranitar|Tyranitar, F|100/100
|-damage|p2a: Tyranitar|76/100|[from] Spikes
|
|-weather|Sandstorm|[upkeep]
|-damage|p1a: Jolteon|69/100|[from] Sandstorm
|-heal|p1a: Jolteon|76/100|[from] item: Leftovers
|-heal|p2a: Tyranitar|82/100|[from] item: Leftovers
|upkeep
|turn|12
|
|t:|1730647870
|-singleturn|p2a: Tyranitar|move: Focus Punch
|switch|p1a: Skarmory|Skarmory, F|66/100
|move|p2a: Tyranitar|Focus Punch|p1a: Skarmory
|-damage|p1a: Skarmory|26/100
|
|-weather|Sandstorm|[upkeep]
|-heal|p1a: Skarmory|32/100|[from] item: Leftovers
|-heal|p2a: Tyranitar|88/100|[from] item: Leftovers
|upkeep
|turn|13
|
|t:|1730647879
|-singleturn|p2a: Tyranitar|move: Focus Punch
|move|p1a: Skarmory|Toxic|p2a: Tyranitar|[miss]
|-miss|p1a: Skarmory|p2a: Tyranitar
|move|p2a: Tyranitar|Focus Punch|p1a: Skarmory
|-crit|p1a: Skarmory
|-damage|p1a: Skarmory|0 fnt
|faint|p1a: Skarmory
|c|☆jerdgerd|mb, sorry
|
|t:|1730647888
|switch|p1a: Aerodactyl|Aerodactyl, M|100/100
|
|-weather|Sandstorm|[upkeep]
|-heal|p2a: Tyranitar|94/100|[from] item: Leftovers
|upkeep
|turn|14
|
|t:|1730647894
|move|p1a: Aerodactyl|Rock Slide|p2a: Tyranitar
|-damage|p2a: Tyranitar|55/100
|cant|p2a: Tyranitar|flinch
|
|-weather|Sandstorm|[upkeep]
|-heal|p2a: Tyranitar|61/100|[from] item: Leftovers
|upkeep
|turn|15
|
|t:|1730647901
|move|p1a: Aerodactyl|Rock Slide|p2a: Tyranitar|[miss]
|-miss|p1a: Aerodactyl|p2a: Tyranitar
|move|p2a: Tyranitar|Rock Slide|p1a: Aerodactyl
|-supereffective|p1a: Aerodactyl
|-damage|p1a: Aerodactyl|0 fnt
|faint|p1a: Aerodactyl
|
|t:|1730647913
|switch|p1a: Tyranitar|Tyranitar, F|100/100
|-damage|p1a: Tyranitar|76/100|[from] Spikes
|
|-weather|Sandstorm|[upkeep]
|-heal|p1a: Tyranitar|82/100|[from] item: Leftovers
|-heal|p2a: Tyranitar|67/100|[from] item: Leftovers
|upkeep
|turn|16
|
|t:|1730647921
|switch|p2a: Skarmory|Skarmory, F|100/100
|move|p1a: Tyranitar|Earthquake|p2a: Skarmory
|-immune|p2a: Skarmory
|
|-weather|Sandstorm|[upkeep]
|-heal|p1a: Tyranitar|88/100|[from] item: Leftovers
|upkeep
|turn|17
|
|t:|1730647928
|move|p1a: Tyranitar|Rock Slide|p2a: Skarmory
|-damage|p2a: Skarmory|72/100
|move|p2a: Skarmory|Toxic|p1a: Tyranitar|[miss]
|-miss|p2a: Skarmory|p1a: Tyranitar
|
|-weather|Sandstorm|[upkeep]
|-heal|p1a: Tyranitar|94/100|[from] item: Leftovers
|-heal|p2a: Skarmory|78/100|[from] item: Leftovers
|upkeep
|turn|18
|
|t:|1730647938
|switch|p1a: Gengar|Gengar, M|58/100
|move|p2a: Skarmory|Toxic|p1a: Gengar
|-immune|p1a: Gengar
|
|-weather|Sandstorm|[upkeep]
|-damage|p1a: Gengar|52/100|[from] Sandstorm
|-heal|p1a: Gengar|58/100|[from] item: Leftovers
|-heal|p2a: Skarmory|84/100|[from] item: Leftovers
|upkeep
|turn|19
|
|t:|1730647947
|move|p2a: Skarmory|Protect|p2a: Skarmory
|-singleturn|p2a: Skarmory|Protect
|move|p1a: Gengar|Thunderbolt|p2a: Skarmory
|-activate|p2a: Skarmory|Protect
|
|-weather|Sandstorm|[upkeep]
|-damage|p1a: Gengar|52/100|[from] Sandstorm
|-heal|p1a: Gengar|58/100|[from] item: Leftovers
|-heal|p2a: Skarmory|90/100|[from] item: Leftovers
|upkeep
|turn|20
|
|t:|1730647962
|switch|p1a: Tyranitar|Tyranitar, F|94/100
|-damage|p1a: Tyranitar|69/100|[from] Spikes
|move|p2a: Skarmory|Roar|p1a: Tyranitar
|drag|p1a: Jolteon|Jolteon, M|76/100
|-damage|p1a: Jolteon|51/100|[from] Spikes
|
|-weather|Sandstorm|[upkeep]
|-damage|p1a: Jolteon|45/100|[from] Sandstorm
|-heal|p1a: Jolteon|51/100|[from] item: Leftovers
|-heal|p2a: Skarmory|96/100|[from] item: Leftovers
|upkeep
|turn|21
|
|t:|1730647973
|move|p2a: Skarmory|Toxic|p1a: Jolteon
|-status|p1a: Jolteon|tox
|move|p1a: Jolteon|Roar|p2a: Skarmory
|drag|p2a: Tyranitar|Tyranitar, F|67/100
|-damage|p2a: Tyranitar|42/100|[from] Spikes
|
|-weather|Sandstorm|[upkeep]
|-damage|p1a: Jolteon|45/100 tox|[from] Sandstorm
|-heal|p1a: Jolteon|51/100 tox|[from] item: Leftovers
|-damage|p1a: Jolteon|45/100 tox|[from] psn
|-heal|p2a: Tyranitar|48/100|[from] item: Leftovers
|upkeep
|turn|22
|
|t:|1730647985
|move|p1a: Jolteon|Thunderbolt|p2a: Tyranitar
|-damage|p2a: Tyranitar|14/100
|move|p2a: Tyranitar|Earthquake|p1a: Jolteon
|-supereffective|p1a: Jolteon
|-damage|p1a: Jolteon|0 fnt
|faint|p1a: Jolteon
|
|t:|1730647989
|switch|p1a: Gengar|Gengar, M|58/100
|
|-weather|Sandstorm|[upkeep]
|-damage|p1a: Gengar|52/100|[from] Sandstorm
|-heal|p1a: Gengar|58/100|[from] item: Leftovers
|-heal|p2a: Tyranitar|20/100|[from] item: Leftovers
|upkeep
|turn|23
|
|t:|1730647997
|move|p1a: Gengar|Thunderbolt|p2a: Tyranitar
|-damage|p2a: Tyranitar|0 fnt
|faint|p2a: Tyranitar
|
|t:|1730648009
|switch|p2a: Gengar|Gengar, F|100/100
|
|-weather|Sandstorm|[upkeep]
|-damage|p1a: Gengar|52/100|[from] Sandstorm
|-damage|p2a: Gengar|95/100|[from] Sandstorm
|-heal|p1a: Gengar|58/100|[from] item: Leftovers
|-heal|p2a: Gengar|100/100|[from] item: Leftovers
|upkeep
|turn|24
|
|t:|1730648016
|move|p1a: Gengar|Thunderbolt|p2a: Gengar
|-damage|p2a: Gengar|59/100
|move|p2a: Gengar|Thunderbolt|p1a: Gengar
|-damage|p1a: Gengar|11/100
|-status|p1a: Gengar|par
|
|-weather|Sandstorm|[upkeep]
|-damage|p2a: Gengar|53/100|[from] Sandstorm
|-damage|p1a: Gengar|5/100 par|[from] Sandstorm
|-heal|p2a: Gengar|59/100|[from] item: Leftovers
|-heal|p1a: Gengar|11/100 par|[from] item: Leftovers
|upkeep
|turn|25
|
|t:|1730648027
|move|p2a: Gengar|Thunderbolt|p1a: Gengar
|-damage|p1a: Gengar|0 fnt
|faint|p1a: Gengar
|
|t:|1730648029
|switch|p1a: Tyranitar|Tyranitar, F|69/100
|-damage|p1a: Tyranitar|45/100|[from] Spikes
|
|-weather|Sandstorm|[upkeep]
|-damage|p2a: Gengar|53/100|[from] Sandstorm
|-heal|p2a: Gengar|59/100|[from] item: Leftovers
|-heal|p1a: Tyranitar|51/100|[from] item: Leftovers
|upkeep
|turn|26
|
|t:|1730648037
|move|p2a: Gengar|Explosion|p1a: Tyranitar
|-resisted|p1a: Tyranitar
|-damage|p1a: Tyranitar|25/100
|faint|p2a: Gengar
|
|t:|1730648046
|switch|p2a: Swampert|Swampert, F|100/100
|-damage|p2a: Swampert|76/100|[from] Spikes
|
|-weather|Sandstorm|[upkeep]
|-heal|p1a: Tyranitar|31/100|[from] item: Leftovers
|-heal|p2a: Swampert|82/100|[from] item: Leftovers
|upkeep
|turn|27
|
|t:|1730648053
|move|p1a: Tyranitar|Earthquake|p2a: Swampert
|-damage|p2a: Swampert|55/100
|move|p2a: Swampert|Earthquake|p1a: Tyranitar
|-supereffective|p1a: Tyranitar
|-damage|p1a: Tyranitar|0 fnt
|faint|p1a: Tyranitar
|
|win|jerdgerd
|c|☆jerdgerd|gg
|c|☆MagsAndMiles|Good game!

</script>
<script type="application/json" class="data" id="replaydata-smogtours-gen3ou-804340">
{"id":"smogtours-gen3ou-804340","format":"[Gen 3] OU","players":["MagsAndMiles","jerdgerd"],"uploadtime":1730648053,"views":82,"formatid":"gen3ou","rating":null,"private":0,"password":null}
</script>

<script defer src="js/replays.js?9d40a366"></script>
