<!DOCTYPE html>
<meta charset="utf-8" />
<meta name="viewport" content="width=device-width" />

<title>[Gen 3] OU: xurkiyee vs. duckstroyer - Replays - Pok&eacute;mon Showdown!</title>

<meta name="description" content="Watch a replay of a Pok&eacute;mon battle between xurkiyee and duckstroyer! Format: [Gen 3] OU; Date: Oct 15, 2024" />
<!--

Hey, you! Looking in the source for the replay log?

You can find them in JSON format, just add `.json` at the end of a replay URL.

https://replay.pokemonshowdown.com/gen7randomdoublesbattle-865046831.json

Or, if you only need the log itself, add `.log` instead:

https://replay.pokemonshowdown.com/gen7randomdoublesbattle-865046831.log

-->

<link rel="stylesheet" href="//pokemonshowdown.com/style/global.css?0.023195364461161105" />
<link rel="stylesheet" href="//play.pokemonshowdown.com/style/font-awesome.css?0.13261647063804238" />
<link rel="stylesheet" href="//play.pokemonshowdown.com/style/battle.css?0.8753245789963631" />
<link rel="stylesheet" href="//play.pokemonshowdown.com/style/utilichart.css?0.8627959624976733" />

<!-- Global site tag (gtag.js) - Google Analytics -->
<script async src="https://www.googletagmanager.com/gtag/js?id=UA-26211653-1"></script>
<script>
  window.dataLayer = window.dataLayer || [];
  function gtag(){dataLayer.push(arguments);}
  gtag('js', new Date());

  gtag('config', 'UA-26211653-1');
</script>
<!-- End Google Analytics -->
<!-- Venatus Ad Manager - Install in <HEAD> of page -->
	<script src="https://hb.vntsm.com/v3/live/ad-manager.min.js" type="text/javascript" data-site-id="642aba63ec9a7b11c3c9c1be" data-mode="scan" async></script>
<!-- / Venatus Ad Manager -->

<style>
	@media (max-width:820px) {
		.battle {
			margin: 0 auto;
		}
		.battle-log {
			margin: 7px auto 0;
			max-width: 640px;
			height: 300px;
			position: static;
		}
	}
	.optgroup {
		display: inline-block;
		line-height: 22px;
		font-size: 10pt;
	}
	.optgroup .button {
		height: 25px;
		padding-top: 0;
		padding-bottom: 0;
	}
	.optgroup button.button {
		padding-left: 12px;
		padding-right: 12px;
	}
	.linklist {
		list-style: none;
		margin: 0.5em 0;
		padding: 0;
	}
	.linklist li {
		padding: 2px 0;
	}
	.sidebar {
		float: left;
		width: 320px;
	}
	.bar-wrapper {
		max-width: 1100px;
		margin: 0 auto;
	}
	.bar-wrapper.has-sidebar {
		max-width: 1430px;
	}
	.mainbar {
		margin: 0;
		padding-right: 1px;
	}
	.mainbar.has-sidebar {
		margin-left: 330px;
	}
	@media (min-width: 1511px) {
		.sidebar {
			width: 400px;
		}
		.bar-wrapper.has-sidebar {
			max-width: 1510px;
		}
		.mainbar.has-sidebar {
			margin-left: 410px;
		}
	}
	.section.first-section {
		margin-top: 9px;
	}
	.blocklink small {
		white-space: normal;
	}
	.button {
		vertical-align: middle;
	}
	.replay-controls {
		padding-top: 10px;
	}
	.replay-controls h1 {
		font-size: 16pt;
		font-weight: normal;
		color: #CCC;
	}
	.pagelink {
		text-align: center;
	}
	.pagelink a {
		width: 150px;
	}
	.textbox, .button {
		font-size: 11pt;
		vertical-align: middle;
	}
	@media (max-width: 450px) {
		.button {
			font-size: 9pt;
		}
	}
</style>

<div>

	<header>
		<div class="nav-wrapper"><ul class="nav">
			<li><a class="button nav-first" href="//pokemonshowdown.com/"><img src="//pokemonshowdown.com/images/pokemonshowdownbeta.png" srcset="//pokemonshowdown.com/images/pokemonshowdownbeta.png 1x, //pokemonshowdown.com/images/pokemonshowdownbeta@2x.png 2x" alt="Pok&eacute;mon Showdown" width="146" height="44" /> Home</a></li>
			<li><a class="button" href="//pokemonshowdown.com/dex/">Pok&eacute;dex</a></li>
			<li><a class="button cur" href="/">Replays</a></li>
			<li><a class="button" href="//pokemonshowdown.com/ladder/">Ladder</a></li>
			<li><a class="button nav-last" href="//pokemonshowdown.com/forums/">Forum</a></li>
			<li><a class="button greenbutton nav-first nav-last" href="//play.pokemonshowdown.com/">Play</a></li>
		</ul></div>
	</header>

	<div class="main" id="main">

		<noscript><section class="section">You need to enable JavaScript to use this page; sorry!</section></noscript>

	</div>

</div>

<script defer nomodule src="//play.pokemonshowdown.com/js/lib/ps-polyfill.js"></script>
<script defer src="//play.pokemonshowdown.com/js/lib/preact.min.js"></script>

<script defer src="//play.pokemonshowdown.com/config/config.js?2bddbc15"></script>
<script defer src="//play.pokemonshowdown.com/js/lib/jquery-1.11.0.min.js"></script>
<script defer src="//play.pokemonshowdown.com/js/lib/html-sanitizer-minified.js"></script>
<script defer src="//play.pokemonshowdown.com/js/battle-sound.js"></script>
<script defer src="//play.pokemonshowdown.com/js/battledata.js?0.7209276989879541"></script>
<script defer src="//play.pokemonshowdown.com/data/pokedex-mini.js?0.6111056340867951"></script>
<script defer src="//play.pokemonshowdown.com/data/pokedex-mini-bw.js?0.3532142036491459"></script>
<script defer src="//play.pokemonshowdown.com/data/graphics.js?0.24223875632456182"></script>
<script defer src="//play.pokemonshowdown.com/data/pokedex.js?0.38839984266356864"></script>
<script defer src="//play.pokemonshowdown.com/data/moves.js?0.21866028504024015"></script>
<script defer src="//play.pokemonshowdown.com/data/abilities.js?0.2005157953846628"></script>
<script defer src="//play.pokemonshowdown.com/data/items.js?0.9894211263848525"></script>
<script defer src="//play.pokemonshowdown.com/data/teambuilder-tables.js?0.6008791140282215"></script>
<script defer src="//play.pokemonshowdown.com/js/battle-tooltips.js?0.7580118955022959"></script>
<script defer src="//play.pokemonshowdown.com/js/battle.js?0.6057722274234274"></script>

<script defer src="js/utils.js?e31f9a17"></script>
<script defer src="js/replays-battle.js?7008c182"></script>

<!-- don't scrape this data! just add .json or .log after the URL!
Full API docs: https://github.com/smogon/pokemon-showdown-client/blob/master/WEB-API.md -->
<script type="text/plain" class="log" id="replaylog-smogtours-gen3ou-799022">
|inactive|Battle timer is ON: inactive players will automatically lose when time's up.
|t:|1729024332
|gametype|singles
|player|p1|xurkiyee|cheryl|
|player|p2|duckstroyer|wallace|
|teamsize|p1|6
|teamsize|p2|6
|gen|3
|tier|[Gen 3] OU
|rule|Sleep Clause Mod: Limit one foe put to sleep
|rule|Switch Priority Clause Mod: Faster Pokémon switch first
|rule|Species Clause: Limit one of each Pokémon
|rule|OHKO Clause: OHKO moves are banned
|rule|Evasion Items Clause: Evasion items are banned
|rule|Evasion Moves Clause: Evasion moves are banned
|rule|Endless Battle Clause: Forcing endless battles is banned
|rule|HP Percentage Mod: HP is shown in percentages
|rule|One Boost Passer Clause: Limit one Baton Passer that has a way to boost its stats
|rule|Freeze Clause Mod: Limit one foe frozen
|
|t:|1729024332
|start
|switch|p1a: Venusaur|Venusaur, F|100/100
|switch|p2a: Salamence|Salamence, F|100/100
|-ability|p2a: Salamence|Intimidate|boost
|-unboost|p1a: Venusaur|atk|1
|turn|1
|c|☆xurkiyee|hf
|c|☆duckstroyer|u2
|inactive|duckstroyer has 270 seconds left.
|
|t:|1729024372
|switch|p1a: Tyranitar|Tyranitar, F|100/100
|-weather|Sandstorm|[from] ability: Sand Stream|[of] p1a: Tyranitar
|move|p2a: Salamence|Fire Blast|p1a: Tyranitar
|-resisted|p1a: Tyranitar
|-damage|p1a: Tyranitar|81/100
|
|-weather|Sandstorm|[upkeep]
|-damage|p2a: Salamence|95/100|[from] Sandstorm
|-heal|p2a: Salamence|100/100|[from] item: Leftovers
|-heal|p1a: Tyranitar|87/100|[from] item: Leftovers
|upkeep
|turn|2
|inactive|xurkiyee has 270 seconds left.
|inactive|duckstroyer has 270 seconds left.
|
|t:|1729024428
|switch|p2a: Forretress|Forretress, F|100/100
|move|p1a: Tyranitar|Ice Beam|p2a: Forretress
|-resisted|p2a: Forretress
|-damage|p2a: Forretress|89/100
|
|-weather|Sandstorm|[upkeep]
|-heal|p1a: Tyranitar|93/100|[from] item: Leftovers
|-heal|p2a: Forretress|95/100|[from] item: Leftovers
|upkeep
|turn|3
|
|t:|1729024444
|switch|p1a: Venusaur|Venusaur, F|100/100
|move|p2a: Forretress|Spikes|p1a: Venusaur
|-sidestart|p1: xurkiyee|Spikes
|
|-weather|Sandstorm|[upkeep]
|-damage|p1a: Venusaur|94/100|[from] Sandstorm
|-heal|p1a: Venusaur|100/100|[from] item: Leftovers
|-heal|p2a: Forretress|100/100|[from] item: Leftovers
|upkeep
|turn|4
|
|t:|1729024454
|move|p1a: Venusaur|Sleep Powder|p2a: Forretress
|-status|p2a: Forretress|slp|[from] move: Sleep Powder
|cant|p2a: Forretress|slp
|
|-weather|Sandstorm|[upkeep]
|-damage|p1a: Venusaur|94/100|[from] Sandstorm
|-heal|p1a: Venusaur|100/100|[from] item: Leftovers
|upkeep
|turn|5
|
|t:|1729024463
|switch|p2a: Jirachi|Jirachi|100/100
|move|p1a: Venusaur|Leech Seed|p2a: Jirachi
|-start|p2a: Jirachi|move: Leech Seed
|
|-weather|Sandstorm|[upkeep]
|-damage|p1a: Venusaur|94/100|[from] Sandstorm
|-heal|p1a: Venusaur|100/100|[from] item: Leftovers
|-damage|p2a: Jirachi|88/100|[from] Leech Seed|[of] p1a: Venusaur
|upkeep
|turn|6
|
|t:|1729024472
|switch|p1a: Swampert|Swampert, M|100/100
|-damage|p1a: Swampert|88/100|[from] Spikes
|move|p2a: Jirachi|Fire Punch|p1a: Swampert
|-resisted|p1a: Swampert
|-damage|p1a: Swampert|80/100
|
|-weather|Sandstorm|[upkeep]
|-heal|p2a: Jirachi|94/100|[from] item: Leftovers
|-damage|p2a: Jirachi|82/100|[from] Leech Seed|[of] p1a: Swampert
|-heal|p1a: Swampert|92/100|[silent]
|-heal|p1a: Swampert|99/100|[from] item: Leftovers
|upkeep
|turn|7
|inactive|duckstroyer has 270 seconds left.
|
|t:|1729024488
|switch|p2a: Forretress|Forretress, F|100/100 slp
|switch|p1a: Tyranitar|Tyranitar, F|93/100
|-damage|p1a: Tyranitar|81/100|[from] Spikes
|
|-weather|Sandstorm|[upkeep]
|-heal|p1a: Tyranitar|87/100|[from] item: Leftovers
|upkeep
|turn|8
|
|t:|1729024497
|switch|p2a: Blissey|Blissey, F|100/100
|move|p1a: Tyranitar|Fire Blast|p2a: Blissey
|-damage|p2a: Blissey|88/100
|
|-weather|Sandstorm|[upkeep]
|-damage|p2a: Blissey|82/100|[from] Sandstorm
|-heal|p1a: Tyranitar|93/100|[from] item: Leftovers
|-heal|p2a: Blissey|88/100|[from] item: Leftovers
|upkeep
|turn|9
|inactive|duckstroyer has 270 seconds left.
|
|t:|1729024508
|switch|p1a: Forretress|Forretress, F|100/100
|-damage|p1a: Forretress|88/100|[from] Spikes
|move|p2a: Blissey|Thunder Wave|p1a: Forretress
|-status|p1a: Forretress|par
|
|-weather|Sandstorm|[upkeep]
|-damage|p2a: Blissey|82/100|[from] Sandstorm
|-heal|p2a: Blissey|88/100|[from] item: Leftovers
|-heal|p1a: Forretress|94/100 par|[from] item: Leftovers
|upkeep
|turn|10
|inactive|duckstroyer has 270 seconds left.
|inactive|xurkiyee has 270 seconds left.
|
|t:|1729024542
|switch|p2a: Salamence|Salamence, F|100/100
|-ability|p2a: Salamence|Intimidate|boost
|-unboost|p1a: Forretress|atk|1
|move|p1a: Forretress|Spikes|p2a: Salamence
|-sidestart|p2: duckstroyer|Spikes
|
|-weather|Sandstorm|[upkeep]
|-damage|p2a: Salamence|95/100|[from] Sandstorm
|-heal|p2a: Salamence|100/100|[from] item: Leftovers
|-heal|p1a: Forretress|100/100 par|[from] item: Leftovers
|upkeep
|turn|11
|inactive|duckstroyer has 270 seconds left.
|inactive|xurkiyee has 270 seconds left.
|
|t:|1729024557
|switch|p1a: Charizard|Charizard, F|100/100
|move|p2a: Salamence|Fire Blast|p1a: Charizard
|-resisted|p1a: Charizard
|-damage|p1a: Charizard|73/100
|
|-weather|Sandstorm|[upkeep]
|-damage|p1a: Charizard|67/100|[from] Sandstorm
|-damage|p2a: Salamence|95/100|[from] Sandstorm
|-heal|p1a: Charizard|73/100|[from] item: Leftovers
|-heal|p2a: Salamence|100/100|[from] item: Leftovers
|upkeep
|turn|12
|inactive|xurkiyee has 270 seconds left.
|inactive|duckstroyer has 270 seconds left.
|
|t:|1729024570
|move|p1a: Charizard|Fire Blast|p2a: Salamence
|-resisted|p2a: Salamence
|-damage|p2a: Salamence|62/100
|move|p2a: Salamence|Dragon Claw|p1a: Charizard
|-damage|p1a: Charizard|21/100
|
|-weather|Sandstorm|[upkeep]
|-damage|p1a: Charizard|15/100|[from] Sandstorm
|-damage|p2a: Salamence|56/100|[from] Sandstorm
|-heal|p1a: Charizard|21/100|[from] item: Leftovers
|-heal|p2a: Salamence|62/100|[from] item: Leftovers
|upkeep
|turn|13
|inactive|xurkiyee has 270 seconds left.
|inactive|duckstroyer has 270 seconds left.
|
|t:|1729024583
|move|p1a: Charizard|Fire Blast|p2a: Salamence
|-resisted|p2a: Salamence
|-damage|p2a: Salamence|3/100
|move|p2a: Salamence|Dragon Claw|p1a: Charizard
|-damage|p1a: Charizard|0 fnt
|faint|p1a: Charizard
|inactive|xurkiyee has 270 seconds left.
|
|t:|1729024593
|switch|p1a: Swampert|Swampert, M|99/100
|-damage|p1a: Swampert|86/100|[from] Spikes
|
|-weather|Sandstorm|[upkeep]
|-damage|p2a: Salamence|0 fnt|[from] Sandstorm
|faint|p2a: Salamence
|-heal|p1a: Swampert|92/100|[from] item: Leftovers
|upkeep
|inactive|duckstroyer has 270 seconds left.
|
|t:|1729024607
|switch|p2a: Blissey|Blissey, F|88/100
|-damage|p2a: Blissey|76/100|[from] Spikes
|turn|14
|
|t:|1729024611
|move|p1a: Swampert|Earthquake|p2a: Blissey
|-damage|p2a: Blissey|44/100
|move|p2a: Blissey|Counter|p1a: Swampert
|-damage|p1a: Swampert|0 fnt
|faint|p1a: Swampert
|
|t:|1729024623
|switch|p1a: Forretress|Forretress, F|100/100 par
|-damage|p1a: Forretress|88/100 par|[from] Spikes
|
|-weather|Sandstorm|[upkeep]
|-damage|p2a: Blissey|38/100|[from] Sandstorm
|-heal|p2a: Blissey|44/100|[from] item: Leftovers
|-heal|p1a: Forretress|94/100 par|[from] item: Leftovers
|upkeep
|turn|15
|
|t:|1729024632
|move|p2a: Blissey|Soft-Boiled|p2a: Blissey
|-heal|p2a: Blissey|94/100
|move|p1a: Forretress|Spikes|p2a: Blissey
|-sidestart|p2: duckstroyer|Spikes
|
|-weather|Sandstorm|[upkeep]
|-damage|p2a: Blissey|88/100|[from] Sandstorm
|-heal|p2a: Blissey|94/100|[from] item: Leftovers
|-heal|p1a: Forretress|100/100 par|[from] item: Leftovers
|upkeep
|turn|16
|
|t:|1729024643
|switch|p2a: Forretress|Forretress, F|100/100 slp
|-damage|p2a: Forretress|84/100 slp|[from] Spikes
|cant|p1a: Forretress|par
|
|-weather|Sandstorm|[upkeep]
|-heal|p2a: Forretress|90/100 slp|[from] item: Leftovers
|upkeep
|turn|17
|
|t:|1729024646
|switch|p1a: Tyranitar|Tyranitar, F|93/100
|-damage|p1a: Tyranitar|81/100|[from] Spikes
|cant|p2a: Forretress|slp
|
|-weather|Sandstorm|[upkeep]
|-heal|p1a: Tyranitar|87/100|[from] item: Leftovers
|-heal|p2a: Forretress|96/100 slp|[from] item: Leftovers
|upkeep
|turn|18
|
|t:|1729024655
|move|p1a: Tyranitar|Pursuit|p2a: Forretress
|-resisted|p2a: Forretress
|-damage|p2a: Forretress|89/100 slp
|cant|p2a: Forretress|slp
|
|-weather|Sandstorm|[upkeep]
|-heal|p1a: Tyranitar|93/100|[from] item: Leftovers
|-heal|p2a: Forretress|95/100 slp|[from] item: Leftovers
|upkeep
|turn|19
|
|t:|1729024663
|switch|p2a: Blissey|Blissey, F|94/100
|-damage|p2a: Blissey|77/100|[from] Spikes
|move|p1a: Tyranitar|Fire Blast|p2a: Blissey
|-damage|p2a: Blissey|64/100
|
|-weather|Sandstorm|[upkeep]
|-damage|p2a: Blissey|58/100|[from] Sandstorm
|-heal|p1a: Tyranitar|99/100|[from] item: Leftovers
|-heal|p2a: Blissey|64/100|[from] item: Leftovers
|upkeep
|turn|20
|
|t:|1729024676
|switch|p1a: Venusaur|Venusaur, F|100/100
|-damage|p1a: Venusaur|88/100|[from] Spikes
|move|p2a: Blissey|Seismic Toss|p1a: Venusaur
|-damage|p1a: Venusaur|61/100
|
|-weather|Sandstorm|[upkeep]
|-damage|p1a: Venusaur|55/100|[from] Sandstorm
|-damage|p2a: Blissey|58/100|[from] Sandstorm
|-heal|p1a: Venusaur|61/100|[from] item: Leftovers
|-heal|p2a: Blissey|64/100|[from] item: Leftovers
|upkeep
|turn|21
|
|t:|1729024686
|switch|p1a: Forretress|Forretress, F|100/100 par
|-damage|p1a: Forretress|88/100 par|[from] Spikes
|move|p2a: Blissey|Thunder Wave|p1a: Forretress
|-fail|p1a: Forretress|par
|
|-weather|Sandstorm|[upkeep]
|-damage|p2a: Blissey|58/100|[from] Sandstorm
|-heal|p2a: Blissey|64/100|[from] item: Leftovers
|-heal|p1a: Forretress|94/100 par|[from] item: Leftovers
|upkeep
|turn|22
|
|t:|1729024696
|switch|p1a: Tyranitar|Tyranitar, F|99/100
|-damage|p1a: Tyranitar|87/100|[from] Spikes
|move|p2a: Blissey|Seismic Toss|p1a: Tyranitar
|-damage|p1a: Tyranitar|58/100
|
|-weather|Sandstorm|[upkeep]
|-damage|p2a: Blissey|58/100|[from] Sandstorm
|-heal|p1a: Tyranitar|64/100|[from] item: Leftovers
|-heal|p2a: Blissey|64/100|[from] item: Leftovers
|upkeep
|turn|23
|
|t:|1729024706
|switch|p1a: Forretress|Forretress, F|94/100 par
|-damage|p1a: Forretress|82/100 par|[from] Spikes
|move|p2a: Blissey|Soft-Boiled|p2a: Blissey
|-heal|p2a: Blissey|100/100
|
|-weather|Sandstorm|[upkeep]
|-damage|p2a: Blissey|94/100|[from] Sandstorm
|-heal|p2a: Blissey|100/100|[from] item: Leftovers
|-heal|p1a: Forretress|88/100 par|[from] item: Leftovers
|upkeep
|turn|24
|
|t:|1729024716
|move|p2a: Blissey|Seismic Toss|p1a: Forretress
|-damage|p1a: Forretress|60/100 par
|move|p1a: Forretress|Spikes|p2a: Blissey
|-sidestart|p2: duckstroyer|Spikes
|
|-weather|Sandstorm|[upkeep]
|-damage|p2a: Blissey|94/100|[from] Sandstorm
|-heal|p2a: Blissey|100/100|[from] item: Leftovers
|-heal|p1a: Forretress|66/100 par|[from] item: Leftovers
|upkeep
|turn|25
|
|t:|1729024727
|move|p2a: Blissey|Seismic Toss|p1a: Forretress
|-damage|p1a: Forretress|38/100 par
|move|p1a: Forretress|Rapid Spin|p2a: Blissey
|-damage|p2a: Blissey|97/100
|-sideend|p1: xurkiyee|Spikes|[from] move: Rapid Spin|[of] p1a: Forretress
|
|-weather|Sandstorm|[upkeep]
|-damage|p2a: Blissey|91/100|[from] Sandstorm
|-heal|p2a: Blissey|97/100|[from] item: Leftovers
|-heal|p1a: Forretress|44/100 par|[from] item: Leftovers
|upkeep
|turn|26
|
|t:|1729024741
|switch|p1a: Tyranitar|Tyranitar, F|64/100
|move|p2a: Blissey|Seismic Toss|p1a: Tyranitar
|-damage|p1a: Tyranitar|35/100
|
|-weather|Sandstorm|[upkeep]
|-damage|p2a: Blissey|91/100|[from] Sandstorm
|-heal|p1a: Tyranitar|41/100|[from] item: Leftovers
|-heal|p2a: Blissey|97/100|[from] item: Leftovers
|upkeep
|turn|27
|
|t:|1729024751
|switch|p1a: Venusaur|Venusaur, F|61/100
|move|p2a: Blissey|Seismic Toss|p1a: Venusaur
|-damage|p1a: Venusaur|33/100
|
|-weather|Sandstorm|[upkeep]
|-damage|p1a: Venusaur|27/100|[from] Sandstorm
|-damage|p2a: Blissey|91/100|[from] Sandstorm
|-heal|p1a: Venusaur|33/100|[from] item: Leftovers
|-heal|p2a: Blissey|97/100|[from] item: Leftovers
|upkeep
|turn|28
|
|t:|1729024760
|move|p1a: Venusaur|Leech Seed|p2a: Blissey
|-start|p2a: Blissey|move: Leech Seed
|move|p2a: Blissey|Thunder Wave|p1a: Venusaur
|-status|p1a: Venusaur|par
|
|-weather|Sandstorm|[upkeep]
|-damage|p2a: Blissey|91/100|[from] Sandstorm
|-damage|p1a: Venusaur|27/100 par|[from] Sandstorm
|-heal|p2a: Blissey|97/100|[from] item: Leftovers
|-damage|p2a: Blissey|85/100|[from] Leech Seed|[of] p1a: Venusaur
|-heal|p1a: Venusaur|52/100 par|[silent]
|-heal|p1a: Venusaur|58/100 par|[from] item: Leftovers
|upkeep
|turn|29
|
|t:|1729024772
|move|p2a: Blissey|Counter|p1a: Venusaur
|move|p1a: Venusaur|Roar|p2a: Blissey
|drag|p2a: Jirachi|Jirachi|82/100
|-damage|p2a: Jirachi|57/100|[from] Spikes
|
|-weather|Sandstorm|[upkeep]
|-damage|p1a: Venusaur|52/100 par|[from] Sandstorm
|-heal|p2a: Jirachi|63/100|[from] item: Leftovers
|-heal|p1a: Venusaur|58/100 par|[from] item: Leftovers
|upkeep
|turn|30
|
|t:|1729024777
|move|p2a: Jirachi|Fire Punch|p1a: Venusaur
|-supereffective|p1a: Venusaur
|-damage|p1a: Venusaur|23/100 par
|cant|p1a: Venusaur|par
|
|-weather|Sandstorm|[upkeep]
|-damage|p1a: Venusaur|17/100 par|[from] Sandstorm
|-heal|p2a: Jirachi|69/100|[from] item: Leftovers
|-heal|p1a: Venusaur|23/100 par|[from] item: Leftovers
|upkeep
|turn|31
|
|t:|1729024789
|switch|p1a: Tyranitar|Tyranitar, F|41/100
|move|p2a: Jirachi|Fire Punch|p1a: Tyranitar
|-resisted|p1a: Tyranitar
|-damage|p1a: Tyranitar|32/100
|
|-weather|Sandstorm|[upkeep]
|-heal|p2a: Jirachi|75/100|[from] item: Leftovers
|-heal|p1a: Tyranitar|38/100|[from] item: Leftovers
|upkeep
|turn|32
|
|t:|1729024800
|move|p2a: Jirachi|Toxic|p1a: Tyranitar|[miss]
|-miss|p2a: Jirachi|p1a: Tyranitar
|move|p1a: Tyranitar|Pursuit|p2a: Jirachi
|-damage|p2a: Jirachi|61/100
|
|-weather|Sandstorm|[upkeep]
|-heal|p2a: Jirachi|67/100|[from] item: Leftovers
|-heal|p1a: Tyranitar|44/100|[from] item: Leftovers
|upkeep
|turn|33
|
|t:|1729024804
|move|p2a: Jirachi|Toxic|p1a: Tyranitar
|-status|p1a: Tyranitar|tox
|move|p1a: Tyranitar|Fire Blast|p2a: Jirachi
|-supereffective|p2a: Jirachi
|-crit|p2a: Jirachi
|-damage|p2a: Jirachi|0 fnt
|faint|p2a: Jirachi
|c|☆xurkiyee|mb
|
|t:|1729024814
|switch|p2a: Aerodactyl|Aerodactyl, F|100/100
|
|-weather|Sandstorm|[upkeep]
|-heal|p1a: Tyranitar|50/100 tox|[from] item: Leftovers
|-damage|p1a: Tyranitar|44/100 tox|[from] psn
|upkeep
|turn|34
|
|t:|1729024821
|move|p2a: Aerodactyl|Earthquake|p1a: Tyranitar
|-supereffective|p1a: Tyranitar
|-crit|p1a: Tyranitar
|-damage|p1a: Tyranitar|0 fnt
|faint|p1a: Tyranitar
|
|t:|1729024823
|switch|p1a: Zapdos|Zapdos|100/100
|
|-weather|Sandstorm|[upkeep]
|-damage|p1a: Zapdos|94/100|[from] Sandstorm
|-heal|p1a: Zapdos|100/100|[from] item: Leftovers
|upkeep
|turn|35
|
|t:|1729024828
|switch|p2a: Blissey|Blissey, F|85/100
|-damage|p2a: Blissey|60/100|[from] Spikes
|move|p1a: Zapdos|Drill Peck|p2a: Blissey
|-damage|p2a: Blissey|36/100
|
|-weather|Sandstorm|[upkeep]
|-damage|p1a: Zapdos|94/100|[from] Sandstorm
|-damage|p2a: Blissey|30/100|[from] Sandstorm
|-heal|p1a: Zapdos|100/100|[from] item: Leftovers
|-heal|p2a: Blissey|36/100|[from] item: Leftovers
|upkeep
|turn|36
|
|t:|1729024838
|switch|p1a: Forretress|Forretress, F|44/100 par
|move|p2a: Blissey|Soft-Boiled|p2a: Blissey
|-heal|p2a: Blissey|86/100
|
|-weather|Sandstorm|[upkeep]
|-damage|p2a: Blissey|80/100|[from] Sandstorm
|-heal|p2a: Blissey|86/100|[from] item: Leftovers
|-heal|p1a: Forretress|50/100 par|[from] item: Leftovers
|upkeep
|turn|37
|
|t:|1729024849
|switch|p2a: Forretress|Forretress, F|95/100 slp
|-damage|p2a: Forretress|70/100 slp|[from] Spikes
|move|p1a: Forretress|Explosion|p2a: Forretress
|-resisted|p2a: Forretress
|-damage|p2a: Forretress|33/100 slp
|faint|p1a: Forretress
|
|t:|1729024853
|switch|p1a: Zapdos|Zapdos|100/100
|
|-weather|Sandstorm|[upkeep]
|-damage|p1a: Zapdos|94/100|[from] Sandstorm
|-heal|p1a: Zapdos|100/100|[from] item: Leftovers
|-heal|p2a: Forretress|39/100 slp|[from] item: Leftovers
|upkeep
|turn|38
|
|t:|1729024861
|switch|p2a: Blissey|Blissey, F|86/100
|-damage|p2a: Blissey|61/100|[from] Spikes
|move|p1a: Zapdos|Thunderbolt|p2a: Blissey
|-damage|p2a: Blissey|43/100
|
|-weather|Sandstorm|[upkeep]
|-damage|p1a: Zapdos|94/100|[from] Sandstorm
|-damage|p2a: Blissey|37/100|[from] Sandstorm
|-heal|p1a: Zapdos|100/100|[from] item: Leftovers
|-heal|p2a: Blissey|43/100|[from] item: Leftovers
|upkeep
|turn|39
|
|t:|1729024864
|move|p1a: Zapdos|Drill Peck|p2a: Blissey
|-damage|p2a: Blissey|17/100
|move|p2a: Blissey|Soft-Boiled|p2a: Blissey
|-heal|p2a: Blissey|67/100
|
|-weather|Sandstorm|[upkeep]
|-damage|p1a: Zapdos|94/100|[from] Sandstorm
|-damage|p2a: Blissey|61/100|[from] Sandstorm
|-heal|p1a: Zapdos|100/100|[from] item: Leftovers
|-heal|p2a: Blissey|67/100|[from] item: Leftovers
|upkeep
|turn|40
|c|☆xurkiyee|ggs
|
|t:|1729024873
|move|p1a: Zapdos|Drill Peck|p2a: Blissey
|-damage|p2a: Blissey|43/100
|move|p2a: Blissey|Soft-Boiled|p2a: Blissey
|-heal|p2a: Blissey|93/100
|
|-weather|Sandstorm|[upkeep]
|-damage|p1a: Zapdos|94/100|[from] Sandstorm
|-damage|p2a: Blissey|87/100|[from] Sandstorm
|-heal|p1a: Zapdos|100/100|[from] item: Leftovers
|-heal|p2a: Blissey|93/100|[from] item: Leftovers
|upkeep
|turn|41
|c|☆duckstroyer|gg
|-message|xurkiyee forfeited.
|
|win|duckstroyer

</script>
<script type="application/json" class="data" id="replaydata-smogtours-gen3ou-799022">
{"id":"smogtours-gen3ou-799022","format":"[Gen 3] OU","players":["xurkiyee","duckstroyer"],"uploadtime":1729024876,"views":106,"formatid":"gen3ou","rating":null,"private":0,"password":null}
</script>

<script defer src="js/replays.js?9d40a366"></script>
