<!DOCTYPE html>
<meta charset="utf-8" />
<meta name="viewport" content="width=device-width" />

<title>[Gen 3] OU: Hummusfan vs. Halbert Simpson - Replays - Pok&eacute;mon Showdown!</title>

<meta name="description" content="Watch a replay of a Pok&eacute;mon battle between Hummusfan and Halbert Simpson! Format: [Gen 3] OU; Date: Oct 16, 2024" />
<!--

Hey, you! Looking in the source for the replay log?

You can find them in JSON format, just add `.json` at the end of a replay URL.

https://replay.pokemonshowdown.com/gen7randomdoublesbattle-865046831.json

Or, if you only need the log itself, add `.log` instead:

https://replay.pokemonshowdown.com/gen7randomdoublesbattle-865046831.log

-->

<link rel="stylesheet" href="//pokemonshowdown.com/style/global.css?0.023195364461161105" />
<link rel="stylesheet" href="//play.pokemonshowdown.com/style/font-awesome.css?0.13261647063804238" />
<link rel="stylesheet" href="//play.pokemonshowdown.com/style/battle.css?0.8753245789963631" />
<link rel="stylesheet" href="//play.pokemonshowdown.com/style/utilichart.css?0.8627959624976733" />

<!-- Global site tag (gtag.js) - Google Analytics -->
<script async src="https://www.googletagmanager.com/gtag/js?id=UA-26211653-1"></script>
<script>
  window.dataLayer = window.dataLayer || [];
  function gtag(){dataLayer.push(arguments);}
  gtag('js', new Date());

  gtag('config', 'UA-26211653-1');
</script>
<!-- End Google Analytics -->
<!-- Venatus Ad Manager - Install in <HEAD> of page -->
	<script src="https://hb.vntsm.com/v3/live/ad-manager.min.js" type="text/javascript" data-site-id="642aba63ec9a7b11c3c9c1be" data-mode="scan" async></script>
<!-- / Venatus Ad Manager -->

<style>
	@media (max-width:820px) {
		.battle {
			margin: 0 auto;
		}
		.battle-log {
			margin: 7px auto 0;
			max-width: 640px;
			height: 300px;
			position: static;
		}
	}
	.optgroup {
		display: inline-block;
		line-height: 22px;
		font-size: 10pt;
	}
	.optgroup .button {
		height: 25px;
		padding-top: 0;
		padding-bottom: 0;
	}
	.optgroup button.button {
		padding-left: 12px;
		padding-right: 12px;
	}
	.linklist {
		list-style: none;
		margin: 0.5em 0;
		padding: 0;
	}
	.linklist li {
		padding: 2px 0;
	}
	.sidebar {
		float: left;
		width: 320px;
	}
	.bar-wrapper {
		max-width: 1100px;
		margin: 0 auto;
	}
	.bar-wrapper.has-sidebar {
		max-width: 1430px;
	}
	.mainbar {
		margin: 0;
		padding-right: 1px;
	}
	.mainbar.has-sidebar {
		margin-left: 330px;
	}
	@media (min-width: 1511px) {
		.sidebar {
			width: 400px;
		}
		.bar-wrapper.has-sidebar {
			max-width: 1510px;
		}
		.mainbar.has-sidebar {
			margin-left: 410px;
		}
	}
	.section.first-section {
		margin-top: 9px;
	}
	.blocklink small {
		white-space: normal;
	}
	.button {
		vertical-align: middle;
	}
	.replay-controls {
		padding-top: 10px;
	}
	.replay-controls h1 {
		font-size: 16pt;
		font-weight: normal;
		color: #CCC;
	}
	.pagelink {
		text-align: center;
	}
	.pagelink a {
		width: 150px;
	}
	.textbox, .button {
		font-size: 11pt;
		vertical-align: middle;
	}
	@media (max-width: 450px) {
		.button {
			font-size: 9pt;
		}
	}
</style>

<div>

	<header>
		<div class="nav-wrapper"><ul class="nav">
			<li><a class="button nav-first" href="//pokemonshowdown.com/"><img src="//pokemonshowdown.com/images/pokemonshowdownbeta.png" srcset="//pokemonshowdown.com/images/pokemonshowdownbeta.png 1x, //pokemonshowdown.com/images/pokemonshowdownbeta@2x.png 2x" alt="Pok&eacute;mon Showdown" width="146" height="44" /> Home</a></li>
			<li><a class="button" href="//pokemonshowdown.com/dex/">Pok&eacute;dex</a></li>
			<li><a class="button cur" href="/">Replays</a></li>
			<li><a class="button" href="//pokemonshowdown.com/ladder/">Ladder</a></li>
			<li><a class="button nav-last" href="//pokemonshowdown.com/forums/">Forum</a></li>
			<li><a class="button greenbutton nav-first nav-last" href="//play.pokemonshowdown.com/">Play</a></li>
		</ul></div>
	</header>

	<div class="main" id="main">

		<noscript><section class="section">You need to enable JavaScript to use this page; sorry!</section></noscript>

	</div>

</div>

<script defer nomodule src="//play.pokemonshowdown.com/js/lib/ps-polyfill.js"></script>
<script defer src="//play.pokemonshowdown.com/js/lib/preact.min.js"></script>

<script defer src="//play.pokemonshowdown.com/config/config.js?2bddbc15"></script>
<script defer src="//play.pokemonshowdown.com/js/lib/jquery-1.11.0.min.js"></script>
<script defer src="//play.pokemonshowdown.com/js/lib/html-sanitizer-minified.js"></script>
<script defer src="//play.pokemonshowdown.com/js/battle-sound.js"></script>
<script defer src="//play.pokemonshowdown.com/js/battledata.js?0.7209276989879541"></script>
<script defer src="//play.pokemonshowdown.com/data/pokedex-mini.js?0.6111056340867951"></script>
<script defer src="//play.pokemonshowdown.com/data/pokedex-mini-bw.js?0.3532142036491459"></script>
<script defer src="//play.pokemonshowdown.com/data/graphics.js?0.24223875632456182"></script>
<script defer src="//play.pokemonshowdown.com/data/pokedex.js?0.38839984266356864"></script>
<script defer src="//play.pokemonshowdown.com/data/moves.js?0.21866028504024015"></script>
<script defer src="//play.pokemonshowdown.com/data/abilities.js?0.2005157953846628"></script>
<script defer src="//play.pokemonshowdown.com/data/items.js?0.9894211263848525"></script>
<script defer src="//play.pokemonshowdown.com/data/teambuilder-tables.js?0.6008791140282215"></script>
<script defer src="//play.pokemonshowdown.com/js/battle-tooltips.js?0.7580118955022959"></script>
<script defer src="//play.pokemonshowdown.com/js/battle.js?0.6057722274234274"></script>

<script defer src="js/utils.js?e31f9a17"></script>
<script defer src="js/replays-battle.js?7008c182"></script>

<!-- don't scrape this data! just add .json or .log after the URL!
Full API docs: https://github.com/smogon/pokemon-showdown-client/blob/master/WEB-API.md -->
<script type="text/plain" class="log" id="replaylog-smogtours-gen3ou-799146">
|inactive|Battle timer is ON: inactive players will automatically lose when time's up.
|t:|1729107922
|gametype|singles
|player|p1|Hummusfan|chuck|
|player|p2|Halbert Simpson|bugcatcher-gen4dp|
|teamsize|p1|6
|teamsize|p2|6
|gen|3
|tier|[Gen 3] OU
|rule|Sleep Clause Mod: Limit one foe put to sleep
|rule|Switch Priority Clause Mod: Faster Pokémon switch first
|rule|Species Clause: Limit one of each Pokémon
|rule|OHKO Clause: OHKO moves are banned
|rule|Evasion Items Clause: Evasion items are banned
|rule|Evasion Moves Clause: Evasion moves are banned
|rule|Endless Battle Clause: Forcing endless battles is banned
|rule|HP Percentage Mod: HP is shown in percentages
|rule|One Boost Passer Clause: Limit one Baton Passer that has a way to boost its stats
|rule|Freeze Clause Mod: Limit one foe frozen
|
|t:|1729107922
|start
|switch|p1a: Salamence|Salamence, F|100/100
|switch|p2a: Love's In Need|Salamence, M|100/100
|-ability|p1a: Salamence|Intimidate|boost
|-unboost|p2a: Love's In Need|atk|1
|-ability|p2a: Love's In Need|Intimidate|boost
|-unboost|p1a: Salamence|atk|1
|turn|1
|c|☆Hummusfan|gl hf
|c|☆Halbert Simpson|You too.
|inactive|Hummusfan has 270 seconds left.
|
|t:|1729107971
|switch|p2a: Ngiculela|Tyranitar, F|100/100
|-weather|Sandstorm|[from] ability: Sand Stream|[of] p2a: Ngiculela
|move|p1a: Salamence|Rock Slide|p2a: Ngiculela
|-damage|p2a: Ngiculela|81/100
|
|-weather|Sandstorm|[upkeep]
|-damage|p1a: Salamence|94/100|[from] Sandstorm
|-heal|p2a: Ngiculela|87/100|[from] item: Leftovers
|upkeep
|turn|2
|inactive|Hummusfan has 270 seconds left.
|inactive|Hummusfan has 240 seconds left.
|
|t:|1729108047
|switch|p1a: Suicune|Suicune|100/100
|switch|p2a: Love's In Need|Salamence, M|100/100
|-ability|p2a: Love's In Need|Intimidate|boost
|-unboost|p1a: Suicune|atk|1
|
|-weather|Sandstorm|[upkeep]
|-damage|p2a: Love's In Need|94/100|[from] Sandstorm
|-damage|p1a: Suicune|94/100|[from] Sandstorm
|-heal|p2a: Love's In Need|100/100|[from] item: Leftovers
|-heal|p1a: Suicune|100/100|[from] item: Leftovers
|upkeep
|turn|3
|inactive|Halbert Simpson has 270 seconds left.
|
|t:|1729108074
|switch|p2a: I Wish|Jirachi|100/100
|move|p1a: Suicune|Calm Mind|p1a: Suicune
|-boost|p1a: Suicune|spa|1
|-boost|p1a: Suicune|spd|1
|
|-weather|Sandstorm|[upkeep]
|-damage|p1a: Suicune|94/100|[from] Sandstorm
|-heal|p1a: Suicune|100/100|[from] item: Leftovers
|upkeep
|turn|4
|inactive|Halbert Simpson has 270 seconds left.
|inactive|Hummusfan has 210 seconds left.
|
|t:|1729108103
|move|p2a: I Wish|Body Slam|p1a: Suicune
|-damage|p1a: Suicune|90/100
|-status|p1a: Suicune|par
|move|p1a: Suicune|Calm Mind|p1a: Suicune
|-boost|p1a: Suicune|spa|1
|-boost|p1a: Suicune|spd|1
|
|-weather|Sandstorm|[upkeep]
|-damage|p1a: Suicune|84/100 par|[from] Sandstorm
|-heal|p1a: Suicune|90/100 par|[from] item: Leftovers
|upkeep
|turn|5
|
|t:|1729108112
|switch|p2a: KnocksMeOffMyFeet|Hariyama, F|100/100
|move|p1a: Suicune|Surf|p2a: KnocksMeOffMyFeet
|-damage|p2a: KnocksMeOffMyFeet|42/100
|
|-weather|Sandstorm|[upkeep]
|-damage|p2a: KnocksMeOffMyFeet|35/100|[from] Sandstorm
|-damage|p1a: Suicune|84/100 par|[from] Sandstorm
|-heal|p2a: KnocksMeOffMyFeet|42/100|[from] item: Leftovers
|-heal|p1a: Suicune|90/100 par|[from] item: Leftovers
|upkeep
|turn|6
|inactive|Halbert Simpson has 270 seconds left.
|
|t:|1729108135
|move|p2a: KnocksMeOffMyFeet|Rock Slide|p1a: Suicune
|-damage|p1a: Suicune|75/100 par
|cant|p1a: Suicune|flinch
|
|-weather|Sandstorm|[upkeep]
|-damage|p2a: KnocksMeOffMyFeet|35/100|[from] Sandstorm
|-damage|p1a: Suicune|68/100 par|[from] Sandstorm
|-heal|p2a: KnocksMeOffMyFeet|42/100|[from] item: Leftovers
|-heal|p1a: Suicune|75/100 par|[from] item: Leftovers
|upkeep
|turn|7
|inactive|Halbert Simpson has 270 seconds left.
|
|t:|1729108143
|move|p2a: KnocksMeOffMyFeet|Knock Off|p1a: Suicune
|-damage|p1a: Suicune|74/100 par
|-enditem|p1a: Suicune|Leftovers|[from] move: Knock Off|[of] p2a: KnocksMeOffMyFeet
|-hint|In Gens 3-4, Knock Off only makes the target's item unusable; it cannot obtain a new item.
|move|p1a: Suicune|Surf|p2a: KnocksMeOffMyFeet
|-damage|p2a: KnocksMeOffMyFeet|0 fnt
|faint|p2a: KnocksMeOffMyFeet
|inactive|Halbert Simpson has 270 seconds left.
|
|t:|1729108149
|switch|p2a: Contusion|Metagross|100/100
|
|-weather|Sandstorm|[upkeep]
|-damage|p1a: Suicune|67/100 par|[from] Sandstorm
|upkeep
|turn|8
|inactive|Hummusfan has 240 seconds left.
|
|t:|1729108157
|move|p2a: Contusion|Rock Slide|p1a: Suicune
|-damage|p1a: Suicune|52/100 par
|move|p1a: Suicune|Surf|p2a: Contusion
|-damage|p2a: Contusion|45/100
|
|-weather|Sandstorm|[upkeep]
|-damage|p1a: Suicune|46/100 par|[from] Sandstorm
|-heal|p2a: Contusion|51/100|[from] item: Leftovers
|upkeep
|turn|9
|
|t:|1729108166
|move|p2a: Contusion|Protect|p2a: Contusion
|-singleturn|p2a: Contusion|Protect
|move|p1a: Suicune|Surf|p2a: Contusion
|-activate|p2a: Contusion|Protect
|
|-weather|Sandstorm|[upkeep]
|-damage|p1a: Suicune|40/100 par|[from] Sandstorm
|-heal|p2a: Contusion|58/100|[from] item: Leftovers
|upkeep
|turn|10
|
|t:|1729108171
|move|p2a: Contusion|Rock Slide|p1a: Suicune
|-damage|p1a: Suicune|23/100 par
|cant|p1a: Suicune|flinch
|
|-weather|Sandstorm|[upkeep]
|-damage|p1a: Suicune|17/100 par|[from] Sandstorm
|-heal|p2a: Contusion|64/100|[from] item: Leftovers
|upkeep
|turn|11
|
|t:|1729108180
|switch|p1a: Jirachi|Jirachi|100/100
|move|p2a: Contusion|Earthquake|p1a: Jirachi
|-supereffective|p1a: Jirachi
|-crit|p1a: Jirachi
|-damage|p1a: Jirachi|0 fnt
|faint|p1a: Jirachi
|
|t:|1729108196
|switch|p1a: Claydol|Claydol|100/100
|
|-weather|Sandstorm|[upkeep]
|-heal|p2a: Contusion|70/100|[from] item: Leftovers
|upkeep
|turn|12
|
|t:|1729108216
|switch|p1a: Poliwrath|Poliwrath, F|100/100
|switch|p2a: Love's In Need|Salamence, M|100/100
|-ability|p2a: Love's In Need|Intimidate|boost
|-unboost|p1a: Poliwrath|atk|1
|
|-weather|Sandstorm|[upkeep]
|-damage|p2a: Love's In Need|94/100|[from] Sandstorm
|-damage|p1a: Poliwrath|94/100|[from] Sandstorm
|-heal|p2a: Love's In Need|100/100|[from] item: Leftovers
|-heal|p1a: Poliwrath|100/100|[from] item: Leftovers
|upkeep
|turn|13
|
|t:|1729108228
|switch|p1a: Salamence|Salamence, F|94/100
|-ability|p1a: Salamence|Intimidate|boost
|-unboost|p2a: Love's In Need|atk|1
|move|p2a: Love's In Need|Aerial Ace|p1a: Salamence
|-damage|p1a: Salamence|68/100
|
|-weather|Sandstorm|[upkeep]
|-damage|p1a: Salamence|62/100|[from] Sandstorm
|-damage|p2a: Love's In Need|94/100|[from] Sandstorm
|-heal|p2a: Love's In Need|100/100|[from] item: Leftovers
|upkeep
|turn|14
|
|t:|1729108243
|switch|p2a: I Wish|Jirachi|100/100
|move|p1a: Salamence|Rock Slide|p2a: I Wish
|-resisted|p2a: I Wish
|-damage|p2a: I Wish|87/100
|
|-weather|Sandstorm|[upkeep]
|-damage|p1a: Salamence|56/100|[from] Sandstorm
|-heal|p2a: I Wish|93/100|[from] item: Leftovers
|upkeep
|turn|15
|
|t:|1729108254
|switch|p1a: Blissey|Blissey, F|100/100
|move|p2a: I Wish|Wish|p2a: I Wish
|
|-weather|Sandstorm|[upkeep]
|-damage|p1a: Blissey|94/100|[from] Sandstorm
|-heal|p2a: I Wish|99/100|[from] item: Leftovers
|-heal|p1a: Blissey|100/100|[from] item: Leftovers
|upkeep
|turn|16
|
|t:|1729108264
|move|p2a: I Wish|Body Slam|p1a: Blissey
|-damage|p1a: Blissey|80/100
|-status|p1a: Blissey|par
|move|p1a: Blissey|Aromatherapy|p1a: Blissey
|-cureteam|p1a: Blissey|[from] move: Aromatherapy
|
|-heal|p2a: I Wish|100/100|[from] move: Wish|[wisher] I Wish
|-weather|Sandstorm|[upkeep]
|-damage|p1a: Blissey|74/100|[from] Sandstorm
|-heal|p1a: Blissey|80/100|[from] item: Leftovers
|upkeep
|turn|17
|inactive|Halbert Simpson has 270 seconds left.
|
|t:|1729108295
|switch|p2a: Black Man|Charizard, M, shiny|100/100
|move|p1a: Blissey|Thunderbolt|p2a: Black Man
|-supereffective|p2a: Black Man
|-damage|p2a: Black Man|29/100
|
|-weather|Sandstorm|[upkeep]
|-damage|p2a: Black Man|23/100|[from] Sandstorm
|-damage|p1a: Blissey|74/100|[from] Sandstorm
|-heal|p2a: Black Man|29/100|[from] item: Leftovers
|-heal|p1a: Blissey|80/100|[from] item: Leftovers
|upkeep
|turn|18
|inactive|Hummusfan has 240 seconds left.
|inactive|Halbert Simpson has 270 seconds left.
|
|t:|1729108339
|switch|p2a: I Wish|Jirachi|100/100
|switch|p1a: Salamence|Salamence, F|56/100
|-ability|p1a: Salamence|Intimidate|boost
|-unboost|p2a: I Wish|atk|1
|
|-weather|Sandstorm|[upkeep]
|-damage|p1a: Salamence|50/100|[from] Sandstorm
|upkeep
|turn|19
|inactive|Hummusfan has 240 seconds left.
|
|t:|1729108350
|switch|p2a: Love's In Need|Salamence, M|100/100
|-ability|p2a: Love's In Need|Intimidate|boost
|-unboost|p1a: Salamence|atk|1
|move|p1a: Salamence|Earthquake|p2a: Love's In Need
|-immune|p2a: Love's In Need
|
|-weather|Sandstorm|[upkeep]
|-damage|p1a: Salamence|44/100|[from] Sandstorm
|-damage|p2a: Love's In Need|94/100|[from] Sandstorm
|-heal|p2a: Love's In Need|100/100|[from] item: Leftovers
|upkeep
|turn|20
|inactive|Hummusfan has 240 seconds left.
|inactive|Halbert Simpson has 240 seconds left.
|
|t:|1729108397
|switch|p1a: Claydol|Claydol|100/100
|move|p2a: Love's In Need|Rock Slide|p1a: Claydol
|-resisted|p1a: Claydol
|-damage|p1a: Claydol|87/100
|
|-weather|Sandstorm|[upkeep]
|-damage|p2a: Love's In Need|94/100|[from] Sandstorm
|-heal|p2a: Love's In Need|100/100|[from] item: Leftovers
|-heal|p1a: Claydol|93/100|[from] item: Leftovers
|upkeep
|turn|21
|inactive|Hummusfan has 240 seconds left.
|inactive|Halbert Simpson has 210 seconds left.
|
|t:|1729108447
|switch|p2a: I Wish|Jirachi|100/100
|move|p1a: Claydol|Shadow Ball|p2a: I Wish
|-damage|p2a: I Wish|86/100
|-unboost|p2a: I Wish|spd|1
|
|-weather|Sandstorm|[upkeep]
|-heal|p2a: I Wish|93/100|[from] item: Leftovers
|-heal|p1a: Claydol|99/100|[from] item: Leftovers
|upkeep
|turn|22
|
|t:|1729108456
|switch|p2a: Love's In Need|Salamence, M|100/100
|-ability|p2a: Love's In Need|Intimidate|boost
|-unboost|p1a: Claydol|atk|1
|move|p1a: Claydol|Earthquake|p2a: Love's In Need
|-immune|p2a: Love's In Need
|
|-weather|Sandstorm|[upkeep]
|-damage|p2a: Love's In Need|94/100|[from] Sandstorm
|-heal|p2a: Love's In Need|100/100|[from] item: Leftovers
|-heal|p1a: Claydol|100/100|[from] item: Leftovers
|upkeep
|turn|23
|inactive|Hummusfan has 240 seconds left.
|
|t:|1729108468
|move|p2a: Love's In Need|Hidden Power|p1a: Claydol
|-supereffective|p1a: Claydol
|-damage|p1a: Claydol|66/100
|move|p1a: Claydol|Shadow Ball|p2a: Love's In Need
|-damage|p2a: Love's In Need|82/100
|
|-weather|Sandstorm|[upkeep]
|-damage|p2a: Love's In Need|76/100|[from] Sandstorm
|-heal|p2a: Love's In Need|82/100|[from] item: Leftovers
|-heal|p1a: Claydol|72/100|[from] item: Leftovers
|upkeep
|turn|24
|inactive|Hummusfan has 240 seconds left.
|inactive|Halbert Simpson has 210 seconds left.
|
|t:|1729108499
|switch|p2a: Contusion|Metagross|70/100
|switch|p1a: Blissey|Blissey, F|80/100
|
|-weather|Sandstorm|[upkeep]
|-damage|p1a: Blissey|74/100|[from] Sandstorm
|-heal|p2a: Contusion|76/100|[from] item: Leftovers
|-heal|p1a: Blissey|80/100|[from] item: Leftovers
|upkeep
|turn|25
|inactive|Hummusfan has 210 seconds left.
|
|t:|1729108515
|switch|p1a: Claydol|Claydol|72/100
|move|p2a: Contusion|Meteor Mash|p1a: Claydol
|-damage|p1a: Claydol|8/100
|
|-weather|Sandstorm|[upkeep]
|-heal|p1a: Claydol|14/100|[from] item: Leftovers
|-heal|p2a: Contusion|83/100|[from] item: Leftovers
|upkeep
|turn|26
|inactive|Hummusfan has 210 seconds left.
|
|t:|1729108529
|move|p2a: Contusion|Protect|p2a: Contusion
|-singleturn|p2a: Contusion|Protect
|move|p1a: Claydol|Earthquake|p2a: Contusion
|-activate|p2a: Contusion|Protect
|
|-weather|Sandstorm|[upkeep]
|-heal|p1a: Claydol|20/100|[from] item: Leftovers
|-heal|p2a: Contusion|89/100|[from] item: Leftovers
|upkeep
|turn|27
|inactive|Hummusfan has 210 seconds left.
|inactive|Halbert Simpson has 210 seconds left.
|
|t:|1729108575
|switch|p2a: Black Man|Charizard, M, shiny|29/100
|move|p1a: Claydol|Earthquake|p2a: Black Man
|-immune|p2a: Black Man
|
|-weather|Sandstorm|[upkeep]
|-damage|p2a: Black Man|23/100|[from] Sandstorm
|-heal|p2a: Black Man|29/100|[from] item: Leftovers
|-heal|p1a: Claydol|26/100|[from] item: Leftovers
|upkeep
|turn|28
|inactive|Halbert Simpson has 210 seconds left.
|inactive|Hummusfan has 180 seconds left.
|
|t:|1729108597
|switch|p1a: Salamence|Salamence, F|44/100
|-ability|p1a: Salamence|Intimidate|boost
|-unboost|p2a: Black Man|atk|1
|move|p2a: Black Man|Flamethrower|p1a: Salamence
|-resisted|p1a: Salamence
|-damage|p1a: Salamence|4/100
|
|-weather|Sandstorm|[upkeep]
|-damage|p2a: Black Man|23/100|[from] Sandstorm
|-damage|p1a: Salamence|0 fnt|[from] Sandstorm
|faint|p1a: Salamence
|-heal|p2a: Black Man|29/100|[from] item: Leftovers
|upkeep
|inactive|Hummusfan has 180 seconds left.
|
|t:|1729108617
|switch|p1a: Blissey|Blissey, F|80/100
|turn|29
|inactive|Halbert Simpson has 210 seconds left.
|inactive|Halbert Simpson has 180 seconds left.
|inactive|Halbert Simpson has 150 seconds left.
|inactive|Halbert Simpson has 120 seconds left.
|
|t:|1729108717
|switch|p2a: I Wish|Jirachi|93/100
|move|p1a: Blissey|Thunderbolt|p2a: I Wish
|-damage|p2a: I Wish|73/100
|
|-weather|Sandstorm|[upkeep]
|-damage|p1a: Blissey|74/100|[from] Sandstorm
|-heal|p2a: I Wish|79/100|[from] item: Leftovers
|-heal|p1a: Blissey|80/100|[from] item: Leftovers
|upkeep
|turn|30
|inactive|Hummusfan has 150 seconds left.
|
|t:|1729108762
|move|p2a: I Wish|Body Slam|p1a: Blissey
|-damage|p1a: Blissey|59/100
|-status|p1a: Blissey|par
|move|p1a: Blissey|Thunderbolt|p2a: I Wish
|-damage|p2a: I Wish|59/100
|
|-weather|Sandstorm|[upkeep]
|-damage|p1a: Blissey|53/100 par|[from] Sandstorm
|-heal|p2a: I Wish|65/100|[from] item: Leftovers
|-heal|p1a: Blissey|59/100 par|[from] item: Leftovers
|upkeep
|turn|31
|
|t:|1729108771
|move|p2a: I Wish|Wish|p2a: I Wish
|move|p1a: Blissey|Soft-Boiled|p1a: Blissey
|-heal|p1a: Blissey|100/100 par
|
|-weather|Sandstorm|[upkeep]
|-damage|p1a: Blissey|94/100 par|[from] Sandstorm
|-heal|p2a: I Wish|71/100|[from] item: Leftovers
|-heal|p1a: Blissey|100/100 par|[from] item: Leftovers
|upkeep
|turn|32
|
|t:|1729108778
|switch|p2a: Ngiculela|Tyranitar, F|87/100
|move|p1a: Blissey|Thunderbolt|p2a: Ngiculela
|-damage|p2a: Ngiculela|65/100
|
|-heal|p2a: Ngiculela|100/100|[from] move: Wish|[wisher] I Wish
|-weather|Sandstorm|[upkeep]
|-damage|p1a: Blissey|94/100 par|[from] Sandstorm
|-heal|p1a: Blissey|100/100 par|[from] item: Leftovers
|upkeep
|turn|33
|inactive|Hummusfan has 150 seconds left.
|inactive|Halbert Simpson has 150 seconds left.
|
|t:|1729108814
|-curestatus|p1a: Blissey|par|[from] ability: Natural Cure
|switch|p1a: Poliwrath|Poliwrath, F|100/100
|move|p2a: Ngiculela|Rock Slide|p1a: Poliwrath
|-resisted|p1a: Poliwrath
|-damage|p1a: Poliwrath|75/100
|
|-weather|Sandstorm|[upkeep]
|-damage|p1a: Poliwrath|69/100|[from] Sandstorm
|-heal|p1a: Poliwrath|75/100|[from] item: Leftovers
|upkeep
|turn|34
|inactive|Hummusfan has 120 seconds left.
|
|t:|1729108839
|switch|p2a: I Wish|Jirachi|71/100
|move|p1a: Poliwrath|Hypnosis|p2a: I Wish
|-status|p2a: I Wish|slp|[from] move: Hypnosis
|
|-weather|Sandstorm|[upkeep]
|-damage|p1a: Poliwrath|69/100|[from] Sandstorm
|-heal|p1a: Poliwrath|75/100|[from] item: Leftovers
|-heal|p2a: I Wish|77/100 slp|[from] item: Leftovers
|upkeep
|turn|35
|inactive|Hummusfan has 120 seconds left.
|inactive|Halbert Simpson has 150 seconds left.
|
|t:|1729108864
|switch|p1a: Suicune|Suicune|17/100
|switch|p2a: Love's In Need|Salamence, M|82/100
|-ability|p2a: Love's In Need|Intimidate|boost
|-unboost|p1a: Suicune|atk|1
|
|-weather|Sandstorm|[upkeep]
|-damage|p2a: Love's In Need|76/100|[from] Sandstorm
|-damage|p1a: Suicune|10/100|[from] Sandstorm
|-heal|p2a: Love's In Need|82/100|[from] item: Leftovers
|upkeep
|turn|36
|
|t:|1729108894
|switch|p1a: Blissey|Blissey, F|100/100
|move|p2a: Love's In Need|Aerial Ace|p1a: Blissey
|-damage|p1a: Blissey|69/100
|
|-weather|Sandstorm|[upkeep]
|-damage|p2a: Love's In Need|76/100|[from] Sandstorm
|-damage|p1a: Blissey|62/100|[from] Sandstorm
|-heal|p2a: Love's In Need|82/100|[from] item: Leftovers
|-heal|p1a: Blissey|69/100|[from] item: Leftovers
|upkeep
|turn|37
|
|t:|1729108902
|switch|p2a: Contusion|Metagross|89/100
|move|p1a: Blissey|Ice Beam|p2a: Contusion
|-resisted|p2a: Contusion
|-damage|p2a: Contusion|77/100
|
|-weather|Sandstorm|[upkeep]
|-damage|p1a: Blissey|62/100|[from] Sandstorm
|-heal|p2a: Contusion|84/100|[from] item: Leftovers
|-heal|p1a: Blissey|69/100|[from] item: Leftovers
|upkeep
|turn|38
|inactive|Hummusfan has 90 seconds left.
|
|t:|1729108926
|move|p2a: Contusion|Meteor Mash|p1a: Blissey
|-damage|p1a: Blissey|10/100
|move|p1a: Blissey|Thunderbolt|p2a: Contusion
|-damage|p2a: Contusion|62/100
|
|-weather|Sandstorm|[upkeep]
|-damage|p1a: Blissey|4/100|[from] Sandstorm
|-heal|p2a: Contusion|69/100|[from] item: Leftovers
|-heal|p1a: Blissey|10/100|[from] item: Leftovers
|upkeep
|turn|39
|inactive|Hummusfan has 90 seconds left.
|inactive|Halbert Simpson has 150 seconds left.
|
|t:|1729108946
|move|p2a: Contusion|Meteor Mash|p1a: Blissey
|-damage|p1a: Blissey|0 fnt
|faint|p1a: Blissey
|
|t:|1729108949
|switch|p1a: Claydol|Claydol|26/100
|
|-weather|Sandstorm|[upkeep]
|-heal|p1a: Claydol|32/100|[from] item: Leftovers
|-heal|p2a: Contusion|75/100|[from] item: Leftovers
|upkeep
|turn|40
|
|t:|1729108955
|move|p1a: Claydol|Earthquake|p2a: Contusion
|-supereffective|p2a: Contusion
|-damage|p2a: Contusion|10/100
|move|p2a: Contusion|Meteor Mash|p1a: Claydol
|-damage|p1a: Claydol|0 fnt
|faint|p1a: Claydol
|
|t:|1729108966
|switch|p1a: Poliwrath|Poliwrath, F|75/100
|
|-weather|Sandstorm|[upkeep]
|-damage|p1a: Poliwrath|69/100|[from] Sandstorm
|-heal|p1a: Poliwrath|75/100|[from] item: Leftovers
|-heal|p2a: Contusion|16/100|[from] item: Leftovers
|upkeep
|turn|41
|
|t:|1729108974
|move|p1a: Poliwrath|Earthquake|p2a: Contusion
|-supereffective|p2a: Contusion
|-damage|p2a: Contusion|0 fnt
|faint|p2a: Contusion
|
|t:|1729108982
|switch|p2a: Black Man|Charizard, M, shiny|29/100
|
|-weather|Sandstorm|[upkeep]
|-damage|p2a: Black Man|23/100|[from] Sandstorm
|-damage|p1a: Poliwrath|69/100|[from] Sandstorm
|-heal|p2a: Black Man|29/100|[from] item: Leftovers
|-heal|p1a: Poliwrath|75/100|[from] item: Leftovers
|upkeep
|turn|42
|
|t:|1729109018
|move|p2a: Black Man|Hidden Power|p1a: Poliwrath
|-supereffective|p1a: Poliwrath
|-damage|p1a: Poliwrath|26/100
|move|p1a: Poliwrath|Brick Break|p2a: Black Man
|-resisted|p2a: Black Man
|-damage|p2a: Black Man|6/100
|
|-weather|Sandstorm|[upkeep]
|-damage|p2a: Black Man|0 fnt|[from] Sandstorm
|-damage|p1a: Poliwrath|19/100|[from] Sandstorm
|faint|p2a: Black Man
|-heal|p1a: Poliwrath|26/100|[from] item: Leftovers
|upkeep
|
|t:|1729109024
|switch|p2a: Love's In Need|Salamence, M|82/100
|-ability|p2a: Love's In Need|Intimidate|boost
|-unboost|p1a: Poliwrath|atk|1
|turn|43
|
|t:|1729109034
|move|p2a: Love's In Need|Aerial Ace|p1a: Poliwrath
|-supereffective|p1a: Poliwrath
|-crit|p1a: Poliwrath
|-damage|p1a: Poliwrath|0 fnt
|faint|p1a: Poliwrath
|
|t:|1729109036
|switch|p1a: Suicune|Suicune|10/100
|
|-weather|Sandstorm|[upkeep]
|-damage|p2a: Love's In Need|76/100|[from] Sandstorm
|-damage|p1a: Suicune|4/100|[from] Sandstorm
|-heal|p2a: Love's In Need|82/100|[from] item: Leftovers
|upkeep
|turn|44
|
|t:|1729109042
|move|p2a: Love's In Need|Aerial Ace|p1a: Suicune
|-damage|p1a: Suicune|0 fnt
|faint|p1a: Suicune
|
|win|Halbert Simpson
|c|☆Hummusfan|gg
|c|☆Halbert Simpson|gg

</script>
<script type="application/json" class="data" id="replaydata-smogtours-gen3ou-799146">
{"id":"smogtours-gen3ou-799146","format":"[Gen 3] OU","players":["Hummusfan","Halbert Simpson"],"uploadtime":1729109042,"views":91,"formatid":"gen3ou","rating":null,"private":0,"password":null}
</script>

<script defer src="js/replays.js?9d40a366"></script>
