<!DOCTYPE html>
<meta charset="utf-8" />
<meta name="viewport" content="width=device-width" />

<title>[Gen 3] OU: scootymcbooty123 vs. Elian - Replays - Pok&eacute;mon Showdown!</title>

<meta name="description" content="Watch a replay of a Pok&eacute;mon battle between scootymcbooty123 and Elian! Format: [Gen 3] OU; Date: Nov 14, 2024" />
<!--

Hey, you! Looking in the source for the replay log?

You can find them in JSON format, just add `.json` at the end of a replay URL.

https://replay.pokemonshowdown.com/gen7randomdoublesbattle-865046831.json

Or, if you only need the log itself, add `.log` instead:

https://replay.pokemonshowdown.com/gen7randomdoublesbattle-865046831.log

-->

<link rel="stylesheet" href="//pokemonshowdown.com/style/global.css?0.767286132409787" />
<link rel="stylesheet" href="//play.pokemonshowdown.com/style/font-awesome.css?0.9266228007934947" />
<link rel="stylesheet" href="//play.pokemonshowdown.com/style/battle.css?0.7924700842790926" />
<link rel="stylesheet" href="//play.pokemonshowdown.com/style/utilichart.css?0.8777417872839479" />

<!-- Global site tag (gtag.js) - Google Analytics -->
<script async src="https://www.googletagmanager.com/gtag/js?id=UA-26211653-1"></script>
<script>
  window.dataLayer = window.dataLayer || [];
  function gtag(){dataLayer.push(arguments);}
  gtag('js', new Date());

  gtag('config', 'UA-26211653-1');
</script>
<!-- End Google Analytics -->
<!-- Venatus Ad Manager - Install in <HEAD> of page -->
	<script src="https://hb.vntsm.com/v3/live/ad-manager.min.js" type="text/javascript" data-site-id="642aba63ec9a7b11c3c9c1be" data-mode="scan" async></script>
<!-- / Venatus Ad Manager -->

<style>
	@media (max-width:820px) {
		.battle {
			margin: 0 auto;
		}
		.battle-log {
			margin: 7px auto 0;
			max-width: 640px;
			height: 300px;
			position: static;
		}
	}
	.optgroup {
		display: inline-block;
		line-height: 22px;
		font-size: 10pt;
	}
	.optgroup .button {
		height: 25px;
		padding-top: 0;
		padding-bottom: 0;
	}
	.optgroup button.button {
		padding-left: 12px;
		padding-right: 12px;
	}
	.linklist {
		list-style: none;
		margin: 0.5em 0;
		padding: 0;
	}
	.linklist li {
		padding: 2px 0;
	}
	.sidebar {
		float: left;
		width: 320px;
	}
	.bar-wrapper {
		max-width: 1100px;
		margin: 0 auto;
	}
	.bar-wrapper.has-sidebar {
		max-width: 1430px;
	}
	.mainbar {
		margin: 0;
		padding-right: 1px;
	}
	.mainbar.has-sidebar {
		margin-left: 330px;
	}
	@media (min-width: 1511px) {
		.sidebar {
			width: 400px;
		}
		.bar-wrapper.has-sidebar {
			max-width: 1510px;
		}
		.mainbar.has-sidebar {
			margin-left: 410px;
		}
	}
	.section.first-section {
		margin-top: 9px;
	}
	.blocklink small {
		white-space: normal;
	}
	.button {
		vertical-align: middle;
	}
	.replay-controls {
		padding-top: 10px;
	}
	.replay-controls h1 {
		font-size: 16pt;
		font-weight: normal;
		color: #CCC;
	}
	.pagelink {
		text-align: center;
	}
	.pagelink a {
		width: 150px;
	}
	.textbox, .button {
		font-size: 11pt;
		vertical-align: middle;
	}
	@media (max-width: 450px) {
		.button {
			font-size: 9pt;
		}
	}
</style>

<div>

	<header>
		<div class="nav-wrapper"><ul class="nav">
			<li><a class="button nav-first" href="//pokemonshowdown.com/"><img src="//pokemonshowdown.com/images/pokemonshowdownbeta.png" srcset="//pokemonshowdown.com/images/pokemonshowdownbeta.png 1x, //pokemonshowdown.com/images/pokemonshowdownbeta@2x.png 2x" alt="Pok&eacute;mon Showdown" width="146" height="44" /> Home</a></li>
			<li><a class="button" href="//pokemonshowdown.com/dex/">Pok&eacute;dex</a></li>
			<li><a class="button cur" href="/">Replays</a></li>
			<li><a class="button" href="//pokemonshowdown.com/ladder/">Ladder</a></li>
			<li><a class="button nav-last" href="//pokemonshowdown.com/forums/">Forum</a></li>
			<li><a class="button greenbutton nav-first nav-last" href="//play.pokemonshowdown.com/">Play</a></li>
		</ul></div>
	</header>

	<div class="main" id="main">

		<noscript><section class="section">You need to enable JavaScript to use this page; sorry!</section></noscript>

	</div>

</div>

<script defer nomodule src="//play.pokemonshowdown.com/js/lib/ps-polyfill.js"></script>
<script defer src="//play.pokemonshowdown.com/js/lib/preact.min.js"></script>

<script defer src="//play.pokemonshowdown.com/config/config.js?6dec07f6"></script>
<script defer src="//play.pokemonshowdown.com/js/lib/jquery-1.11.0.min.js"></script>
<script defer src="//play.pokemonshowdown.com/js/lib/html-sanitizer-minified.js"></script>
<script defer src="//play.pokemonshowdown.com/js/battle-sound.js"></script>
<script defer src="//play.pokemonshowdown.com/js/battledata.js?0.6315294753075389"></script>
<script defer src="//play.pokemonshowdown.com/data/pokedex-mini.js?0.7603743185311358"></script>
<script defer src="//play.pokemonshowdown.com/data/pokedex-mini-bw.js?0.030888842834281283"></script>
<script defer src="//play.pokemonshowdown.com/data/graphics.js?0.05593094747507488"></script>
<script defer src="//play.pokemonshowdown.com/data/pokedex.js?0.47064822249611904"></script>
<script defer src="//play.pokemonshowdown.com/data/moves.js?0.8583693120512459"></script>
<script defer src="//play.pokemonshowdown.com/data/abilities.js?0.16017181182386842"></script>
<script defer src="//play.pokemonshowdown.com/data/items.js?0.4163379185673943"></script>
<script defer src="//play.pokemonshowdown.com/data/teambuilder-tables.js?0.31075597372830477"></script>
<script defer src="//play.pokemonshowdown.com/js/battle-tooltips.js?0.6536193500708172"></script>
<script defer src="//play.pokemonshowdown.com/js/battle.js?0.1916591943277901"></script>

<script defer src="js/utils.js?e31f9a17"></script>
<script defer src="js/replays-battle.js?7008c182"></script>

<!-- don't scrape this data! just add .json or .log after the URL!
Full API docs: https://github.com/smogon/pokemon-showdown-client/blob/master/WEB-API.md -->
<script type="text/plain" class="log" id="replaylog-smogtours-gen3ou-806298">
|inactive|Battle timer is ON: inactive players will automatically lose when time's up.
|t:|1731625247
|gametype|singles
|player|p1|scootymcbooty123|dancer|
|player|p2|Elian|erika-gen2|
|teamsize|p1|6
|teamsize|p2|6
|gen|3
|tier|[Gen 3] OU
|rule|Sleep Clause Mod: Limit one foe put to sleep
|rule|Switch Priority Clause Mod: Faster Pokémon switch first
|rule|Species Clause: Limit one of each Pokémon
|rule|OHKO Clause: OHKO moves are banned
|rule|Evasion Items Clause: Evasion items are banned
|rule|Evasion Moves Clause: Evasion moves are banned
|rule|Endless Battle Clause: Forcing endless battles is banned
|rule|HP Percentage Mod: HP is shown in percentages
|rule|One Boost Passer Clause: Limit one Baton Passer that has a way to boost its stats
|rule|Freeze Clause Mod: Limit one foe frozen
|
|t:|1731625247
|start
|switch|p1a: Flygon|Flygon, F|100/100
|switch|p2a: Calafiori|Tyranitar, F|100/100
|-weather|Sandstorm|[from] ability: Sand Stream|[of] p2a: Calafiori
|turn|1
|c|☆Elian|hf
|inactive|scootymcbooty123 has 270 seconds left.
|c|☆scootymcbooty123|u2
|
|t:|1731625290
|switch|p2a: Timber|Claydol|100/100
|move|p1a: Flygon|Toxic|p2a: Timber|[miss]
|-miss|p1a: Flygon|p2a: Timber
|
|-weather|Sandstorm|[upkeep]
|upkeep
|turn|2
|
|t:|1731625311
|switch|p2a: Huerta>Mbappe|Starmie|100/100
|move|p1a: Flygon|Earthquake|p2a: Huerta>Mbappe
|-damage|p2a: Huerta>Mbappe|56/100
|
|-weather|Sandstorm|[upkeep]
|-damage|p2a: Huerta>Mbappe|50/100|[from] Sandstorm
|-heal|p2a: Huerta>Mbappe|56/100|[from] item: Leftovers
|upkeep
|turn|3
|inactive|scootymcbooty123 has 270 seconds left.
|
|t:|1731625331
|switch|p1a: Blissey|Blissey, F|100/100
|move|p2a: Huerta>Mbappe|Ice Beam|p1a: Blissey
|-damage|p1a: Blissey|91/100
|
|-weather|Sandstorm|[upkeep]
|-damage|p2a: Huerta>Mbappe|50/100|[from] Sandstorm
|-damage|p1a: Blissey|85/100|[from] Sandstorm
|-heal|p2a: Huerta>Mbappe|56/100|[from] item: Leftovers
|-heal|p1a: Blissey|91/100|[from] item: Leftovers
|upkeep
|turn|4
|inactive|scootymcbooty123 has 270 seconds left.
|
|t:|1731625355
|switch|p1a: Celebi|Celebi|100/100
|move|p2a: Huerta>Mbappe|Recover|p2a: Huerta>Mbappe
|-heal|p2a: Huerta>Mbappe|100/100
|
|-weather|Sandstorm|[upkeep]
|-damage|p2a: Huerta>Mbappe|95/100|[from] Sandstorm
|-damage|p1a: Celebi|94/100|[from] Sandstorm
|-heal|p2a: Huerta>Mbappe|100/100|[from] item: Leftovers
|-heal|p1a: Celebi|100/100|[from] item: Leftovers
|upkeep
|turn|5
|inactive|scootymcbooty123 has 240 seconds left.
|
|t:|1731625399
|switch|p2a: Timber|Claydol|100/100
|switch|p1a: Flygon|Flygon, F|100/100
|
|-weather|Sandstorm|[upkeep]
|upkeep
|turn|6
|
|t:|1731625405
|switch|p2a: Huerta>Mbappe|Starmie|100/100
|move|p1a: Flygon|Toxic|p2a: Huerta>Mbappe
|-status|p2a: Huerta>Mbappe|tox
|
|-weather|Sandstorm|[upkeep]
|-damage|p2a: Huerta>Mbappe|95/100 tox|[from] Sandstorm
|-heal|p2a: Huerta>Mbappe|100/100 tox|[from] item: Leftovers
|-damage|p2a: Huerta>Mbappe|95/100 tox|[from] psn
|upkeep
|turn|7
|inactive|scootymcbooty123 has 240 seconds left.
|
|t:|1731625412
|move|p1a: Flygon|Protect|p1a: Flygon
|-singleturn|p1a: Flygon|Protect
|move|p2a: Huerta>Mbappe|Ice Beam|p1a: Flygon
|-activate|p1a: Flygon|Protect
|
|-weather|Sandstorm|[upkeep]
|-damage|p2a: Huerta>Mbappe|89/100 tox|[from] Sandstorm
|-heal|p2a: Huerta>Mbappe|95/100 tox|[from] item: Leftovers
|-damage|p2a: Huerta>Mbappe|83/100 tox|[from] psn
|upkeep
|turn|8
|inactive|scootymcbooty123 has 240 seconds left.
|
|t:|1731625431
|-curestatus|p2a: Huerta>Mbappe|tox|[from] ability: Natural Cure
|switch|p2a: Calafiori|Tyranitar, F|100/100
|switch|p1a: Blissey|Blissey, F|91/100
|
|-weather|Sandstorm|[upkeep]
|-damage|p1a: Blissey|85/100|[from] Sandstorm
|-heal|p1a: Blissey|91/100|[from] item: Leftovers
|upkeep
|turn|9
|
|t:|1731625436
|switch|p1a: Flygon|Flygon, F|100/100
|move|p2a: Calafiori|Substitute|p2a: Calafiori
|-start|p2a: Calafiori|Substitute
|-damage|p2a: Calafiori|75/100
|
|-weather|Sandstorm|[upkeep]
|-heal|p2a: Calafiori|82/100|[from] item: Leftovers
|upkeep
|turn|10
|
|t:|1731625438
|-singleturn|p2a: Calafiori|move: Focus Punch
|move|p1a: Flygon|Earthquake|p2a: Calafiori
|-supereffective|p2a: Calafiori
|-end|p2a: Calafiori|Substitute
|move|p2a: Calafiori|Focus Punch|p1a: Flygon
|-damage|p1a: Flygon|56/100
|
|-weather|Sandstorm|[upkeep]
|-heal|p1a: Flygon|62/100|[from] item: Leftovers
|-heal|p2a: Calafiori|88/100|[from] item: Leftovers
|upkeep
|turn|11
|
|t:|1731625445
|switch|p2a: Timber|Claydol|100/100
|move|p1a: Flygon|Earthquake|p2a: Timber
|-immune|p2a: Timber
|
|-weather|Sandstorm|[upkeep]
|-heal|p1a: Flygon|68/100|[from] item: Leftovers
|upkeep
|turn|12
|inactive|scootymcbooty123 has 240 seconds left.
|
|t:|1731625489
|switch|p2a: Huerta>Mbappe|Starmie|83/100
|move|p1a: Flygon|Toxic|p2a: Huerta>Mbappe
|-status|p2a: Huerta>Mbappe|tox
|
|-weather|Sandstorm|[upkeep]
|-damage|p2a: Huerta>Mbappe|77/100 tox|[from] Sandstorm
|-heal|p2a: Huerta>Mbappe|83/100 tox|[from] item: Leftovers
|-damage|p2a: Huerta>Mbappe|77/100 tox|[from] psn
|-heal|p1a: Flygon|74/100|[from] item: Leftovers
|upkeep
|turn|13
|
|t:|1731625494
|move|p1a: Flygon|Protect|p1a: Flygon
|-singleturn|p1a: Flygon|Protect
|move|p2a: Huerta>Mbappe|Recover|p2a: Huerta>Mbappe
|-heal|p2a: Huerta>Mbappe|100/100 tox
|
|-weather|Sandstorm|[upkeep]
|-damage|p2a: Huerta>Mbappe|95/100 tox|[from] Sandstorm
|-heal|p2a: Huerta>Mbappe|100/100 tox|[from] item: Leftovers
|-damage|p2a: Huerta>Mbappe|89/100 tox|[from] psn
|-heal|p1a: Flygon|80/100|[from] item: Leftovers
|upkeep
|turn|14
|inactive|scootymcbooty123 has 240 seconds left.
|
|t:|1731625524
|switch|p1a: Blissey|Blissey, F|91/100
|move|p2a: Huerta>Mbappe|Ice Beam|p1a: Blissey
|-damage|p1a: Blissey|82/100
|
|-weather|Sandstorm|[upkeep]
|-damage|p2a: Huerta>Mbappe|83/100 tox|[from] Sandstorm
|-damage|p1a: Blissey|76/100|[from] Sandstorm
|-heal|p2a: Huerta>Mbappe|89/100 tox|[from] item: Leftovers
|-damage|p2a: Huerta>Mbappe|71/100 tox|[from] psn
|-heal|p1a: Blissey|82/100|[from] item: Leftovers
|upkeep
|turn|15
|
|t:|1731625535
|-curestatus|p2a: Huerta>Mbappe|tox|[from] ability: Natural Cure
|switch|p2a: Ninjask?|Metagross|100/100
|move|p1a: Blissey|Ice Beam|p2a: Ninjask?
|-resisted|p2a: Ninjask?
|-damage|p2a: Ninjask?|87/100
|
|-weather|Sandstorm|[upkeep]
|-damage|p1a: Blissey|76/100|[from] Sandstorm
|-heal|p2a: Ninjask?|93/100|[from] item: Leftovers
|-heal|p1a: Blissey|82/100|[from] item: Leftovers
|upkeep
|turn|16
|inactive|scootymcbooty123 has 210 seconds left.
|
|t:|1731625554
|switch|p1a: Magneton|Magneton|100/100
|move|p2a: Ninjask?|Meteor Mash|p1a: Magneton
|-resisted|p1a: Magneton
|-damage|p1a: Magneton|80/100
|
|-weather|Sandstorm|[upkeep]
|-heal|p2a: Ninjask?|99/100|[from] item: Leftovers
|upkeep
|turn|17
|inactive|scootymcbooty123 has 210 seconds left.
|
|t:|1731625565
|switch|p1a: Flygon|Flygon, F|80/100
|move|p2a: Ninjask?|Earthquake|p1a: Flygon
|-immune|p1a: Flygon
|
|-weather|Sandstorm|[upkeep]
|-heal|p1a: Flygon|86/100|[from] item: Leftovers
|-heal|p2a: Ninjask?|100/100|[from] item: Leftovers
|upkeep
|turn|18
|inactive|scootymcbooty123 has 210 seconds left.
|
|t:|1731625576
|switch|p2a: Huerta>Mbappe|Starmie|71/100
|move|p1a: Flygon|Protect||[still]
|-fail|p1a: Flygon
|
|-weather|Sandstorm|[upkeep]
|-damage|p2a: Huerta>Mbappe|65/100|[from] Sandstorm
|-heal|p2a: Huerta>Mbappe|71/100|[from] item: Leftovers
|-heal|p1a: Flygon|92/100|[from] item: Leftovers
|upkeep
|turn|19
|
|t:|1731625582
|switch|p1a: Blissey|Blissey, F|82/100
|move|p2a: Huerta>Mbappe|Recover|p2a: Huerta>Mbappe
|-heal|p2a: Huerta>Mbappe|100/100
|
|-weather|Sandstorm|[upkeep]
|-damage|p2a: Huerta>Mbappe|95/100|[from] Sandstorm
|-damage|p1a: Blissey|76/100|[from] Sandstorm
|-heal|p2a: Huerta>Mbappe|100/100|[from] item: Leftovers
|-heal|p1a: Blissey|82/100|[from] item: Leftovers
|upkeep
|turn|20
|inactive|scootymcbooty123 has 210 seconds left.
|
|t:|1731625623
|switch|p2a: Me at 3 am|Snorlax, M|100/100
|move|p1a: Blissey|Flamethrower|p2a: Me at 3 am
|-damage|p2a: Me at 3 am|86/100
|
|-weather|Sandstorm|[upkeep]
|-damage|p1a: Blissey|76/100|[from] Sandstorm
|-damage|p2a: Me at 3 am|80/100|[from] Sandstorm
|-heal|p1a: Blissey|82/100|[from] item: Leftovers
|-heal|p2a: Me at 3 am|86/100|[from] item: Leftovers
|upkeep
|turn|21
|
|t:|1731625635
|switch|p1a: Celebi|Celebi|100/100
|move|p2a: Me at 3 am|Body Slam|p1a: Celebi
|-damage|p1a: Celebi|65/100
|
|-weather|Sandstorm|[upkeep]
|-damage|p1a: Celebi|59/100|[from] Sandstorm
|-damage|p2a: Me at 3 am|80/100|[from] Sandstorm
|-heal|p1a: Celebi|65/100|[from] item: Leftovers
|-heal|p2a: Me at 3 am|86/100|[from] item: Leftovers
|upkeep
|turn|22
|
|t:|1731625643
|move|p1a: Celebi|Recover|p1a: Celebi
|-heal|p1a: Celebi|100/100
|move|p2a: Me at 3 am|Shadow Ball|p1a: Celebi
|-supereffective|p1a: Celebi
|-damage|p1a: Celebi|48/100
|
|-weather|Sandstorm|[upkeep]
|-damage|p1a: Celebi|42/100|[from] Sandstorm
|-damage|p2a: Me at 3 am|80/100|[from] Sandstorm
|-heal|p1a: Celebi|48/100|[from] item: Leftovers
|-heal|p2a: Me at 3 am|86/100|[from] item: Leftovers
|upkeep
|turn|23
|
|t:|1731625650
|move|p1a: Celebi|Recover|p1a: Celebi
|-heal|p1a: Celebi|98/100
|move|p2a: Me at 3 am|Body Slam|p1a: Celebi
|-damage|p1a: Celebi|59/100
|-status|p1a: Celebi|par
|
|-weather|Sandstorm|[upkeep]
|-damage|p2a: Me at 3 am|80/100|[from] Sandstorm
|-damage|p1a: Celebi|53/100 par|[from] Sandstorm
|-heal|p2a: Me at 3 am|86/100|[from] item: Leftovers
|-heal|p1a: Celebi|59/100 par|[from] item: Leftovers
|upkeep
|turn|24
|inactive|scootymcbooty123 has 180 seconds left.
|
|t:|1731625676
|-curestatus|p1a: Celebi|par|[from] ability: Natural Cure
|switch|p1a: Flygon|Flygon, F|92/100
|move|p2a: Me at 3 am|Body Slam|p1a: Flygon
|-damage|p1a: Flygon|60/100
|
|-weather|Sandstorm|[upkeep]
|-damage|p2a: Me at 3 am|80/100|[from] Sandstorm
|-heal|p1a: Flygon|66/100|[from] item: Leftovers
|-heal|p2a: Me at 3 am|86/100|[from] item: Leftovers
|upkeep
|turn|25
|inactive|scootymcbooty123 has 180 seconds left.
|
|t:|1731625687
|move|p1a: Flygon|Protect|p1a: Flygon
|-singleturn|p1a: Flygon|Protect
|move|p2a: Me at 3 am|Body Slam|p1a: Flygon
|-activate|p1a: Flygon|Protect
|
|-weather|Sandstorm|[upkeep]
|-damage|p2a: Me at 3 am|80/100|[from] Sandstorm
|-heal|p1a: Flygon|72/100|[from] item: Leftovers
|-heal|p2a: Me at 3 am|86/100|[from] item: Leftovers
|upkeep
|turn|26
|
|t:|1731625692
|move|p1a: Flygon|Rock Slide|p2a: Me at 3 am
|-damage|p2a: Me at 3 am|70/100
|move|p2a: Me at 3 am|Body Slam|p1a: Flygon
|-damage|p1a: Flygon|40/100
|-status|p1a: Flygon|par
|
|-weather|Sandstorm|[upkeep]
|-damage|p2a: Me at 3 am|64/100|[from] Sandstorm
|-heal|p2a: Me at 3 am|70/100|[from] item: Leftovers
|-heal|p1a: Flygon|46/100 par|[from] item: Leftovers
|upkeep
|turn|27
|inactive|scootymcbooty123 has 180 seconds left.
|
|t:|1731625725
|move|p2a: Me at 3 am|Body Slam|p1a: Flygon
|-damage|p1a: Flygon|15/100 par
|move|p1a: Flygon|Earthquake|p2a: Me at 3 am
|-damage|p2a: Me at 3 am|39/100
|
|-weather|Sandstorm|[upkeep]
|-damage|p2a: Me at 3 am|33/100|[from] Sandstorm
|-heal|p2a: Me at 3 am|39/100|[from] item: Leftovers
|-heal|p1a: Flygon|21/100 par|[from] item: Leftovers
|upkeep
|turn|28
|
|t:|1731625734
|move|p1a: Flygon|Protect|p1a: Flygon
|-singleturn|p1a: Flygon|Protect
|move|p2a: Me at 3 am|Body Slam|p1a: Flygon
|-activate|p1a: Flygon|Protect
|
|-weather|Sandstorm|[upkeep]
|-damage|p2a: Me at 3 am|33/100|[from] Sandstorm
|-heal|p2a: Me at 3 am|39/100|[from] item: Leftovers
|-heal|p1a: Flygon|27/100 par|[from] item: Leftovers
|upkeep
|turn|29
|inactive|scootymcbooty123 has 180 seconds left.
|
|t:|1731625742
|move|p1a: Flygon|Protect||[still]
|-fail|p1a: Flygon
|move|p2a: Me at 3 am|Body Slam|p1a: Flygon
|-damage|p1a: Flygon|0 fnt
|faint|p1a: Flygon
|
|t:|1731625744
|switch|p1a: Dugtrio|Dugtrio, F|100/100
|
|-weather|Sandstorm|[upkeep]
|-damage|p2a: Me at 3 am|33/100|[from] Sandstorm
|-heal|p2a: Me at 3 am|39/100|[from] item: Leftovers
|upkeep
|turn|30
|
|t:|1731625750
|move|p1a: Dugtrio|Earthquake|p2a: Me at 3 am
|-damage|p2a: Me at 3 am|0 fnt
|faint|p2a: Me at 3 am
|
|t:|1731625752
|switch|p2a: El memote|Charizard, F|100/100
|
|-weather|Sandstorm|[upkeep]
|-damage|p2a: El memote|94/100|[from] Sandstorm
|-heal|p2a: El memote|100/100|[from] item: Leftovers
|upkeep
|turn|31
|
|t:|1731625754
|switch|p1a: Gyarados|Gyarados, M|100/100
|-ability|p1a: Gyarados|Intimidate|boost
|-unboost|p2a: El memote|atk|1
|move|p2a: El memote|Substitute|p2a: El memote
|-start|p2a: El memote|Substitute
|-damage|p2a: El memote|76/100
|
|-weather|Sandstorm|[upkeep]
|-damage|p2a: El memote|70/100|[from] Sandstorm
|-damage|p1a: Gyarados|94/100|[from] Sandstorm
|-heal|p2a: El memote|76/100|[from] item: Leftovers
|-heal|p1a: Gyarados|100/100|[from] item: Leftovers
|upkeep
|turn|32
|
|t:|1731625758
|switch|p2a: Huerta>Mbappe|Starmie|100/100
|move|p1a: Gyarados|Dragon Dance|p1a: Gyarados
|-boost|p1a: Gyarados|atk|1
|-boost|p1a: Gyarados|spe|1
|
|-weather|Sandstorm|[upkeep]
|-damage|p1a: Gyarados|94/100|[from] Sandstorm
|-damage|p2a: Huerta>Mbappe|95/100|[from] Sandstorm
|-heal|p1a: Gyarados|100/100|[from] item: Leftovers
|-heal|p2a: Huerta>Mbappe|100/100|[from] item: Leftovers
|upkeep
|turn|33
|inactive|scootymcbooty123 has 210 seconds left.
|
|t:|1731625790
|switch|p1a: Blissey|Blissey, F|82/100
|move|p2a: Huerta>Mbappe|Thunderbolt|p1a: Blissey
|-damage|p1a: Blissey|71/100
|
|-weather|Sandstorm|[upkeep]
|-damage|p2a: Huerta>Mbappe|95/100|[from] Sandstorm
|-damage|p1a: Blissey|65/100|[from] Sandstorm
|-heal|p2a: Huerta>Mbappe|100/100|[from] item: Leftovers
|-heal|p1a: Blissey|71/100|[from] item: Leftovers
|upkeep
|turn|34
|
|t:|1731625810
|switch|p2a: Ninjask?|Metagross|100/100
|move|p1a: Blissey|Soft-Boiled|p1a: Blissey
|-heal|p1a: Blissey|100/100
|
|-weather|Sandstorm|[upkeep]
|-damage|p1a: Blissey|94/100|[from] Sandstorm
|-heal|p1a: Blissey|100/100|[from] item: Leftovers
|upkeep
|turn|35
|
|t:|1731625820
|move|p2a: Ninjask?|Meteor Mash|p1a: Blissey
|-damage|p1a: Blissey|46/100
|move|p1a: Blissey|Flamethrower|p2a: Ninjask?
|-supereffective|p2a: Ninjask?
|-damage|p2a: Ninjask?|40/100
|
|-weather|Sandstorm|[upkeep]
|-damage|p1a: Blissey|39/100|[from] Sandstorm
|-heal|p2a: Ninjask?|46/100|[from] item: Leftovers
|-heal|p1a: Blissey|46/100|[from] item: Leftovers
|upkeep
|turn|36
|
|t:|1731625829
|switch|p1a: Celebi|Celebi|59/100
|move|p2a: Ninjask?|Earthquake|p1a: Celebi
|-resisted|p1a: Celebi
|-damage|p1a: Celebi|43/100
|
|-weather|Sandstorm|[upkeep]
|-damage|p1a: Celebi|37/100|[from] Sandstorm
|-heal|p1a: Celebi|43/100|[from] item: Leftovers
|-heal|p2a: Ninjask?|52/100|[from] item: Leftovers
|upkeep
|turn|37
|
|t:|1731625841
|move|p1a: Celebi|Recover|p1a: Celebi
|-heal|p1a: Celebi|93/100
|move|p2a: Ninjask?|Explosion|p1a: Celebi
|-damage|p1a: Celebi|0 fnt
|faint|p2a: Ninjask?
|faint|p1a: Celebi
|inactive|scootymcbooty123 has 210 seconds left.
|
|t:|1731625871
|switch|p1a: Gyarados|Gyarados, M|100/100
|switch|p2a: Timber|Claydol|100/100
|-ability|p1a: Gyarados|Intimidate|boost
|-unboost|p2a: Timber|atk|1
|
|-weather|Sandstorm|[upkeep]
|-damage|p1a: Gyarados|94/100|[from] Sandstorm
|-heal|p1a: Gyarados|100/100|[from] item: Leftovers
|upkeep
|turn|38
|inactive|scootymcbooty123 has 180 seconds left.
|
|t:|1731625889
|switch|p1a: Magneton|Magneton|80/100
|move|p2a: Timber|Psychic|p1a: Magneton
|-resisted|p1a: Magneton
|-damage|p1a: Magneton|60/100
|
|-weather|Sandstorm|[upkeep]
|upkeep
|turn|39
|
|t:|1731625894
|move|p1a: Magneton|Toxic|p2a: Timber
|-status|p2a: Timber|tox
|move|p2a: Timber|Earthquake|p1a: Magneton
|-supereffective|p1a: Magneton
|-damage|p1a: Magneton|0 fnt
|faint|p1a: Magneton
|inactive|scootymcbooty123 has 180 seconds left.
|
|t:|1731625926
|switch|p1a: Gyarados|Gyarados, M|100/100
|-ability|p1a: Gyarados|Intimidate|boost
|-unboost|p2a: Timber|atk|1
|
|-weather|Sandstorm|[upkeep]
|-damage|p1a: Gyarados|94/100|[from] Sandstorm
|-heal|p1a: Gyarados|100/100|[from] item: Leftovers
|-damage|p2a: Timber|94/100 tox|[from] psn
|upkeep
|turn|40
|
|t:|1731625931
|switch|p2a: Huerta>Mbappe|Starmie|100/100
|move|p1a: Gyarados|Dragon Dance|p1a: Gyarados
|-boost|p1a: Gyarados|atk|1
|-boost|p1a: Gyarados|spe|1
|
|-weather|Sandstorm|[upkeep]
|-damage|p1a: Gyarados|94/100|[from] Sandstorm
|-damage|p2a: Huerta>Mbappe|95/100|[from] Sandstorm
|-heal|p1a: Gyarados|100/100|[from] item: Leftovers
|-heal|p2a: Huerta>Mbappe|100/100|[from] item: Leftovers
|upkeep
|turn|41
|
|t:|1731625960
|switch|p1a: Blissey|Blissey, F|46/100
|move|p2a: Huerta>Mbappe|Thunderbolt|p1a: Blissey
|-crit|p1a: Blissey
|-damage|p1a: Blissey|28/100
|-status|p1a: Blissey|par
|
|-weather|Sandstorm|[upkeep]
|-damage|p2a: Huerta>Mbappe|95/100|[from] Sandstorm
|-damage|p1a: Blissey|21/100 par|[from] Sandstorm
|-heal|p2a: Huerta>Mbappe|100/100|[from] item: Leftovers
|-heal|p1a: Blissey|28/100 par|[from] item: Leftovers
|upkeep
|turn|42
|
|t:|1731625969
|switch|p2a: Calafiori|Tyranitar, F|88/100
|cant|p1a: Blissey|par
|
|-weather|Sandstorm|[upkeep]
|-damage|p1a: Blissey|21/100 par|[from] Sandstorm
|-heal|p2a: Calafiori|94/100|[from] item: Leftovers
|-heal|p1a: Blissey|28/100 par|[from] item: Leftovers
|upkeep
|turn|43
|
|t:|1731625989
|move|p2a: Calafiori|Substitute|p2a: Calafiori
|-start|p2a: Calafiori|Substitute
|-damage|p2a: Calafiori|69/100
|cant|p1a: Blissey|par
|
|-weather|Sandstorm|[upkeep]
|-damage|p1a: Blissey|21/100 par|[from] Sandstorm
|-heal|p2a: Calafiori|75/100|[from] item: Leftovers
|-heal|p1a: Blissey|28/100 par|[from] item: Leftovers
|upkeep
|turn|44
|
|t:|1731625997
|-singleturn|p2a: Calafiori|move: Focus Punch
|move|p1a: Blissey|Ice Beam|p2a: Calafiori
|-activate|p2a: Calafiori|Substitute|[damage]
|move|p2a: Calafiori|Focus Punch|p1a: Blissey
|-supereffective|p1a: Blissey
|-damage|p1a: Blissey|0 fnt
|faint|p1a: Blissey
|
|t:|1731626002
|switch|p1a: Dugtrio|Dugtrio, F|100/100
|
|-weather|Sandstorm|[upkeep]
|-heal|p2a: Calafiori|81/100|[from] item: Leftovers
|upkeep
|turn|45
|
|t:|1731626005
|-singleturn|p2a: Calafiori|move: Focus Punch
|move|p1a: Dugtrio|Earthquake|p2a: Calafiori
|-supereffective|p2a: Calafiori
|-end|p2a: Calafiori|Substitute
|move|p2a: Calafiori|Focus Punch|p1a: Dugtrio
|-damage|p1a: Dugtrio|0 fnt
|faint|p1a: Dugtrio
|
|t:|1731626008
|switch|p1a: Gyarados|Gyarados, M|100/100
|-ability|p1a: Gyarados|Intimidate|boost
|-unboost|p2a: Calafiori|atk|1
|
|-weather|Sandstorm|[upkeep]
|-damage|p1a: Gyarados|94/100|[from] Sandstorm
|-heal|p1a: Gyarados|100/100|[from] item: Leftovers
|-heal|p2a: Calafiori|88/100|[from] item: Leftovers
|upkeep
|turn|46
|inactive|scootymcbooty123 has 180 seconds left.
|
|t:|1731626016
|switch|p2a: Timber|Claydol|94/100 tox
|move|p1a: Gyarados|Dragon Dance|p1a: Gyarados
|-boost|p1a: Gyarados|atk|1
|-boost|p1a: Gyarados|spe|1
|
|-weather|Sandstorm|[upkeep]
|-damage|p1a: Gyarados|94/100|[from] Sandstorm
|-heal|p1a: Gyarados|100/100|[from] item: Leftovers
|-heal|p2a: Timber|100/100 tox|[from] item: Leftovers
|-damage|p2a: Timber|94/100 tox|[from] psn
|upkeep
|turn|47
|c|☆scootymcbooty123|GG
|
|t:|1731626024
|move|p1a: Gyarados|Hidden Power|p2a: Timber
|-damage|p2a: Timber|33/100 tox
|move|p2a: Timber|Explosion|p1a: Gyarados
|-damage|p1a: Gyarados|0 fnt
|faint|p2a: Timber
|faint|p1a: Gyarados
|
|win|Elian
|c|☆Elian|gg
|player|p1|

</script>
<script type="application/json" class="data" id="replaydata-smogtours-gen3ou-806298">
{"id":"smogtours-gen3ou-806298","format":"[Gen 3] OU","players":["scootymcbooty123","Elian"],"uploadtime":1731626024,"views":18,"formatid":"gen3ou","rating":null,"private":0,"password":null}
</script>

<script defer src="js/replays.js?9d40a366"></script>
