<!DOCTYPE html>
<meta charset="utf-8" />
<meta name="viewport" content="width=device-width" />

<title>[Gen 3] OU: SBMalus vs. TreinerOrenge - Replays - Pok&eacute;mon Showdown!</title>

<meta name="description" content="Watch a replay of a Pok&eacute;mon battle between SBMalus and TreinerOrenge! Format: [Gen 3] OU; Date: Oct 23, 2024" />
<!--

Hey, you! Looking in the source for the replay log?

You can find them in JSON format, just add `.json` at the end of a replay URL.

https://replay.pokemonshowdown.com/gen7randomdoublesbattle-865046831.json

Or, if you only need the log itself, add `.log` instead:

https://replay.pokemonshowdown.com/gen7randomdoublesbattle-865046831.log

-->

<link rel="stylesheet" href="//pokemonshowdown.com/style/global.css?0.023195364461161105" />
<link rel="stylesheet" href="//play.pokemonshowdown.com/style/font-awesome.css?0.13261647063804238" />
<link rel="stylesheet" href="//play.pokemonshowdown.com/style/battle.css?0.8753245789963631" />
<link rel="stylesheet" href="//play.pokemonshowdown.com/style/utilichart.css?0.8627959624976733" />

<!-- Global site tag (gtag.js) - Google Analytics -->
<script async src="https://www.googletagmanager.com/gtag/js?id=UA-26211653-1"></script>
<script>
  window.dataLayer = window.dataLayer || [];
  function gtag(){dataLayer.push(arguments);}
  gtag('js', new Date());

  gtag('config', 'UA-26211653-1');
</script>
<!-- End Google Analytics -->
<!-- Venatus Ad Manager - Install in <HEAD> of page -->
	<script src="https://hb.vntsm.com/v3/live/ad-manager.min.js" type="text/javascript" data-site-id="642aba63ec9a7b11c3c9c1be" data-mode="scan" async></script>
<!-- / Venatus Ad Manager -->

<style>
	@media (max-width:820px) {
		.battle {
			margin: 0 auto;
		}
		.battle-log {
			margin: 7px auto 0;
			max-width: 640px;
			height: 300px;
			position: static;
		}
	}
	.optgroup {
		display: inline-block;
		line-height: 22px;
		font-size: 10pt;
	}
	.optgroup .button {
		height: 25px;
		padding-top: 0;
		padding-bottom: 0;
	}
	.optgroup button.button {
		padding-left: 12px;
		padding-right: 12px;
	}
	.linklist {
		list-style: none;
		margin: 0.5em 0;
		padding: 0;
	}
	.linklist li {
		padding: 2px 0;
	}
	.sidebar {
		float: left;
		width: 320px;
	}
	.bar-wrapper {
		max-width: 1100px;
		margin: 0 auto;
	}
	.bar-wrapper.has-sidebar {
		max-width: 1430px;
	}
	.mainbar {
		margin: 0;
		padding-right: 1px;
	}
	.mainbar.has-sidebar {
		margin-left: 330px;
	}
	@media (min-width: 1511px) {
		.sidebar {
			width: 400px;
		}
		.bar-wrapper.has-sidebar {
			max-width: 1510px;
		}
		.mainbar.has-sidebar {
			margin-left: 410px;
		}
	}
	.section.first-section {
		margin-top: 9px;
	}
	.blocklink small {
		white-space: normal;
	}
	.button {
		vertical-align: middle;
	}
	.replay-controls {
		padding-top: 10px;
	}
	.replay-controls h1 {
		font-size: 16pt;
		font-weight: normal;
		color: #CCC;
	}
	.pagelink {
		text-align: center;
	}
	.pagelink a {
		width: 150px;
	}
	.textbox, .button {
		font-size: 11pt;
		vertical-align: middle;
	}
	@media (max-width: 450px) {
		.button {
			font-size: 9pt;
		}
	}
</style>

<div>

	<header>
		<div class="nav-wrapper"><ul class="nav">
			<li><a class="button nav-first" href="//pokemonshowdown.com/"><img src="//pokemonshowdown.com/images/pokemonshowdownbeta.png" srcset="//pokemonshowdown.com/images/pokemonshowdownbeta.png 1x, //pokemonshowdown.com/images/pokemonshowdownbeta@2x.png 2x" alt="Pok&eacute;mon Showdown" width="146" height="44" /> Home</a></li>
			<li><a class="button" href="//pokemonshowdown.com/dex/">Pok&eacute;dex</a></li>
			<li><a class="button cur" href="/">Replays</a></li>
			<li><a class="button" href="//pokemonshowdown.com/ladder/">Ladder</a></li>
			<li><a class="button nav-last" href="//pokemonshowdown.com/forums/">Forum</a></li>
			<li><a class="button greenbutton nav-first nav-last" href="//play.pokemonshowdown.com/">Play</a></li>
		</ul></div>
	</header>

	<div class="main" id="main">

		<noscript><section class="section">You need to enable JavaScript to use this page; sorry!</section></noscript>

	</div>

</div>

<script defer nomodule src="//play.pokemonshowdown.com/js/lib/ps-polyfill.js"></script>
<script defer src="//play.pokemonshowdown.com/js/lib/preact.min.js"></script>

<script defer src="//play.pokemonshowdown.com/config/config.js?2bddbc15"></script>
<script defer src="//play.pokemonshowdown.com/js/lib/jquery-1.11.0.min.js"></script>
<script defer src="//play.pokemonshowdown.com/js/lib/html-sanitizer-minified.js"></script>
<script defer src="//play.pokemonshowdown.com/js/battle-sound.js"></script>
<script defer src="//play.pokemonshowdown.com/js/battledata.js?0.7209276989879541"></script>
<script defer src="//play.pokemonshowdown.com/data/pokedex-mini.js?0.6111056340867951"></script>
<script defer src="//play.pokemonshowdown.com/data/pokedex-mini-bw.js?0.3532142036491459"></script>
<script defer src="//play.pokemonshowdown.com/data/graphics.js?0.24223875632456182"></script>
<script defer src="//play.pokemonshowdown.com/data/pokedex.js?0.38839984266356864"></script>
<script defer src="//play.pokemonshowdown.com/data/moves.js?0.21866028504024015"></script>
<script defer src="//play.pokemonshowdown.com/data/abilities.js?0.2005157953846628"></script>
<script defer src="//play.pokemonshowdown.com/data/items.js?0.9894211263848525"></script>
<script defer src="//play.pokemonshowdown.com/data/teambuilder-tables.js?0.6008791140282215"></script>
<script defer src="//play.pokemonshowdown.com/js/battle-tooltips.js?0.7580118955022959"></script>
<script defer src="//play.pokemonshowdown.com/js/battle.js?0.6057722274234274"></script>

<script defer src="js/utils.js?e31f9a17"></script>
<script defer src="js/replays-battle.js?7008c182"></script>

<!-- don't scrape this data! just add .json or .log after the URL!
Full API docs: https://github.com/smogon/pokemon-showdown-client/blob/master/WEB-API.md -->
<script type="text/plain" class="log" id="replaylog-smogtours-gen3ou-801330">
|inactive|Battle timer is ON: inactive players will automatically lose when time's up.
|t:|1729646334
|gametype|singles
|player|p1|SBMalus|170|
|player|p2|TreinerOrenge|#dpppliii|
|teamsize|p1|6
|teamsize|p2|6
|gen|3
|tier|[Gen 3] OU
|rule|Sleep Clause Mod: Limit one foe put to sleep
|rule|Switch Priority Clause Mod: Faster Pokémon switch first
|rule|Species Clause: Limit one of each Pokémon
|rule|OHKO Clause: OHKO moves are banned
|rule|Evasion Items Clause: Evasion items are banned
|rule|Evasion Moves Clause: Evasion moves are banned
|rule|Endless Battle Clause: Forcing endless battles is banned
|rule|HP Percentage Mod: HP is shown in percentages
|rule|One Boost Passer Clause: Limit one Baton Passer that has a way to boost its stats
|rule|Freeze Clause Mod: Limit one foe frozen
|
|t:|1729646334
|start
|switch|p1a: Tyranitar|Tyranitar, M, shiny|100/100
|switch|p2a: Zapdos|Zapdos|100/100
|-weather|Sandstorm|[from] ability: Sand Stream|[of] p1a: Tyranitar
|turn|1
|
|t:|1729646341
|move|p2a: Zapdos|Baton Pass|p2a: Zapdos
|
|t:|1729646343
|switch|p2a: Swampert|Swampert, F|100/100|[from] Baton Pass
|move|p1a: Tyranitar|Rock Slide|p2a: Swampert
|-resisted|p2a: Swampert
|-damage|p2a: Swampert|85/100
|
|-weather|Sandstorm|[upkeep]
|-heal|p2a: Swampert|91/100|[from] item: Leftovers
|upkeep
|turn|2
|
|t:|1729646348
|switch|p1a: Skarmory|Skarmory, M|100/100
|move|p2a: Swampert|Surf|p1a: Skarmory
|-damage|p1a: Skarmory|75/100
|
|-weather|Sandstorm|[upkeep]
|-heal|p1a: Skarmory|81/100|[from] item: Leftovers
|-heal|p2a: Swampert|97/100|[from] item: Leftovers
|upkeep
|turn|3
|
|t:|1729646352
|switch|p2a: Smeargle|Smeargle, F|100/100
|move|p1a: Skarmory|Spikes|p2a: Smeargle
|-sidestart|p2: TreinerOrenge|Spikes
|
|-weather|Sandstorm|[upkeep]
|-damage|p2a: Smeargle|95/100|[from] Sandstorm
|-heal|p1a: Skarmory|87/100|[from] item: Leftovers
|upkeep
|turn|4
|c|☆SBMalus|oh no…
|
|t:|1729646368
|switch|p1a: Tyranitar|Tyranitar, M, shiny|100/100
|move|p2a: Smeargle|Spore|p1a: Tyranitar
|-status|p1a: Tyranitar|slp|[from] move: Spore
|
|-weather|Sandstorm|[upkeep]
|-damage|p2a: Smeargle|89/100|[from] Sandstorm
|upkeep
|turn|5
|
|t:|1729646373
|switch|p1a: Moltres|Moltres|100/100
|move|p2a: Smeargle|Spikes|p1a: Moltres
|-sidestart|p1: SBMalus|Spikes
|
|-weather|Sandstorm|[upkeep]
|-damage|p1a: Moltres|94/100|[from] Sandstorm
|-damage|p2a: Smeargle|83/100|[from] Sandstorm
|-heal|p1a: Moltres|100/100|[from] item: Leftovers
|upkeep
|turn|6
|
|t:|1729646382
|switch|p2a: Tyranitar|Tyranitar, M|100/100
|-damage|p2a: Tyranitar|88/100|[from] Spikes
|move|p1a: Moltres|Overheat|p2a: Tyranitar
|-resisted|p2a: Tyranitar
|-damage|p2a: Tyranitar|58/100
|-unboost|p1a: Moltres|spa|2
|
|-weather|Sandstorm|[upkeep]
|-damage|p1a: Moltres|94/100|[from] Sandstorm
|-heal|p1a: Moltres|100/100|[from] item: Leftovers
|-heal|p2a: Tyranitar|64/100|[from] item: Leftovers
|upkeep
|turn|7
|
|t:|1729646390
|switch|p1a: Skarmory|Skarmory, M|87/100
|move|p2a: Tyranitar|Crunch|p1a: Skarmory
|-resisted|p1a: Skarmory
|-damage|p1a: Skarmory|69/100
|-unboost|p1a: Skarmory|spd|1
|
|-weather|Sandstorm|[upkeep]
|-heal|p2a: Tyranitar|70/100|[from] item: Leftovers
|-heal|p1a: Skarmory|75/100|[from] item: Leftovers
|upkeep
|turn|8
|
|t:|1729646397
|switch|p1a: Moltres|Moltres|100/100
|move|p2a: Tyranitar|Fire Blast|p1a: Moltres
|-resisted|p1a: Moltres
|-crit|p1a: Moltres
|-damage|p1a: Moltres|59/100
|
|-weather|Sandstorm|[upkeep]
|-damage|p1a: Moltres|53/100|[from] Sandstorm
|-heal|p1a: Moltres|59/100|[from] item: Leftovers
|-heal|p2a: Tyranitar|76/100|[from] item: Leftovers
|upkeep
|turn|9
|
|t:|1729646400
|move|p1a: Moltres|Hidden Power|p2a: Tyranitar
|-supereffective|p2a: Tyranitar
|-damage|p2a: Tyranitar|36/100
|move|p2a: Tyranitar|Crunch|p1a: Moltres
|-damage|p1a: Moltres|17/100
|
|-weather|Sandstorm|[upkeep]
|-damage|p1a: Moltres|11/100|[from] Sandstorm
|-heal|p1a: Moltres|17/100|[from] item: Leftovers
|-heal|p2a: Tyranitar|42/100|[from] item: Leftovers
|upkeep
|turn|10
|
|t:|1729646404
|move|p1a: Moltres|Hidden Power|p2a: Tyranitar
|-supereffective|p2a: Tyranitar
|-damage|p2a: Tyranitar|0 fnt
|faint|p2a: Tyranitar
|
|t:|1729646407
|switch|p2a: Gengar|Gengar, M|100/100
|
|-weather|Sandstorm|[upkeep]
|-damage|p2a: Gengar|94/100|[from] Sandstorm
|-damage|p1a: Moltres|11/100|[from] Sandstorm
|-heal|p2a: Gengar|100/100|[from] item: Leftovers
|-heal|p1a: Moltres|17/100|[from] item: Leftovers
|upkeep
|turn|11
|
|t:|1729646411
|switch|p1a: Jirachi|Jirachi|100/100
|-damage|p1a: Jirachi|88/100|[from] Spikes
|move|p2a: Gengar|Ice Punch|p1a: Jirachi
|-resisted|p1a: Jirachi
|-damage|p1a: Jirachi|81/100
|
|-weather|Sandstorm|[upkeep]
|-damage|p2a: Gengar|94/100|[from] Sandstorm
|-heal|p2a: Gengar|100/100|[from] item: Leftovers
|-heal|p1a: Jirachi|87/100|[from] item: Leftovers
|upkeep
|turn|12
|
|t:|1729646418
|move|p2a: Gengar|Fire Punch|p1a: Jirachi
|-supereffective|p1a: Jirachi
|-damage|p1a: Jirachi|57/100
|move|p1a: Jirachi|Wish|p1a: Jirachi
|
|-weather|Sandstorm|[upkeep]
|-damage|p2a: Gengar|94/100|[from] Sandstorm
|-heal|p2a: Gengar|100/100|[from] item: Leftovers
|-heal|p1a: Jirachi|63/100|[from] item: Leftovers
|upkeep
|turn|13
|
|t:|1729646425
|move|p2a: Gengar|Ice Punch|p1a: Jirachi
|-resisted|p1a: Jirachi
|-damage|p1a: Jirachi|55/100
|move|p1a: Jirachi|Fire Punch|p2a: Gengar
|-damage|p2a: Gengar|77/100
|-status|p2a: Gengar|brn
|
|-heal|p1a: Jirachi|100/100|[from] move: Wish|[wisher] Jirachi
|-weather|Sandstorm|[upkeep]
|-damage|p2a: Gengar|71/100 brn|[from] Sandstorm
|-heal|p2a: Gengar|77/100 brn|[from] item: Leftovers
|-damage|p2a: Gengar|65/100 brn|[from] brn
|upkeep
|turn|14
|
|t:|1729646430
|move|p2a: Gengar|Fire Punch|p1a: Jirachi
|-supereffective|p1a: Jirachi
|-damage|p1a: Jirachi|66/100
|move|p1a: Jirachi|Wish|p1a: Jirachi
|
|-weather|Sandstorm|[upkeep]
|-damage|p2a: Gengar|59/100 brn|[from] Sandstorm
|-heal|p2a: Gengar|65/100 brn|[from] item: Leftovers
|-damage|p2a: Gengar|52/100 brn|[from] brn
|-heal|p1a: Jirachi|73/100|[from] item: Leftovers
|upkeep
|turn|15
|
|t:|1729646435
|switch|p2a: Zapdos|Zapdos|100/100
|move|p1a: Jirachi|Protect||[still]
|-fail|p1a: Jirachi
|
|-heal|p1a: Jirachi|100/100|[from] move: Wish|[wisher] Jirachi
|-weather|Sandstorm|[upkeep]
|-damage|p2a: Zapdos|94/100|[from] Sandstorm
|-heal|p2a: Zapdos|100/100|[from] item: Leftovers
|upkeep
|turn|16
|
|t:|1729646447
|switch|p2a: Gengar|Gengar, M|52/100 brn
|move|p1a: Jirachi|Body Slam|p2a: Gengar
|-immune|p2a: Gengar
|
|-weather|Sandstorm|[upkeep]
|-damage|p2a: Gengar|46/100 brn|[from] Sandstorm
|-heal|p2a: Gengar|52/100 brn|[from] item: Leftovers
|-damage|p2a: Gengar|40/100 brn|[from] brn
|upkeep
|turn|17
|
|t:|1729646455
|move|p2a: Gengar|Fire Punch|p1a: Jirachi
|-supereffective|p1a: Jirachi
|-damage|p1a: Jirachi|71/100
|move|p1a: Jirachi|Wish|p1a: Jirachi
|
|-weather|Sandstorm|[upkeep]
|-damage|p2a: Gengar|34/100 brn|[from] Sandstorm
|-heal|p2a: Gengar|40/100 brn|[from] item: Leftovers
|-damage|p2a: Gengar|28/100 brn|[from] brn
|-heal|p1a: Jirachi|77/100|[from] item: Leftovers
|upkeep
|turn|18
|
|t:|1729646463
|move|p2a: Gengar|Fire Punch|p1a: Jirachi
|-supereffective|p1a: Jirachi
|-damage|p1a: Jirachi|43/100
|move|p1a: Jirachi|Fire Punch|p2a: Gengar
|-damage|p2a: Gengar|4/100 brn
|
|-heal|p1a: Jirachi|93/100|[from] move: Wish|[wisher] Jirachi
|-weather|Sandstorm|[upkeep]
|-damage|p2a: Gengar|0 fnt|[from] Sandstorm
|faint|p2a: Gengar
|-heal|p1a: Jirachi|99/100|[from] item: Leftovers
|upkeep
|
|t:|1729646465
|switch|p2a: Swampert|Swampert, F|97/100
|-damage|p2a: Swampert|85/100|[from] Spikes
|turn|19
|
|t:|1729646468
|move|p1a: Jirachi|Wish|p1a: Jirachi
|move|p2a: Swampert|Earthquake|p1a: Jirachi
|-supereffective|p1a: Jirachi
|-damage|p1a: Jirachi|36/100
|
|-weather|Sandstorm|[upkeep]
|-heal|p1a: Jirachi|42/100|[from] item: Leftovers
|-heal|p2a: Swampert|91/100|[from] item: Leftovers
|upkeep
|turn|20
|
|t:|1729646472
|move|p1a: Jirachi|Protect|p1a: Jirachi
|-singleturn|p1a: Jirachi|Protect
|move|p2a: Swampert|Earthquake|p1a: Jirachi
|-activate|p1a: Jirachi|Protect
|
|-heal|p1a: Jirachi|92/100|[from] move: Wish|[wisher] Jirachi
|-weather|Sandstorm|[upkeep]
|-heal|p1a: Jirachi|98/100|[from] item: Leftovers
|-heal|p2a: Swampert|97/100|[from] item: Leftovers
|upkeep
|turn|21
|
|t:|1729646477
|switch|p1a: Articuno|Articuno|100/100
|move|p2a: Swampert|Earthquake|p1a: Articuno
|-immune|p1a: Articuno
|
|-weather|Sandstorm|[upkeep]
|-damage|p1a: Articuno|94/100|[from] Sandstorm
|-heal|p1a: Articuno|100/100|[from] item: Leftovers
|-heal|p2a: Swampert|100/100|[from] item: Leftovers
|upkeep
|turn|22
|
|t:|1729646481
|switch|p2a: Smeargle|Smeargle, F|83/100
|-damage|p2a: Smeargle|70/100|[from] Spikes
|move|p1a: Articuno|Heal Bell|p1a: Articuno
|-activate|p1a: Articuno|move: Heal Bell
|-curestatus|p1: Tyranitar|slp|[silent]
|
|-weather|Sandstorm|[upkeep]
|-damage|p2a: Smeargle|64/100|[from] Sandstorm
|-damage|p1a: Articuno|94/100|[from] Sandstorm
|-heal|p1a: Articuno|100/100|[from] item: Leftovers
|upkeep
|turn|23
|
|t:|1729646487
|move|p2a: Smeargle|Will-O-Wisp|p1a: Articuno
|-status|p1a: Articuno|brn
|move|p1a: Articuno|Sleep Talk|p1a: Articuno
|
|-weather|Sandstorm|[upkeep]
|-damage|p2a: Smeargle|58/100|[from] Sandstorm
|-damage|p1a: Articuno|94/100 brn|[from] Sandstorm
|-heal|p1a: Articuno|100/100 brn|[from] item: Leftovers
|-damage|p1a: Articuno|88/100 brn|[from] brn
|upkeep
|turn|24
|
|t:|1729646492
|move|p2a: Smeargle|Spikes|p1a: Articuno
|-sidestart|p1: SBMalus|Spikes
|move|p1a: Articuno|Ice Beam|p2a: Smeargle
|-crit|p2a: Smeargle
|-damage|p2a: Smeargle|0 fnt
|faint|p2a: Smeargle
|
|t:|1729646494
|switch|p2a: Zapdos|Zapdos|100/100
|
|-weather|Sandstorm|[upkeep]
|-damage|p2a: Zapdos|94/100|[from] Sandstorm
|-damage|p1a: Articuno|82/100 brn|[from] Sandstorm
|-heal|p2a: Zapdos|100/100|[from] item: Leftovers
|-heal|p1a: Articuno|88/100 brn|[from] item: Leftovers
|-damage|p1a: Articuno|75/100 brn|[from] brn
|upkeep
|turn|25
|
|t:|1729646507
|switch|p1a: Tyranitar|Tyranitar, M, shiny|100/100
|-damage|p1a: Tyranitar|84/100|[from] Spikes
|move|p2a: Zapdos|Thunderbolt|p1a: Tyranitar
|-damage|p1a: Tyranitar|43/100
|
|-weather|Sandstorm|[upkeep]
|-damage|p2a: Zapdos|94/100|[from] Sandstorm
|-heal|p2a: Zapdos|100/100|[from] item: Leftovers
|-heal|p1a: Tyranitar|49/100|[from] item: Leftovers
|upkeep
|turn|26
|
|t:|1729646512
|switch|p2a: Swampert|Swampert, F|100/100
|-damage|p2a: Swampert|88/100|[from] Spikes
|move|p1a: Tyranitar|Rock Slide|p2a: Swampert
|-resisted|p2a: Swampert
|-damage|p2a: Swampert|72/100
|
|-weather|Sandstorm|[upkeep]
|-heal|p1a: Tyranitar|55/100|[from] item: Leftovers
|-heal|p2a: Swampert|78/100|[from] item: Leftovers
|upkeep
|turn|27
|
|t:|1729646516
|switch|p1a: Articuno|Articuno|75/100 brn
|move|p2a: Swampert|Surf|p1a: Articuno
|-damage|p1a: Articuno|59/100 brn
|
|-weather|Sandstorm|[upkeep]
|-damage|p1a: Articuno|52/100 brn|[from] Sandstorm
|-heal|p1a: Articuno|59/100 brn|[from] item: Leftovers
|-damage|p1a: Articuno|46/100 brn|[from] brn
|-heal|p2a: Swampert|85/100|[from] item: Leftovers
|upkeep
|turn|28
|
|t:|1729646524
|-singleturn|p2a: Swampert|move: Focus Punch
|move|p1a: Articuno|Rest|p1a: Articuno
|-status|p1a: Articuno|slp|[from] move: Rest
|-heal|p1a: Articuno|100/100 slp|[silent]
|move|p2a: Swampert|Focus Punch|p1a: Articuno
|-damage|p1a: Articuno|67/100 slp
|
|-weather|Sandstorm|[upkeep]
|-damage|p1a: Articuno|61/100 slp|[from] Sandstorm
|-heal|p1a: Articuno|67/100 slp|[from] item: Leftovers
|-heal|p2a: Swampert|91/100|[from] item: Leftovers
|upkeep
|turn|29
|
|t:|1729646531
|-singleturn|p2a: Swampert|move: Focus Punch
|cant|p1a: Articuno|slp
|move|p1a: Articuno|Sleep Talk|p1a: Articuno
|move|p1a: Articuno|Rest|p1a: Articuno|[from]Sleep Talk
|move|p2a: Swampert|Focus Punch|p1a: Articuno
|-damage|p1a: Articuno|37/100 slp
|
|-weather|Sandstorm|[upkeep]
|-damage|p1a: Articuno|30/100 slp|[from] Sandstorm
|-heal|p1a: Articuno|37/100 slp|[from] item: Leftovers
|-heal|p2a: Swampert|97/100|[from] item: Leftovers
|upkeep
|turn|30
|
|t:|1729646538
|-singleturn|p2a: Swampert|move: Focus Punch
|switch|p1a: Gengar|Gengar, M, shiny|100/100
|move|p2a: Swampert|Focus Punch|p1a: Gengar
|-immune|p1a: Gengar
|
|-weather|Sandstorm|[upkeep]
|-damage|p1a: Gengar|94/100|[from] Sandstorm
|-heal|p1a: Gengar|100/100|[from] item: Leftovers
|-heal|p2a: Swampert|100/100|[from] item: Leftovers
|upkeep
|turn|31
|
|t:|1729646555
|move|p1a: Gengar|Will-O-Wisp|p2a: Swampert|[miss]
|-miss|p1a: Gengar|p2a: Swampert
|move|p2a: Swampert|Surf|p1a: Gengar
|-damage|p1a: Gengar|68/100
|
|-weather|Sandstorm|[upkeep]
|-damage|p1a: Gengar|62/100|[from] Sandstorm
|-heal|p1a: Gengar|68/100|[from] item: Leftovers
|upkeep
|turn|32
|
|t:|1729646563
|move|p1a: Gengar|Will-O-Wisp|p2a: Swampert
|-status|p2a: Swampert|brn
|move|p2a: Swampert|Surf|p1a: Gengar
|-damage|p1a: Gengar|38/100
|
|-weather|Sandstorm|[upkeep]
|-damage|p1a: Gengar|31/100|[from] Sandstorm
|-heal|p1a: Gengar|38/100|[from] item: Leftovers
|-damage|p2a: Swampert|88/100 brn|[from] brn
|upkeep
|turn|33
|
|t:|1729646573
|switch|p1a: Jirachi|Jirachi|98/100
|-damage|p1a: Jirachi|81/100|[from] Spikes
|move|p2a: Swampert|Surf|p1a: Jirachi
|-damage|p1a: Jirachi|62/100
|
|-weather|Sandstorm|[upkeep]
|-heal|p1a: Jirachi|68/100|[from] item: Leftovers
|-heal|p2a: Swampert|94/100 brn|[from] item: Leftovers
|-damage|p2a: Swampert|82/100 brn|[from] brn
|upkeep
|turn|34
|
|t:|1729646578
|switch|p2a: Zapdos|Zapdos|100/100
|move|p1a: Jirachi|Wish|p1a: Jirachi
|
|-weather|Sandstorm|[upkeep]
|-damage|p2a: Zapdos|94/100|[from] Sandstorm
|-heal|p2a: Zapdos|100/100|[from] item: Leftovers
|-heal|p1a: Jirachi|74/100|[from] item: Leftovers
|upkeep
|turn|35
|
|t:|1729646581
|move|p2a: Zapdos|Thunderbolt|p1a: Jirachi
|-damage|p1a: Jirachi|41/100
|move|p1a: Jirachi|Body Slam|p2a: Zapdos
|-damage|p2a: Zapdos|79/100
|-status|p2a: Zapdos|par
|
|-heal|p1a: Jirachi|91/100|[from] move: Wish|[wisher] Jirachi
|-weather|Sandstorm|[upkeep]
|-damage|p2a: Zapdos|72/100 par|[from] Sandstorm
|-heal|p1a: Jirachi|97/100|[from] item: Leftovers
|-heal|p2a: Zapdos|79/100 par|[from] item: Leftovers
|upkeep
|turn|36
|
|t:|1729646586
|move|p1a: Jirachi|Wish|p1a: Jirachi
|move|p2a: Zapdos|Thunderbolt|p1a: Jirachi
|-crit|p1a: Jirachi
|-damage|p1a: Jirachi|34/100
|-status|p1a: Jirachi|par
|
|-weather|Sandstorm|[upkeep]
|-damage|p2a: Zapdos|72/100 par|[from] Sandstorm
|-heal|p2a: Zapdos|79/100 par|[from] item: Leftovers
|-heal|p1a: Jirachi|40/100 par|[from] item: Leftovers
|upkeep
|turn|37
|
|t:|1729646616
|move|p1a: Jirachi|Protect|p1a: Jirachi
|-singleturn|p1a: Jirachi|Protect
|cant|p2a: Zapdos|par
|
|-heal|p1a: Jirachi|90/100 par|[from] move: Wish|[wisher] Jirachi
|-weather|Sandstorm|[upkeep]
|-damage|p2a: Zapdos|72/100 par|[from] Sandstorm
|-heal|p2a: Zapdos|79/100 par|[from] item: Leftovers
|-heal|p1a: Jirachi|96/100 par|[from] item: Leftovers
|upkeep
|turn|38
|
|t:|1729646618
|move|p2a: Zapdos|Thunderbolt|p1a: Jirachi
|-damage|p1a: Jirachi|67/100 par
|move|p1a: Jirachi|Wish|p1a: Jirachi
|
|-weather|Sandstorm|[upkeep]
|-damage|p2a: Zapdos|72/100 par|[from] Sandstorm
|-heal|p2a: Zapdos|79/100 par|[from] item: Leftovers
|-heal|p1a: Jirachi|73/100 par|[from] item: Leftovers
|upkeep
|turn|39
|
|t:|1729646625
|switch|p1a: Gengar|Gengar, M, shiny|38/100
|move|p2a: Zapdos|Thunderbolt|p1a: Gengar
|-damage|p1a: Gengar|0 fnt
|faint|p1a: Gengar
|
|t:|1729646626
|switch|p1a: Tyranitar|Tyranitar, M, shiny|55/100
|-damage|p1a: Tyranitar|39/100|[from] Spikes
|
|-heal|p1a: Tyranitar|89/100|[from] move: Wish|[wisher] Jirachi
|-weather|Sandstorm|[upkeep]
|-damage|p2a: Zapdos|72/100 par|[from] Sandstorm
|-heal|p1a: Tyranitar|95/100|[from] item: Leftovers
|-heal|p2a: Zapdos|79/100 par|[from] item: Leftovers
|upkeep
|turn|40
|
|t:|1729646629
|switch|p2a: Swampert|Swampert, F|82/100 brn
|-damage|p2a: Swampert|70/100 brn|[from] Spikes
|move|p1a: Tyranitar|Rock Slide|p2a: Swampert
|-resisted|p2a: Swampert
|-damage|p2a: Swampert|55/100 brn
|
|-weather|Sandstorm|[upkeep]
|-heal|p1a: Tyranitar|100/100|[from] item: Leftovers
|-heal|p2a: Swampert|61/100 brn|[from] item: Leftovers
|-damage|p2a: Swampert|49/100 brn|[from] brn
|upkeep
|turn|41
|
|t:|1729646633
|switch|p1a: Articuno|Articuno|37/100 slp
|move|p2a: Swampert|Surf|p1a: Articuno
|-damage|p1a: Articuno|20/100 slp
|
|-weather|Sandstorm|[upkeep]
|-damage|p1a: Articuno|14/100 slp|[from] Sandstorm
|-heal|p1a: Articuno|20/100 slp|[from] item: Leftovers
|-heal|p2a: Swampert|55/100 brn|[from] item: Leftovers
|-damage|p2a: Swampert|42/100 brn|[from] brn
|upkeep
|turn|42
|
|t:|1729646636
|switch|p2a: Aerodactyl|Aerodactyl, M|100/100
|cant|p1a: Articuno|slp
|move|p1a: Articuno|Sleep Talk|p1a: Articuno
|move|p1a: Articuno|Heal Bell|p1a: Articuno|[from]Sleep Talk
|-activate|p1a: Articuno|move: Heal Bell
|-curestatus|p1a: Articuno|slp|[silent]
|-curestatus|p1: Jirachi|par|[silent]
|
|-weather|Sandstorm|[upkeep]
|-damage|p1a: Articuno|14/100|[from] Sandstorm
|-heal|p1a: Articuno|20/100|[from] item: Leftovers
|upkeep
|turn|43
|
|t:|1729646646
|switch|p1a: Tyranitar|Tyranitar, M, shiny|100/100
|-damage|p1a: Tyranitar|84/100|[from] Spikes
|move|p2a: Aerodactyl|Rock Slide|p1a: Tyranitar|[miss]
|-miss|p2a: Aerodactyl|p1a: Tyranitar
|
|-weather|Sandstorm|[upkeep]
|-heal|p1a: Tyranitar|90/100|[from] item: Leftovers
|upkeep
|turn|44
|c|☆SBMalus|That’s tough
|
|t:|1729646666
|-singleturn|p1a: Tyranitar|move: Focus Punch
|switch|p2a: Zapdos|Zapdos|79/100 par
|move|p1a: Tyranitar|Focus Punch|p2a: Zapdos
|-resisted|p2a: Zapdos
|-damage|p2a: Zapdos|39/100 par
|
|-weather|Sandstorm|[upkeep]
|-damage|p2a: Zapdos|33/100 par|[from] Sandstorm
|-heal|p1a: Tyranitar|96/100|[from] item: Leftovers
|-heal|p2a: Zapdos|39/100 par|[from] item: Leftovers
|upkeep
|turn|45
|c|☆SBMalus|mb
|
|t:|1729646672
|move|p1a: Tyranitar|Rock Slide|p2a: Zapdos
|-supereffective|p2a: Zapdos
|-damage|p2a: Zapdos|0 fnt
|faint|p2a: Zapdos
|
|t:|1729646673
|switch|p2a: Swampert|Swampert, F|42/100 brn
|-damage|p2a: Swampert|30/100 brn|[from] Spikes
|
|-weather|Sandstorm|[upkeep]
|-heal|p1a: Tyranitar|100/100|[from] item: Leftovers
|-heal|p2a: Swampert|36/100 brn|[from] item: Leftovers
|-damage|p2a: Swampert|24/100 brn|[from] brn
|upkeep
|turn|46
|
|t:|1729646677
|move|p1a: Tyranitar|Earthquake|p2a: Swampert
|-crit|p2a: Swampert
|-damage|p2a: Swampert|0 fnt
|faint|p2a: Swampert
|
|t:|1729646679
|switch|p2a: Aerodactyl|Aerodactyl, M|100/100
|
|-weather|Sandstorm|[upkeep]
|upkeep
|turn|47
|c|☆TreinerOrenge|all good
|
|t:|1729646685
|move|p2a: Aerodactyl|Rock Slide|p1a: Tyranitar
|-crit|p1a: Tyranitar
|-damage|p1a: Tyranitar|45/100
|cant|p1a: Tyranitar|flinch
|
|-weather|Sandstorm|[upkeep]
|-heal|p1a: Tyranitar|51/100|[from] item: Leftovers
|upkeep
|turn|48
|
|t:|1729646690
|move|p2a: Aerodactyl|Rock Slide|p1a: Tyranitar|[miss]
|-miss|p2a: Aerodactyl|p1a: Tyranitar
|move|p1a: Tyranitar|Rock Slide|p2a: Aerodactyl
|-supereffective|p2a: Aerodactyl
|-damage|p2a: Aerodactyl|0 fnt
|faint|p2a: Aerodactyl
|
|win|SBMalus
|c|☆SBMalus|ggs
|c|☆TreinerOrenge|ggs
|player|p2|

</script>
<script type="application/json" class="data" id="replaydata-smogtours-gen3ou-801330">
{"id":"smogtours-gen3ou-801330","format":"[Gen 3] OU","players":["SBMalus","TreinerOrenge"],"uploadtime":1729646690,"views":129,"formatid":"gen3ou","rating":null,"private":0,"password":null}
</script>

<script defer src="js/replays.js?9d40a366"></script>
