<!DOCTYPE html>
<meta charset="utf-8" />
<meta name="viewport" content="width=device-width" />

<title>[Gen 3] OU: bydy2 vs. ali.gnome - Replays - Pok&eacute;mon Showdown!</title>

<meta name="description" content="Watch a replay of a Pok&eacute;mon battle between bydy2 and ali.gnome! Format: [Gen 3] OU; Date: Nov 1, 2024" />
<!--

Hey, you! Looking in the source for the replay log?

You can find them in JSON format, just add `.json` at the end of a replay URL.

https://replay.pokemonshowdown.com/gen7randomdoublesbattle-865046831.json

Or, if you only need the log itself, add `.log` instead:

https://replay.pokemonshowdown.com/gen7randomdoublesbattle-865046831.log

-->

<link rel="stylesheet" href="//pokemonshowdown.com/style/global.css?0.023195364461161105" />
<link rel="stylesheet" href="//play.pokemonshowdown.com/style/font-awesome.css?0.13261647063804238" />
<link rel="stylesheet" href="//play.pokemonshowdown.com/style/battle.css?0.8753245789963631" />
<link rel="stylesheet" href="//play.pokemonshowdown.com/style/utilichart.css?0.8627959624976733" />

<!-- Global site tag (gtag.js) - Google Analytics -->
<script async src="https://www.googletagmanager.com/gtag/js?id=UA-26211653-1"></script>
<script>
  window.dataLayer = window.dataLayer || [];
  function gtag(){dataLayer.push(arguments);}
  gtag('js', new Date());

  gtag('config', 'UA-26211653-1');
</script>
<!-- End Google Analytics -->
<!-- Venatus Ad Manager - Install in <HEAD> of page -->
	<script src="https://hb.vntsm.com/v3/live/ad-manager.min.js" type="text/javascript" data-site-id="642aba63ec9a7b11c3c9c1be" data-mode="scan" async></script>
<!-- / Venatus Ad Manager -->

<style>
	@media (max-width:820px) {
		.battle {
			margin: 0 auto;
		}
		.battle-log {
			margin: 7px auto 0;
			max-width: 640px;
			height: 300px;
			position: static;
		}
	}
	.optgroup {
		display: inline-block;
		line-height: 22px;
		font-size: 10pt;
	}
	.optgroup .button {
		height: 25px;
		padding-top: 0;
		padding-bottom: 0;
	}
	.optgroup button.button {
		padding-left: 12px;
		padding-right: 12px;
	}
	.linklist {
		list-style: none;
		margin: 0.5em 0;
		padding: 0;
	}
	.linklist li {
		padding: 2px 0;
	}
	.sidebar {
		float: left;
		width: 320px;
	}
	.bar-wrapper {
		max-width: 1100px;
		margin: 0 auto;
	}
	.bar-wrapper.has-sidebar {
		max-width: 1430px;
	}
	.mainbar {
		margin: 0;
		padding-right: 1px;
	}
	.mainbar.has-sidebar {
		margin-left: 330px;
	}
	@media (min-width: 1511px) {
		.sidebar {
			width: 400px;
		}
		.bar-wrapper.has-sidebar {
			max-width: 1510px;
		}
		.mainbar.has-sidebar {
			margin-left: 410px;
		}
	}
	.section.first-section {
		margin-top: 9px;
	}
	.blocklink small {
		white-space: normal;
	}
	.button {
		vertical-align: middle;
	}
	.replay-controls {
		padding-top: 10px;
	}
	.replay-controls h1 {
		font-size: 16pt;
		font-weight: normal;
		color: #CCC;
	}
	.pagelink {
		text-align: center;
	}
	.pagelink a {
		width: 150px;
	}
	.textbox, .button {
		font-size: 11pt;
		vertical-align: middle;
	}
	@media (max-width: 450px) {
		.button {
			font-size: 9pt;
		}
	}
</style>

<div>

	<header>
		<div class="nav-wrapper"><ul class="nav">
			<li><a class="button nav-first" href="//pokemonshowdown.com/"><img src="//pokemonshowdown.com/images/pokemonshowdownbeta.png" srcset="//pokemonshowdown.com/images/pokemonshowdownbeta.png 1x, //pokemonshowdown.com/images/pokemonshowdownbeta@2x.png 2x" alt="Pok&eacute;mon Showdown" width="146" height="44" /> Home</a></li>
			<li><a class="button" href="//pokemonshowdown.com/dex/">Pok&eacute;dex</a></li>
			<li><a class="button cur" href="/">Replays</a></li>
			<li><a class="button" href="//pokemonshowdown.com/ladder/">Ladder</a></li>
			<li><a class="button nav-last" href="//pokemonshowdown.com/forums/">Forum</a></li>
			<li><a class="button greenbutton nav-first nav-last" href="//play.pokemonshowdown.com/">Play</a></li>
		</ul></div>
	</header>

	<div class="main" id="main">

		<noscript><section class="section">You need to enable JavaScript to use this page; sorry!</section></noscript>

	</div>

</div>

<script defer nomodule src="//play.pokemonshowdown.com/js/lib/ps-polyfill.js"></script>
<script defer src="//play.pokemonshowdown.com/js/lib/preact.min.js"></script>

<script defer src="//play.pokemonshowdown.com/config/config.js?2bddbc15"></script>
<script defer src="//play.pokemonshowdown.com/js/lib/jquery-1.11.0.min.js"></script>
<script defer src="//play.pokemonshowdown.com/js/lib/html-sanitizer-minified.js"></script>
<script defer src="//play.pokemonshowdown.com/js/battle-sound.js"></script>
<script defer src="//play.pokemonshowdown.com/js/battledata.js?0.7209276989879541"></script>
<script defer src="//play.pokemonshowdown.com/data/pokedex-mini.js?0.6111056340867951"></script>
<script defer src="//play.pokemonshowdown.com/data/pokedex-mini-bw.js?0.3532142036491459"></script>
<script defer src="//play.pokemonshowdown.com/data/graphics.js?0.24223875632456182"></script>
<script defer src="//play.pokemonshowdown.com/data/pokedex.js?0.38839984266356864"></script>
<script defer src="//play.pokemonshowdown.com/data/moves.js?0.21866028504024015"></script>
<script defer src="//play.pokemonshowdown.com/data/abilities.js?0.2005157953846628"></script>
<script defer src="//play.pokemonshowdown.com/data/items.js?0.9894211263848525"></script>
<script defer src="//play.pokemonshowdown.com/data/teambuilder-tables.js?0.6008791140282215"></script>
<script defer src="//play.pokemonshowdown.com/js/battle-tooltips.js?0.7580118955022959"></script>
<script defer src="//play.pokemonshowdown.com/js/battle.js?0.6057722274234274"></script>

<script defer src="js/utils.js?e31f9a17"></script>
<script defer src="js/replays-battle.js?7008c182"></script>

<!-- don't scrape this data! just add .json or .log after the URL!
Full API docs: https://github.com/smogon/pokemon-showdown-client/blob/master/WEB-API.md -->
<script type="text/plain" class="log" id="replaylog-smogtours-gen3ou-803770">
|inactive|Battle timer is ON: inactive players will automatically lose when time's up.
|t:|1730487061
|gametype|singles
|player|p1|bydy2|barry|
|player|p2|ali.gnome|sage|
|teamsize|p1|6
|teamsize|p2|6
|gen|3
|tier|[Gen 3] OU
|rule|Sleep Clause Mod: Limit one foe put to sleep
|rule|Switch Priority Clause Mod: Faster Pokémon switch first
|rule|Species Clause: Limit one of each Pokémon
|rule|OHKO Clause: OHKO moves are banned
|rule|Evasion Items Clause: Evasion items are banned
|rule|Evasion Moves Clause: Evasion moves are banned
|rule|Endless Battle Clause: Forcing endless battles is banned
|rule|HP Percentage Mod: HP is shown in percentages
|rule|One Boost Passer Clause: Limit one Baton Passer that has a way to boost its stats
|rule|Freeze Clause Mod: Limit one foe frozen
|
|t:|1730487061
|start
|switch|p1a: In Da House|Salamence, M|100/100
|switch|p2a: Tyranitar|Tyranitar, M|100/100
|-ability|p1a: In Da House|Intimidate|boost
|-unboost|p2a: Tyranitar|atk|1
|-weather|Sandstorm|[from] ability: Sand Stream|[of] p2a: Tyranitar
|turn|1
|c|☆bydy2|glhf
|c|☆ali.gnome|same!
|
|t:|1730487082
|move|p1a: In Da House|Brick Break|p2a: Tyranitar
|-supereffective|p2a: Tyranitar
|-damage|p2a: Tyranitar|0 fnt
|faint|p2a: Tyranitar
|
|t:|1730487106
|switch|p2a: Salamence|Salamence, M|100/100
|-ability|p2a: Salamence|Intimidate|boost
|-unboost|p1a: In Da House|atk|1
|
|-weather|Sandstorm|[upkeep]
|-damage|p1a: In Da House|94/100|[from] Sandstorm
|-damage|p2a: Salamence|94/100|[from] Sandstorm
|-heal|p2a: Salamence|100/100|[from] item: Leftovers
|upkeep
|turn|2
|
|t:|1730487119
|switch|p1a: Suicune|Suicune|100/100
|move|p2a: Salamence|Fire Blast|p1a: Suicune
|-resisted|p1a: Suicune
|-damage|p1a: Suicune|85/100
|-status|p1a: Suicune|brn
|
|-weather|Sandstorm|[upkeep]
|-damage|p2a: Salamence|94/100|[from] Sandstorm
|-damage|p1a: Suicune|78/100 brn|[from] Sandstorm
|-heal|p2a: Salamence|100/100|[from] item: Leftovers
|-heal|p1a: Suicune|85/100 brn|[from] item: Leftovers
|-damage|p1a: Suicune|72/100 brn|[from] brn
|upkeep
|turn|3
|
|t:|1730487131
|switch|p2a: Blissey|Blissey, F|100/100
|switch|p1a: Snorlax|Snorlax, M|100/100
|
|-weather|Sandstorm|[upkeep]
|-damage|p2a: Blissey|94/100|[from] Sandstorm
|-damage|p1a: Snorlax|94/100|[from] Sandstorm
|-heal|p2a: Blissey|100/100|[from] item: Leftovers
|-heal|p1a: Snorlax|100/100|[from] item: Leftovers
|upkeep
|turn|4
|
|t:|1730487142
|switch|p2a: Skarmory|Skarmory, F, shiny|100/100
|move|p1a: Snorlax|Body Slam|p2a: Skarmory
|-resisted|p2a: Skarmory
|-damage|p2a: Skarmory|86/100
|-status|p2a: Skarmory|par
|
|-weather|Sandstorm|[upkeep]
|-damage|p1a: Snorlax|94/100|[from] Sandstorm
|-heal|p1a: Snorlax|100/100|[from] item: Leftovers
|-heal|p2a: Skarmory|92/100 par|[from] item: Leftovers
|upkeep
|turn|5
|
|t:|1730487148
|switch|p1a: Magneton|Magneton|100/100
|cant|p2a: Skarmory|par
|
|-weather|Sandstorm|[upkeep]
|-heal|p2a: Skarmory|98/100 par|[from] item: Leftovers
|upkeep
|turn|6
|
|t:|1730487152
|move|p2a: Skarmory|Protect|p2a: Skarmory
|-singleturn|p2a: Skarmory|Protect
|move|p1a: Magneton|Thunderbolt|p2a: Skarmory
|-activate|p2a: Skarmory|Protect
|
|-weather|Sandstorm|[upkeep]
|-heal|p2a: Skarmory|100/100 par|[from] item: Leftovers
|upkeep
|turn|7
|
|t:|1730487155
|move|p1a: Magneton|Thunderbolt|p2a: Skarmory
|-supereffective|p2a: Skarmory
|-damage|p2a: Skarmory|4/100 par
|move|p2a: Skarmory|Spikes|p1a: Magneton
|-sidestart|p1: bydy2|Spikes
|
|-weather|Sandstorm|[upkeep]
|-heal|p2a: Skarmory|10/100 par|[from] item: Leftovers
|upkeep
|turn|8
|
|t:|1730487160
|move|p1a: Magneton|Thunderbolt|p2a: Skarmory
|-supereffective|p2a: Skarmory
|-damage|p2a: Skarmory|0 fnt
|faint|p2a: Skarmory
|
|t:|1730487165
|switch|p2a: Salamence|Salamence, M|100/100
|-ability|p2a: Salamence|Intimidate|boost
|-unboost|p1a: Magneton|atk|1
|
|-weather|Sandstorm|[upkeep]
|-damage|p2a: Salamence|94/100|[from] Sandstorm
|-heal|p2a: Salamence|100/100|[from] item: Leftovers
|upkeep
|turn|9
|inactive|bydy2 has 270 seconds left.
|
|t:|1730487198
|switch|p1a: Claydol|Claydol|100/100
|move|p2a: Salamence|Fire Blast|p1a: Claydol
|-damage|p1a: Claydol|67/100
|
|-weather|Sandstorm|[upkeep]
|-damage|p2a: Salamence|94/100|[from] Sandstorm
|-heal|p2a: Salamence|100/100|[from] item: Leftovers
|-heal|p1a: Claydol|73/100|[from] item: Leftovers
|upkeep
|turn|10
|
|t:|1730487219
|move|p2a: Salamence|Hidden Power|p1a: Claydol
|-supereffective|p1a: Claydol
|-damage|p1a: Claydol|31/100
|move|p1a: Claydol|Rapid Spin|p2a: Salamence
|-damage|p2a: Salamence|94/100
|-sideend|p1: bydy2|Spikes|[from] move: Rapid Spin|[of] p1a: Claydol
|
|-weather|Sandstorm|[upkeep]
|-damage|p2a: Salamence|88/100|[from] Sandstorm
|-heal|p2a: Salamence|94/100|[from] item: Leftovers
|-heal|p1a: Claydol|37/100|[from] item: Leftovers
|upkeep
|turn|11
|
|t:|1730487234
|switch|p1a: Magneton|Magneton|100/100
|move|p2a: Salamence|Dragon Claw|p1a: Magneton
|-resisted|p1a: Magneton
|-damage|p1a: Magneton|66/100
|
|-weather|Sandstorm|[upkeep]
|-damage|p2a: Salamence|88/100|[from] Sandstorm
|-heal|p2a: Salamence|94/100|[from] item: Leftovers
|-heal|p1a: Magneton|72/100|[from] item: Leftovers
|upkeep
|turn|12
|
|t:|1730487239
|switch|p1a: Suicune|Suicune|72/100 brn
|move|p2a: Salamence|Fire Blast|p1a: Suicune
|-resisted|p1a: Suicune
|-damage|p1a: Suicune|56/100 brn
|
|-weather|Sandstorm|[upkeep]
|-damage|p2a: Salamence|88/100|[from] Sandstorm
|-damage|p1a: Suicune|50/100 brn|[from] Sandstorm
|-heal|p2a: Salamence|94/100|[from] item: Leftovers
|-heal|p1a: Suicune|56/100 brn|[from] item: Leftovers
|-damage|p1a: Suicune|43/100 brn|[from] brn
|upkeep
|turn|13
|
|t:|1730487242
|move|p2a: Salamence|Hidden Power|p1a: Suicune
|-supereffective|p1a: Suicune
|-damage|p1a: Suicune|8/100 brn
|move|p1a: Suicune|Ice Beam|p2a: Salamence
|-supereffective|p2a: Salamence
|-damage|p2a: Salamence|0 fnt
|faint|p2a: Salamence
|
|t:|1730487251
|switch|p2a: Blissey|Blissey, F|100/100
|
|-weather|Sandstorm|[upkeep]
|-damage|p1a: Suicune|2/100 brn|[from] Sandstorm
|-damage|p2a: Blissey|94/100|[from] Sandstorm
|-heal|p1a: Suicune|8/100 brn|[from] item: Leftovers
|-damage|p1a: Suicune|0 fnt|[from] brn
|faint|p1a: Suicune
|-heal|p2a: Blissey|100/100|[from] item: Leftovers
|upkeep
|
|t:|1730487280
|switch|p1a: Claydol|Claydol|37/100
|turn|14
|
|t:|1730487284
|move|p1a: Claydol|Earthquake|p2a: Blissey
|-crit|p2a: Blissey
|-damage|p2a: Blissey|27/100
|move|p2a: Blissey|Ice Beam|p1a: Claydol
|-supereffective|p1a: Claydol
|-damage|p1a: Claydol|0 fnt
|faint|p1a: Claydol
|
|t:|1730487293
|switch|p1a: In Da House|Salamence, M|94/100
|-ability|p1a: In Da House|Intimidate|boost
|-unboost|p2a: Blissey|atk|1
|
|-weather|Sandstorm|[upkeep]
|-damage|p1a: In Da House|88/100|[from] Sandstorm
|-damage|p2a: Blissey|21/100|[from] Sandstorm
|-heal|p2a: Blissey|27/100|[from] item: Leftovers
|upkeep
|turn|15
|inactive|ali.gnome has 270 seconds left.
|
|t:|1730487334
|switch|p2a: Claydol|Claydol, shiny|100/100
|move|p1a: In Da House|Hidden Power|p2a: Claydol
|-damage|p2a: Claydol|43/100
|
|-weather|Sandstorm|[upkeep]
|-damage|p1a: In Da House|82/100|[from] Sandstorm
|-heal|p2a: Claydol|49/100|[from] item: Leftovers
|upkeep
|turn|16
|inactive|bydy2 has 270 seconds left.
|
|t:|1730487363
|switch|p1a: Magneton|Magneton|72/100
|move|p2a: Claydol|Explosion|p1a: Magneton
|-resisted|p1a: Magneton
|-damage|p1a: Magneton|0 fnt
|faint|p2a: Claydol
|faint|p1a: Magneton
|inactive|bydy2 has 270 seconds left.
|
|t:|1730487393
|switch|p1a: Celebi|Celebi|100/100
|switch|p2a: Metagross|Metagross|100/100
|
|-weather|Sandstorm|[upkeep]
|-damage|p1a: Celebi|94/100|[from] Sandstorm
|-heal|p1a: Celebi|100/100|[from] item: Leftovers
|upkeep
|turn|17
|
|t:|1730487417
|switch|p2a: Blissey|Blissey, F|27/100
|move|p1a: Celebi|Leech Seed|p2a: Blissey
|-start|p2a: Blissey|move: Leech Seed
|
|-weather|Sandstorm|[upkeep]
|-damage|p1a: Celebi|94/100|[from] Sandstorm
|-damage|p2a: Blissey|21/100|[from] Sandstorm
|-heal|p1a: Celebi|100/100|[from] item: Leftovers
|-heal|p2a: Blissey|27/100|[from] item: Leftovers
|-damage|p2a: Blissey|15/100|[from] Leech Seed|[of] p1a: Celebi
|upkeep
|turn|18
|
|t:|1730487428
|switch|p1a: Snorlax|Snorlax, M|100/100
|move|p2a: Blissey|Soft-Boiled|p2a: Blissey
|-heal|p2a: Blissey|65/100
|
|-weather|Sandstorm|[upkeep]
|-damage|p2a: Blissey|59/100|[from] Sandstorm
|-damage|p1a: Snorlax|94/100|[from] Sandstorm
|-heal|p2a: Blissey|65/100|[from] item: Leftovers
|-damage|p2a: Blissey|52/100|[from] Leech Seed|[of] p1a: Snorlax
|-heal|p1a: Snorlax|100/100|[silent]
|upkeep
|turn|19
|
|t:|1730487436
|move|p2a: Blissey|Thunder Wave|p1a: Snorlax
|-status|p1a: Snorlax|par
|cant|p1a: Snorlax|par
|
|-weather|Sandstorm|[upkeep]
|-damage|p2a: Blissey|46/100|[from] Sandstorm
|-damage|p1a: Snorlax|94/100 par|[from] Sandstorm
|-heal|p2a: Blissey|52/100|[from] item: Leftovers
|-damage|p2a: Blissey|40/100|[from] Leech Seed|[of] p1a: Snorlax
|-heal|p1a: Snorlax|100/100 par|[silent]
|upkeep
|turn|20
|
|t:|1730487439
|move|p2a: Blissey|Soft-Boiled|p2a: Blissey
|-heal|p2a: Blissey|90/100
|move|p1a: Snorlax|Body Slam|p2a: Blissey
|-damage|p2a: Blissey|46/100
|-status|p2a: Blissey|par
|
|-weather|Sandstorm|[upkeep]
|-damage|p2a: Blissey|40/100 par|[from] Sandstorm
|-damage|p1a: Snorlax|94/100 par|[from] Sandstorm
|-heal|p2a: Blissey|46/100 par|[from] item: Leftovers
|-damage|p2a: Blissey|33/100 par|[from] Leech Seed|[of] p1a: Snorlax
|-heal|p1a: Snorlax|100/100 par|[silent]
|upkeep
|turn|21
|
|t:|1730487445
|-curestatus|p2a: Blissey|par|[from] ability: Natural Cure
|switch|p2a: Metagross|Metagross|100/100
|move|p1a: Snorlax|Body Slam|p2a: Metagross
|-resisted|p2a: Metagross
|-crit|p2a: Metagross
|-damage|p2a: Metagross|71/100
|-status|p2a: Metagross|par
|-enditem|p2a: Metagross|Lum Berry|[eat]
|-curestatus|p2a: Metagross|par|[msg]
|
|-weather|Sandstorm|[upkeep]
|-damage|p1a: Snorlax|94/100 par|[from] Sandstorm
|-heal|p1a: Snorlax|100/100 par|[from] item: Leftovers
|upkeep
|turn|22
|
|t:|1730487451
|move|p2a: Metagross|Agility|p2a: Metagross
|-boost|p2a: Metagross|spe|2
|move|p1a: Snorlax|Body Slam|p2a: Metagross
|-resisted|p2a: Metagross
|-damage|p2a: Metagross|55/100
|
|-weather|Sandstorm|[upkeep]
|-damage|p1a: Snorlax|94/100 par|[from] Sandstorm
|-heal|p1a: Snorlax|100/100 par|[from] item: Leftovers
|upkeep
|turn|23
|
|t:|1730487462
|move|p2a: Metagross|Meteor Mash|p1a: Snorlax
|-damage|p1a: Snorlax|48/100 par
|move|p1a: Snorlax|Body Slam|p2a: Metagross
|-resisted|p2a: Metagross
|-damage|p2a: Metagross|40/100
|
|-weather|Sandstorm|[upkeep]
|-damage|p1a: Snorlax|42/100 par|[from] Sandstorm
|-heal|p1a: Snorlax|48/100 par|[from] item: Leftovers
|upkeep
|turn|24
|
|t:|1730487469
|move|p2a: Metagross|Meteor Mash|p1a: Snorlax
|-damage|p1a: Snorlax|0 fnt
|faint|p1a: Snorlax
|inactive|bydy2 has 270 seconds left.
|
|t:|1730487504
|switch|p1a: In Da House|Salamence, M|82/100
|-ability|p1a: In Da House|Intimidate|boost
|-fail|p2a: Metagross|unboost|[from] ability: Clear Body|[of] p2a: Metagross
|
|-weather|Sandstorm|[upkeep]
|-damage|p1a: In Da House|76/100|[from] Sandstorm
|upkeep
|turn|25
|inactive|bydy2 has 270 seconds left.
|inactive|ali.gnome has 270 seconds left.
|
|t:|1730487535
|switch|p1a: Celebi|Celebi|100/100
|move|p2a: Metagross|Meteor Mash|p1a: Celebi
|-damage|p1a: Celebi|63/100
|
|-weather|Sandstorm|[upkeep]
|-damage|p1a: Celebi|57/100|[from] Sandstorm
|-heal|p1a: Celebi|63/100|[from] item: Leftovers
|upkeep
|turn|26
|
|t:|1730487540
|move|p2a: Metagross|Meteor Mash|p1a: Celebi
|-damage|p1a: Celebi|23/100
|move|p1a: Celebi|Recover|p1a: Celebi
|-heal|p1a: Celebi|73/100
|
|-weather|Sandstorm|[upkeep]
|-damage|p1a: Celebi|67/100|[from] Sandstorm
|-heal|p1a: Celebi|73/100|[from] item: Leftovers
|upkeep
|turn|27
|inactive|bydy2 has 270 seconds left.
|
|t:|1730487560
|move|p2a: Metagross|Meteor Mash|p1a: Celebi
|-damage|p1a: Celebi|31/100
|-boost|p2a: Metagross|atk|1
|move|p1a: Celebi|Recover|p1a: Celebi
|-heal|p1a: Celebi|81/100
|
|-weather|Sandstorm|[upkeep]
|-damage|p1a: Celebi|74/100|[from] Sandstorm
|-heal|p1a: Celebi|81/100|[from] item: Leftovers
|upkeep
|turn|28
|
|t:|1730487569
|move|p2a: Metagross|Meteor Mash|p1a: Celebi|[miss]
|-miss|p2a: Metagross|p1a: Celebi
|move|p1a: Celebi|Leech Seed|p2a: Metagross
|-start|p2a: Metagross|move: Leech Seed
|
|-weather|Sandstorm|[upkeep]
|-damage|p1a: Celebi|74/100|[from] Sandstorm
|-damage|p2a: Metagross|28/100|[from] Leech Seed|[of] p1a: Celebi
|-heal|p1a: Celebi|85/100|[silent]
|-heal|p1a: Celebi|91/100|[from] item: Leftovers
|upkeep
|turn|29
|
|t:|1730487574
|move|p2a: Metagross|Meteor Mash|p1a: Celebi
|-damage|p1a: Celebi|28/100
|move|p1a: Celebi|Recover|p1a: Celebi
|-heal|p1a: Celebi|77/100
|
|-weather|Sandstorm|[upkeep]
|-damage|p1a: Celebi|71/100|[from] Sandstorm
|-damage|p2a: Metagross|16/100|[from] Leech Seed|[of] p1a: Celebi
|-heal|p1a: Celebi|82/100|[silent]
|-heal|p1a: Celebi|88/100|[from] item: Leftovers
|upkeep
|turn|30
|
|t:|1730487590
|move|p2a: Metagross|Explosion|p1a: Celebi
|-damage|p1a: Celebi|0 fnt
|faint|p2a: Metagross
|faint|p1a: Celebi
|
|t:|1730487593
|switch|p1a: In Da House|Salamence, M|76/100
|switch|p2a: Blissey|Blissey, F|33/100
|-ability|p1a: In Da House|Intimidate|boost
|-unboost|p2a: Blissey|atk|1
|
|-weather|Sandstorm|[upkeep]
|-damage|p1a: In Da House|70/100|[from] Sandstorm
|-damage|p2a: Blissey|27/100|[from] Sandstorm
|-heal|p2a: Blissey|33/100|[from] item: Leftovers
|upkeep
|turn|31
|
|t:|1730487595
|move|p1a: In Da House|Brick Break|p2a: Blissey
|-supereffective|p2a: Blissey
|-damage|p2a: Blissey|0 fnt
|faint|p2a: Blissey
|
|win|bydy2

</script>
<script type="application/json" class="data" id="replaydata-smogtours-gen3ou-803770">
{"id":"smogtours-gen3ou-803770","format":"[Gen 3] OU","players":["bydy2","ali.gnome"],"uploadtime":1730487595,"views":78,"formatid":"gen3ou","rating":null,"private":0,"password":null}
</script>

<script defer src="js/replays.js?9d40a366"></script>
