<!DOCTYPE html>
<meta charset="utf-8" />
<meta name="viewport" content="width=device-width" />

<title>[Gen 3] OU: Ghostfall22 vs. pkLeech - Replays - Pok&eacute;mon Showdown!</title>

<meta name="description" content="Watch a replay of a Pok&eacute;mon battle between Ghostfall22 and pkLeech! Format: [Gen 3] OU; Date: Oct 25, 2024" />
<!--

Hey, you! Looking in the source for the replay log?

You can find them in JSON format, just add `.json` at the end of a replay URL.

https://replay.pokemonshowdown.com/gen7randomdoublesbattle-865046831.json

Or, if you only need the log itself, add `.log` instead:

https://replay.pokemonshowdown.com/gen7randomdoublesbattle-865046831.log

-->

<link rel="stylesheet" href="//pokemonshowdown.com/style/global.css?0.023195364461161105" />
<link rel="stylesheet" href="//play.pokemonshowdown.com/style/font-awesome.css?0.13261647063804238" />
<link rel="stylesheet" href="//play.pokemonshowdown.com/style/battle.css?0.8753245789963631" />
<link rel="stylesheet" href="//play.pokemonshowdown.com/style/utilichart.css?0.8627959624976733" />

<!-- Global site tag (gtag.js) - Google Analytics -->
<script async src="https://www.googletagmanager.com/gtag/js?id=UA-26211653-1"></script>
<script>
  window.dataLayer = window.dataLayer || [];
  function gtag(){dataLayer.push(arguments);}
  gtag('js', new Date());

  gtag('config', 'UA-26211653-1');
</script>
<!-- End Google Analytics -->
<!-- Venatus Ad Manager - Install in <HEAD> of page -->
	<script src="https://hb.vntsm.com/v3/live/ad-manager.min.js" type="text/javascript" data-site-id="642aba63ec9a7b11c3c9c1be" data-mode="scan" async></script>
<!-- / Venatus Ad Manager -->

<style>
	@media (max-width:820px) {
		.battle {
			margin: 0 auto;
		}
		.battle-log {
			margin: 7px auto 0;
			max-width: 640px;
			height: 300px;
			position: static;
		}
	}
	.optgroup {
		display: inline-block;
		line-height: 22px;
		font-size: 10pt;
	}
	.optgroup .button {
		height: 25px;
		padding-top: 0;
		padding-bottom: 0;
	}
	.optgroup button.button {
		padding-left: 12px;
		padding-right: 12px;
	}
	.linklist {
		list-style: none;
		margin: 0.5em 0;
		padding: 0;
	}
	.linklist li {
		padding: 2px 0;
	}
	.sidebar {
		float: left;
		width: 320px;
	}
	.bar-wrapper {
		max-width: 1100px;
		margin: 0 auto;
	}
	.bar-wrapper.has-sidebar {
		max-width: 1430px;
	}
	.mainbar {
		margin: 0;
		padding-right: 1px;
	}
	.mainbar.has-sidebar {
		margin-left: 330px;
	}
	@media (min-width: 1511px) {
		.sidebar {
			width: 400px;
		}
		.bar-wrapper.has-sidebar {
			max-width: 1510px;
		}
		.mainbar.has-sidebar {
			margin-left: 410px;
		}
	}
	.section.first-section {
		margin-top: 9px;
	}
	.blocklink small {
		white-space: normal;
	}
	.button {
		vertical-align: middle;
	}
	.replay-controls {
		padding-top: 10px;
	}
	.replay-controls h1 {
		font-size: 16pt;
		font-weight: normal;
		color: #CCC;
	}
	.pagelink {
		text-align: center;
	}
	.pagelink a {
		width: 150px;
	}
	.textbox, .button {
		font-size: 11pt;
		vertical-align: middle;
	}
	@media (max-width: 450px) {
		.button {
			font-size: 9pt;
		}
	}
</style>

<div>

	<header>
		<div class="nav-wrapper"><ul class="nav">
			<li><a class="button nav-first" href="//pokemonshowdown.com/"><img src="//pokemonshowdown.com/images/pokemonshowdownbeta.png" srcset="//pokemonshowdown.com/images/pokemonshowdownbeta.png 1x, //pokemonshowdown.com/images/pokemonshowdownbeta@2x.png 2x" alt="Pok&eacute;mon Showdown" width="146" height="44" /> Home</a></li>
			<li><a class="button" href="//pokemonshowdown.com/dex/">Pok&eacute;dex</a></li>
			<li><a class="button cur" href="/">Replays</a></li>
			<li><a class="button" href="//pokemonshowdown.com/ladder/">Ladder</a></li>
			<li><a class="button nav-last" href="//pokemonshowdown.com/forums/">Forum</a></li>
			<li><a class="button greenbutton nav-first nav-last" href="//play.pokemonshowdown.com/">Play</a></li>
		</ul></div>
	</header>

	<div class="main" id="main">

		<noscript><section class="section">You need to enable JavaScript to use this page; sorry!</section></noscript>

	</div>

</div>

<script defer nomodule src="//play.pokemonshowdown.com/js/lib/ps-polyfill.js"></script>
<script defer src="//play.pokemonshowdown.com/js/lib/preact.min.js"></script>

<script defer src="//play.pokemonshowdown.com/config/config.js?2bddbc15"></script>
<script defer src="//play.pokemonshowdown.com/js/lib/jquery-1.11.0.min.js"></script>
<script defer src="//play.pokemonshowdown.com/js/lib/html-sanitizer-minified.js"></script>
<script defer src="//play.pokemonshowdown.com/js/battle-sound.js"></script>
<script defer src="//play.pokemonshowdown.com/js/battledata.js?0.7209276989879541"></script>
<script defer src="//play.pokemonshowdown.com/data/pokedex-mini.js?0.6111056340867951"></script>
<script defer src="//play.pokemonshowdown.com/data/pokedex-mini-bw.js?0.3532142036491459"></script>
<script defer src="//play.pokemonshowdown.com/data/graphics.js?0.24223875632456182"></script>
<script defer src="//play.pokemonshowdown.com/data/pokedex.js?0.38839984266356864"></script>
<script defer src="//play.pokemonshowdown.com/data/moves.js?0.21866028504024015"></script>
<script defer src="//play.pokemonshowdown.com/data/abilities.js?0.2005157953846628"></script>
<script defer src="//play.pokemonshowdown.com/data/items.js?0.9894211263848525"></script>
<script defer src="//play.pokemonshowdown.com/data/teambuilder-tables.js?0.6008791140282215"></script>
<script defer src="//play.pokemonshowdown.com/js/battle-tooltips.js?0.7580118955022959"></script>
<script defer src="//play.pokemonshowdown.com/js/battle.js?0.6057722274234274"></script>

<script defer src="js/utils.js?e31f9a17"></script>
<script defer src="js/replays-battle.js?7008c182"></script>

<!-- don't scrape this data! just add .json or .log after the URL!
Full API docs: https://github.com/smogon/pokemon-showdown-client/blob/master/WEB-API.md -->
<script type="text/plain" class="log" id="replaylog-smogtours-gen3ou-801960">
|inactive|Battle timer is ON: inactive players will automatically lose when time's up.
|t:|1729895471
|gametype|singles
|player|p1|Ghostfall22|lady-gen4|
|player|p2|pkLeech|pokemonbreeder-gen4|
|teamsize|p1|6
|teamsize|p2|6
|gen|3
|tier|[Gen 3] OU
|rule|Sleep Clause Mod: Limit one foe put to sleep
|rule|Switch Priority Clause Mod: Faster Pokémon switch first
|rule|Species Clause: Limit one of each Pokémon
|rule|OHKO Clause: OHKO moves are banned
|rule|Evasion Items Clause: Evasion items are banned
|rule|Evasion Moves Clause: Evasion moves are banned
|rule|Endless Battle Clause: Forcing endless battles is banned
|rule|HP Percentage Mod: HP is shown in percentages
|rule|One Boost Passer Clause: Limit one Baton Passer that has a way to boost its stats
|rule|Freeze Clause Mod: Limit one foe frozen
|
|t:|1729895471
|start
|switch|p1a: Tyranitar|Tyranitar, M|100/100
|switch|p2a: Salamence|Salamence, M|100/100
|-ability|p2a: Salamence|Intimidate|boost
|-unboost|p1a: Tyranitar|atk|1
|-weather|Sandstorm|[from] ability: Sand Stream|[of] p1a: Tyranitar
|turn|1
|c|☆pkLeech|hf
|c|☆Ghostfall22|hf
|inactive|Ghostfall22 has 270 seconds left.
|
|t:|1729895502
|switch|p1a: Zapdos|Zapdos|100/100
|move|p2a: Salamence|Brick Break|p1a: Zapdos
|-resisted|p1a: Zapdos
|-damage|p1a: Zapdos|78/100
|
|-weather|Sandstorm|[upkeep]
|-damage|p2a: Salamence|94/100|[from] Sandstorm
|-damage|p1a: Zapdos|72/100|[from] Sandstorm
|-heal|p1a: Zapdos|78/100|[from] item: Leftovers
|upkeep
|turn|2
|
|t:|1729895515
|switch|p2a: Swampert|Swampert, F|100/100
|move|p1a: Zapdos|Baton Pass|p1a: Zapdos
|
|t:|1729895532
|switch|p1a: Swampert|Swampert, F|100/100|[from] Baton Pass
|
|-weather|Sandstorm|[upkeep]
|upkeep
|turn|3
|
|t:|1729895554
|switch|p2a: Skarmory|Skarmory, M|100/100
|move|p1a: Swampert|Surf|p2a: Skarmory
|-damage|p2a: Skarmory|65/100
|
|-weather|Sandstorm|[upkeep]
|-heal|p2a: Skarmory|71/100|[from] item: Leftovers
|upkeep
|turn|4
|
|t:|1729895565
|move|p2a: Skarmory|Spikes|p1a: Swampert
|-sidestart|p1: Ghostfall22|Spikes
|move|p1a: Swampert|Surf|p2a: Skarmory
|-damage|p2a: Skarmory|34/100
|
|-weather|Sandstorm|[upkeep]
|-heal|p2a: Skarmory|40/100|[from] item: Leftovers
|upkeep
|turn|5
|inactive|pkLeech has 270 seconds left.
|
|t:|1729895591
|switch|p1a: Tyranitar|Tyranitar, M|100/100
|-damage|p1a: Tyranitar|88/100|[from] Spikes
|move|p2a: Skarmory|Toxic|p1a: Tyranitar
|-status|p1a: Tyranitar|tox
|-enditem|p1a: Tyranitar|Lum Berry|[eat]
|-curestatus|p1a: Tyranitar|tox|[msg]
|
|-weather|Sandstorm|[upkeep]
|-heal|p2a: Skarmory|46/100|[from] item: Leftovers
|upkeep
|turn|6
|inactive|pkLeech has 270 seconds left.
|inactive|pkLeech has 240 seconds left.
|
|t:|1729895651
|switch|p2a: Salamence|Salamence, M|94/100
|-ability|p2a: Salamence|Intimidate|boost
|-unboost|p1a: Tyranitar|atk|1
|move|p1a: Tyranitar|Fire Blast|p2a: Salamence
|-resisted|p2a: Salamence
|-damage|p2a: Salamence|75/100
|
|-weather|Sandstorm|[upkeep]
|-damage|p2a: Salamence|69/100|[from] Sandstorm
|upkeep
|turn|7
|inactive|Ghostfall22 has 270 seconds left.
|
|t:|1729895683
|switch|p1a: Swampert|Swampert, F|100/100
|-damage|p1a: Swampert|88/100|[from] Spikes
|move|p2a: Salamence|Brick Break|p1a: Swampert
|-damage|p1a: Swampert|52/100
|
|-weather|Sandstorm|[upkeep]
|-damage|p2a: Salamence|63/100|[from] Sandstorm
|-heal|p1a: Swampert|58/100|[from] item: Leftovers
|upkeep
|turn|8
|inactive|Ghostfall22 has 270 seconds left.
|inactive|pkLeech has 210 seconds left.
|
|t:|1729895726
|switch|p2a: Swampert|Swampert, F|100/100
|move|p1a: Swampert|Surf|p2a: Swampert
|-damage|p2a: Swampert|69/100
|
|-weather|Sandstorm|[upkeep]
|-heal|p1a: Swampert|64/100|[from] item: Leftovers
|-heal|p2a: Swampert|75/100|[from] item: Leftovers
|upkeep
|turn|9
|inactive|Ghostfall22 has 270 seconds left.
|
|t:|1729895748
|move|p1a: Swampert|Surf|p2a: Swampert
|-damage|p2a: Swampert|44/100
|move|p2a: Swampert|Earthquake|p1a: Swampert
|-damage|p1a: Swampert|33/100
|
|-weather|Sandstorm|[upkeep]
|-heal|p1a: Swampert|39/100|[from] item: Leftovers
|-heal|p2a: Swampert|50/100|[from] item: Leftovers
|upkeep
|turn|10
|inactive|Ghostfall22 has 270 seconds left.
|
|t:|1729895769
|switch|p2a: Zapdos|Zapdos|100/100
|move|p1a: Swampert|Ice Beam|p2a: Zapdos
|-supereffective|p2a: Zapdos
|-damage|p2a: Zapdos|66/100
|
|-weather|Sandstorm|[upkeep]
|-damage|p2a: Zapdos|60/100|[from] Sandstorm
|-heal|p2a: Zapdos|66/100|[from] item: Leftovers
|-heal|p1a: Swampert|45/100|[from] item: Leftovers
|upkeep
|turn|11
|
|t:|1729895776
|switch|p1a: Zapdos|Zapdos|78/100
|move|p2a: Zapdos|Toxic|p1a: Zapdos
|-status|p1a: Zapdos|tox
|
|-weather|Sandstorm|[upkeep]
|-damage|p1a: Zapdos|72/100 tox|[from] Sandstorm
|-damage|p2a: Zapdos|60/100|[from] Sandstorm
|-heal|p1a: Zapdos|78/100 tox|[from] item: Leftovers
|-damage|p1a: Zapdos|72/100 tox|[from] psn
|-heal|p2a: Zapdos|66/100|[from] item: Leftovers
|upkeep
|turn|12
|
|t:|1729895798
|move|p1a: Zapdos|Baton Pass|p1a: Zapdos
|inactive|Ghostfall22 has 270 seconds left.
|
|t:|1729895805
|switch|p1a: Swampert|Swampert, F|45/100|[from] Baton Pass
|-damage|p1a: Swampert|33/100|[from] Spikes
|move|p2a: Zapdos|Thunderbolt|p1a: Swampert
|-immune|p1a: Swampert
|
|-weather|Sandstorm|[upkeep]
|-damage|p2a: Zapdos|60/100|[from] Sandstorm
|-heal|p2a: Zapdos|66/100|[from] item: Leftovers
|-heal|p1a: Swampert|39/100|[from] item: Leftovers
|upkeep
|turn|13
|
|t:|1729895811
|move|p2a: Zapdos|Toxic|p1a: Swampert
|-status|p1a: Swampert|tox
|move|p1a: Swampert|Ice Beam|p2a: Zapdos
|-supereffective|p2a: Zapdos
|-damage|p2a: Zapdos|28/100
|
|-weather|Sandstorm|[upkeep]
|-damage|p2a: Zapdos|22/100|[from] Sandstorm
|-heal|p2a: Zapdos|28/100|[from] item: Leftovers
|-heal|p1a: Swampert|45/100 tox|[from] item: Leftovers
|-damage|p1a: Swampert|39/100 tox|[from] psn
|upkeep
|turn|14
|inactive|pkLeech has 210 seconds left.
|
|t:|1729895835
|move|p2a: Zapdos|Rest|p2a: Zapdos
|-status|p2a: Zapdos|slp|[from] move: Rest
|-heal|p2a: Zapdos|100/100 slp|[silent]
|move|p1a: Swampert|Surf|p2a: Zapdos
|-damage|p2a: Zapdos|74/100 slp
|
|-weather|Sandstorm|[upkeep]
|-damage|p2a: Zapdos|68/100 slp|[from] Sandstorm
|-heal|p2a: Zapdos|74/100 slp|[from] item: Leftovers
|-heal|p1a: Swampert|45/100 tox|[from] item: Leftovers
|-damage|p1a: Swampert|33/100 tox|[from] psn
|upkeep
|turn|15
|inactive|Ghostfall22 has 270 seconds left.
|inactive|pkLeech has 180 seconds left.
|inactive|Ghostfall22 has 240 seconds left.
|inactive|pkLeech has 150 seconds left.
|inactive|pkLeech has 120 seconds left.
|
|t:|1729895924
|switch|p2a: Magneton|Magneton|100/100
|move|p1a: Swampert|Surf|p2a: Magneton
|-damage|p2a: Magneton|0 fnt
|faint|p2a: Magneton
|inactive|pkLeech has 120 seconds left.
|
|t:|1729895934
|switch|p2a: Salamence|Salamence, M|63/100
|-ability|p2a: Salamence|Intimidate|boost
|-unboost|p1a: Swampert|atk|1
|
|-weather|Sandstorm|[upkeep]
|-damage|p2a: Salamence|57/100|[from] Sandstorm
|-heal|p1a: Swampert|39/100 tox|[from] item: Leftovers
|-damage|p1a: Swampert|20/100 tox|[from] psn
|upkeep
|turn|16
|inactive|pkLeech has 120 seconds left.
|
|t:|1729895942
|move|p2a: Salamence|Brick Break|p1a: Swampert
|-damage|p1a: Swampert|0 fnt
|faint|p1a: Swampert
|inactive|Ghostfall22 has 240 seconds left.
|
|t:|1729895964
|switch|p1a: Zapdos|Zapdos|72/100 tox
|
|-weather|Sandstorm|[upkeep]
|-damage|p2a: Salamence|51/100|[from] Sandstorm
|-damage|p1a: Zapdos|66/100 tox|[from] Sandstorm
|-heal|p1a: Zapdos|72/100 tox|[from] item: Leftovers
|-damage|p1a: Zapdos|66/100 tox|[from] psn
|upkeep
|turn|17
|inactive|pkLeech has 120 seconds left.
|
|t:|1729895981
|switch|p2a: Blissey|Blissey, F|100/100
|move|p1a: Zapdos|Baton Pass|p1a: Zapdos
|
|t:|1729895984
|switch|p1a: Metagross|Metagross|100/100|[from] Baton Pass
|-damage|p1a: Metagross|88/100|[from] Spikes
|
|-weather|Sandstorm|[upkeep]
|-damage|p2a: Blissey|94/100|[from] Sandstorm
|-heal|p2a: Blissey|100/100|[from] item: Leftovers
|upkeep
|turn|18
|inactive|pkLeech has 120 seconds left.
|
|t:|1729896006
|switch|p2a: Skarmory|Skarmory, M|46/100
|move|p1a: Metagross|Meteor Mash|p2a: Skarmory
|-resisted|p2a: Skarmory
|-damage|p2a: Skarmory|14/100
|-boost|p1a: Metagross|atk|1
|
|-weather|Sandstorm|[upkeep]
|-heal|p2a: Skarmory|20/100|[from] item: Leftovers
|upkeep
|turn|19
|inactive|pkLeech has 120 seconds left.
|inactive|Ghostfall22 has 240 seconds left.
|
|t:|1729896027
|move|p1a: Metagross|Meteor Mash|p2a: Skarmory
|-resisted|p2a: Skarmory
|-damage|p2a: Skarmory|0 fnt
|faint|p2a: Skarmory
|inactive|pkLeech has 120 seconds left.
|
|t:|1729896054
|switch|p2a: Swampert|Swampert, F|50/100
|
|-weather|Sandstorm|[upkeep]
|-heal|p2a: Swampert|56/100|[from] item: Leftovers
|upkeep
|turn|20
|inactive|Ghostfall22 has 240 seconds left.
|
|t:|1729896063
|move|p1a: Metagross|Meteor Mash|p2a: Swampert
|-resisted|p2a: Swampert
|-damage|p2a: Swampert|9/100
|-boost|p1a: Metagross|atk|1
|move|p2a: Swampert|Earthquake|p1a: Metagross
|-supereffective|p1a: Metagross
|-damage|p1a: Metagross|24/100
|
|-weather|Sandstorm|[upkeep]
|-heal|p2a: Swampert|15/100|[from] item: Leftovers
|upkeep
|turn|21
|
|t:|1729896074
|move|p1a: Metagross|Meteor Mash|p2a: Swampert
|-resisted|p2a: Swampert
|-damage|p2a: Swampert|0 fnt
|faint|p2a: Swampert
|
|t:|1729896078
|switch|p2a: Salamence|Salamence, M|51/100
|-ability|p2a: Salamence|Intimidate|boost
|-fail|p1a: Metagross|unboost|[from] ability: Clear Body|[of] p1a: Metagross
|
|-weather|Sandstorm|[upkeep]
|-damage|p2a: Salamence|45/100|[from] Sandstorm
|upkeep
|turn|22
|inactive|pkLeech has 120 seconds left.
|
|t:|1729896088
|switch|p1a: Zapdos|Zapdos|66/100 tox
|move|p2a: Salamence|Brick Break|p1a: Zapdos
|-resisted|p1a: Zapdos
|-damage|p1a: Zapdos|44/100 tox
|
|-weather|Sandstorm|[upkeep]
|-damage|p2a: Salamence|39/100|[from] Sandstorm
|-damage|p1a: Zapdos|38/100 tox|[from] Sandstorm
|-heal|p1a: Zapdos|44/100 tox|[from] item: Leftovers
|-damage|p1a: Zapdos|38/100 tox|[from] psn
|upkeep
|turn|23
|inactive|pkLeech has 120 seconds left.
|
|t:|1729896116
|switch|p2a: Blissey|Blissey, F|100/100
|move|p1a: Zapdos|Drill Peck|p2a: Blissey
|-damage|p2a: Blissey|74/100
|
|-weather|Sandstorm|[upkeep]
|-damage|p1a: Zapdos|32/100 tox|[from] Sandstorm
|-damage|p2a: Blissey|68/100|[from] Sandstorm
|-heal|p1a: Zapdos|38/100 tox|[from] item: Leftovers
|-damage|p1a: Zapdos|26/100 tox|[from] psn
|-heal|p2a: Blissey|74/100|[from] item: Leftovers
|upkeep
|turn|24
|inactive|pkLeech has 90 seconds left.
|
|t:|1729896148
|move|p1a: Zapdos|Drill Peck|p2a: Blissey
|-damage|p2a: Blissey|49/100
|move|p2a: Blissey|Wish|p2a: Blissey
|
|-weather|Sandstorm|[upkeep]
|-damage|p1a: Zapdos|20/100 tox|[from] Sandstorm
|-damage|p2a: Blissey|43/100|[from] Sandstorm
|-heal|p1a: Zapdos|26/100 tox|[from] item: Leftovers
|-damage|p1a: Zapdos|8/100 tox|[from] psn
|-heal|p2a: Blissey|49/100|[from] item: Leftovers
|upkeep
|turn|25
|inactive|Ghostfall22 has 270 seconds left.
|
|t:|1729896172
|move|p1a: Zapdos|Thunderbolt|p2a: Blissey
|-damage|p2a: Blissey|33/100
|move|p2a: Blissey|Seismic Toss|p1a: Zapdos
|-damage|p1a: Zapdos|0 fnt
|faint|p1a: Zapdos
|
|t:|1729896188
|switch|p1a: Metagross|Metagross|24/100
|-damage|p1a: Metagross|12/100|[from] Spikes
|
|-heal|p2a: Blissey|83/100|[from] move: Wish|[wisher] Blissey
|-weather|Sandstorm|[upkeep]
|-damage|p2a: Blissey|77/100|[from] Sandstorm
|-heal|p2a: Blissey|83/100|[from] item: Leftovers
|upkeep
|turn|26
|
|t:|1729896205
|switch|p2a: Zapdos|Zapdos|74/100 slp
|move|p1a: Metagross|Meteor Mash|p2a: Zapdos
|-resisted|p2a: Zapdos
|-damage|p2a: Zapdos|31/100 slp
|-boost|p1a: Metagross|atk|1
|
|-weather|Sandstorm|[upkeep]
|-damage|p2a: Zapdos|25/100 slp|[from] Sandstorm
|-heal|p2a: Zapdos|31/100 slp|[from] item: Leftovers
|upkeep
|turn|27
|inactive|Ghostfall22 has 240 seconds left.
|
|t:|1729896250
|cant|p2a: Zapdos|slp
|move|p1a: Metagross|Meteor Mash|p2a: Zapdos
|-resisted|p2a: Zapdos
|-damage|p2a: Zapdos|0 fnt
|faint|p2a: Zapdos
|
|t:|1729896262
|switch|p2a: Salamence|Salamence, M|39/100
|-ability|p2a: Salamence|Intimidate|boost
|-fail|p1a: Metagross|unboost|[from] ability: Clear Body|[of] p1a: Metagross
|
|-weather|Sandstorm|[upkeep]
|-damage|p2a: Salamence|33/100|[from] Sandstorm
|upkeep
|turn|28
|inactive|Ghostfall22 has 210 seconds left.
|
|t:|1729896303
|move|p2a: Salamence|Rock Slide|p1a: Metagross|[miss]
|-miss|p2a: Salamence|p1a: Metagross
|move|p1a: Metagross|Meteor Mash|p2a: Salamence
|-damage|p2a: Salamence|0 fnt
|faint|p2a: Salamence
|
|t:|1729896314
|switch|p2a: Blissey|Blissey, F|83/100
|
|-weather|Sandstorm|[upkeep]
|-damage|p2a: Blissey|77/100|[from] Sandstorm
|-heal|p2a: Blissey|83/100|[from] item: Leftovers
|upkeep
|turn|29
|inactive|pkLeech has 60 seconds left.
|
|t:|1729896341
|move|p1a: Metagross|Meteor Mash|p2a: Blissey
|-damage|p2a: Blissey|0 fnt
|-boost|p1a: Metagross|atk|1
|faint|p2a: Blissey
|
|win|Ghostfall22
|c|☆pkLeech|gg
|c|☆Ghostfall22|gg
|player|p2|
|player|p2|pkLeech|pokemonbreeder-gen4|

</script>
<script type="application/json" class="data" id="replaydata-smogtours-gen3ou-801960">
{"id":"smogtours-gen3ou-801960","format":"[Gen 3] OU","players":["Ghostfall22","pkLeech"],"uploadtime":1729896341,"views":101,"formatid":"gen3ou","rating":null,"private":0,"password":null}
</script>

<script defer src="js/replays.js?9d40a366"></script>
