<!DOCTYPE html>
<meta charset="utf-8" />
<meta name="viewport" content="width=device-width" />

<title>[Gen 3] OU: TheComanderXD vs. scootymcbooty123 - Replays - Pok&eacute;mon Showdown!</title>

<meta name="description" content="Watch a replay of a Pok&eacute;mon battle between TheComanderXD and scootymcbooty123! Format: [Gen 3] OU; Date: Nov 4, 2024" />
<!--

Hey, you! Looking in the source for the replay log?

You can find them in JSON format, just add `.json` at the end of a replay URL.

https://replay.pokemonshowdown.com/gen7randomdoublesbattle-865046831.json

Or, if you only need the log itself, add `.log` instead:

https://replay.pokemonshowdown.com/gen7randomdoublesbattle-865046831.log

-->

<link rel="stylesheet" href="//pokemonshowdown.com/style/global.css?0.023195364461161105" />
<link rel="stylesheet" href="//play.pokemonshowdown.com/style/font-awesome.css?0.13261647063804238" />
<link rel="stylesheet" href="//play.pokemonshowdown.com/style/battle.css?0.8753245789963631" />
<link rel="stylesheet" href="//play.pokemonshowdown.com/style/utilichart.css?0.8627959624976733" />

<!-- Global site tag (gtag.js) - Google Analytics -->
<script async src="https://www.googletagmanager.com/gtag/js?id=UA-26211653-1"></script>
<script>
  window.dataLayer = window.dataLayer || [];
  function gtag(){dataLayer.push(arguments);}
  gtag('js', new Date());

  gtag('config', 'UA-26211653-1');
</script>
<!-- End Google Analytics -->
<!-- Venatus Ad Manager - Install in <HEAD> of page -->
	<script src="https://hb.vntsm.com/v3/live/ad-manager.min.js" type="text/javascript" data-site-id="642aba63ec9a7b11c3c9c1be" data-mode="scan" async></script>
<!-- / Venatus Ad Manager -->

<style>
	@media (max-width:820px) {
		.battle {
			margin: 0 auto;
		}
		.battle-log {
			margin: 7px auto 0;
			max-width: 640px;
			height: 300px;
			position: static;
		}
	}
	.optgroup {
		display: inline-block;
		line-height: 22px;
		font-size: 10pt;
	}
	.optgroup .button {
		height: 25px;
		padding-top: 0;
		padding-bottom: 0;
	}
	.optgroup button.button {
		padding-left: 12px;
		padding-right: 12px;
	}
	.linklist {
		list-style: none;
		margin: 0.5em 0;
		padding: 0;
	}
	.linklist li {
		padding: 2px 0;
	}
	.sidebar {
		float: left;
		width: 320px;
	}
	.bar-wrapper {
		max-width: 1100px;
		margin: 0 auto;
	}
	.bar-wrapper.has-sidebar {
		max-width: 1430px;
	}
	.mainbar {
		margin: 0;
		padding-right: 1px;
	}
	.mainbar.has-sidebar {
		margin-left: 330px;
	}
	@media (min-width: 1511px) {
		.sidebar {
			width: 400px;
		}
		.bar-wrapper.has-sidebar {
			max-width: 1510px;
		}
		.mainbar.has-sidebar {
			margin-left: 410px;
		}
	}
	.section.first-section {
		margin-top: 9px;
	}
	.blocklink small {
		white-space: normal;
	}
	.button {
		vertical-align: middle;
	}
	.replay-controls {
		padding-top: 10px;
	}
	.replay-controls h1 {
		font-size: 16pt;
		font-weight: normal;
		color: #CCC;
	}
	.pagelink {
		text-align: center;
	}
	.pagelink a {
		width: 150px;
	}
	.textbox, .button {
		font-size: 11pt;
		vertical-align: middle;
	}
	@media (max-width: 450px) {
		.button {
			font-size: 9pt;
		}
	}
</style>

<div>

	<header>
		<div class="nav-wrapper"><ul class="nav">
			<li><a class="button nav-first" href="//pokemonshowdown.com/"><img src="//pokemonshowdown.com/images/pokemonshowdownbeta.png" srcset="//pokemonshowdown.com/images/pokemonshowdownbeta.png 1x, //pokemonshowdown.com/images/pokemonshowdownbeta@2x.png 2x" alt="Pok&eacute;mon Showdown" width="146" height="44" /> Home</a></li>
			<li><a class="button" href="//pokemonshowdown.com/dex/">Pok&eacute;dex</a></li>
			<li><a class="button cur" href="/">Replays</a></li>
			<li><a class="button" href="//pokemonshowdown.com/ladder/">Ladder</a></li>
			<li><a class="button nav-last" href="//pokemonshowdown.com/forums/">Forum</a></li>
			<li><a class="button greenbutton nav-first nav-last" href="//play.pokemonshowdown.com/">Play</a></li>
		</ul></div>
	</header>

	<div class="main" id="main">

		<noscript><section class="section">You need to enable JavaScript to use this page; sorry!</section></noscript>

	</div>

</div>

<script defer nomodule src="//play.pokemonshowdown.com/js/lib/ps-polyfill.js"></script>
<script defer src="//play.pokemonshowdown.com/js/lib/preact.min.js"></script>

<script defer src="//play.pokemonshowdown.com/config/config.js?2bddbc15"></script>
<script defer src="//play.pokemonshowdown.com/js/lib/jquery-1.11.0.min.js"></script>
<script defer src="//play.pokemonshowdown.com/js/lib/html-sanitizer-minified.js"></script>
<script defer src="//play.pokemonshowdown.com/js/battle-sound.js"></script>
<script defer src="//play.pokemonshowdown.com/js/battledata.js?0.7209276989879541"></script>
<script defer src="//play.pokemonshowdown.com/data/pokedex-mini.js?0.6111056340867951"></script>
<script defer src="//play.pokemonshowdown.com/data/pokedex-mini-bw.js?0.3532142036491459"></script>
<script defer src="//play.pokemonshowdown.com/data/graphics.js?0.24223875632456182"></script>
<script defer src="//play.pokemonshowdown.com/data/pokedex.js?0.38839984266356864"></script>
<script defer src="//play.pokemonshowdown.com/data/moves.js?0.21866028504024015"></script>
<script defer src="//play.pokemonshowdown.com/data/abilities.js?0.2005157953846628"></script>
<script defer src="//play.pokemonshowdown.com/data/items.js?0.9894211263848525"></script>
<script defer src="//play.pokemonshowdown.com/data/teambuilder-tables.js?0.6008791140282215"></script>
<script defer src="//play.pokemonshowdown.com/js/battle-tooltips.js?0.7580118955022959"></script>
<script defer src="//play.pokemonshowdown.com/js/battle.js?0.6057722274234274"></script>

<script defer src="js/utils.js?e31f9a17"></script>
<script defer src="js/replays-battle.js?7008c182"></script>

<!-- don't scrape this data! just add .json or .log after the URL!
Full API docs: https://github.com/smogon/pokemon-showdown-client/blob/master/WEB-API.md -->
<script type="text/plain" class="log" id="replaylog-smogtours-gen3ou-804826">
|inactive|Battle timer is ON: inactive players will automatically lose when time's up.
|t:|1730758548
|gametype|singles
|player|p1|TheComanderXD|red|
|player|p2|scootymcbooty123|170|
|teamsize|p1|6
|teamsize|p2|6
|gen|3
|tier|[Gen 3] OU
|rule|Sleep Clause Mod: Limit one foe put to sleep
|rule|Switch Priority Clause Mod: Faster Pokémon switch first
|rule|Species Clause: Limit one of each Pokémon
|rule|OHKO Clause: OHKO moves are banned
|rule|Evasion Items Clause: Evasion items are banned
|rule|Evasion Moves Clause: Evasion moves are banned
|rule|Endless Battle Clause: Forcing endless battles is banned
|rule|HP Percentage Mod: HP is shown in percentages
|rule|One Boost Passer Clause: Limit one Baton Passer that has a way to boost its stats
|rule|Freeze Clause Mod: Limit one foe frozen
|
|t:|1730758548
|start
|switch|p1a: "Derivative"|Skarmory, F|100/100
|switch|p2a: Zapdos|Zapdos|100/100
|turn|1
|inactive|TheComanderXD has 270 seconds left.
|
|t:|1730758579
|switch|p1a: I get it|Blissey, F, shiny|100/100
|move|p2a: Zapdos|Substitute|p2a: Zapdos
|-start|p2a: Zapdos|Substitute
|-damage|p2a: Zapdos|76/100
|
|-heal|p2a: Zapdos|82/100|[from] item: Leftovers
|upkeep
|turn|2
|
|t:|1730758586
|move|p2a: Zapdos|Baton Pass|p2a: Zapdos
|
|t:|1730758589
|switch|p2a: Dugtrio|Dugtrio, M|100/100|[from] Baton Pass
|move|p1a: I get it|Ice Beam|p2a: Dugtrio
|-supereffective|p2a: Dugtrio
|-end|p2a: Dugtrio|Substitute
|
|upkeep
|turn|3
|
|t:|1730758596
|move|p2a: Dugtrio|Beat Up|p1a: I get it
|-damage|p1a: I get it|91/100
|-damage|p1a: I get it|80/100
|-damage|p1a: I get it|71/100
|-damage|p1a: I get it|60/100
|-damage|p1a: I get it|48/100
|-damage|p1a: I get it|35/100
|-hitcount|p1a: I get it|6
|move|p1a: I get it|Ice Beam|p2a: Dugtrio
|-supereffective|p2a: Dugtrio
|-damage|p2a: Dugtrio|8/100
|
|-heal|p1a: I get it|42/100|[from] item: Leftovers
|upkeep
|turn|4
|
|t:|1730758608
|move|p2a: Dugtrio|Beat Up|p1a: I get it
|-damage|p1a: I get it|33/100
|-damage|p1a: I get it|20/100
|-crit|p1a: I get it
|-damage|p1a: I get it|2/100
|-damage|p1a: I get it|0 fnt
|-hitcount|p1a: I get it|4
|faint|p1a: I get it
|
|t:|1730758621
|switch|p1a: Troll Toll|Gengar, F|100/100
|
|upkeep
|turn|5
|
|t:|1730758640
|switch|p2a: Celebi|Celebi|100/100
|move|p1a: Troll Toll|Ice Punch|p2a: Celebi
|-supereffective|p2a: Celebi
|-damage|p2a: Celebi|63/100
|
|-heal|p2a: Celebi|69/100|[from] item: Leftovers
|upkeep
|turn|6
|
|t:|1730758653
|switch|p1a: "Derivative"|Skarmory, F|100/100
|move|p2a: Celebi|Calm Mind|p2a: Celebi
|-boost|p2a: Celebi|spa|1
|-boost|p2a: Celebi|spd|1
|
|-heal|p2a: Celebi|75/100|[from] item: Leftovers
|upkeep
|turn|7
|inactive|TheComanderXD has 270 seconds left.
|
|t:|1730758679
|move|p2a: Celebi|Hidden Power|p1a: "Derivative"
|-supereffective|p1a: "Derivative"
|-damage|p1a: "Derivative"|52/100
|move|p1a: "Derivative"|Roar|p2a: Celebi
|drag|p2a: Suicune|Suicune|100/100
|
|-heal|p1a: "Derivative"|58/100|[from] item: Leftovers
|upkeep
|turn|8
|
|t:|1730758688
|switch|p2a: Moltres|Moltres|100/100
|move|p1a: "Derivative"|Spikes|p2a: Moltres
|-sidestart|p2: scootymcbooty123|Spikes
|
|-heal|p1a: "Derivative"|64/100|[from] item: Leftovers
|upkeep
|turn|9
|inactive|TheComanderXD has 270 seconds left.
|
|t:|1730758713
|switch|p1a: I started blastin|Starmie|100/100
|move|p2a: Moltres|Will-O-Wisp|p1a: I started blastin
|-status|p1a: I started blastin|brn
|
|-damage|p1a: I started blastin|88/100 brn|[from] brn
|upkeep
|turn|10
|inactive|TheComanderXD has 270 seconds left.
|
|t:|1730758731
|switch|p2a: Dugtrio|Dugtrio, M|8/100
|-damage|p2a: Dugtrio|0 fnt|[from] Spikes
|faint|p2a: Dugtrio
|
|t:|1730758745
|switch|p2a: Zapdos|Zapdos|82/100
|
|-heal|p1a: I started blastin|94/100 brn|[from] item: Leftovers
|-damage|p1a: I started blastin|82/100 brn|[from] brn
|-heal|p2a: Zapdos|88/100|[from] item: Leftovers
|upkeep
|turn|11
|inactive|TheComanderXD has 270 seconds left.
|inactive|TheComanderXD has 240 seconds left.
|
|t:|1730758794
|-curestatus|p1a: I started blastin|brn|[from] ability: Natural Cure
|switch|p1a: Oh no you don't|Tyranitar, F|100/100
|-weather|Sandstorm|[from] ability: Sand Stream|[of] p1a: Oh no you don't
|move|p2a: Zapdos|Thunderbolt|p1a: Oh no you don't
|-damage|p1a: Oh no you don't|55/100
|
|-weather|Sandstorm|[upkeep]
|-damage|p2a: Zapdos|82/100|[from] Sandstorm
|-heal|p2a: Zapdos|88/100|[from] item: Leftovers
|-heal|p1a: Oh no you don't|61/100|[from] item: Leftovers
|upkeep
|turn|12
|inactive|TheComanderXD has 210 seconds left.
|inactive|scootymcbooty123 has 270 seconds left.
|
|t:|1730758825
|move|p2a: Zapdos|Baton Pass|p2a: Zapdos
|
|t:|1730758827
|switch|p2a: Suicune|Suicune|100/100|[from] Baton Pass
|-damage|p2a: Suicune|88/100|[from] Spikes
|move|p1a: Oh no you don't|Roar|p2a: Suicune
|drag|p2a: Moltres|Moltres|100/100
|
|-weather|Sandstorm|[upkeep]
|-damage|p2a: Moltres|94/100|[from] Sandstorm
|-heal|p2a: Moltres|100/100|[from] item: Leftovers
|-heal|p1a: Oh no you don't|67/100|[from] item: Leftovers
|upkeep
|turn|13
|inactive|TheComanderXD has 210 seconds left.
|
|t:|1730758852
|switch|p2a: Suicune|Suicune|88/100
|-damage|p2a: Suicune|76/100|[from] Spikes
|switch|p1a: I started blastin|Starmie|82/100
|
|-weather|Sandstorm|[upkeep]
|-damage|p1a: I started blastin|76/100|[from] Sandstorm
|-damage|p2a: Suicune|70/100|[from] Sandstorm
|-heal|p1a: I started blastin|82/100|[from] item: Leftovers
|-heal|p2a: Suicune|76/100|[from] item: Leftovers
|upkeep
|turn|14
|inactive|TheComanderXD has 210 seconds left.
|inactive|scootymcbooty123 has 270 seconds left.
|inactive|TheComanderXD has 180 seconds left.
|
|t:|1730758904
|move|p1a: I started blastin|Thunderbolt|p2a: Suicune
|-supereffective|p2a: Suicune
|-damage|p2a: Suicune|31/100
|move|p2a: Suicune|Calm Mind|p2a: Suicune
|-boost|p2a: Suicune|spa|1
|-boost|p2a: Suicune|spd|1
|
|-weather|Sandstorm|[upkeep]
|-damage|p1a: I started blastin|76/100|[from] Sandstorm
|-damage|p2a: Suicune|25/100|[from] Sandstorm
|-heal|p1a: I started blastin|82/100|[from] item: Leftovers
|-heal|p2a: Suicune|31/100|[from] item: Leftovers
|upkeep
|turn|15
|inactive|TheComanderXD has 180 seconds left.
|
|t:|1730758932
|move|p1a: I started blastin|Thunderbolt|p2a: Suicune
|-supereffective|p2a: Suicune
|-damage|p2a: Suicune|6/100
|move|p2a: Suicune|Surf|p1a: I started blastin
|-resisted|p1a: I started blastin
|-damage|p1a: I started blastin|42/100
|
|-weather|Sandstorm|[upkeep]
|-damage|p1a: I started blastin|36/100|[from] Sandstorm
|-damage|p2a: Suicune|0 fnt|[from] Sandstorm
|faint|p2a: Suicune
|-heal|p1a: I started blastin|42/100|[from] item: Leftovers
|upkeep
|
|t:|1730758937
|switch|p2a: Zapdos|Zapdos|88/100
|turn|16
|inactive|TheComanderXD has 150 seconds left.
|inactive|TheComanderXD has 120 seconds left.
|
|t:|1730759001
|switch|p1a: Trash Man|Swampert, F|100/100
|move|p2a: Zapdos|Thunderbolt|p1a: Trash Man
|-immune|p1a: Trash Man
|
|-weather|Sandstorm|[upkeep]
|-damage|p2a: Zapdos|82/100|[from] Sandstorm
|-heal|p2a: Zapdos|88/100|[from] item: Leftovers
|upkeep
|turn|17
|inactive|scootymcbooty123 has 270 seconds left.
|
|t:|1730759012
|move|p1a: Trash Man|Protect|p1a: Trash Man
|-singleturn|p1a: Trash Man|Protect
|move|p2a: Zapdos|Baton Pass|p2a: Zapdos
|
|t:|1730759016
|switch|p2a: Celebi|Celebi|75/100|[from] Baton Pass
|-damage|p2a: Celebi|63/100|[from] Spikes
|
|-weather|Sandstorm|[upkeep]
|-damage|p2a: Celebi|56/100|[from] Sandstorm
|-heal|p2a: Celebi|63/100|[from] item: Leftovers
|upkeep
|turn|18
|inactive|TheComanderXD has 120 seconds left.
|
|t:|1730759059
|switch|p1a: "Derivative"|Skarmory, F|64/100
|move|p2a: Celebi|Calm Mind|p2a: Celebi
|-boost|p2a: Celebi|spa|1
|-boost|p2a: Celebi|spd|1
|
|-weather|Sandstorm|[upkeep]
|-damage|p2a: Celebi|56/100|[from] Sandstorm
|-heal|p2a: Celebi|63/100|[from] item: Leftovers
|-heal|p1a: "Derivative"|70/100|[from] item: Leftovers
|upkeep
|turn|19
|
|t:|1730759071
|move|p2a: Celebi|Hidden Power|p1a: "Derivative"
|-supereffective|p1a: "Derivative"
|-damage|p1a: "Derivative"|24/100
|move|p1a: "Derivative"|Roar|p2a: Celebi
|drag|p2a: Zapdos|Zapdos|88/100
|
|-weather|Sandstorm|[upkeep]
|-damage|p2a: Zapdos|82/100|[from] Sandstorm
|-heal|p2a: Zapdos|88/100|[from] item: Leftovers
|-heal|p1a: "Derivative"|30/100|[from] item: Leftovers
|upkeep
|turn|20
|
|t:|1730759081
|move|p2a: Zapdos|Substitute|p2a: Zapdos
|-start|p2a: Zapdos|Substitute
|-damage|p2a: Zapdos|63/100
|move|p1a: "Derivative"|Roar|p2a: Zapdos
|drag|p2a: Celebi|Celebi|63/100
|-damage|p2a: Celebi|50/100|[from] Spikes
|
|-weather|Sandstorm|[upkeep]
|-damage|p2a: Celebi|44/100|[from] Sandstorm
|-heal|p2a: Celebi|50/100|[from] item: Leftovers
|-heal|p1a: "Derivative"|36/100|[from] item: Leftovers
|upkeep
|turn|21
|inactive|TheComanderXD has 90 seconds left.
|
|t:|1730759107
|move|p2a: Celebi|Calm Mind|p2a: Celebi
|-boost|p2a: Celebi|spa|1
|-boost|p2a: Celebi|spd|1
|move|p1a: "Derivative"|Roar|p2a: Celebi
|drag|p2a: Kingdra|Kingdra, F|100/100
|-damage|p2a: Kingdra|88/100|[from] Spikes
|
|-weather|Sandstorm|[upkeep]
|-damage|p2a: Kingdra|82/100|[from] Sandstorm
|-heal|p1a: "Derivative"|42/100|[from] item: Leftovers
|upkeep
|turn|22
|inactive|TheComanderXD has 90 seconds left.
|c|☆scootymcbooty123|EXPOSED
|inactive|TheComanderXD has 60 seconds left.
|inactive|scootymcbooty123 has 270 seconds left.
|
|t:|1730759149
|move|p2a: Kingdra|Surf|p1a: "Derivative"
|-damage|p1a: "Derivative"|0 fnt
|faint|p1a: "Derivative"
|
|t:|1730759160
|switch|p1a: Troll Toll|Gengar, F|100/100
|
|-weather|Sandstorm|[upkeep]
|-damage|p1a: Troll Toll|94/100|[from] Sandstorm
|-damage|p2a: Kingdra|76/100|[from] Sandstorm
|-heal|p1a: Troll Toll|100/100|[from] item: Leftovers
|upkeep
|turn|23
|inactive|scootymcbooty123 has 270 seconds left.
|
|t:|1730759183
|switch|p2a: Moltres|Moltres|100/100
|move|p1a: Troll Toll|Explosion|p2a: Moltres
|-damage|p2a: Moltres|10/100
|faint|p1a: Troll Toll
|
|t:|1730759191
|switch|p1a: I started blastin|Starmie|42/100
|
|-weather|Sandstorm|[upkeep]
|-damage|p1a: I started blastin|36/100|[from] Sandstorm
|-damage|p2a: Moltres|4/100|[from] Sandstorm
|-heal|p1a: I started blastin|42/100|[from] item: Leftovers
|-heal|p2a: Moltres|10/100|[from] item: Leftovers
|upkeep
|turn|24
|
|t:|1730759198
|move|p1a: I started blastin|Thunderbolt|p2a: Moltres
|-supereffective|p2a: Moltres
|-damage|p2a: Moltres|0 fnt
|faint|p2a: Moltres
|
|t:|1730759204
|switch|p2a: Zapdos|Zapdos|63/100
|
|-weather|Sandstorm|[upkeep]
|-damage|p1a: I started blastin|36/100|[from] Sandstorm
|-damage|p2a: Zapdos|57/100|[from] Sandstorm
|-heal|p1a: I started blastin|42/100|[from] item: Leftovers
|-heal|p2a: Zapdos|63/100|[from] item: Leftovers
|upkeep
|turn|25
|inactive|TheComanderXD has 60 seconds left.
|
|t:|1730759243
|move|p1a: I started blastin|Hydro Pump|p2a: Zapdos
|-damage|p2a: Zapdos|8/100
|move|p2a: Zapdos|Thunderbolt|p1a: I started blastin
|-supereffective|p1a: I started blastin
|-damage|p1a: I started blastin|0 fnt
|faint|p1a: I started blastin
|
|t:|1730759251
|switch|p1a: Oh no you don't|Tyranitar, F|67/100
|
|-weather|Sandstorm|[upkeep]
|-damage|p2a: Zapdos|2/100|[from] Sandstorm
|-heal|p2a: Zapdos|8/100|[from] item: Leftovers
|-heal|p1a: Oh no you don't|74/100|[from] item: Leftovers
|upkeep
|turn|26
|inactive|TheComanderXD has 30 seconds left.
|
|t:|1730759268
|move|p2a: Zapdos|Thunderbolt|p1a: Oh no you don't
|-damage|p1a: Oh no you don't|32/100
|move|p1a: Oh no you don't|Hidden Power|p2a: Zapdos
|-resisted|p2a: Zapdos
|-damage|p2a: Zapdos|0 fnt
|faint|p2a: Zapdos
|inactive|scootymcbooty123 has 270 seconds left.
|inactive|scootymcbooty123 has 240 seconds left.
|
|t:|1730759315
|switch|p2a: Kingdra|Kingdra, F|76/100
|-damage|p2a: Kingdra|64/100|[from] Spikes
|
|-weather|Sandstorm|[upkeep]
|-damage|p2a: Kingdra|58/100|[from] Sandstorm
|-heal|p1a: Oh no you don't|38/100|[from] item: Leftovers
|upkeep
|turn|27
|
|t:|1730759322
|switch|p1a: Trash Man|Swampert, F|100/100
|move|p2a: Kingdra|Rain Dance|p2a: Kingdra
|-weather|RainDance
|
|-weather|RainDance|[upkeep]
|upkeep
|turn|28
|inactive|TheComanderXD has 30 seconds left.
|
|t:|1730759348
|move|p2a: Kingdra|Hidden Power|p1a: Trash Man
|-supereffective|p1a: Trash Man
|-damage|p1a: Trash Man|24/100
|move|p1a: Trash Man|Earthquake|p2a: Kingdra
|-damage|p2a: Kingdra|17/100
|
|-weather|RainDance|[upkeep]
|-heal|p1a: Trash Man|31/100|[from] item: Leftovers
|upkeep
|turn|29
|inactive|TheComanderXD has 30 seconds left.
|
|t:|1730759373
|move|p1a: Trash Man|Protect|p1a: Trash Man
|-singleturn|p1a: Trash Man|Protect
|move|p2a: Kingdra|Surf|p1a: Trash Man
|-activate|p1a: Trash Man|Protect
|
|-weather|RainDance|[upkeep]
|-heal|p1a: Trash Man|37/100|[from] item: Leftovers
|upkeep
|turn|30
|inactive|TheComanderXD has 30 seconds left.
|
|t:|1730759390
|move|p1a: Trash Man|Protect||[still]
|-fail|p1a: Trash Man
|move|p2a: Kingdra|Surf|p1a: Trash Man
|-damage|p1a: Trash Man|0 fnt
|faint|p1a: Trash Man
|inactive|TheComanderXD has 30 seconds left this turn.
|
|t:|1730759395
|switch|p1a: Oh no you don't|Tyranitar, F|38/100
|-weather|Sandstorm|[from] ability: Sand Stream|[of] p1a: Oh no you don't
|
|-weather|Sandstorm|[upkeep]
|-damage|p2a: Kingdra|11/100|[from] Sandstorm
|-heal|p1a: Oh no you don't|44/100|[from] item: Leftovers
|upkeep
|turn|31
|
|t:|1730759403
|move|p2a: Kingdra|Surf|p1a: Oh no you don't
|-supereffective|p1a: Oh no you don't
|-damage|p1a: Oh no you don't|0 fnt
|faint|p1a: Oh no you don't
|
|win|scootymcbooty123
|c|☆scootymcbooty123|GGs
|c|☆TheComanderXD|GGs
|c|☆scootymcbooty123|i was
|c|☆scootymcbooty123|SO NERVOUS to play you
|c|☆TheComanderXD|well good for you.
|c|☆TheComanderXD|hope you enjoyed the games
|c|☆TheComanderXD|you did pretty well
|c|☆scootymcbooty123|<3 thank you, you are a really good player
|c|☆scootymcbooty123|hence the nerves
|c|☆TheComanderXD|eh I kinda threw game 2 lol. But either way ggs, good luck with the rest of the tournament.
|player|p1|
|c|☆scootymcbooty123|what happened in g2?
|c|☆scootymcbooty123|oh the dbond?

</script>
<script type="application/json" class="data" id="replaydata-smogtours-gen3ou-804826">
{"id":"smogtours-gen3ou-804826","format":"[Gen 3] OU","players":["TheComanderXD","scootymcbooty123"],"uploadtime":1730759403,"views":78,"formatid":"gen3ou","rating":null,"private":0,"password":null}
</script>

<script defer src="js/replays.js?9d40a366"></script>
