<!DOCTYPE html>
<meta charset="utf-8" />
<meta name="viewport" content="width=device-width" />

<title>[Gen 3] OU: OfTheLethani vs. crab person - Replays - Pok&eacute;mon Showdown!</title>

<meta name="description" content="Watch a replay of a Pok&eacute;mon battle between OfTheLethani and crab person! Format: [Gen 3] OU; Date: Oct 24, 2024" />
<!--

Hey, you! Looking in the source for the replay log?

You can find them in JSON format, just add `.json` at the end of a replay URL.

https://replay.pokemonshowdown.com/gen7randomdoublesbattle-865046831.json

Or, if you only need the log itself, add `.log` instead:

https://replay.pokemonshowdown.com/gen7randomdoublesbattle-865046831.log

-->

<link rel="stylesheet" href="//pokemonshowdown.com/style/global.css?0.767286132409787" />
<link rel="stylesheet" href="//play.pokemonshowdown.com/style/font-awesome.css?0.9266228007934947" />
<link rel="stylesheet" href="//play.pokemonshowdown.com/style/battle.css?0.7924700842790926" />
<link rel="stylesheet" href="//play.pokemonshowdown.com/style/utilichart.css?0.8777417872839479" />

<!-- Global site tag (gtag.js) - Google Analytics -->
<script async src="https://www.googletagmanager.com/gtag/js?id=UA-26211653-1"></script>
<script>
  window.dataLayer = window.dataLayer || [];
  function gtag(){dataLayer.push(arguments);}
  gtag('js', new Date());

  gtag('config', 'UA-26211653-1');
</script>
<!-- End Google Analytics -->
<!-- Venatus Ad Manager - Install in <HEAD> of page -->
	<script src="https://hb.vntsm.com/v3/live/ad-manager.min.js" type="text/javascript" data-site-id="642aba63ec9a7b11c3c9c1be" data-mode="scan" async></script>
<!-- / Venatus Ad Manager -->

<style>
	@media (max-width:820px) {
		.battle {
			margin: 0 auto;
		}
		.battle-log {
			margin: 7px auto 0;
			max-width: 640px;
			height: 300px;
			position: static;
		}
	}
	.optgroup {
		display: inline-block;
		line-height: 22px;
		font-size: 10pt;
	}
	.optgroup .button {
		height: 25px;
		padding-top: 0;
		padding-bottom: 0;
	}
	.optgroup button.button {
		padding-left: 12px;
		padding-right: 12px;
	}
	.linklist {
		list-style: none;
		margin: 0.5em 0;
		padding: 0;
	}
	.linklist li {
		padding: 2px 0;
	}
	.sidebar {
		float: left;
		width: 320px;
	}
	.bar-wrapper {
		max-width: 1100px;
		margin: 0 auto;
	}
	.bar-wrapper.has-sidebar {
		max-width: 1430px;
	}
	.mainbar {
		margin: 0;
		padding-right: 1px;
	}
	.mainbar.has-sidebar {
		margin-left: 330px;
	}
	@media (min-width: 1511px) {
		.sidebar {
			width: 400px;
		}
		.bar-wrapper.has-sidebar {
			max-width: 1510px;
		}
		.mainbar.has-sidebar {
			margin-left: 410px;
		}
	}
	.section.first-section {
		margin-top: 9px;
	}
	.blocklink small {
		white-space: normal;
	}
	.button {
		vertical-align: middle;
	}
	.replay-controls {
		padding-top: 10px;
	}
	.replay-controls h1 {
		font-size: 16pt;
		font-weight: normal;
		color: #CCC;
	}
	.pagelink {
		text-align: center;
	}
	.pagelink a {
		width: 150px;
	}
	.textbox, .button {
		font-size: 11pt;
		vertical-align: middle;
	}
	@media (max-width: 450px) {
		.button {
			font-size: 9pt;
		}
	}
</style>

<div>

	<header>
		<div class="nav-wrapper"><ul class="nav">
			<li><a class="button nav-first" href="//pokemonshowdown.com/"><img src="//pokemonshowdown.com/images/pokemonshowdownbeta.png" srcset="//pokemonshowdown.com/images/pokemonshowdownbeta.png 1x, //pokemonshowdown.com/images/pokemonshowdownbeta@2x.png 2x" alt="Pok&eacute;mon Showdown" width="146" height="44" /> Home</a></li>
			<li><a class="button" href="//pokemonshowdown.com/dex/">Pok&eacute;dex</a></li>
			<li><a class="button cur" href="/">Replays</a></li>
			<li><a class="button" href="//pokemonshowdown.com/ladder/">Ladder</a></li>
			<li><a class="button nav-last" href="//pokemonshowdown.com/forums/">Forum</a></li>
			<li><a class="button greenbutton nav-first nav-last" href="//play.pokemonshowdown.com/">Play</a></li>
		</ul></div>
	</header>

	<div class="main" id="main">

		<noscript><section class="section">You need to enable JavaScript to use this page; sorry!</section></noscript>

	</div>

</div>

<script defer nomodule src="//play.pokemonshowdown.com/js/lib/ps-polyfill.js"></script>
<script defer src="//play.pokemonshowdown.com/js/lib/preact.min.js"></script>

<script defer src="//play.pokemonshowdown.com/config/config.js?6dec07f6"></script>
<script defer src="//play.pokemonshowdown.com/js/lib/jquery-1.11.0.min.js"></script>
<script defer src="//play.pokemonshowdown.com/js/lib/html-sanitizer-minified.js"></script>
<script defer src="//play.pokemonshowdown.com/js/battle-sound.js"></script>
<script defer src="//play.pokemonshowdown.com/js/battledata.js?0.6315294753075389"></script>
<script defer src="//play.pokemonshowdown.com/data/pokedex-mini.js?0.7603743185311358"></script>
<script defer src="//play.pokemonshowdown.com/data/pokedex-mini-bw.js?0.030888842834281283"></script>
<script defer src="//play.pokemonshowdown.com/data/graphics.js?0.05593094747507488"></script>
<script defer src="//play.pokemonshowdown.com/data/pokedex.js?0.47064822249611904"></script>
<script defer src="//play.pokemonshowdown.com/data/moves.js?0.8583693120512459"></script>
<script defer src="//play.pokemonshowdown.com/data/abilities.js?0.16017181182386842"></script>
<script defer src="//play.pokemonshowdown.com/data/items.js?0.4163379185673943"></script>
<script defer src="//play.pokemonshowdown.com/data/teambuilder-tables.js?0.31075597372830477"></script>
<script defer src="//play.pokemonshowdown.com/js/battle-tooltips.js?0.6536193500708172"></script>
<script defer src="//play.pokemonshowdown.com/js/battle.js?0.1916591943277901"></script>

<script defer src="js/utils.js?e31f9a17"></script>
<script defer src="js/replays-battle.js?7008c182"></script>

<!-- don't scrape this data! just add .json or .log after the URL!
Full API docs: https://github.com/smogon/pokemon-showdown-client/blob/master/WEB-API.md -->
<script type="text/plain" class="log" id="replaylog-smogtours-gen3ou-801582">
|inactive|Battle timer is ON: inactive players will automatically lose when time's up.
|t:|1729790796
|gametype|singles
|player|p1|OfTheLethani|gardenia-masters|
|player|p2|crab person|flint|
|teamsize|p1|6
|teamsize|p2|6
|gen|3
|tier|[Gen 3] OU
|rule|Sleep Clause Mod: Limit one foe put to sleep
|rule|Switch Priority Clause Mod: Faster Pokémon switch first
|rule|Species Clause: Limit one of each Pokémon
|rule|OHKO Clause: OHKO moves are banned
|rule|Evasion Items Clause: Evasion items are banned
|rule|Evasion Moves Clause: Evasion moves are banned
|rule|Endless Battle Clause: Forcing endless battles is banned
|rule|HP Percentage Mod: HP is shown in percentages
|rule|One Boost Passer Clause: Limit one Baton Passer that has a way to boost its stats
|rule|Freeze Clause Mod: Limit one foe frozen
|
|t:|1729790796
|start
|switch|p1a: Medicham|Medicham, M|100/100
|switch|p2a: Lubellion|Tyranitar, M|100/100
|-weather|Sandstorm|[from] ability: Sand Stream|[of] p2a: Lubellion
|turn|1
|
|t:|1729790805
|switch|p2a: Simorgh|Skarmory, M|100/100
|move|p1a: Medicham|Brick Break|p2a: Simorgh
|-crit|p2a: Simorgh
|-damage|p2a: Simorgh|33/100
|
|-weather|Sandstorm|[upkeep]
|-damage|p1a: Medicham|94/100|[from] Sandstorm
|-heal|p2a: Simorgh|39/100|[from] item: Leftovers
|upkeep
|turn|2
|
|t:|1729790813
|move|p2a: Simorgh|Protect|p2a: Simorgh
|-singleturn|p2a: Simorgh|Protect
|move|p1a: Medicham|Brick Break|p2a: Simorgh
|-activate|p2a: Simorgh|Protect
|
|-weather|Sandstorm|[upkeep]
|-damage|p1a: Medicham|88/100|[from] Sandstorm
|-heal|p2a: Simorgh|45/100|[from] item: Leftovers
|upkeep
|turn|3
|
|t:|1729790824
|-singleturn|p1a: Medicham|move: Focus Punch
|move|p1a: Medicham|Focus Punch|p2a: Simorgh
|-damage|p2a: Simorgh|0 fnt
|faint|p2a: Simorgh
|
|t:|1729790829
|switch|p2a: Magical Hats|Dugtrio, M|100/100
|
|-weather|Sandstorm|[upkeep]
|-damage|p1a: Medicham|82/100|[from] Sandstorm
|upkeep
|turn|4
|inactive|OfTheLethani has 270 seconds left.
|
|t:|1729790872
|move|p2a: Magical Hats|Earthquake|p1a: Medicham
|-damage|p1a: Medicham|0 fnt
|faint|p1a: Medicham
|
|t:|1729790888
|switch|p1a: Suicune|Suicune|100/100
|
|-weather|Sandstorm|[upkeep]
|-damage|p1a: Suicune|94/100|[from] Sandstorm
|-heal|p1a: Suicune|100/100|[from] item: Leftovers
|upkeep
|turn|5
|
|t:|1729790896
|switch|p2a: Mushroom Man No2|Breloom, F|100/100
|move|p1a: Suicune|Calm Mind|p1a: Suicune
|-boost|p1a: Suicune|spa|1
|-boost|p1a: Suicune|spd|1
|
|-weather|Sandstorm|[upkeep]
|-damage|p2a: Mushroom Man No2|94/100|[from] Sandstorm
|-damage|p1a: Suicune|94/100|[from] Sandstorm
|-heal|p2a: Mushroom Man No2|100/100|[from] item: Leftovers
|-heal|p1a: Suicune|100/100|[from] item: Leftovers
|upkeep
|turn|6
|
|t:|1729790911
|move|p2a: Mushroom Man No2|Spore|p1a: Suicune
|-status|p1a: Suicune|slp|[from] move: Spore
|cant|p1a: Suicune|slp
|
|-weather|Sandstorm|[upkeep]
|-damage|p2a: Mushroom Man No2|94/100|[from] Sandstorm
|-damage|p1a: Suicune|94/100 slp|[from] Sandstorm
|-heal|p2a: Mushroom Man No2|100/100|[from] item: Leftovers
|-heal|p1a: Suicune|100/100 slp|[from] item: Leftovers
|upkeep
|turn|7
|
|t:|1729790921
|move|p2a: Mushroom Man No2|Substitute|p2a: Mushroom Man No2
|-start|p2a: Mushroom Man No2|Substitute
|-damage|p2a: Mushroom Man No2|76/100
|-curestatus|p1a: Suicune|slp|[msg]
|move|p1a: Suicune|Ice Beam|p2a: Mushroom Man No2
|-supereffective|p2a: Mushroom Man No2
|-end|p2a: Mushroom Man No2|Substitute
|
|-weather|Sandstorm|[upkeep]
|-damage|p2a: Mushroom Man No2|69/100|[from] Sandstorm
|-damage|p1a: Suicune|94/100|[from] Sandstorm
|-heal|p2a: Mushroom Man No2|76/100|[from] item: Leftovers
|-heal|p1a: Suicune|100/100|[from] item: Leftovers
|upkeep
|turn|8
|
|t:|1729790932
|move|p2a: Mushroom Man No2|Spore|p1a: Suicune
|-status|p1a: Suicune|slp|[from] move: Spore
|cant|p1a: Suicune|slp
|
|-weather|Sandstorm|[upkeep]
|-damage|p2a: Mushroom Man No2|69/100|[from] Sandstorm
|-damage|p1a: Suicune|94/100 slp|[from] Sandstorm
|-heal|p2a: Mushroom Man No2|76/100|[from] item: Leftovers
|-heal|p1a: Suicune|100/100 slp|[from] item: Leftovers
|upkeep
|turn|9
|
|t:|1729790942
|move|p2a: Mushroom Man No2|Substitute|p2a: Mushroom Man No2
|-start|p2a: Mushroom Man No2|Substitute
|-damage|p2a: Mushroom Man No2|51/100
|cant|p1a: Suicune|slp
|
|-weather|Sandstorm|[upkeep]
|-damage|p2a: Mushroom Man No2|45/100|[from] Sandstorm
|-damage|p1a: Suicune|94/100 slp|[from] Sandstorm
|-heal|p2a: Mushroom Man No2|51/100|[from] item: Leftovers
|-heal|p1a: Suicune|100/100 slp|[from] item: Leftovers
|upkeep
|turn|10
|
|t:|1729790951
|-singleturn|p2a: Mushroom Man No2|move: Focus Punch
|cant|p1a: Suicune|slp
|move|p2a: Mushroom Man No2|Focus Punch|p1a: Suicune
|-damage|p1a: Suicune|47/100 slp
|
|-weather|Sandstorm|[upkeep]
|-damage|p2a: Mushroom Man No2|45/100|[from] Sandstorm
|-damage|p1a: Suicune|41/100 slp|[from] Sandstorm
|-heal|p2a: Mushroom Man No2|51/100|[from] item: Leftovers
|-heal|p1a: Suicune|47/100 slp|[from] item: Leftovers
|upkeep
|turn|11
|inactive|OfTheLethani has 270 seconds left.
|inactive|OfTheLethani has 240 seconds left.
|
|t:|1729791002
|-singleturn|p2a: Mushroom Man No2|move: Focus Punch
|switch|p1a: Magneton|Magneton|100/100
|move|p2a: Mushroom Man No2|Focus Punch|p1a: Magneton
|-supereffective|p1a: Magneton
|-damage|p1a: Magneton|0 fnt
|faint|p1a: Magneton
|
|t:|1729791021
|switch|p1a: Metagross|Metagross|100/100
|
|-weather|Sandstorm|[upkeep]
|-damage|p2a: Mushroom Man No2|45/100|[from] Sandstorm
|-heal|p2a: Mushroom Man No2|51/100|[from] item: Leftovers
|upkeep
|turn|12
|
|t:|1729791037
|move|p2a: Mushroom Man No2|Leech Seed|p1a: Metagross
|-start|p1a: Metagross|move: Leech Seed
|move|p1a: Metagross|Meteor Mash|p2a: Mushroom Man No2
|-end|p2a: Mushroom Man No2|Substitute
|
|-weather|Sandstorm|[upkeep]
|-damage|p2a: Mushroom Man No2|45/100|[from] Sandstorm
|-heal|p2a: Mushroom Man No2|51/100|[from] item: Leftovers
|-damage|p1a: Metagross|88/100|[from] Leech Seed|[of] p2a: Mushroom Man No2
|-heal|p2a: Mushroom Man No2|68/100|[silent]
|upkeep
|turn|13
|inactive|OfTheLethani has 210 seconds left.
|
|t:|1729791059
|move|p2a: Mushroom Man No2|Substitute|p2a: Mushroom Man No2
|-start|p2a: Mushroom Man No2|Substitute
|-damage|p2a: Mushroom Man No2|43/100
|move|p1a: Metagross|Meteor Mash|p2a: Mushroom Man No2|[miss]
|-miss|p1a: Metagross|p2a: Mushroom Man No2
|
|-weather|Sandstorm|[upkeep]
|-damage|p2a: Mushroom Man No2|37/100|[from] Sandstorm
|-heal|p2a: Mushroom Man No2|43/100|[from] item: Leftovers
|-heal|p1a: Metagross|94/100|[from] item: Leftovers
|-damage|p1a: Metagross|82/100|[from] Leech Seed|[of] p2a: Mushroom Man No2
|-heal|p2a: Mushroom Man No2|60/100|[silent]
|upkeep
|turn|14
|inactive|OfTheLethani has 210 seconds left.
|
|t:|1729791069
|-singleturn|p2a: Mushroom Man No2|move: Focus Punch
|move|p1a: Metagross|Meteor Mash|p2a: Mushroom Man No2
|-end|p2a: Mushroom Man No2|Substitute
|move|p2a: Mushroom Man No2|Focus Punch|p1a: Metagross
|-damage|p1a: Metagross|22/100
|
|-weather|Sandstorm|[upkeep]
|-damage|p2a: Mushroom Man No2|54/100|[from] Sandstorm
|-heal|p2a: Mushroom Man No2|60/100|[from] item: Leftovers
|-heal|p1a: Metagross|28/100|[from] item: Leftovers
|-damage|p1a: Metagross|15/100|[from] Leech Seed|[of] p2a: Mushroom Man No2
|-heal|p2a: Mushroom Man No2|78/100|[silent]
|upkeep
|turn|15
|inactive|OfTheLethani has 210 seconds left.
|
|t:|1729791085
|move|p2a: Mushroom Man No2|Substitute|p2a: Mushroom Man No2
|-start|p2a: Mushroom Man No2|Substitute
|-damage|p2a: Mushroom Man No2|53/100
|move|p1a: Metagross|Earthquake|p2a: Mushroom Man No2
|-resisted|p2a: Mushroom Man No2
|-end|p2a: Mushroom Man No2|Substitute
|
|-weather|Sandstorm|[upkeep]
|-damage|p2a: Mushroom Man No2|46/100|[from] Sandstorm
|-heal|p2a: Mushroom Man No2|53/100|[from] item: Leftovers
|-heal|p1a: Metagross|21/100|[from] item: Leftovers
|-damage|p1a: Metagross|9/100|[from] Leech Seed|[of] p2a: Mushroom Man No2
|-heal|p2a: Mushroom Man No2|70/100|[silent]
|upkeep
|turn|16
|inactive|OfTheLethani has 210 seconds left.
|
|t:|1729791095
|move|p2a: Mushroom Man No2|Substitute|p2a: Mushroom Man No2
|-start|p2a: Mushroom Man No2|Substitute
|-damage|p2a: Mushroom Man No2|45/100
|move|p1a: Metagross|Earthquake|p2a: Mushroom Man No2
|-resisted|p2a: Mushroom Man No2
|-end|p2a: Mushroom Man No2|Substitute
|
|-weather|Sandstorm|[upkeep]
|-damage|p2a: Mushroom Man No2|39/100|[from] Sandstorm
|-heal|p2a: Mushroom Man No2|45/100|[from] item: Leftovers
|-heal|p1a: Metagross|15/100|[from] item: Leftovers
|-damage|p1a: Metagross|3/100|[from] Leech Seed|[of] p2a: Mushroom Man No2
|-heal|p2a: Mushroom Man No2|62/100|[silent]
|upkeep
|turn|17
|inactive|OfTheLethani has 210 seconds left.
|
|t:|1729791107
|move|p2a: Mushroom Man No2|Substitute|p2a: Mushroom Man No2
|-start|p2a: Mushroom Man No2|Substitute
|-damage|p2a: Mushroom Man No2|37/100
|move|p1a: Metagross|Explosion|p2a: Mushroom Man No2
|-end|p2a: Mushroom Man No2|Substitute
|faint|p1a: Metagross
|
|t:|1729791114
|switch|p1a: Salamence|Salamence, M|100/100
|-ability|p1a: Salamence|Intimidate|boost
|-unboost|p2a: Mushroom Man No2|atk|1
|
|-weather|Sandstorm|[upkeep]
|-damage|p1a: Salamence|94/100|[from] Sandstorm
|-damage|p2a: Mushroom Man No2|31/100|[from] Sandstorm
|-heal|p1a: Salamence|100/100|[from] item: Leftovers
|-heal|p2a: Mushroom Man No2|37/100|[from] item: Leftovers
|upkeep
|turn|18
|inactive|OfTheLethani has 210 seconds left.
|
|t:|1729791122
|switch|p2a: E.V.A|Jirachi|100/100
|move|p1a: Salamence|Dragon Dance|p1a: Salamence
|-boost|p1a: Salamence|atk|1
|-boost|p1a: Salamence|spe|1
|
|-weather|Sandstorm|[upkeep]
|-damage|p1a: Salamence|94/100|[from] Sandstorm
|-heal|p1a: Salamence|100/100|[from] item: Leftovers
|upkeep
|turn|19
|inactive|OfTheLethani has 210 seconds left.
|
|t:|1729791135
|move|p1a: Salamence|Earthquake|p2a: E.V.A
|-supereffective|p2a: E.V.A
|-damage|p2a: E.V.A|18/100
|move|p2a: E.V.A|Ice Punch|p1a: Salamence
|-supereffective|p1a: Salamence
|-damage|p1a: Salamence|19/100
|
|-weather|Sandstorm|[upkeep]
|-damage|p1a: Salamence|13/100|[from] Sandstorm
|-heal|p1a: Salamence|19/100|[from] item: Leftovers
|-heal|p2a: E.V.A|24/100|[from] item: Leftovers
|upkeep
|turn|20
|
|t:|1729791154
|move|p1a: Salamence|Earthquake|p2a: E.V.A
|-supereffective|p2a: E.V.A
|-damage|p2a: E.V.A|0 fnt
|faint|p2a: E.V.A
|
|t:|1729791156
|switch|p2a: Lubellion|Tyranitar, M|100/100
|
|-weather|Sandstorm|[upkeep]
|-damage|p1a: Salamence|13/100|[from] Sandstorm
|-heal|p1a: Salamence|19/100|[from] item: Leftovers
|upkeep
|turn|21
|
|t:|1729791170
|move|p1a: Salamence|Earthquake|p2a: Lubellion
|-supereffective|p2a: Lubellion
|-damage|p2a: Lubellion|21/100
|move|p2a: Lubellion|Crunch|p1a: Salamence
|-damage|p1a: Salamence|0 fnt
|faint|p1a: Salamence
|
|t:|1729791176
|switch|p1a: Snorlax|Snorlax, M|100/100
|
|-weather|Sandstorm|[upkeep]
|-damage|p1a: Snorlax|94/100|[from] Sandstorm
|-heal|p1a: Snorlax|100/100|[from] item: Leftovers
|upkeep
|turn|22
|
|t:|1729791187
|switch|p2a: Magical Hats|Dugtrio, M|100/100
|move|p1a: Snorlax|Earthquake|p2a: Magical Hats
|-damage|p2a: Magical Hats|10/100
|
|-weather|Sandstorm|[upkeep]
|-damage|p1a: Snorlax|94/100|[from] Sandstorm
|-heal|p1a: Snorlax|100/100|[from] item: Leftovers
|upkeep
|turn|23
|
|t:|1729791206
|move|p2a: Magical Hats|Earthquake|p1a: Snorlax
|-damage|p1a: Snorlax|50/100
|move|p1a: Snorlax|Body Slam|p2a: Magical Hats
|-damage|p2a: Magical Hats|0 fnt
|faint|p2a: Magical Hats
|
|t:|1729791213
|switch|p2a: Coral Anemone|Starmie|100/100
|
|-weather|Sandstorm|[upkeep]
|-damage|p2a: Coral Anemone|94/100|[from] Sandstorm
|-damage|p1a: Snorlax|44/100|[from] Sandstorm
|-heal|p2a: Coral Anemone|100/100|[from] item: Leftovers
|-heal|p1a: Snorlax|50/100|[from] item: Leftovers
|upkeep
|turn|24
|
|t:|1729791227
|move|p2a: Coral Anemone|Hydro Pump|p1a: Snorlax
|-damage|p1a: Snorlax|16/100
|move|p1a: Snorlax|Shadow Ball|p2a: Coral Anemone
|-supereffective|p2a: Coral Anemone
|-damage|p2a: Coral Anemone|30/100
|
|-weather|Sandstorm|[upkeep]
|-damage|p2a: Coral Anemone|24/100|[from] Sandstorm
|-damage|p1a: Snorlax|10/100|[from] Sandstorm
|-heal|p2a: Coral Anemone|30/100|[from] item: Leftovers
|-heal|p1a: Snorlax|16/100|[from] item: Leftovers
|upkeep
|turn|25
|
|t:|1729791237
|move|p2a: Coral Anemone|Hydro Pump|p1a: Snorlax|[miss]
|-miss|p2a: Coral Anemone|p1a: Snorlax
|move|p1a: Snorlax|Self-Destruct|p2a: Coral Anemone
|-damage|p2a: Coral Anemone|0 fnt
|faint|p1a: Snorlax
|faint|p2a: Coral Anemone
|
|t:|1729791244
|switch|p2a: Mushroom Man No2|Breloom, F|37/100
|switch|p1a: Suicune|Suicune|47/100 slp
|
|-weather|Sandstorm|[upkeep]
|-damage|p2a: Mushroom Man No2|31/100|[from] Sandstorm
|-damage|p1a: Suicune|41/100 slp|[from] Sandstorm
|-heal|p2a: Mushroom Man No2|37/100|[from] item: Leftovers
|-heal|p1a: Suicune|47/100 slp|[from] item: Leftovers
|upkeep
|turn|26
|
|t:|1729791251
|move|p2a: Mushroom Man No2|Substitute|p2a: Mushroom Man No2
|-start|p2a: Mushroom Man No2|Substitute
|-damage|p2a: Mushroom Man No2|12/100
|cant|p1a: Suicune|slp
|
|-weather|Sandstorm|[upkeep]
|-damage|p2a: Mushroom Man No2|6/100|[from] Sandstorm
|-damage|p1a: Suicune|41/100 slp|[from] Sandstorm
|-heal|p2a: Mushroom Man No2|12/100|[from] item: Leftovers
|-heal|p1a: Suicune|47/100 slp|[from] item: Leftovers
|upkeep
|turn|27
|inactive|OfTheLethani has 240 seconds left.
|c|☆crab person|gg
|c|☆OfTheLethani|ggs
|
|t:|1729791260
|-singleturn|p2a: Mushroom Man No2|move: Focus Punch
|-curestatus|p1a: Suicune|slp|[msg]
|move|p1a: Suicune|Surf|p2a: Mushroom Man No2
|-resisted|p2a: Mushroom Man No2
|-end|p2a: Mushroom Man No2|Substitute
|move|p2a: Mushroom Man No2|Focus Punch|p1a: Suicune
|-damage|p1a: Suicune|0 fnt
|faint|p1a: Suicune
|
|win|crab person
|c|☆OfTheLethani|I think I misplayed with metagross
|c|☆OfTheLethani|forgot about intimidate on mence
|c|☆crab person|yeah a little
|c|☆crab person|but fair
|c|☆OfTheLethani|ggs
|c|☆crab person|gl with the next matches
|player|p1|
|c|☆crab person|yeah u2
|player|p1|OfTheLethani|gardenia-masters|
|player|p1|

</script>
<script type="application/json" class="data" id="replaydata-smogtours-gen3ou-801582">
{"id":"smogtours-gen3ou-801582","format":"[Gen 3] OU","players":["OfTheLethani","crab person"],"uploadtime":1729791260,"views":104,"formatid":"gen3ou","rating":null,"private":0,"password":null}
</script>

<script defer src="js/replays.js?9d40a366"></script>
