<!DOCTYPE html>
<meta charset="utf-8" />
<meta name="viewport" content="width=device-width" />

<title>[Gen 3] OU: denizzz vs. aeris999 - Replays - Pok&eacute;mon Showdown!</title>

<meta name="description" content="Watch a replay of a Pok&eacute;mon battle between denizzz and aeris999! Format: [Gen 3] OU; Date: Oct 5, 2024" />
<!--

Hey, you! Looking in the source for the replay log?

You can find them in JSON format, just add `.json` at the end of a replay URL.

https://replay.pokemonshowdown.com/gen7randomdoublesbattle-865046831.json

Or, if you only need the log itself, add `.log` instead:

https://replay.pokemonshowdown.com/gen7randomdoublesbattle-865046831.log

-->

<link rel="stylesheet" href="//pokemonshowdown.com/style/global.css?0.023195364461161105" />
<link rel="stylesheet" href="//play.pokemonshowdown.com/style/font-awesome.css?0.13261647063804238" />
<link rel="stylesheet" href="//play.pokemonshowdown.com/style/battle.css?0.8753245789963631" />
<link rel="stylesheet" href="//play.pokemonshowdown.com/style/utilichart.css?0.8627959624976733" />

<!-- Global site tag (gtag.js) - Google Analytics -->
<script async src="https://www.googletagmanager.com/gtag/js?id=UA-26211653-1"></script>
<script>
  window.dataLayer = window.dataLayer || [];
  function gtag(){dataLayer.push(arguments);}
  gtag('js', new Date());

  gtag('config', 'UA-26211653-1');
</script>
<!-- End Google Analytics -->
<!-- Venatus Ad Manager - Install in <HEAD> of page -->
	<script src="https://hb.vntsm.com/v3/live/ad-manager.min.js" type="text/javascript" data-site-id="642aba63ec9a7b11c3c9c1be" data-mode="scan" async></script>
<!-- / Venatus Ad Manager -->

<style>
	@media (max-width:820px) {
		.battle {
			margin: 0 auto;
		}
		.battle-log {
			margin: 7px auto 0;
			max-width: 640px;
			height: 300px;
			position: static;
		}
	}
	.optgroup {
		display: inline-block;
		line-height: 22px;
		font-size: 10pt;
	}
	.optgroup .button {
		height: 25px;
		padding-top: 0;
		padding-bottom: 0;
	}
	.optgroup button.button {
		padding-left: 12px;
		padding-right: 12px;
	}
	.linklist {
		list-style: none;
		margin: 0.5em 0;
		padding: 0;
	}
	.linklist li {
		padding: 2px 0;
	}
	.sidebar {
		float: left;
		width: 320px;
	}
	.bar-wrapper {
		max-width: 1100px;
		margin: 0 auto;
	}
	.bar-wrapper.has-sidebar {
		max-width: 1430px;
	}
	.mainbar {
		margin: 0;
		padding-right: 1px;
	}
	.mainbar.has-sidebar {
		margin-left: 330px;
	}
	@media (min-width: 1511px) {
		.sidebar {
			width: 400px;
		}
		.bar-wrapper.has-sidebar {
			max-width: 1510px;
		}
		.mainbar.has-sidebar {
			margin-left: 410px;
		}
	}
	.section.first-section {
		margin-top: 9px;
	}
	.blocklink small {
		white-space: normal;
	}
	.button {
		vertical-align: middle;
	}
	.replay-controls {
		padding-top: 10px;
	}
	.replay-controls h1 {
		font-size: 16pt;
		font-weight: normal;
		color: #CCC;
	}
	.pagelink {
		text-align: center;
	}
	.pagelink a {
		width: 150px;
	}
	.textbox, .button {
		font-size: 11pt;
		vertical-align: middle;
	}
	@media (max-width: 450px) {
		.button {
			font-size: 9pt;
		}
	}
</style>

<div>

	<header>
		<div class="nav-wrapper"><ul class="nav">
			<li><a class="button nav-first" href="//pokemonshowdown.com/"><img src="//pokemonshowdown.com/images/pokemonshowdownbeta.png" srcset="//pokemonshowdown.com/images/pokemonshowdownbeta.png 1x, //pokemonshowdown.com/images/pokemonshowdownbeta@2x.png 2x" alt="Pok&eacute;mon Showdown" width="146" height="44" /> Home</a></li>
			<li><a class="button" href="//pokemonshowdown.com/dex/">Pok&eacute;dex</a></li>
			<li><a class="button cur" href="/">Replays</a></li>
			<li><a class="button" href="//pokemonshowdown.com/ladder/">Ladder</a></li>
			<li><a class="button nav-last" href="//pokemonshowdown.com/forums/">Forum</a></li>
			<li><a class="button greenbutton nav-first nav-last" href="//play.pokemonshowdown.com/">Play</a></li>
		</ul></div>
	</header>

	<div class="main" id="main">

		<noscript><section class="section">You need to enable JavaScript to use this page; sorry!</section></noscript>

	</div>

</div>

<script defer nomodule src="//play.pokemonshowdown.com/js/lib/ps-polyfill.js"></script>
<script defer src="//play.pokemonshowdown.com/js/lib/preact.min.js"></script>

<script defer src="//play.pokemonshowdown.com/config/config.js?2bddbc15"></script>
<script defer src="//play.pokemonshowdown.com/js/lib/jquery-1.11.0.min.js"></script>
<script defer src="//play.pokemonshowdown.com/js/lib/html-sanitizer-minified.js"></script>
<script defer src="//play.pokemonshowdown.com/js/battle-sound.js"></script>
<script defer src="//play.pokemonshowdown.com/js/battledata.js?0.7209276989879541"></script>
<script defer src="//play.pokemonshowdown.com/data/pokedex-mini.js?0.6111056340867951"></script>
<script defer src="//play.pokemonshowdown.com/data/pokedex-mini-bw.js?0.3532142036491459"></script>
<script defer src="//play.pokemonshowdown.com/data/graphics.js?0.24223875632456182"></script>
<script defer src="//play.pokemonshowdown.com/data/pokedex.js?0.38839984266356864"></script>
<script defer src="//play.pokemonshowdown.com/data/moves.js?0.21866028504024015"></script>
<script defer src="//play.pokemonshowdown.com/data/abilities.js?0.2005157953846628"></script>
<script defer src="//play.pokemonshowdown.com/data/items.js?0.9894211263848525"></script>
<script defer src="//play.pokemonshowdown.com/data/teambuilder-tables.js?0.6008791140282215"></script>
<script defer src="//play.pokemonshowdown.com/js/battle-tooltips.js?0.7580118955022959"></script>
<script defer src="//play.pokemonshowdown.com/js/battle.js?0.6057722274234274"></script>

<script defer src="js/utils.js?e31f9a17"></script>
<script defer src="js/replays-battle.js?7008c182"></script>

<!-- don't scrape this data! just add .json or .log after the URL!
Full API docs: https://github.com/smogon/pokemon-showdown-client/blob/master/WEB-API.md -->
<script type="text/plain" class="log" id="replaylog-smogtours-gen3ou-794909">
|inactive|Battle timer is ON: inactive players will automatically lose when time's up.
|t:|1728134471
|gametype|singles
|player|p1|denizzz|2|
|player|p2|aeris999|101|
|teamsize|p1|6
|teamsize|p2|6
|gen|3
|tier|[Gen 3] OU
|rule|Sleep Clause Mod: Limit one foe put to sleep
|rule|Switch Priority Clause Mod: Faster Pokémon switch first
|rule|Species Clause: Limit one of each Pokémon
|rule|OHKO Clause: OHKO moves are banned
|rule|Evasion Items Clause: Evasion items are banned
|rule|Evasion Moves Clause: Evasion moves are banned
|rule|Endless Battle Clause: Forcing endless battles is banned
|rule|HP Percentage Mod: HP is shown in percentages
|rule|One Boost Passer Clause: Limit one Baton Passer that has a way to boost its stats
|rule|Freeze Clause Mod: Limit one foe frozen
|
|t:|1728134471
|start
|switch|p1a: Zapdos|Zapdos|100/100
|switch|p2a: Decoy Octopus|Smeargle, M|100/100
|turn|1
|
|t:|1728134478
|switch|p2a: Revolver Ocelot|Claydol, shiny|100/100
|move|p1a: Zapdos|Substitute|p1a: Zapdos
|-start|p1a: Zapdos|Substitute
|-damage|p1a: Zapdos|76/100
|
|-heal|p1a: Zapdos|82/100|[from] item: Leftovers
|upkeep
|turn|2
|
|t:|1728134486
|move|p1a: Zapdos|Toxic|p2a: Revolver Ocelot
|-status|p2a: Revolver Ocelot|tox
|move|p2a: Revolver Ocelot|Shadow Ball|p1a: Zapdos
|-activate|p1a: Zapdos|Substitute|[damage]
|
|-heal|p1a: Zapdos|88/100|[from] item: Leftovers
|-damage|p2a: Revolver Ocelot|94/100 tox|[from] psn
|upkeep
|turn|3
|
|t:|1728134491
|switch|p2a: Sniper Wolf|Starmie|100/100
|move|p1a: Zapdos|Substitute|p1a: Zapdos
|-fail|p1a: Zapdos|move: Substitute
|
|-heal|p1a: Zapdos|94/100|[from] item: Leftovers
|upkeep
|turn|4
|
|t:|1728134503
|switch|p2a: Psycho Mantis|Hypno, M|100/100
|move|p1a: Zapdos|Thunderbolt|p2a: Psycho Mantis
|-damage|p2a: Psycho Mantis|73/100
|
|-heal|p1a: Zapdos|99/100|[from] item: Leftovers
|-heal|p2a: Psycho Mantis|80/100|[from] item: Leftovers
|upkeep
|turn|5
|c|☆denizzz|woah
|
|t:|1728134516
|move|p1a: Zapdos|Toxic|p2a: Psycho Mantis|[miss]
|-miss|p1a: Zapdos|p2a: Psycho Mantis
|move|p2a: Psycho Mantis|Seismic Toss|p1a: Zapdos
|-end|p1a: Zapdos|Substitute
|
|-heal|p1a: Zapdos|100/100|[from] item: Leftovers
|-heal|p2a: Psycho Mantis|86/100|[from] item: Leftovers
|upkeep
|turn|6
|
|t:|1728134518
|move|p1a: Zapdos|Toxic|p2a: Psycho Mantis
|-status|p2a: Psycho Mantis|tox
|move|p2a: Psycho Mantis|Wish|p2a: Psycho Mantis
|
|-heal|p2a: Psycho Mantis|92/100 tox|[from] item: Leftovers
|-damage|p2a: Psycho Mantis|86/100 tox|[from] psn
|upkeep
|turn|7
|
|t:|1728134521
|move|p1a: Zapdos|Substitute|p1a: Zapdos
|-start|p1a: Zapdos|Substitute
|-damage|p1a: Zapdos|76/100
|move|p2a: Psycho Mantis|Thunder Wave||[still]
|-fail|p2a: Psycho Mantis
|
|-heal|p2a: Psycho Mantis|100/100 tox|[from] move: Wish|[wisher] Psycho Mantis
|-heal|p1a: Zapdos|82/100|[from] item: Leftovers
|-damage|p2a: Psycho Mantis|88/100 tox|[from] psn
|upkeep
|turn|8
|
|t:|1728134524
|move|p1a: Zapdos|Thunderbolt|p2a: Psycho Mantis
|-damage|p2a: Psycho Mantis|64/100 tox
|move|p2a: Psycho Mantis|Seismic Toss|p1a: Zapdos
|-end|p1a: Zapdos|Substitute
|
|-heal|p1a: Zapdos|88/100|[from] item: Leftovers
|-heal|p2a: Psycho Mantis|70/100 tox|[from] item: Leftovers
|-damage|p2a: Psycho Mantis|52/100 tox|[from] psn
|upkeep
|turn|9
|
|t:|1728134527
|move|p1a: Zapdos|Substitute|p1a: Zapdos
|-start|p1a: Zapdos|Substitute
|-damage|p1a: Zapdos|63/100
|move|p2a: Psycho Mantis|Wish|p2a: Psycho Mantis
|
|-heal|p1a: Zapdos|69/100|[from] item: Leftovers
|-heal|p2a: Psycho Mantis|58/100 tox|[from] item: Leftovers
|-damage|p2a: Psycho Mantis|33/100 tox|[from] psn
|upkeep
|turn|10
|
|t:|1728134539
|move|p1a: Zapdos|Thunderbolt|p2a: Psycho Mantis
|-damage|p2a: Psycho Mantis|7/100 tox
|move|p2a: Psycho Mantis|Seismic Toss|p1a: Zapdos
|-end|p1a: Zapdos|Substitute
|
|-heal|p2a: Psycho Mantis|57/100 tox|[from] move: Wish|[wisher] Psycho Mantis
|-heal|p1a: Zapdos|75/100|[from] item: Leftovers
|-heal|p2a: Psycho Mantis|64/100 tox|[from] item: Leftovers
|-damage|p2a: Psycho Mantis|33/100 tox|[from] psn
|upkeep
|turn|11
|
|t:|1728134543
|switch|p2a: Revolver Ocelot|Claydol, shiny|94/100 tox
|move|p1a: Zapdos|Substitute|p1a: Zapdos
|-start|p1a: Zapdos|Substitute
|-damage|p1a: Zapdos|50/100
|
|-heal|p1a: Zapdos|56/100|[from] item: Leftovers
|-heal|p2a: Revolver Ocelot|100/100 tox|[from] item: Leftovers
|-damage|p2a: Revolver Ocelot|94/100 tox|[from] psn
|upkeep
|turn|12
|
|t:|1728134554
|switch|p2a: Psycho Mantis|Hypno, M|33/100 tox
|move|p1a: Zapdos|Toxic|p2a: Psycho Mantis
|-fail|p2a: Psycho Mantis|tox
|
|-heal|p1a: Zapdos|62/100|[from] item: Leftovers
|-heal|p2a: Psycho Mantis|39/100 tox|[from] item: Leftovers
|-damage|p2a: Psycho Mantis|33/100 tox|[from] psn
|upkeep
|turn|13
|
|t:|1728134556
|move|p1a: Zapdos|Thunderbolt|p2a: Psycho Mantis
|-damage|p2a: Psycho Mantis|9/100 tox
|move|p2a: Psycho Mantis|Wish|p2a: Psycho Mantis
|
|-heal|p1a: Zapdos|68/100|[from] item: Leftovers
|-heal|p2a: Psycho Mantis|15/100 tox|[from] item: Leftovers
|-damage|p2a: Psycho Mantis|2/100 tox|[from] psn
|upkeep
|turn|14
|
|t:|1728134559
|move|p1a: Zapdos|Thunderbolt|p2a: Psycho Mantis
|-damage|p2a: Psycho Mantis|0 fnt
|faint|p2a: Psycho Mantis
|
|t:|1728134565
|switch|p2a: Liquid Snake|Salamence, M, shiny|100/100
|
|-heal|p1a: Zapdos|74/100|[from] item: Leftovers
|upkeep
|turn|15
|
|t:|1728134569
|move|p2a: Liquid Snake|Dragon Claw|p1a: Zapdos
|-end|p1a: Zapdos|Substitute
|move|p1a: Zapdos|Toxic|p2a: Liquid Snake|[miss]
|-miss|p1a: Zapdos|p2a: Liquid Snake
|
|-heal|p1a: Zapdos|80/100|[from] item: Leftovers
|upkeep
|turn|16
|
|t:|1728134574
|move|p2a: Liquid Snake|Dragon Claw|p1a: Zapdos
|-damage|p1a: Zapdos|54/100
|move|p1a: Zapdos|Toxic|p2a: Liquid Snake|[miss]
|-miss|p1a: Zapdos|p2a: Liquid Snake
|
|-heal|p1a: Zapdos|60/100|[from] item: Leftovers
|upkeep
|turn|17
|
|t:|1728134579
|switch|p2a: Sniper Wolf|Starmie|100/100
|move|p1a: Zapdos|Substitute|p1a: Zapdos
|-start|p1a: Zapdos|Substitute
|-damage|p1a: Zapdos|35/100
|
|-heal|p1a: Zapdos|41/100|[from] item: Leftovers
|upkeep
|turn|18
|
|t:|1728134585
|move|p2a: Sniper Wolf|Ice Beam|p1a: Zapdos
|-supereffective|p1a: Zapdos
|-end|p1a: Zapdos|Substitute
|move|p1a: Zapdos|Thunderbolt|p2a: Sniper Wolf
|-supereffective|p2a: Sniper Wolf
|-damage|p2a: Sniper Wolf|0 fnt
|faint|p2a: Sniper Wolf
|
|t:|1728134592
|switch|p2a: Vulcan Raven|Aerodactyl, M|100/100
|
|-heal|p1a: Zapdos|47/100|[from] item: Leftovers
|upkeep
|turn|19
|
|t:|1728134595
|switch|p1a: Claydol|Claydol|100/100
|move|p2a: Vulcan Raven|Rock Slide|p1a: Claydol
|-resisted|p1a: Claydol
|-damage|p1a: Claydol|78/100
|
|-heal|p1a: Claydol|84/100|[from] item: Leftovers
|upkeep
|turn|20
|
|t:|1728134601
|switch|p2a: Decoy Octopus|Smeargle, M|100/100
|switch|p1a: Skarmory|Skarmory, M|100/100
|
|upkeep
|turn|21
|
|t:|1728134604
|move|p2a: Decoy Octopus|Spore|p1a: Skarmory
|-status|p1a: Skarmory|slp|[from] move: Spore
|cant|p1a: Skarmory|slp
|
|upkeep
|turn|22
|
|t:|1728134608
|switch|p1a: Dugtrio|Dugtrio, F|100/100
|move|p2a: Decoy Octopus|Substitute|p2a: Decoy Octopus
|-start|p2a: Decoy Octopus|Substitute
|-damage|p2a: Decoy Octopus|75/100
|
|upkeep
|turn|23
|
|t:|1728134614
|move|p1a: Dugtrio|Earthquake|p2a: Decoy Octopus
|-end|p2a: Decoy Octopus|Substitute
|move|p2a: Decoy Octopus|Transform|p1a: Dugtrio
|-transform|p2a: Decoy Octopus|p1a: Dugtrio
|
|upkeep
|turn|24
|
|t:|1728134617
|move|p2a: Decoy Octopus|Earthquake|p1a: Dugtrio
|-damage|p1a: Dugtrio|0 fnt
|faint|p1a: Dugtrio
|c|☆denizzz|lol
|
|t:|1728134626
|switch|p1a: Zapdos|Zapdos|47/100
|
|-heal|p1a: Zapdos|53/100|[from] item: Leftovers
|upkeep
|turn|25
|
|t:|1728134652
|move|p2a: Decoy Octopus|Screech|p1a: Zapdos
|-unboost|p1a: Zapdos|def|2
|move|p1a: Zapdos|Substitute|p1a: Zapdos
|-start|p1a: Zapdos|Substitute
|-damage|p1a: Zapdos|28/100
|
|-heal|p1a: Zapdos|34/100|[from] item: Leftovers
|upkeep
|turn|26
|
|t:|1728134666
|switch|p2a: Liquid Snake|Salamence, M, shiny|100/100
|move|p1a: Zapdos|Toxic|p2a: Liquid Snake|[miss]
|-miss|p1a: Zapdos|p2a: Liquid Snake
|
|-heal|p1a: Zapdos|40/100|[from] item: Leftovers
|upkeep
|turn|27
|
|t:|1728134670
|move|p2a: Liquid Snake|Dragon Claw|p1a: Zapdos
|-end|p1a: Zapdos|Substitute
|move|p1a: Zapdos|Toxic|p2a: Liquid Snake
|-status|p2a: Liquid Snake|tox
|
|-damage|p2a: Liquid Snake|94/100 tox|[from] psn
|-heal|p1a: Zapdos|46/100|[from] item: Leftovers
|upkeep
|turn|28
|
|t:|1728134680
|move|p2a: Liquid Snake|Dragon Claw|p1a: Zapdos
|-crit|p1a: Zapdos
|-damage|p1a: Zapdos|0 fnt
|faint|p1a: Zapdos
|
|t:|1728134694
|switch|p1a: Blissey|Blissey, F|100/100
|
|-heal|p2a: Liquid Snake|100/100 tox|[from] item: Leftovers
|-damage|p2a: Liquid Snake|88/100 tox|[from] psn
|upkeep
|turn|29
|
|t:|1728134699
|switch|p2a: Revolver Ocelot|Claydol, shiny|94/100 tox
|switch|p1a: Claydol|Claydol|84/100
|
|-heal|p2a: Revolver Ocelot|100/100 tox|[from] item: Leftovers
|-damage|p2a: Revolver Ocelot|94/100 tox|[from] psn
|-heal|p1a: Claydol|91/100|[from] item: Leftovers
|upkeep
|turn|30
|
|t:|1728134704
|switch|p2a: Liquid Snake|Salamence, M, shiny|88/100 tox
|-ability|p2a: Liquid Snake|Intimidate|boost
|-unboost|p1a: Claydol|atk|1
|switch|p1a: Skarmory|Skarmory, M|100/100 slp
|
|-heal|p2a: Liquid Snake|94/100 tox|[from] item: Leftovers
|-damage|p2a: Liquid Snake|88/100 tox|[from] psn
|upkeep
|turn|31
|
|t:|1728134710
|switch|p1a: Blissey|Blissey, F|100/100
|move|p2a: Liquid Snake|Brick Break|p1a: Blissey
|-supereffective|p1a: Blissey
|-damage|p1a: Blissey|61/100
|
|-heal|p2a: Liquid Snake|94/100 tox|[from] item: Leftovers
|-damage|p2a: Liquid Snake|82/100 tox|[from] psn
|-heal|p1a: Blissey|67/100|[from] item: Leftovers
|upkeep
|turn|32
|
|t:|1728134715
|switch|p2a: Revolver Ocelot|Claydol, shiny|94/100 tox
|move|p1a: Blissey|Ice Beam|p2a: Revolver Ocelot
|-supereffective|p2a: Revolver Ocelot
|-damage|p2a: Revolver Ocelot|59/100 tox
|
|-heal|p2a: Revolver Ocelot|66/100 tox|[from] item: Leftovers
|-damage|p2a: Revolver Ocelot|59/100 tox|[from] psn
|-heal|p1a: Blissey|73/100|[from] item: Leftovers
|upkeep
|turn|33
|
|t:|1728134719
|switch|p2a: Decoy Octopus|Smeargle, M|75/100
|switch|p1a: Skarmory|Skarmory, M|100/100 slp
|
|upkeep
|turn|34
|
|t:|1728134724
|switch|p1a: Claydol|Claydol|91/100
|move|p2a: Decoy Octopus|Substitute|p2a: Decoy Octopus
|-start|p2a: Decoy Octopus|Substitute
|-damage|p2a: Decoy Octopus|50/100
|
|-heal|p1a: Claydol|97/100|[from] item: Leftovers
|upkeep
|turn|35
|
|t:|1728134731
|move|p2a: Decoy Octopus|Spikes|p1a: Claydol
|-sidestart|p1: denizzz|Spikes
|move|p1a: Claydol|Earthquake|p2a: Decoy Octopus
|-end|p2a: Decoy Octopus|Substitute
|
|-heal|p1a: Claydol|100/100|[from] item: Leftovers
|upkeep
|turn|36
|
|t:|1728134737
|move|p2a: Decoy Octopus|Transform|p1a: Claydol
|-transform|p2a: Decoy Octopus|p1a: Claydol
|move|p1a: Claydol|Psychic|p2a: Decoy Octopus
|-resisted|p2a: Decoy Octopus
|-damage|p2a: Decoy Octopus|39/100
|
|upkeep
|turn|37
|
|t:|1728134739
|move|p1a: Claydol|Rapid Spin|p2a: Decoy Octopus
|-damage|p2a: Decoy Octopus|35/100
|-sideend|p1: denizzz|Spikes|[from] move: Rapid Spin|[of] p1a: Claydol
|move|p2a: Decoy Octopus|Explosion|p1a: Claydol
|-damage|p1a: Claydol|28/100
|faint|p2a: Decoy Octopus
|
|t:|1728134743
|switch|p2a: Vulcan Raven|Aerodactyl, M|100/100
|
|-heal|p1a: Claydol|34/100|[from] item: Leftovers
|upkeep
|turn|38
|
|t:|1728134746
|move|p2a: Vulcan Raven|Double-Edge|p1a: Claydol
|-damage|p1a: Claydol|0 fnt
|faint|p1a: Claydol
|
|t:|1728134749
|switch|p1a: Skarmory|Skarmory, M|100/100 slp
|
|upkeep
|turn|39
|
|t:|1728134752
|switch|p2a: Liquid Snake|Salamence, M, shiny|82/100 tox
|-ability|p2a: Liquid Snake|Intimidate|boost
|-unboost|p1a: Skarmory|atk|1
|cant|p1a: Skarmory|slp
|
|-heal|p2a: Liquid Snake|88/100 tox|[from] item: Leftovers
|-damage|p2a: Liquid Snake|82/100 tox|[from] psn
|upkeep
|turn|40
|
|t:|1728134758
|switch|p2a: Revolver Ocelot|Claydol, shiny|59/100 tox
|-curestatus|p1a: Skarmory|slp|[msg]
|move|p1a: Skarmory|Protect||[still]
|-fail|p1a: Skarmory
|
|-heal|p2a: Revolver Ocelot|66/100 tox|[from] item: Leftovers
|-damage|p2a: Revolver Ocelot|59/100 tox|[from] psn
|upkeep
|turn|41
|
|t:|1728134760
|move|p1a: Skarmory|Protect|p1a: Skarmory
|-singleturn|p1a: Skarmory|Protect
|move|p2a: Revolver Ocelot|Explosion|p1a: Skarmory
|-activate|p1a: Skarmory|Protect
|faint|p2a: Revolver Ocelot
|
|t:|1728134765
|switch|p2a: Liquid Snake|Salamence, M, shiny|82/100 tox
|-ability|p2a: Liquid Snake|Intimidate|boost
|-unboost|p1a: Skarmory|atk|1
|
|-heal|p2a: Liquid Snake|88/100 tox|[from] item: Leftovers
|-damage|p2a: Liquid Snake|82/100 tox|[from] psn
|upkeep
|turn|42
|
|t:|1728134771
|switch|p1a: Blissey|Blissey, F|73/100
|move|p2a: Liquid Snake|Fire Blast|p1a: Blissey
|-damage|p1a: Blissey|58/100
|
|-heal|p2a: Liquid Snake|88/100 tox|[from] item: Leftovers
|-damage|p2a: Liquid Snake|76/100 tox|[from] psn
|-heal|p1a: Blissey|65/100|[from] item: Leftovers
|upkeep
|turn|43
|
|t:|1728134775
|move|p2a: Liquid Snake|Brick Break|p1a: Blissey
|-supereffective|p1a: Blissey
|-damage|p1a: Blissey|19/100
|move|p1a: Blissey|Ice Beam|p2a: Liquid Snake
|-supereffective|p2a: Liquid Snake
|-damage|p2a: Liquid Snake|0 fnt
|faint|p2a: Liquid Snake
|
|t:|1728134780
|switch|p2a: Vulcan Raven|Aerodactyl, M|100/100
|
|-heal|p1a: Blissey|25/100|[from] item: Leftovers
|upkeep
|turn|44
|
|t:|1728134782
|move|p2a: Vulcan Raven|Rock Slide|p1a: Blissey
|-damage|p1a: Blissey|0 fnt
|faint|p1a: Blissey
|
|t:|1728134785
|switch|p1a: Suicune|Suicune|100/100
|
|upkeep
|turn|45
|
|t:|1728134787
|move|p2a: Vulcan Raven|Rock Slide|p1a: Suicune
|-damage|p1a: Suicune|74/100
|move|p1a: Suicune|Surf|p2a: Vulcan Raven
|-supereffective|p2a: Vulcan Raven
|-damage|p2a: Vulcan Raven|9/100
|
|-heal|p1a: Suicune|80/100|[from] item: Leftovers
|upkeep
|turn|46
|
|t:|1728134791
|move|p2a: Vulcan Raven|Rock Slide|p1a: Suicune
|-damage|p1a: Suicune|53/100
|move|p1a: Suicune|Surf|p2a: Vulcan Raven
|-supereffective|p2a: Vulcan Raven
|-damage|p2a: Vulcan Raven|0 fnt
|faint|p2a: Vulcan Raven
|
|win|denizzz
|c|☆denizzz|gg
|c|☆aeris999|gg
|c|☆denizzz|cool team

</script>
<script type="application/json" class="data" id="replaydata-smogtours-gen3ou-794909">
{"id":"smogtours-gen3ou-794909","format":"[Gen 3] OU","players":["denizzz","aeris999"],"uploadtime":1728134791,"views":102,"formatid":"gen3ou","rating":null,"private":0,"password":null}
</script>

<script defer src="js/replays.js?9d40a366"></script>
