<!DOCTYPE html>
<meta charset="utf-8" />
<meta name="viewport" content="width=device-width" />

<title>[Gen 3] OU: Xurkiyee vs. knexhawk2 - Replays - Pok&eacute;mon Showdown!</title>

<meta name="description" content="Watch a replay of a Pok&eacute;mon battle between Xurkiyee and knexhawk2! Format: [Gen 3] OU; Date: Oct 7, 2024" />
<!--

Hey, you! Looking in the source for the replay log?

You can find them in JSON format, just add `.json` at the end of a replay URL.

https://replay.pokemonshowdown.com/gen7randomdoublesbattle-865046831.json

Or, if you only need the log itself, add `.log` instead:

https://replay.pokemonshowdown.com/gen7randomdoublesbattle-865046831.log

-->

<link rel="stylesheet" href="//pokemonshowdown.com/style/global.css?0.767286132409787" />
<link rel="stylesheet" href="//play.pokemonshowdown.com/style/font-awesome.css?0.9266228007934947" />
<link rel="stylesheet" href="//play.pokemonshowdown.com/style/battle.css?0.7924700842790926" />
<link rel="stylesheet" href="//play.pokemonshowdown.com/style/utilichart.css?0.8777417872839479" />

<!-- Global site tag (gtag.js) - Google Analytics -->
<script async src="https://www.googletagmanager.com/gtag/js?id=UA-26211653-1"></script>
<script>
  window.dataLayer = window.dataLayer || [];
  function gtag(){dataLayer.push(arguments);}
  gtag('js', new Date());

  gtag('config', 'UA-26211653-1');
</script>
<!-- End Google Analytics -->
<!-- Venatus Ad Manager - Install in <HEAD> of page -->
	<script src="https://hb.vntsm.com/v3/live/ad-manager.min.js" type="text/javascript" data-site-id="642aba63ec9a7b11c3c9c1be" data-mode="scan" async></script>
<!-- / Venatus Ad Manager -->

<style>
	@media (max-width:820px) {
		.battle {
			margin: 0 auto;
		}
		.battle-log {
			margin: 7px auto 0;
			max-width: 640px;
			height: 300px;
			position: static;
		}
	}
	.optgroup {
		display: inline-block;
		line-height: 22px;
		font-size: 10pt;
	}
	.optgroup .button {
		height: 25px;
		padding-top: 0;
		padding-bottom: 0;
	}
	.optgroup button.button {
		padding-left: 12px;
		padding-right: 12px;
	}
	.linklist {
		list-style: none;
		margin: 0.5em 0;
		padding: 0;
	}
	.linklist li {
		padding: 2px 0;
	}
	.sidebar {
		float: left;
		width: 320px;
	}
	.bar-wrapper {
		max-width: 1100px;
		margin: 0 auto;
	}
	.bar-wrapper.has-sidebar {
		max-width: 1430px;
	}
	.mainbar {
		margin: 0;
		padding-right: 1px;
	}
	.mainbar.has-sidebar {
		margin-left: 330px;
	}
	@media (min-width: 1511px) {
		.sidebar {
			width: 400px;
		}
		.bar-wrapper.has-sidebar {
			max-width: 1510px;
		}
		.mainbar.has-sidebar {
			margin-left: 410px;
		}
	}
	.section.first-section {
		margin-top: 9px;
	}
	.blocklink small {
		white-space: normal;
	}
	.button {
		vertical-align: middle;
	}
	.replay-controls {
		padding-top: 10px;
	}
	.replay-controls h1 {
		font-size: 16pt;
		font-weight: normal;
		color: #CCC;
	}
	.pagelink {
		text-align: center;
	}
	.pagelink a {
		width: 150px;
	}
	.textbox, .button {
		font-size: 11pt;
		vertical-align: middle;
	}
	@media (max-width: 450px) {
		.button {
			font-size: 9pt;
		}
	}
</style>

<div>

	<header>
		<div class="nav-wrapper"><ul class="nav">
			<li><a class="button nav-first" href="//pokemonshowdown.com/"><img src="//pokemonshowdown.com/images/pokemonshowdownbeta.png" srcset="//pokemonshowdown.com/images/pokemonshowdownbeta.png 1x, //pokemonshowdown.com/images/pokemonshowdownbeta@2x.png 2x" alt="Pok&eacute;mon Showdown" width="146" height="44" /> Home</a></li>
			<li><a class="button" href="//pokemonshowdown.com/dex/">Pok&eacute;dex</a></li>
			<li><a class="button cur" href="/">Replays</a></li>
			<li><a class="button" href="//pokemonshowdown.com/ladder/">Ladder</a></li>
			<li><a class="button nav-last" href="//pokemonshowdown.com/forums/">Forum</a></li>
			<li><a class="button greenbutton nav-first nav-last" href="//play.pokemonshowdown.com/">Play</a></li>
		</ul></div>
	</header>

	<div class="main" id="main">

		<noscript><section class="section">You need to enable JavaScript to use this page; sorry!</section></noscript>

	</div>

</div>

<script defer nomodule src="//play.pokemonshowdown.com/js/lib/ps-polyfill.js"></script>
<script defer src="//play.pokemonshowdown.com/js/lib/preact.min.js"></script>

<script defer src="//play.pokemonshowdown.com/config/config.js?6dec07f6"></script>
<script defer src="//play.pokemonshowdown.com/js/lib/jquery-1.11.0.min.js"></script>
<script defer src="//play.pokemonshowdown.com/js/lib/html-sanitizer-minified.js"></script>
<script defer src="//play.pokemonshowdown.com/js/battle-sound.js"></script>
<script defer src="//play.pokemonshowdown.com/js/battledata.js?0.6315294753075389"></script>
<script defer src="//play.pokemonshowdown.com/data/pokedex-mini.js?0.7603743185311358"></script>
<script defer src="//play.pokemonshowdown.com/data/pokedex-mini-bw.js?0.030888842834281283"></script>
<script defer src="//play.pokemonshowdown.com/data/graphics.js?0.05593094747507488"></script>
<script defer src="//play.pokemonshowdown.com/data/pokedex.js?0.47064822249611904"></script>
<script defer src="//play.pokemonshowdown.com/data/moves.js?0.8583693120512459"></script>
<script defer src="//play.pokemonshowdown.com/data/abilities.js?0.16017181182386842"></script>
<script defer src="//play.pokemonshowdown.com/data/items.js?0.4163379185673943"></script>
<script defer src="//play.pokemonshowdown.com/data/teambuilder-tables.js?0.31075597372830477"></script>
<script defer src="//play.pokemonshowdown.com/js/battle-tooltips.js?0.6536193500708172"></script>
<script defer src="//play.pokemonshowdown.com/js/battle.js?0.1916591943277901"></script>

<script defer src="js/utils.js?e31f9a17"></script>
<script defer src="js/replays-battle.js?7008c182"></script>

<!-- don't scrape this data! just add .json or .log after the URL!
Full API docs: https://github.com/smogon/pokemon-showdown-client/blob/master/WEB-API.md -->
<script type="text/plain" class="log" id="replaylog-smogtours-gen3ou-796220">
|inactive|Battle timer is ON: inactive players will automatically lose when time's up.
|t:|1728330233
|gametype|singles
|player|p1|Xurkiyee|2|
|player|p2|knexhawk2|benga|
|teamsize|p1|6
|teamsize|p2|6
|gen|3
|tier|[Gen 3] OU
|rule|Sleep Clause Mod: Limit one foe put to sleep
|rule|Switch Priority Clause Mod: Faster Pokémon switch first
|rule|Species Clause: Limit one of each Pokémon
|rule|OHKO Clause: OHKO moves are banned
|rule|Evasion Items Clause: Evasion items are banned
|rule|Evasion Moves Clause: Evasion moves are banned
|rule|Endless Battle Clause: Forcing endless battles is banned
|rule|HP Percentage Mod: HP is shown in percentages
|rule|One Boost Passer Clause: Limit one Baton Passer that has a way to boost its stats
|rule|Freeze Clause Mod: Limit one foe frozen
|
|t:|1728330233
|start
|switch|p1a: Cloyster|Cloyster, M|100/100
|switch|p2a: Metagross|Metagross|100/100
|turn|1
|
|t:|1728330238
|move|p1a: Cloyster|Spikes|p2a: Metagross
|-sidestart|p2: knexhawk2|Spikes
|move|p2a: Metagross|Psychic|p1a: Cloyster
|-damage|p1a: Cloyster|33/100
|
|-heal|p1a: Cloyster|39/100|[from] item: Leftovers
|upkeep
|turn|2
|
|t:|1728330244
|switch|p1a: Metagross|Metagross|100/100
|move|p2a: Metagross|Psychic|p1a: Metagross
|-resisted|p1a: Metagross
|-damage|p1a: Metagross|90/100
|
|-heal|p1a: Metagross|96/100|[from] item: Leftovers
|upkeep
|turn|3
|
|t:|1728330254
|switch|p2a: Skarmory|Skarmory, M|100/100
|move|p1a: Metagross|Hidden Power|p2a: Skarmory
|-supereffective|p2a: Skarmory
|-damage|p2a: Skarmory|64/100
|
|-heal|p2a: Skarmory|70/100|[from] item: Leftovers
|-heal|p1a: Metagross|100/100|[from] item: Leftovers
|upkeep
|turn|4
|
|t:|1728330279
|move|p2a: Skarmory|Protect|p2a: Skarmory
|-singleturn|p2a: Skarmory|Protect
|move|p1a: Metagross|Hidden Power|p2a: Skarmory
|-activate|p2a: Skarmory|Protect
|
|-heal|p2a: Skarmory|76/100|[from] item: Leftovers
|upkeep
|turn|5
|
|t:|1728330283
|move|p2a: Skarmory|Spikes|p1a: Metagross
|-sidestart|p1: Xurkiyee|Spikes
|move|p1a: Metagross|Hidden Power|p2a: Skarmory
|-supereffective|p2a: Skarmory
|-damage|p2a: Skarmory|39/100
|
|-heal|p2a: Skarmory|45/100|[from] item: Leftovers
|upkeep
|turn|6
|
|t:|1728330284
|switch|p1a: Cloyster|Cloyster, M|39/100
|-damage|p1a: Cloyster|27/100|[from] Spikes
|move|p2a: Skarmory|Protect||[still]
|-fail|p2a: Skarmory
|
|-heal|p1a: Cloyster|33/100|[from] item: Leftovers
|-heal|p2a: Skarmory|51/100|[from] item: Leftovers
|upkeep
|turn|7
|
|t:|1728330288
|move|p1a: Cloyster|Surf|p2a: Skarmory
|-damage|p2a: Skarmory|27/100
|move|p2a: Skarmory|Toxic|p1a: Cloyster|[miss]
|-miss|p2a: Skarmory|p1a: Cloyster
|
|-heal|p1a: Cloyster|39/100|[from] item: Leftovers
|-heal|p2a: Skarmory|33/100|[from] item: Leftovers
|upkeep
|turn|8
|c|☆Xurkiyee|mb
|
|t:|1728330295
|switch|p2a: Metagross|Metagross|100/100
|-damage|p2a: Metagross|88/100|[from] Spikes
|move|p1a: Cloyster|Spikes|p2a: Metagross
|-sidestart|p2: knexhawk2|Spikes
|
|-heal|p1a: Cloyster|46/100|[from] item: Leftovers
|-heal|p2a: Metagross|94/100|[from] item: Leftovers
|upkeep
|turn|9
|
|t:|1728330318
|move|p1a: Cloyster|Spikes|p2a: Metagross
|-sidestart|p2: knexhawk2|Spikes
|move|p2a: Metagross|Psychic|p1a: Cloyster
|-damage|p1a: Cloyster|0 fnt
|faint|p1a: Cloyster
|
|t:|1728330325
|switch|p1a: Metagross|Metagross|100/100
|-damage|p1a: Metagross|88/100|[from] Spikes
|
|-heal|p2a: Metagross|99/100|[from] item: Leftovers
|-heal|p1a: Metagross|94/100|[from] item: Leftovers
|upkeep
|turn|10
|
|t:|1728330328
|switch|p2a: Flygon|Flygon, M|100/100
|move|p1a: Metagross|Hidden Power|p2a: Flygon
|-resisted|p2a: Flygon
|-damage|p2a: Flygon|85/100
|
|-heal|p2a: Flygon|91/100|[from] item: Leftovers
|-heal|p1a: Metagross|99/100|[from] item: Leftovers
|upkeep
|turn|11
|
|t:|1728330331
|switch|p1a: Celebi|Celebi|100/100
|-damage|p1a: Celebi|88/100|[from] Spikes
|move|p2a: Flygon|Substitute|p2a: Flygon
|-start|p2a: Flygon|Substitute
|-damage|p2a: Flygon|66/100
|
|-heal|p2a: Flygon|73/100|[from] item: Leftovers
|-heal|p1a: Celebi|94/100|[from] item: Leftovers
|upkeep
|turn|12
|
|t:|1728330335
|move|p2a: Flygon|Hidden Power|p1a: Celebi
|-supereffective|p1a: Celebi
|-damage|p1a: Celebi|40/100
|move|p1a: Celebi|Hidden Power|p2a: Flygon
|-end|p2a: Flygon|Substitute
|
|-heal|p2a: Flygon|79/100|[from] item: Leftovers
|-heal|p1a: Celebi|46/100|[from] item: Leftovers
|upkeep
|turn|13
|
|t:|1728330341
|switch|p1a: Gengar|Gengar, M|100/100
|move|p2a: Flygon|Substitute|p2a: Flygon
|-start|p2a: Flygon|Substitute
|-damage|p2a: Flygon|54/100
|
|-heal|p2a: Flygon|60/100|[from] item: Leftovers
|upkeep
|turn|14
|
|t:|1728330344
|move|p1a: Gengar|Ice Punch|p2a: Flygon
|-supereffective|p2a: Flygon
|-end|p2a: Flygon|Substitute
|move|p2a: Flygon|Rock Slide|p1a: Gengar
|-damage|p1a: Gengar|51/100
|
|-heal|p1a: Gengar|58/100|[from] item: Leftovers
|-heal|p2a: Flygon|66/100|[from] item: Leftovers
|upkeep
|turn|15
|
|t:|1728330352
|switch|p2a: Metagross|Metagross|99/100
|-damage|p2a: Metagross|75/100|[from] Spikes
|move|p1a: Gengar|Hidden Power|p2a: Metagross
|-resisted|p2a: Metagross
|-damage|p2a: Metagross|62/100
|
|-heal|p1a: Gengar|64/100|[from] item: Leftovers
|-heal|p2a: Metagross|69/100|[from] item: Leftovers
|upkeep
|turn|16
|
|t:|1728330359
|-activate|p1a: Gengar|move: Pursuit
|move|p2a: Metagross|Pursuit|p1a: Gengar|[from]Pursuit
|-supereffective|p1a: Gengar
|-damage|p1a: Gengar|0 fnt
|faint|p1a: Gengar
|-hint|Previously chosen switches continue in Gen 2-4 after a Pursuit target faints.
|switch|p1a: Celebi|Celebi|46/100
|-damage|p1a: Celebi|33/100|[from] Spikes
|
|-heal|p1a: Celebi|40/100|[from] item: Leftovers
|-heal|p2a: Metagross|75/100|[from] item: Leftovers
|upkeep
|turn|17
|
|t:|1728330364
|switch|p2a: Skarmory|Skarmory, M|33/100
|move|p1a: Celebi|Recover|p1a: Celebi
|-heal|p1a: Celebi|90/100
|
|-heal|p1a: Celebi|96/100|[from] item: Leftovers
|-heal|p2a: Skarmory|39/100|[from] item: Leftovers
|upkeep
|turn|18
|
|t:|1728330369
|move|p1a: Celebi|Leech Seed|p2a: Skarmory
|-start|p2a: Skarmory|move: Leech Seed
|move|p2a: Skarmory|Spikes|p1a: Celebi
|-sidestart|p1: Xurkiyee|Spikes
|
|-heal|p1a: Celebi|100/100|[from] item: Leftovers
|-heal|p2a: Skarmory|45/100|[from] item: Leftovers
|-damage|p2a: Skarmory|32/100|[from] Leech Seed|[of] p1a: Celebi
|upkeep
|turn|19
|
|t:|1728330372
|switch|p1a: Metagross|Metagross|99/100
|-damage|p1a: Metagross|84/100|[from] Spikes
|move|p2a: Skarmory|Spikes|p1a: Metagross
|-sidestart|p1: Xurkiyee|Spikes
|
|-heal|p2a: Skarmory|38/100|[from] item: Leftovers
|-damage|p2a: Skarmory|26/100|[from] Leech Seed|[of] p1a: Metagross
|-heal|p1a: Metagross|95/100|[silent]
|-heal|p1a: Metagross|100/100|[from] item: Leftovers
|upkeep
|turn|20
|
|t:|1728330376
|move|p1a: Metagross|Psychic|p2a: Skarmory
|-resisted|p2a: Skarmory
|-damage|p2a: Skarmory|8/100
|move|p2a: Skarmory|Roar|p1a: Metagross
|drag|p1a: Celebi|Celebi|100/100
|-damage|p1a: Celebi|75/100|[from] Spikes
|
|-heal|p1a: Celebi|82/100|[from] item: Leftovers
|-heal|p2a: Skarmory|14/100|[from] item: Leftovers
|-damage|p2a: Skarmory|2/100|[from] Leech Seed|[of] p1a: Celebi
|-heal|p1a: Celebi|92/100|[silent]
|upkeep
|turn|21
|
|t:|1728330385
|switch|p2a: Metagross|Metagross|75/100
|-damage|p2a: Metagross|50/100|[from] Spikes
|move|p1a: Celebi|Hidden Power|p2a: Metagross
|-resisted|p2a: Metagross
|-damage|p2a: Metagross|38/100
|
|-heal|p1a: Celebi|98/100|[from] item: Leftovers
|-heal|p2a: Metagross|44/100|[from] item: Leftovers
|upkeep
|turn|22
|
|t:|1728330389
|move|p1a: Celebi|Calm Mind|p1a: Celebi
|-boost|p1a: Celebi|spa|1
|-boost|p1a: Celebi|spd|1
|move|p2a: Metagross|Explosion|p1a: Celebi
|-crit|p1a: Celebi
|-damage|p1a: Celebi|0 fnt
|faint|p2a: Metagross
|faint|p1a: Celebi
|
|t:|1728330394
|switch|p1a: Aerodactyl|Aerodactyl, M|100/100
|switch|p2a: Magneton|Magneton|100/100
|-damage|p2a: Magneton|76/100|[from] Spikes
|
|-heal|p2a: Magneton|82/100|[from] item: Leftovers
|upkeep
|turn|23
|
|t:|1728330401
|switch|p1a: Snorlax|Snorlax, F|100/100
|-damage|p1a: Snorlax|76/100|[from] Spikes
|move|p2a: Magneton|Protect||[still]
|-fail|p2a: Magneton
|
|-heal|p2a: Magneton|88/100|[from] item: Leftovers
|-heal|p1a: Snorlax|82/100|[from] item: Leftovers
|upkeep
|turn|24
|
|t:|1728330409
|switch|p2a: Tyranitar|Tyranitar, M|100/100
|-damage|p2a: Tyranitar|76/100|[from] Spikes
|-weather|Sandstorm|[from] ability: Sand Stream|[of] p2a: Tyranitar
|move|p1a: Snorlax|Body Slam|p2a: Tyranitar
|-resisted|p2a: Tyranitar
|-damage|p2a: Tyranitar|62/100
|
|-weather|Sandstorm|[upkeep]
|-damage|p1a: Snorlax|76/100|[from] Sandstorm
|-heal|p2a: Tyranitar|68/100|[from] item: Leftovers
|-heal|p1a: Snorlax|82/100|[from] item: Leftovers
|upkeep
|turn|25
|
|t:|1728330413
|move|p2a: Tyranitar|Earthquake|p1a: Snorlax
|-damage|p1a: Snorlax|56/100
|move|p1a: Snorlax|Earthquake|p2a: Tyranitar
|-supereffective|p2a: Tyranitar
|-damage|p2a: Tyranitar|29/100
|
|-weather|Sandstorm|[upkeep]
|-damage|p1a: Snorlax|50/100|[from] Sandstorm
|-heal|p2a: Tyranitar|35/100|[from] item: Leftovers
|-heal|p1a: Snorlax|56/100|[from] item: Leftovers
|upkeep
|turn|26
|
|t:|1728330422
|move|p2a: Tyranitar|Rock Slide|p1a: Snorlax
|-damage|p1a: Snorlax|25/100
|move|p1a: Snorlax|Earthquake|p2a: Tyranitar
|-supereffective|p2a: Tyranitar
|-damage|p2a: Tyranitar|0 fnt
|faint|p2a: Tyranitar
|
|t:|1728330428
|switch|p2a: Flygon|Flygon, M|66/100
|
|-weather|Sandstorm|[upkeep]
|-damage|p1a: Snorlax|19/100|[from] Sandstorm
|-heal|p2a: Flygon|73/100|[from] item: Leftovers
|-heal|p1a: Snorlax|25/100|[from] item: Leftovers
|upkeep
|turn|27
|
|t:|1728330434
|move|p2a: Flygon|Earthquake|p1a: Snorlax
|-damage|p1a: Snorlax|0 fnt
|faint|p1a: Snorlax
|
|t:|1728330437
|switch|p1a: Aerodactyl|Aerodactyl, M|100/100
|
|-weather|Sandstorm|[upkeep]
|-heal|p2a: Flygon|79/100|[from] item: Leftovers
|upkeep
|turn|28
|
|t:|1728330441
|switch|p2a: Skarmory|Skarmory, M|2/100
|move|p1a: Aerodactyl|Double-Edge|p2a: Skarmory
|-resisted|p2a: Skarmory
|-damage|p2a: Skarmory|0 fnt
|faint|p2a: Skarmory
|
|t:|1728330443
|switch|p2a: Magneton|Magneton|88/100
|-damage|p2a: Magneton|63/100|[from] Spikes
|
|-weather|Sandstorm|[upkeep]
|-heal|p2a: Magneton|69/100|[from] item: Leftovers
|upkeep
|turn|29
|
|t:|1728330446
|switch|p1a: Metagross|Metagross|100/100
|-damage|p1a: Metagross|75/100|[from] Spikes
|move|p2a: Magneton|Thunderbolt|p1a: Metagross
|-damage|p1a: Metagross|22/100
|
|-weather|Sandstorm|[upkeep]
|-heal|p2a: Magneton|76/100|[from] item: Leftovers
|-heal|p1a: Metagross|28/100|[from] item: Leftovers
|upkeep
|turn|30
|
|t:|1728330451
|move|p2a: Magneton|Thunderbolt|p1a: Metagross
|-damage|p1a: Metagross|0 fnt
|faint|p1a: Metagross
|
|t:|1728330452
|switch|p1a: Aerodactyl|Aerodactyl, M|100/100
|
|-weather|Sandstorm|[upkeep]
|-heal|p2a: Magneton|82/100|[from] item: Leftovers
|upkeep
|turn|31
|
|t:|1728330454
|move|p2a: Magneton|Protect|p2a: Magneton
|-singleturn|p2a: Magneton|Protect
|move|p1a: Aerodactyl|Rock Slide|p2a: Magneton
|-activate|p2a: Magneton|Protect
|
|-weather|Sandstorm|[upkeep]
|-heal|p2a: Magneton|88/100|[from] item: Leftovers
|upkeep
|turn|32
|
|t:|1728330455
|move|p1a: Aerodactyl|Rock Slide|p2a: Magneton
|-resisted|p2a: Magneton
|-damage|p2a: Magneton|53/100
|cant|p2a: Magneton|flinch
|
|-weather|Sandstorm|[upkeep]
|-heal|p2a: Magneton|59/100|[from] item: Leftovers
|upkeep
|turn|33
|
|t:|1728330456
|move|p2a: Magneton|Protect|p2a: Magneton
|-singleturn|p2a: Magneton|Protect
|move|p1a: Aerodactyl|Rock Slide|p2a: Magneton|[miss]
|-miss|p1a: Aerodactyl|p2a: Magneton
|
|-weather|Sandstorm|[upkeep]
|-heal|p2a: Magneton|65/100|[from] item: Leftovers
|upkeep
|turn|34
|
|t:|1728330457
|move|p1a: Aerodactyl|Rock Slide|p2a: Magneton
|-resisted|p2a: Magneton
|-damage|p2a: Magneton|34/100
|move|p2a: Magneton|Thunderbolt|p1a: Aerodactyl
|-supereffective|p1a: Aerodactyl
|-damage|p1a: Aerodactyl|0 fnt
|faint|p1a: Aerodactyl
|
|win|knexhawk2
|c|☆Xurkiyee|ggs

</script>
<script type="application/json" class="data" id="replaydata-smogtours-gen3ou-796220">
{"id":"smogtours-gen3ou-796220","format":"[Gen 3] OU","players":["Xurkiyee","knexhawk2"],"uploadtime":1728330457,"views":127,"formatid":"gen3ou","rating":null,"private":0,"password":null}
</script>

<script defer src="js/replays.js?9d40a366"></script>
