<!DOCTYPE html>
<meta charset="utf-8" />
<meta name="viewport" content="width=device-width" />

<title>[Gen 3] OU: Forblaze On Em vs. chiefbeef1234 - Replays - Pok&eacute;mon Showdown!</title>

<meta name="description" content="Watch a replay of a Pok&eacute;mon battle between Forblaze On Em and chiefbeef1234! Format: [Gen 3] OU; Date: Oct 13, 2024" />
<!--

Hey, you! Looking in the source for the replay log?

You can find them in JSON format, just add `.json` at the end of a replay URL.

https://replay.pokemonshowdown.com/gen7randomdoublesbattle-865046831.json

Or, if you only need the log itself, add `.log` instead:

https://replay.pokemonshowdown.com/gen7randomdoublesbattle-865046831.log

-->

<link rel="stylesheet" href="//pokemonshowdown.com/style/global.css?0.023195364461161105" />
<link rel="stylesheet" href="//play.pokemonshowdown.com/style/font-awesome.css?0.13261647063804238" />
<link rel="stylesheet" href="//play.pokemonshowdown.com/style/battle.css?0.8753245789963631" />
<link rel="stylesheet" href="//play.pokemonshowdown.com/style/utilichart.css?0.8627959624976733" />

<!-- Global site tag (gtag.js) - Google Analytics -->
<script async src="https://www.googletagmanager.com/gtag/js?id=UA-26211653-1"></script>
<script>
  window.dataLayer = window.dataLayer || [];
  function gtag(){dataLayer.push(arguments);}
  gtag('js', new Date());

  gtag('config', 'UA-26211653-1');
</script>
<!-- End Google Analytics -->
<!-- Venatus Ad Manager - Install in <HEAD> of page -->
	<script src="https://hb.vntsm.com/v3/live/ad-manager.min.js" type="text/javascript" data-site-id="642aba63ec9a7b11c3c9c1be" data-mode="scan" async></script>
<!-- / Venatus Ad Manager -->

<style>
	@media (max-width:820px) {
		.battle {
			margin: 0 auto;
		}
		.battle-log {
			margin: 7px auto 0;
			max-width: 640px;
			height: 300px;
			position: static;
		}
	}
	.optgroup {
		display: inline-block;
		line-height: 22px;
		font-size: 10pt;
	}
	.optgroup .button {
		height: 25px;
		padding-top: 0;
		padding-bottom: 0;
	}
	.optgroup button.button {
		padding-left: 12px;
		padding-right: 12px;
	}
	.linklist {
		list-style: none;
		margin: 0.5em 0;
		padding: 0;
	}
	.linklist li {
		padding: 2px 0;
	}
	.sidebar {
		float: left;
		width: 320px;
	}
	.bar-wrapper {
		max-width: 1100px;
		margin: 0 auto;
	}
	.bar-wrapper.has-sidebar {
		max-width: 1430px;
	}
	.mainbar {
		margin: 0;
		padding-right: 1px;
	}
	.mainbar.has-sidebar {
		margin-left: 330px;
	}
	@media (min-width: 1511px) {
		.sidebar {
			width: 400px;
		}
		.bar-wrapper.has-sidebar {
			max-width: 1510px;
		}
		.mainbar.has-sidebar {
			margin-left: 410px;
		}
	}
	.section.first-section {
		margin-top: 9px;
	}
	.blocklink small {
		white-space: normal;
	}
	.button {
		vertical-align: middle;
	}
	.replay-controls {
		padding-top: 10px;
	}
	.replay-controls h1 {
		font-size: 16pt;
		font-weight: normal;
		color: #CCC;
	}
	.pagelink {
		text-align: center;
	}
	.pagelink a {
		width: 150px;
	}
	.textbox, .button {
		font-size: 11pt;
		vertical-align: middle;
	}
	@media (max-width: 450px) {
		.button {
			font-size: 9pt;
		}
	}
</style>

<div>

	<header>
		<div class="nav-wrapper"><ul class="nav">
			<li><a class="button nav-first" href="//pokemonshowdown.com/"><img src="//pokemonshowdown.com/images/pokemonshowdownbeta.png" srcset="//pokemonshowdown.com/images/pokemonshowdownbeta.png 1x, //pokemonshowdown.com/images/pokemonshowdownbeta@2x.png 2x" alt="Pok&eacute;mon Showdown" width="146" height="44" /> Home</a></li>
			<li><a class="button" href="//pokemonshowdown.com/dex/">Pok&eacute;dex</a></li>
			<li><a class="button cur" href="/">Replays</a></li>
			<li><a class="button" href="//pokemonshowdown.com/ladder/">Ladder</a></li>
			<li><a class="button nav-last" href="//pokemonshowdown.com/forums/">Forum</a></li>
			<li><a class="button greenbutton nav-first nav-last" href="//play.pokemonshowdown.com/">Play</a></li>
		</ul></div>
	</header>

	<div class="main" id="main">

		<noscript><section class="section">You need to enable JavaScript to use this page; sorry!</section></noscript>

	</div>

</div>

<script defer nomodule src="//play.pokemonshowdown.com/js/lib/ps-polyfill.js"></script>
<script defer src="//play.pokemonshowdown.com/js/lib/preact.min.js"></script>

<script defer src="//play.pokemonshowdown.com/config/config.js?2bddbc15"></script>
<script defer src="//play.pokemonshowdown.com/js/lib/jquery-1.11.0.min.js"></script>
<script defer src="//play.pokemonshowdown.com/js/lib/html-sanitizer-minified.js"></script>
<script defer src="//play.pokemonshowdown.com/js/battle-sound.js"></script>
<script defer src="//play.pokemonshowdown.com/js/battledata.js?0.7209276989879541"></script>
<script defer src="//play.pokemonshowdown.com/data/pokedex-mini.js?0.6111056340867951"></script>
<script defer src="//play.pokemonshowdown.com/data/pokedex-mini-bw.js?0.3532142036491459"></script>
<script defer src="//play.pokemonshowdown.com/data/graphics.js?0.24223875632456182"></script>
<script defer src="//play.pokemonshowdown.com/data/pokedex.js?0.38839984266356864"></script>
<script defer src="//play.pokemonshowdown.com/data/moves.js?0.21866028504024015"></script>
<script defer src="//play.pokemonshowdown.com/data/abilities.js?0.2005157953846628"></script>
<script defer src="//play.pokemonshowdown.com/data/items.js?0.9894211263848525"></script>
<script defer src="//play.pokemonshowdown.com/data/teambuilder-tables.js?0.6008791140282215"></script>
<script defer src="//play.pokemonshowdown.com/js/battle-tooltips.js?0.7580118955022959"></script>
<script defer src="//play.pokemonshowdown.com/js/battle.js?0.6057722274234274"></script>

<script defer src="js/utils.js?e31f9a17"></script>
<script defer src="js/replays-battle.js?7008c182"></script>

<!-- don't scrape this data! just add .json or .log after the URL!
Full API docs: https://github.com/smogon/pokemon-showdown-client/blob/master/WEB-API.md -->
<script type="text/plain" class="log" id="replaylog-smogtours-gen3ou-798050">
|inactive|Battle timer is ON: inactive players will automatically lose when time's up.
|t:|1728831596
|gametype|singles
|player|p1|Forblaze On Em|2|
|player|p2|chiefbeef1234|erika-gen1rb|
|teamsize|p1|6
|teamsize|p2|6
|gen|3
|tier|[Gen 3] OU
|rule|Sleep Clause Mod: Limit one foe put to sleep
|rule|Switch Priority Clause Mod: Faster Pokémon switch first
|rule|Species Clause: Limit one of each Pokémon
|rule|OHKO Clause: OHKO moves are banned
|rule|Evasion Items Clause: Evasion items are banned
|rule|Evasion Moves Clause: Evasion moves are banned
|rule|Endless Battle Clause: Forcing endless battles is banned
|rule|HP Percentage Mod: HP is shown in percentages
|rule|One Boost Passer Clause: Limit one Baton Passer that has a way to boost its stats
|rule|Freeze Clause Mod: Limit one foe frozen
|
|t:|1728831596
|start
|switch|p1a: Zapdos|Zapdos|100/100
|switch|p2a: Medicham|Medicham, M|100/100
|turn|1
|c|☆chiefbeef1234|Glhf
|
|t:|1728831608
|move|p1a: Zapdos|Thunderbolt|p2a: Medicham
|-damage|p2a: Medicham|28/100
|move|p2a: Medicham|Baton Pass|p2a: Medicham
|
|t:|1728831617
|switch|p2a: Tyranitar|Tyranitar, M|100/100|[from] Baton Pass
|-weather|Sandstorm|[from] ability: Sand Stream|[of] p2a: Tyranitar
|
|-weather|Sandstorm|[upkeep]
|-damage|p1a: Zapdos|94/100|[from] Sandstorm
|-heal|p1a: Zapdos|100/100|[from] item: Leftovers
|upkeep
|turn|2
|
|t:|1728831626
|move|p1a: Zapdos|Thunderbolt|p2a: Tyranitar
|-damage|p2a: Tyranitar|59/100
|-status|p2a: Tyranitar|par
|move|p2a: Tyranitar|Rock Slide|p1a: Zapdos
|-supereffective|p1a: Zapdos
|-crit|p1a: Zapdos
|-damage|p1a: Zapdos|0 fnt
|faint|p1a: Zapdos
|
|t:|1728831632
|switch|p1a: Dugtrio|Dugtrio, F|100/100
|
|-weather|Sandstorm|[upkeep]
|-heal|p2a: Tyranitar|65/100 par|[from] item: Leftovers
|upkeep
|turn|3
|
|t:|1728831637
|move|p1a: Dugtrio|Earthquake|p2a: Tyranitar
|-supereffective|p2a: Tyranitar
|-damage|p2a: Tyranitar|0 fnt
|faint|p2a: Tyranitar
|
|t:|1728831640
|switch|p2a: Gengar|Gengar, F|100/100
|
|-weather|Sandstorm|[upkeep]
|-damage|p2a: Gengar|94/100|[from] Sandstorm
|-heal|p2a: Gengar|100/100|[from] item: Leftovers
|upkeep
|turn|4
|
|t:|1728831646
|switch|p1a: Metagross|Metagross|100/100
|move|p2a: Gengar|Will-O-Wisp|p1a: Metagross
|-status|p1a: Metagross|brn
|
|-weather|Sandstorm|[upkeep]
|-damage|p2a: Gengar|94/100|[from] Sandstorm
|-heal|p2a: Gengar|100/100|[from] item: Leftovers
|-damage|p1a: Metagross|88/100 brn|[from] brn
|upkeep
|turn|5
|
|t:|1728831654
|switch|p2a: Skarmory|Skarmory, F|100/100
|move|p1a: Metagross|Psychic|p2a: Skarmory
|-resisted|p2a: Skarmory
|-damage|p2a: Skarmory|83/100
|
|-weather|Sandstorm|[upkeep]
|-heal|p1a: Metagross|94/100 brn|[from] item: Leftovers
|-damage|p1a: Metagross|82/100 brn|[from] brn
|-heal|p2a: Skarmory|89/100|[from] item: Leftovers
|upkeep
|turn|6
|
|t:|1728831659
|move|p2a: Skarmory|Protect|p2a: Skarmory
|-singleturn|p2a: Skarmory|Protect
|move|p1a: Metagross|Hidden Power|p2a: Skarmory
|-activate|p2a: Skarmory|Protect
|
|-weather|Sandstorm|[upkeep]
|-heal|p1a: Metagross|88/100 brn|[from] item: Leftovers
|-damage|p1a: Metagross|76/100 brn|[from] brn
|-heal|p2a: Skarmory|95/100|[from] item: Leftovers
|upkeep
|turn|7
|
|t:|1728831664
|switch|p2a: Swampert|Swampert, F|100/100
|move|p1a: Metagross|Hidden Power|p2a: Swampert
|-resisted|p2a: Swampert
|-damage|p2a: Swampert|92/100
|
|-weather|Sandstorm|[upkeep]
|-heal|p1a: Metagross|82/100 brn|[from] item: Leftovers
|-damage|p1a: Metagross|70/100 brn|[from] brn
|-heal|p2a: Swampert|98/100|[from] item: Leftovers
|upkeep
|turn|8
|
|t:|1728831669
|move|p1a: Metagross|Psychic|p2a: Swampert
|-damage|p2a: Swampert|63/100
|move|p2a: Swampert|Earthquake|p1a: Metagross
|-supereffective|p1a: Metagross
|-damage|p1a: Metagross|14/100 brn
|
|-weather|Sandstorm|[upkeep]
|-heal|p1a: Metagross|20/100 brn|[from] item: Leftovers
|-damage|p1a: Metagross|8/100 brn|[from] brn
|-heal|p2a: Swampert|69/100|[from] item: Leftovers
|upkeep
|turn|9
|
|t:|1728831678
|move|p2a: Swampert|Protect|p2a: Swampert
|-singleturn|p2a: Swampert|Protect
|move|p1a: Metagross|Psychic|p2a: Swampert
|-activate|p2a: Swampert|Protect
|
|-weather|Sandstorm|[upkeep]
|-heal|p1a: Metagross|14/100 brn|[from] item: Leftovers
|-damage|p1a: Metagross|2/100 brn|[from] brn
|-heal|p2a: Swampert|75/100|[from] item: Leftovers
|upkeep
|turn|10
|
|t:|1728831712
|move|p1a: Metagross|Psychic|p2a: Swampert
|-damage|p2a: Swampert|41/100
|move|p2a: Swampert|Ice Beam|p1a: Metagross
|-resisted|p1a: Metagross
|-damage|p1a: Metagross|0 fnt
|faint|p1a: Metagross
|inactive|Forblaze On Em has 270 seconds left.
|
|t:|1728831724
|switch|p1a: Suicune|Suicune|100/100
|
|-weather|Sandstorm|[upkeep]
|-damage|p1a: Suicune|94/100|[from] Sandstorm
|-heal|p1a: Suicune|100/100|[from] item: Leftovers
|-heal|p2a: Swampert|47/100|[from] item: Leftovers
|upkeep
|turn|11
|
|t:|1728831731
|switch|p2a: Gengar|Gengar, F|100/100
|move|p1a: Suicune|Hydro Pump|p2a: Gengar
|-damage|p2a: Gengar|43/100
|
|-weather|Sandstorm|[upkeep]
|-damage|p2a: Gengar|37/100|[from] Sandstorm
|-damage|p1a: Suicune|94/100|[from] Sandstorm
|-heal|p2a: Gengar|43/100|[from] item: Leftovers
|-heal|p1a: Suicune|100/100|[from] item: Leftovers
|upkeep
|turn|12
|
|t:|1728831736
|move|p2a: Gengar|Thunderbolt|p1a: Suicune
|-supereffective|p1a: Suicune
|-damage|p1a: Suicune|48/100
|move|p1a: Suicune|Hydro Pump|p2a: Gengar
|-crit|p2a: Gengar
|-damage|p2a: Gengar|0 fnt
|faint|p2a: Gengar
|
|t:|1728831747
|switch|p2a: Medicham|Medicham, M|28/100
|
|-weather|Sandstorm|[upkeep]
|-damage|p1a: Suicune|42/100|[from] Sandstorm
|-damage|p2a: Medicham|22/100|[from] Sandstorm
|-heal|p1a: Suicune|48/100|[from] item: Leftovers
|upkeep
|turn|13
|
|t:|1728831750
|move|p1a: Suicune|Ice Beam|p2a: Medicham
|-damage|p2a: Medicham|0 fnt
|faint|p2a: Medicham
|
|t:|1728831763
|switch|p2a: Swampert|Swampert, F|47/100
|
|-weather|Sandstorm|[upkeep]
|-damage|p1a: Suicune|42/100|[from] Sandstorm
|-heal|p1a: Suicune|48/100|[from] item: Leftovers
|-heal|p2a: Swampert|54/100|[from] item: Leftovers
|upkeep
|turn|14
|
|t:|1728831765
|move|p1a: Suicune|Hydro Pump|p2a: Swampert
|-damage|p2a: Swampert|3/100
|move|p2a: Swampert|Earthquake|p1a: Suicune
|-crit|p1a: Suicune
|-damage|p1a: Suicune|0 fnt
|faint|p1a: Suicune
|
|t:|1728831790
|switch|p1a: Raikou|Raikou|100/100
|
|-weather|Sandstorm|[upkeep]
|-damage|p1a: Raikou|94/100|[from] Sandstorm
|-heal|p1a: Raikou|100/100|[from] item: Leftovers
|-heal|p2a: Swampert|10/100|[from] item: Leftovers
|upkeep
|turn|15
|
|t:|1728831794
|move|p1a: Raikou|Substitute|p1a: Raikou
|-start|p1a: Raikou|Substitute
|-damage|p1a: Raikou|76/100
|move|p2a: Swampert|Earthquake|p1a: Raikou
|-supereffective|p1a: Raikou
|-end|p1a: Raikou|Substitute
|
|-weather|Sandstorm|[upkeep]
|-damage|p1a: Raikou|69/100|[from] Sandstorm
|-heal|p1a: Raikou|76/100|[from] item: Leftovers
|-heal|p2a: Swampert|16/100|[from] item: Leftovers
|upkeep
|turn|16
|
|t:|1728831796
|move|p1a: Raikou|Hidden Power|p2a: Swampert
|-supereffective|p2a: Swampert
|-damage|p2a: Swampert|0 fnt
|faint|p2a: Swampert
|
|t:|1728831800
|switch|p2a: Metagross|Metagross|100/100
|
|-weather|Sandstorm|[upkeep]
|-damage|p1a: Raikou|69/100|[from] Sandstorm
|-heal|p1a: Raikou|76/100|[from] item: Leftovers
|upkeep
|turn|17
|
|t:|1728831822
|move|p1a: Raikou|Thunderbolt|p2a: Metagross
|-damage|p2a: Metagross|52/100
|-status|p2a: Metagross|par
|-enditem|p2a: Metagross|Lum Berry|[eat]
|-curestatus|p2a: Metagross|par|[msg]
|move|p2a: Metagross|Agility|p2a: Metagross
|-boost|p2a: Metagross|spe|2
|
|-weather|Sandstorm|[upkeep]
|-damage|p1a: Raikou|69/100|[from] Sandstorm
|-heal|p1a: Raikou|76/100|[from] item: Leftovers
|upkeep
|turn|18
|
|t:|1728831829
|move|p2a: Metagross|Earthquake|p1a: Raikou
|-supereffective|p1a: Raikou
|-damage|p1a: Raikou|0 fnt
|faint|p1a: Raikou
|
|t:|1728831831
|switch|p1a: Salamence|Salamence, M|100/100
|-ability|p1a: Salamence|Intimidate|boost
|-fail|p2a: Metagross|unboost|[from] ability: Clear Body|[of] p2a: Metagross
|
|-weather|Sandstorm|[upkeep]
|-damage|p1a: Salamence|94/100|[from] Sandstorm
|-heal|p1a: Salamence|100/100|[from] item: Leftovers
|upkeep
|turn|19
|
|t:|1728831838
|move|p2a: Metagross|Explosion|p1a: Salamence
|-damage|p1a: Salamence|0 fnt
|faint|p2a: Metagross
|faint|p1a: Salamence
|
|t:|1728831840
|switch|p1a: Dugtrio|Dugtrio, F|100/100
|switch|p2a: Skarmory|Skarmory, F|95/100
|
|-weather|Sandstorm|[upkeep]
|-heal|p2a: Skarmory|100/100|[from] item: Leftovers
|upkeep
|turn|20
|
|t:|1728831844
|move|p1a: Dugtrio|Rock Slide|p2a: Skarmory
|-damage|p2a: Skarmory|79/100
|cant|p2a: Skarmory|flinch
|
|-weather|Sandstorm|[upkeep]
|-heal|p2a: Skarmory|85/100|[from] item: Leftovers
|upkeep
|turn|21
|
|t:|1728831847
|move|p2a: Skarmory|Protect|p2a: Skarmory
|-singleturn|p2a: Skarmory|Protect
|move|p1a: Dugtrio|Rock Slide|p2a: Skarmory
|-activate|p2a: Skarmory|Protect
|
|-weather|Sandstorm|[upkeep]
|-heal|p2a: Skarmory|91/100|[from] item: Leftovers
|upkeep
|turn|22
|
|t:|1728831850
|move|p1a: Dugtrio|Rock Slide|p2a: Skarmory
|-damage|p2a: Skarmory|67/100
|move|p2a: Skarmory|Toxic|p1a: Dugtrio
|-status|p1a: Dugtrio|tox
|
|-weather|Sandstorm|[upkeep]
|-damage|p1a: Dugtrio|94/100 tox|[from] psn
|-heal|p2a: Skarmory|73/100|[from] item: Leftovers
|upkeep
|turn|23
|
|t:|1728831855
|move|p2a: Skarmory|Protect|p2a: Skarmory
|-singleturn|p2a: Skarmory|Protect
|move|p1a: Dugtrio|Rock Slide|p2a: Skarmory
|-activate|p2a: Skarmory|Protect
|
|-weather|Sandstorm|[upkeep]
|-damage|p1a: Dugtrio|82/100 tox|[from] psn
|-heal|p2a: Skarmory|79/100|[from] item: Leftovers
|upkeep
|turn|24
|
|t:|1728831857
|move|p2a: Skarmory|Protect||[still]
|-fail|p2a: Skarmory
|move|p1a: Dugtrio|Rock Slide|p2a: Skarmory|[miss]
|-miss|p1a: Dugtrio|p2a: Skarmory
|
|-weather|Sandstorm|[upkeep]
|-damage|p1a: Dugtrio|64/100 tox|[from] psn
|-heal|p2a: Skarmory|85/100|[from] item: Leftovers
|upkeep
|turn|25
|
|t:|1728831861
|move|p2a: Skarmory|Protect|p2a: Skarmory
|-singleturn|p2a: Skarmory|Protect
|move|p1a: Dugtrio|Rock Slide|p2a: Skarmory
|-activate|p2a: Skarmory|Protect
|
|-weather|Sandstorm|[upkeep]
|-damage|p1a: Dugtrio|39/100 tox|[from] psn
|-heal|p2a: Skarmory|91/100|[from] item: Leftovers
|upkeep
|turn|26
|
|t:|1728831862
|move|p2a: Skarmory|Protect||[still]
|-fail|p2a: Skarmory
|move|p1a: Dugtrio|Rock Slide|p2a: Skarmory
|-damage|p2a: Skarmory|70/100
|
|-weather|Sandstorm|[upkeep]
|-damage|p1a: Dugtrio|9/100 tox|[from] psn
|-heal|p2a: Skarmory|76/100|[from] item: Leftovers
|upkeep
|turn|27
|
|t:|1728831864
|move|p2a: Skarmory|Protect|p2a: Skarmory
|-singleturn|p2a: Skarmory|Protect
|move|p1a: Dugtrio|Rock Slide|p2a: Skarmory
|-activate|p2a: Skarmory|Protect
|
|-weather|Sandstorm|[upkeep]
|-damage|p1a: Dugtrio|0 fnt|[from] psn
|faint|p1a: Dugtrio
|
|win|chiefbeef1234
|upkeep
|player|p1|
|c|☆chiefbeef1234|Gg

</script>
<script type="application/json" class="data" id="replaydata-smogtours-gen3ou-798050">
{"id":"smogtours-gen3ou-798050","format":"[Gen 3] OU","players":["Forblaze On Em","chiefbeef1234"],"uploadtime":1728831864,"views":71,"formatid":"gen3ou","rating":null,"private":0,"password":null}
</script>

<script defer src="js/replays.js?9d40a366"></script>
