<!DOCTYPE html>
<meta charset="utf-8" />
<meta name="viewport" content="width=device-width" />

<title>[Gen 3] OU: asbolus verrucosus vs. chad.lagos - Replays - Pok&eacute;mon Showdown!</title>

<meta name="description" content="Watch a replay of a Pok&eacute;mon battle between asbolus verrucosus and chad.lagos! Format: [Gen 3] OU; Date: Oct 9, 2024" />
<!--

Hey, you! Looking in the source for the replay log?

You can find them in JSON format, just add `.json` at the end of a replay URL.

https://replay.pokemonshowdown.com/gen7randomdoublesbattle-865046831.json

Or, if you only need the log itself, add `.log` instead:

https://replay.pokemonshowdown.com/gen7randomdoublesbattle-865046831.log

-->

<link rel="stylesheet" href="//pokemonshowdown.com/style/global.css?0.767286132409787" />
<link rel="stylesheet" href="//play.pokemonshowdown.com/style/font-awesome.css?0.9266228007934947" />
<link rel="stylesheet" href="//play.pokemonshowdown.com/style/battle.css?0.7924700842790926" />
<link rel="stylesheet" href="//play.pokemonshowdown.com/style/utilichart.css?0.8777417872839479" />

<!-- Global site tag (gtag.js) - Google Analytics -->
<script async src="https://www.googletagmanager.com/gtag/js?id=UA-26211653-1"></script>
<script>
  window.dataLayer = window.dataLayer || [];
  function gtag(){dataLayer.push(arguments);}
  gtag('js', new Date());

  gtag('config', 'UA-26211653-1');
</script>
<!-- End Google Analytics -->
<!-- Venatus Ad Manager - Install in <HEAD> of page -->
	<script src="https://hb.vntsm.com/v3/live/ad-manager.min.js" type="text/javascript" data-site-id="642aba63ec9a7b11c3c9c1be" data-mode="scan" async></script>
<!-- / Venatus Ad Manager -->

<style>
	@media (max-width:820px) {
		.battle {
			margin: 0 auto;
		}
		.battle-log {
			margin: 7px auto 0;
			max-width: 640px;
			height: 300px;
			position: static;
		}
	}
	.optgroup {
		display: inline-block;
		line-height: 22px;
		font-size: 10pt;
	}
	.optgroup .button {
		height: 25px;
		padding-top: 0;
		padding-bottom: 0;
	}
	.optgroup button.button {
		padding-left: 12px;
		padding-right: 12px;
	}
	.linklist {
		list-style: none;
		margin: 0.5em 0;
		padding: 0;
	}
	.linklist li {
		padding: 2px 0;
	}
	.sidebar {
		float: left;
		width: 320px;
	}
	.bar-wrapper {
		max-width: 1100px;
		margin: 0 auto;
	}
	.bar-wrapper.has-sidebar {
		max-width: 1430px;
	}
	.mainbar {
		margin: 0;
		padding-right: 1px;
	}
	.mainbar.has-sidebar {
		margin-left: 330px;
	}
	@media (min-width: 1511px) {
		.sidebar {
			width: 400px;
		}
		.bar-wrapper.has-sidebar {
			max-width: 1510px;
		}
		.mainbar.has-sidebar {
			margin-left: 410px;
		}
	}
	.section.first-section {
		margin-top: 9px;
	}
	.blocklink small {
		white-space: normal;
	}
	.button {
		vertical-align: middle;
	}
	.replay-controls {
		padding-top: 10px;
	}
	.replay-controls h1 {
		font-size: 16pt;
		font-weight: normal;
		color: #CCC;
	}
	.pagelink {
		text-align: center;
	}
	.pagelink a {
		width: 150px;
	}
	.textbox, .button {
		font-size: 11pt;
		vertical-align: middle;
	}
	@media (max-width: 450px) {
		.button {
			font-size: 9pt;
		}
	}
</style>

<div>

	<header>
		<div class="nav-wrapper"><ul class="nav">
			<li><a class="button nav-first" href="//pokemonshowdown.com/"><img src="//pokemonshowdown.com/images/pokemonshowdownbeta.png" srcset="//pokemonshowdown.com/images/pokemonshowdownbeta.png 1x, //pokemonshowdown.com/images/pokemonshowdownbeta@2x.png 2x" alt="Pok&eacute;mon Showdown" width="146" height="44" /> Home</a></li>
			<li><a class="button" href="//pokemonshowdown.com/dex/">Pok&eacute;dex</a></li>
			<li><a class="button cur" href="/">Replays</a></li>
			<li><a class="button" href="//pokemonshowdown.com/ladder/">Ladder</a></li>
			<li><a class="button nav-last" href="//pokemonshowdown.com/forums/">Forum</a></li>
			<li><a class="button greenbutton nav-first nav-last" href="//play.pokemonshowdown.com/">Play</a></li>
		</ul></div>
	</header>

	<div class="main" id="main">

		<noscript><section class="section">You need to enable JavaScript to use this page; sorry!</section></noscript>

	</div>

</div>

<script defer nomodule src="//play.pokemonshowdown.com/js/lib/ps-polyfill.js"></script>
<script defer src="//play.pokemonshowdown.com/js/lib/preact.min.js"></script>

<script defer src="//play.pokemonshowdown.com/config/config.js?6dec07f6"></script>
<script defer src="//play.pokemonshowdown.com/js/lib/jquery-1.11.0.min.js"></script>
<script defer src="//play.pokemonshowdown.com/js/lib/html-sanitizer-minified.js"></script>
<script defer src="//play.pokemonshowdown.com/js/battle-sound.js"></script>
<script defer src="//play.pokemonshowdown.com/js/battledata.js?0.6315294753075389"></script>
<script defer src="//play.pokemonshowdown.com/data/pokedex-mini.js?0.7603743185311358"></script>
<script defer src="//play.pokemonshowdown.com/data/pokedex-mini-bw.js?0.030888842834281283"></script>
<script defer src="//play.pokemonshowdown.com/data/graphics.js?0.05593094747507488"></script>
<script defer src="//play.pokemonshowdown.com/data/pokedex.js?0.47064822249611904"></script>
<script defer src="//play.pokemonshowdown.com/data/moves.js?0.8583693120512459"></script>
<script defer src="//play.pokemonshowdown.com/data/abilities.js?0.16017181182386842"></script>
<script defer src="//play.pokemonshowdown.com/data/items.js?0.4163379185673943"></script>
<script defer src="//play.pokemonshowdown.com/data/teambuilder-tables.js?0.31075597372830477"></script>
<script defer src="//play.pokemonshowdown.com/js/battle-tooltips.js?0.6536193500708172"></script>
<script defer src="//play.pokemonshowdown.com/js/battle.js?0.1916591943277901"></script>

<script defer src="js/utils.js?e31f9a17"></script>
<script defer src="js/replays-battle.js?7008c182"></script>

<!-- don't scrape this data! just add .json or .log after the URL!
Full API docs: https://github.com/smogon/pokemon-showdown-client/blob/master/WEB-API.md -->
<script type="text/plain" class="log" id="replaylog-smogtours-gen3ou-796774">
|inactive|Battle timer is ON: inactive players will automatically lose when time's up.
|t:|1728509276
|gametype|singles
|player|p1|asbolus verrucosus|bugsy-gen2|
|player|p2|chad.lagos|cyclist|
|teamsize|p1|6
|teamsize|p2|6
|gen|3
|tier|[Gen 3] OU
|rule|Sleep Clause Mod: Limit one foe put to sleep
|rule|Switch Priority Clause Mod: Faster Pokémon switch first
|rule|Species Clause: Limit one of each Pokémon
|rule|OHKO Clause: OHKO moves are banned
|rule|Evasion Items Clause: Evasion items are banned
|rule|Evasion Moves Clause: Evasion moves are banned
|rule|Endless Battle Clause: Forcing endless battles is banned
|rule|HP Percentage Mod: HP is shown in percentages
|rule|One Boost Passer Clause: Limit one Baton Passer that has a way to boost its stats
|rule|Freeze Clause Mod: Limit one foe frozen
|
|t:|1728509276
|start
|switch|p1a: ragnarok|Tyranitar, M, shiny|100/100
|switch|p2a: Zapdos|Zapdos|100/100
|-weather|Sandstorm|[from] ability: Sand Stream|[of] p1a: ragnarok
|turn|1
|inactive|chad.lagos has 270 seconds left.
|inactive|chad.lagos has 240 seconds left.
|
|t:|1728509337
|switch|p2a: Claydol|Claydol|100/100
|move|p1a: ragnarok|Thunder Wave|p2a: Claydol
|-immune|p2a: Claydol
|
|-weather|Sandstorm|[upkeep]
|upkeep
|turn|2
|
|t:|1728509346
|switch|p1a: pike|Skarmory, M, shiny|100/100
|move|p2a: Claydol|Earthquake|p1a: pike
|-immune|p1a: pike
|
|-weather|Sandstorm|[upkeep]
|upkeep
|turn|3
|
|t:|1728509359
|move|p2a: Claydol|Psychic|p1a: pike
|-resisted|p1a: pike
|-damage|p1a: pike|91/100
|move|p1a: pike|Roar|p2a: Claydol
|drag|p2a: Zapdos|Zapdos|100/100
|
|-weather|Sandstorm|[upkeep]
|-damage|p2a: Zapdos|94/100|[from] Sandstorm
|-heal|p2a: Zapdos|100/100|[from] item: Leftovers
|-heal|p1a: pike|97/100|[from] item: Leftovers
|upkeep
|turn|4
|
|t:|1728509375
|switch|p1a: ragnarok|Tyranitar, M, shiny|100/100
|move|p2a: Zapdos|Thunderbolt|p1a: ragnarok
|-damage|p1a: ragnarok|63/100
|
|-weather|Sandstorm|[upkeep]
|-damage|p2a: Zapdos|94/100|[from] Sandstorm
|-heal|p2a: Zapdos|100/100|[from] item: Leftovers
|-heal|p1a: ragnarok|69/100|[from] item: Leftovers
|upkeep
|turn|5
|inactive|chad.lagos has 270 seconds left.
|
|t:|1728509415
|move|p2a: Zapdos|Thunderbolt|p1a: ragnarok
|-damage|p1a: ragnarok|34/100
|move|p1a: ragnarok|Ice Beam|p2a: Zapdos
|-supereffective|p2a: Zapdos
|-damage|p2a: Zapdos|45/100
|
|-weather|Sandstorm|[upkeep]
|-damage|p2a: Zapdos|39/100|[from] Sandstorm
|-heal|p2a: Zapdos|45/100|[from] item: Leftovers
|-heal|p1a: ragnarok|40/100|[from] item: Leftovers
|upkeep
|turn|6
|inactive|chad.lagos has 240 seconds left.
|
|t:|1728509447
|switch|p2a: Suicune|Suicune|100/100
|switch|p1a: pavatae|Jirachi, shiny|100/100
|
|-weather|Sandstorm|[upkeep]
|-damage|p2a: Suicune|94/100|[from] Sandstorm
|-heal|p2a: Suicune|100/100|[from] item: Leftovers
|upkeep
|turn|7
|inactive|chad.lagos has 240 seconds left.
|
|t:|1728509472
|switch|p2a: Claydol|Claydol|100/100
|move|p1a: pavatae|Body Slam|p2a: Claydol
|-damage|p2a: Claydol|80/100
|-status|p2a: Claydol|par
|
|-weather|Sandstorm|[upkeep]
|-heal|p2a: Claydol|87/100 par|[from] item: Leftovers
|upkeep
|turn|8
|
|t:|1728509482
|move|p1a: pavatae|Wish|p1a: pavatae
|cant|p2a: Claydol|par
|
|-weather|Sandstorm|[upkeep]
|-heal|p2a: Claydol|93/100 par|[from] item: Leftovers
|upkeep
|turn|9
|inactive|chad.lagos has 210 seconds left.
|
|t:|1728509524
|switch|p1a: rostic|Articuno|100/100
|cant|p2a: Claydol|par
|
|-weather|Sandstorm|[upkeep]
|-damage|p1a: rostic|94/100|[from] Sandstorm
|-heal|p1a: rostic|100/100|[from] item: Leftovers
|-heal|p2a: Claydol|99/100 par|[from] item: Leftovers
|upkeep
|turn|10
|
|t:|1728509540
|switch|p1a: pike|Skarmory, M, shiny|97/100
|cant|p2a: Claydol|par
|
|-weather|Sandstorm|[upkeep]
|-heal|p1a: pike|100/100|[from] item: Leftovers
|-heal|p2a: Claydol|100/100 par|[from] item: Leftovers
|upkeep
|turn|11
|
|t:|1728509554
|move|p1a: pike|Spikes|p2a: Claydol
|-sidestart|p2: chad.lagos|Spikes
|move|p2a: Claydol|Refresh|p2a: Claydol
|-curestatus|p2a: Claydol|par|[msg]
|
|-weather|Sandstorm|[upkeep]
|upkeep
|turn|12
|
|t:|1728509561
|move|p2a: Claydol|Rapid Spin|p1a: pike
|-resisted|p1a: pike
|-damage|p1a: pike|99/100
|-sideend|p2: chad.lagos|Spikes|[from] move: Rapid Spin|[of] p2a: Claydol
|move|p1a: pike|Toxic|p2a: Claydol
|-status|p2a: Claydol|tox
|
|-weather|Sandstorm|[upkeep]
|-damage|p2a: Claydol|94/100 tox|[from] psn
|-heal|p1a: pike|100/100|[from] item: Leftovers
|upkeep
|turn|13
|
|t:|1728509576
|switch|p1a: ragnarok|Tyranitar, M, shiny|40/100
|move|p2a: Claydol|Earthquake|p1a: ragnarok
|-supereffective|p1a: ragnarok
|-damage|p1a: ragnarok|0 fnt
|faint|p1a: ragnarok
|
|t:|1728509593
|switch|p1a: rostic|Articuno|100/100
|
|-weather|Sandstorm|[upkeep]
|-damage|p1a: rostic|94/100|[from] Sandstorm
|-heal|p1a: rostic|100/100|[from] item: Leftovers
|-heal|p2a: Claydol|100/100 tox|[from] item: Leftovers
|-damage|p2a: Claydol|88/100 tox|[from] psn
|upkeep
|turn|14
|inactive|chad.lagos has 180 seconds left.
|
|t:|1728509625
|switch|p2a: Suicune|Suicune|100/100
|move|p1a: rostic|Ice Beam|p2a: Suicune
|-resisted|p2a: Suicune
|-damage|p2a: Suicune|90/100
|
|-weather|Sandstorm|[upkeep]
|-damage|p1a: rostic|94/100|[from] Sandstorm
|-damage|p2a: Suicune|83/100|[from] Sandstorm
|-heal|p1a: rostic|100/100|[from] item: Leftovers
|-heal|p2a: Suicune|90/100|[from] item: Leftovers
|upkeep
|turn|15
|inactive|chad.lagos has 180 seconds left.
|
|t:|1728509636
|switch|p1a: pike|Skarmory, M, shiny|100/100
|move|p2a: Suicune|Calm Mind|p2a: Suicune
|-boost|p2a: Suicune|spa|1
|-boost|p2a: Suicune|spd|1
|
|-weather|Sandstorm|[upkeep]
|-damage|p2a: Suicune|83/100|[from] Sandstorm
|-heal|p2a: Suicune|90/100|[from] item: Leftovers
|upkeep
|turn|16
|inactive|chad.lagos has 180 seconds left.
|
|t:|1728509653
|move|p2a: Suicune|Calm Mind|p2a: Suicune
|-boost|p2a: Suicune|spa|1
|-boost|p2a: Suicune|spd|1
|move|p1a: pike|Toxic|p2a: Suicune
|-status|p2a: Suicune|tox
|
|-weather|Sandstorm|[upkeep]
|-damage|p2a: Suicune|83/100 tox|[from] Sandstorm
|-heal|p2a: Suicune|90/100 tox|[from] item: Leftovers
|-damage|p2a: Suicune|83/100 tox|[from] psn
|upkeep
|turn|17
|
|t:|1728509662
|switch|p1a: rostic|Articuno|100/100
|move|p2a: Suicune|Surf|p1a: rostic
|-damage|p1a: rostic|55/100
|
|-weather|Sandstorm|[upkeep]
|-damage|p1a: rostic|49/100|[from] Sandstorm
|-damage|p2a: Suicune|77/100 tox|[from] Sandstorm
|-heal|p1a: rostic|55/100|[from] item: Leftovers
|-heal|p2a: Suicune|83/100 tox|[from] item: Leftovers
|-damage|p2a: Suicune|71/100 tox|[from] psn
|upkeep
|turn|18
|inactive|chad.lagos has 180 seconds left.
|
|t:|1728509672
|move|p1a: rostic|Haze|p1a: rostic
|-clearallboost
|move|p2a: Suicune|Surf|p1a: rostic
|-damage|p1a: rostic|34/100
|
|-weather|Sandstorm|[upkeep]
|-damage|p1a: rostic|27/100|[from] Sandstorm
|-damage|p2a: Suicune|65/100 tox|[from] Sandstorm
|-heal|p1a: rostic|34/100|[from] item: Leftovers
|-heal|p2a: Suicune|71/100 tox|[from] item: Leftovers
|-damage|p2a: Suicune|52/100 tox|[from] psn
|upkeep
|turn|19
|inactive|chad.lagos has 180 seconds left.
|
|t:|1728509684
|switch|p1a: pike|Skarmory, M, shiny|100/100
|move|p2a: Suicune|Rest|p2a: Suicune
|-status|p2a: Suicune|slp|[from] move: Rest
|-heal|p2a: Suicune|100/100 slp|[silent]
|
|-weather|Sandstorm|[upkeep]
|-damage|p2a: Suicune|94/100 slp|[from] Sandstorm
|-heal|p2a: Suicune|100/100 slp|[from] item: Leftovers
|upkeep
|turn|20
|
|t:|1728509692
|cant|p2a: Suicune|slp
|move|p2a: Suicune|Sleep Talk|p2a: Suicune
|move|p2a: Suicune|Surf|p1a: pike|[from]Sleep Talk
|-damage|p1a: pike|65/100
|move|p1a: pike|Spikes|p2a: Suicune
|-sidestart|p2: chad.lagos|Spikes
|
|-weather|Sandstorm|[upkeep]
|-damage|p2a: Suicune|94/100 slp|[from] Sandstorm
|-heal|p2a: Suicune|100/100 slp|[from] item: Leftovers
|-heal|p1a: pike|71/100|[from] item: Leftovers
|upkeep
|turn|21
|
|t:|1728509705
|cant|p2a: Suicune|slp
|move|p2a: Suicune|Sleep Talk|p2a: Suicune
|move|p2a: Suicune|Calm Mind|p2a: Suicune|[from]Sleep Talk
|-boost|p2a: Suicune|spa|1
|-boost|p2a: Suicune|spd|1
|move|p1a: pike|Roar|p2a: Suicune
|drag|p2a: Kingdra|Kingdra, F|100/100
|-damage|p2a: Kingdra|88/100|[from] Spikes
|
|-weather|Sandstorm|[upkeep]
|-damage|p2a: Kingdra|82/100|[from] Sandstorm
|-heal|p1a: pike|77/100|[from] item: Leftovers
|upkeep
|turn|22
|inactive|chad.lagos has 180 seconds left.
|
|t:|1728509726
|move|p2a: Kingdra|Rain Dance|p2a: Kingdra
|-weather|RainDance
|move|p1a: pike|Roar|p2a: Kingdra
|drag|p2a: Claydol|Claydol|88/100 tox
|
|-weather|RainDance|[upkeep]
|-heal|p2a: Claydol|94/100 tox|[from] item: Leftovers
|-damage|p2a: Claydol|88/100 tox|[from] psn
|-heal|p1a: pike|83/100|[from] item: Leftovers
|upkeep
|turn|23
|inactive|chad.lagos has 180 seconds left.
|
|t:|1728509737
|move|p2a: Claydol|Rapid Spin|p1a: pike
|-resisted|p1a: pike
|-damage|p1a: pike|81/100
|-sideend|p2: chad.lagos|Spikes|[from] move: Rapid Spin|[of] p2a: Claydol
|move|p1a: pike|Spikes|p2a: Claydol
|-sidestart|p2: chad.lagos|Spikes
|
|-weather|RainDance|[upkeep]
|-heal|p2a: Claydol|94/100 tox|[from] item: Leftovers
|-damage|p2a: Claydol|82/100 tox|[from] psn
|-heal|p1a: pike|87/100|[from] item: Leftovers
|upkeep
|turn|24
|inactive|chad.lagos has 180 seconds left.
|
|t:|1728509748
|move|p2a: Claydol|Refresh|p2a: Claydol
|-curestatus|p2a: Claydol|tox|[msg]
|move|p1a: pike|Toxic|p2a: Claydol
|-status|p2a: Claydol|tox
|
|-weather|RainDance|[upkeep]
|-heal|p2a: Claydol|88/100 tox|[from] item: Leftovers
|-damage|p2a: Claydol|82/100 tox|[from] psn
|-heal|p1a: pike|93/100|[from] item: Leftovers
|upkeep
|turn|25
|
|t:|1728509757
|switch|p1a: rostic|Articuno|34/100
|move|p2a: Claydol|Rapid Spin|p1a: rostic
|-damage|p1a: rostic|29/100
|-sideend|p2: chad.lagos|Spikes|[from] move: Rapid Spin|[of] p2a: Claydol
|
|-weather|RainDance|[upkeep]
|-heal|p1a: rostic|35/100|[from] item: Leftovers
|-heal|p2a: Claydol|88/100 tox|[from] item: Leftovers
|-damage|p2a: Claydol|76/100 tox|[from] psn
|upkeep
|turn|26
|
|t:|1728509766
|move|p1a: rostic|Ice Beam|p2a: Claydol
|-supereffective|p2a: Claydol
|-damage|p2a: Claydol|20/100 tox
|move|p2a: Claydol|Psychic|p1a: rostic
|-damage|p1a: rostic|22/100
|
|-weather|none
|-heal|p1a: rostic|28/100|[from] item: Leftovers
|-heal|p2a: Claydol|26/100 tox|[from] item: Leftovers
|-damage|p2a: Claydol|7/100 tox|[from] psn
|upkeep
|turn|27
|inactive|chad.lagos has 180 seconds left.
|inactive|chad.lagos has 150 seconds left.
|
|t:|1728509836
|switch|p2a: Suicune|Suicune|100/100 slp
|move|p1a: rostic|Ice Beam|p2a: Suicune
|-resisted|p2a: Suicune
|-damage|p2a: Suicune|89/100 slp
|
|-heal|p1a: rostic|34/100|[from] item: Leftovers
|-heal|p2a: Suicune|95/100 slp|[from] item: Leftovers
|upkeep
|turn|28
|inactive|asbolus verrucosus has 270 seconds left.
|
|t:|1728509856
|switch|p1a: pike|Skarmory, M, shiny|93/100
|cant|p2a: Suicune|slp
|
|-heal|p2a: Suicune|100/100 slp|[from] item: Leftovers
|-heal|p1a: pike|99/100|[from] item: Leftovers
|upkeep
|turn|29
|inactive|asbolus verrucosus has 270 seconds left.
|inactive|chad.lagos has 120 seconds left.
|
|t:|1728509883
|switch|p2a: Zapdos|Zapdos|45/100
|move|p1a: pike|Roar|p2a: Zapdos
|drag|p2a: Kingdra|Kingdra, F|82/100
|
|-heal|p1a: pike|100/100|[from] item: Leftovers
|upkeep
|turn|30
|inactive|chad.lagos has 120 seconds left.
|inactive|asbolus verrucosus has 270 seconds left.
|
|t:|1728509911
|move|p2a: Kingdra|Rain Dance|p2a: Kingdra
|-weather|RainDance
|move|p1a: pike|Spikes|p2a: Kingdra
|-sidestart|p2: chad.lagos|Spikes
|
|-weather|RainDance|[upkeep]
|upkeep
|turn|31
|
|t:|1728509920
|switch|p1a: pavatae|Jirachi, shiny|100/100
|move|p2a: Kingdra|Surf|p1a: pavatae
|-damage|p1a: pavatae|61/100
|
|-weather|RainDance|[upkeep]
|-heal|p1a: pavatae|68/100|[from] item: Leftovers
|upkeep
|turn|32
|
|t:|1728509930
|move|p1a: pavatae|Protect|p1a: pavatae
|-singleturn|p1a: pavatae|Protect
|move|p2a: Kingdra|Surf|p1a: pavatae
|-activate|p1a: pavatae|Protect
|
|-weather|RainDance|[upkeep]
|-heal|p1a: pavatae|74/100|[from] item: Leftovers
|upkeep
|turn|33
|inactive|chad.lagos has 120 seconds left.
|
|t:|1728509936
|move|p2a: Kingdra|Surf|p1a: pavatae
|-damage|p1a: pavatae|30/100
|move|p1a: pavatae|Wish|p1a: pavatae
|
|-weather|RainDance|[upkeep]
|-heal|p1a: pavatae|36/100|[from] item: Leftovers
|upkeep
|turn|34
|
|t:|1728509944
|move|p1a: pavatae|Protect|p1a: pavatae
|-singleturn|p1a: pavatae|Protect
|move|p2a: Kingdra|Surf|p1a: pavatae
|-activate|p1a: pavatae|Protect
|
|-heal|p1a: pavatae|86/100|[from] move: Wish|[wisher] pavatae
|-weather|none
|-heal|p1a: pavatae|92/100|[from] item: Leftovers
|upkeep
|turn|35
|
|t:|1728509958
|move|p2a: Kingdra|Rain Dance|p2a: Kingdra
|-weather|RainDance
|move|p1a: pavatae|Wish|p1a: pavatae
|
|-weather|RainDance|[upkeep]
|-heal|p1a: pavatae|98/100|[from] item: Leftovers
|upkeep
|turn|36
|inactive|chad.lagos has 120 seconds left.
|
|t:|1728509996
|switch|p2a: Dugtrio|Dugtrio, M|100/100
|-damage|p2a: Dugtrio|88/100|[from] Spikes
|move|p1a: pavatae|Body Slam|p2a: Dugtrio
|-crit|p2a: Dugtrio
|-damage|p2a: Dugtrio|0 fnt
|faint|p2a: Dugtrio
|c|☆chad.lagos|good read
|inactive|chad.lagos has 90 seconds left.
|
|t:|1728510020
|switch|p2a: Heracross|Heracross, M|100/100
|-damage|p2a: Heracross|88/100|[from] Spikes
|
|-heal|p1a: pavatae|100/100|[from] move: Wish|[wisher] pavatae
|-weather|RainDance|[upkeep]
|upkeep
|turn|37
|inactive|chad.lagos has 90 seconds left.
|
|t:|1728510039
|switch|p1a: pike|Skarmory, M, shiny|100/100
|move|p2a: Heracross|Megahorn|p1a: pike
|-resisted|p1a: pike
|-damage|p1a: pike|89/100
|
|-weather|RainDance|[upkeep]
|-heal|p1a: pike|95/100|[from] item: Leftovers
|upkeep
|turn|38
|
|t:|1728510054
|move|p2a: Heracross|Substitute|p2a: Heracross
|-start|p2a: Heracross|Substitute
|-damage|p2a: Heracross|63/100
|move|p1a: pike|Toxic||[still]
|-fail|p1a: pike
|
|-weather|RainDance|[upkeep]
|-heal|p1a: pike|100/100|[from] item: Leftovers
|upkeep
|turn|39
|
|t:|1728510062
|-singleturn|p2a: Heracross|move: Focus Punch
|move|p2a: Heracross|Focus Punch|p1a: pike
|-damage|p1a: pike|31/100
|move|p1a: pike|Roar|p2a: Heracross
|drag|p2a: Kingdra|Kingdra, F|82/100
|-damage|p2a: Kingdra|70/100|[from] Spikes
|
|-weather|none
|-heal|p1a: pike|37/100|[from] item: Leftovers
|upkeep
|turn|40
|inactive|chad.lagos has 90 seconds left.
|
|t:|1728510079
|switch|p1a: pavatae|Jirachi, shiny|100/100
|move|p2a: Kingdra|Surf|p1a: pavatae
|-damage|p1a: pavatae|71/100
|
|-heal|p1a: pavatae|77/100|[from] item: Leftovers
|upkeep
|turn|41
|inactive|chad.lagos has 60 seconds left.
|
|t:|1728510122
|move|p2a: Kingdra|Rain Dance|p2a: Kingdra
|-weather|RainDance
|move|p1a: pavatae|Wish|p1a: pavatae
|
|-weather|RainDance|[upkeep]
|-heal|p1a: pavatae|83/100|[from] item: Leftovers
|upkeep
|turn|42
|
|t:|1728510141
|move|p2a: Kingdra|Surf|p1a: pavatae
|-damage|p1a: pavatae|38/100
|move|p1a: pavatae|Body Slam|p2a: Kingdra
|-damage|p2a: Kingdra|49/100
|-status|p2a: Kingdra|par
|-enditem|p2a: Kingdra|Lum Berry|[eat]
|-curestatus|p2a: Kingdra|par|[msg]
|
|-heal|p1a: pavatae|88/100|[from] move: Wish|[wisher] pavatae
|-weather|RainDance|[upkeep]
|-heal|p1a: pavatae|94/100|[from] item: Leftovers
|upkeep
|turn|43
|inactive|chad.lagos has 30 seconds left.
|inactive|chad.lagos has 20 seconds left.
|inactive|chad.lagos has 15 seconds left.
|
|t:|1728510184
|switch|p2a: Suicune|Suicune|100/100 slp
|-damage|p2a: Suicune|88/100 slp|[from] Spikes
|move|p1a: pavatae|Protect||[still]
|-fail|p1a: pavatae
|
|-weather|RainDance|[upkeep]
|-heal|p1a: pavatae|99/100|[from] item: Leftovers
|-heal|p2a: Suicune|94/100 slp|[from] item: Leftovers
|upkeep
|turn|44
|inactive|chad.lagos has 25 seconds left this turn.
|inactive|chad.lagos has 20 seconds left.
|
|t:|1728510193
|move|p1a: pavatae|Wish|p1a: pavatae
|cant|p2a: Suicune|slp
|move|p2a: Suicune|Sleep Talk|p2a: Suicune
|move|p2a: Suicune|Surf|p1a: pavatae|[from]Sleep Talk
|-damage|p1a: pavatae|58/100
|
|-weather|RainDance|[upkeep]
|-heal|p1a: pavatae|64/100|[from] item: Leftovers
|-heal|p2a: Suicune|100/100 slp|[from] item: Leftovers
|upkeep
|turn|45
|inactive|chad.lagos has 30 seconds left this turn.
|
|t:|1728510209
|move|p1a: pavatae|Body Slam|p2a: Suicune
|-damage|p2a: Suicune|86/100 slp
|-curestatus|p2a: Suicune|slp|[msg]
|move|p2a: Suicune|Sleep Talk|p2a: Suicune
|
|-heal|p1a: pavatae|100/100|[from] move: Wish|[wisher] pavatae
|-weather|none
|-heal|p2a: Suicune|92/100|[from] item: Leftovers
|upkeep
|turn|46
|inactive|chad.lagos has 30 seconds left.
|
|t:|1728510218
|move|p1a: pavatae|Wish|p1a: pavatae
|move|p2a: Suicune|Calm Mind|p2a: Suicune
|-boost|p2a: Suicune|spa|1
|-boost|p2a: Suicune|spd|1
|
|-heal|p2a: Suicune|98/100|[from] item: Leftovers
|upkeep
|turn|47
|
|t:|1728510227
|move|p1a: pavatae|Fire Punch|p2a: Suicune
|-resisted|p2a: Suicune
|-damage|p2a: Suicune|94/100
|move|p2a: Suicune|Calm Mind|p2a: Suicune
|-boost|p2a: Suicune|spa|1
|-boost|p2a: Suicune|spd|1
|
|-heal|p2a: Suicune|100/100|[from] item: Leftovers
|upkeep
|turn|48
|inactive|chad.lagos has 30 seconds left.
|
|t:|1728510244
|move|p1a: pavatae|Wish|p1a: pavatae
|move|p2a: Suicune|Surf|p1a: pavatae
|-crit|p1a: pavatae
|-damage|p1a: pavatae|0 fnt
|faint|p1a: pavatae
|
|t:|1728510251
|switch|p1a: rostic|Articuno|34/100
|
|-heal|p1a: rostic|40/100|[from] item: Leftovers
|upkeep
|turn|49
|
|t:|1728510261
|move|p1a: rostic|Haze|p1a: rostic
|-clearallboost
|move|p2a: Suicune|Calm Mind|p2a: Suicune
|-boost|p2a: Suicune|spa|1
|-boost|p2a: Suicune|spd|1
|
|-heal|p1a: rostic|90/100|[from] move: Wish|[wisher] pavatae
|-heal|p1a: rostic|96/100|[from] item: Leftovers
|upkeep
|turn|50
|
|t:|1728510277
|move|p1a: rostic|Haze|p1a: rostic
|-clearallboost
|move|p2a: Suicune|Surf|p1a: rostic
|-damage|p1a: rostic|73/100
|
|-heal|p1a: rostic|79/100|[from] item: Leftovers
|upkeep
|turn|51
|
|t:|1728510297
|move|p1a: rostic|Ice Beam|p2a: Suicune
|-resisted|p2a: Suicune
|-damage|p2a: Suicune|88/100
|move|p2a: Suicune|Calm Mind|p2a: Suicune
|-boost|p2a: Suicune|spa|1
|-boost|p2a: Suicune|spd|1
|
|-heal|p1a: rostic|85/100|[from] item: Leftovers
|-heal|p2a: Suicune|94/100|[from] item: Leftovers
|upkeep
|turn|52
|
|t:|1728510305
|move|p1a: rostic|Haze|p1a: rostic
|-clearallboost
|move|p2a: Suicune|Surf|p1a: rostic
|-damage|p1a: rostic|62/100
|
|-heal|p1a: rostic|68/100|[from] item: Leftovers
|-heal|p2a: Suicune|100/100|[from] item: Leftovers
|upkeep
|turn|53
|
|t:|1728510313
|switch|p1a: clink|Flygon, M|100/100
|move|p2a: Suicune|Surf|p1a: clink
|-damage|p1a: clink|54/100
|
|-heal|p1a: clink|60/100|[from] item: Leftovers
|upkeep
|turn|54
|
|t:|1728510320
|move|p1a: clink|Toxic|p2a: Suicune
|-status|p2a: Suicune|tox
|move|p2a: Suicune|Surf|p1a: clink
|-damage|p1a: clink|9/100
|
|-heal|p1a: clink|15/100|[from] item: Leftovers
|-damage|p2a: Suicune|94/100 tox|[from] psn
|upkeep
|turn|55
|inactive|chad.lagos has 60 seconds left.
|
|t:|1728510328
|switch|p1a: rostic|Articuno|68/100
|move|p2a: Suicune|Surf|p1a: rostic
|-damage|p1a: rostic|44/100
|
|-heal|p1a: rostic|50/100|[from] item: Leftovers
|-heal|p2a: Suicune|100/100 tox|[from] item: Leftovers
|-damage|p2a: Suicune|88/100 tox|[from] psn
|upkeep
|turn|56
|
|t:|1728510343
|move|p1a: rostic|Rest|p1a: rostic
|-status|p1a: rostic|slp|[from] move: Rest
|-heal|p1a: rostic|100/100 slp|[silent]
|move|p2a: Suicune|Surf|p1a: rostic
|-damage|p1a: rostic|77/100 slp
|
|-heal|p1a: rostic|84/100 slp|[from] item: Leftovers
|-heal|p2a: Suicune|94/100 tox|[from] item: Leftovers
|-damage|p2a: Suicune|76/100 tox|[from] psn
|upkeep
|turn|57
|inactive|chad.lagos has 60 seconds left.
|
|t:|1728510364
|switch|p1a: pike|Skarmory, M, shiny|37/100
|move|p2a: Suicune|Rest|p2a: Suicune
|-status|p2a: Suicune|slp|[from] move: Rest
|-heal|p2a: Suicune|100/100 slp|[silent]
|
|-heal|p1a: pike|43/100|[from] item: Leftovers
|upkeep
|turn|58
|inactive|chad.lagos has 60 seconds left.
|
|t:|1728510380
|cant|p2a: Suicune|slp
|move|p2a: Suicune|Sleep Talk|p2a: Suicune
|move|p2a: Suicune|Surf|p1a: pike|[from]Sleep Talk
|-damage|p1a: pike|6/100
|move|p1a: pike|Roar|p2a: Suicune
|drag|p2a: Claydol|Claydol|7/100 tox
|
|-heal|p2a: Claydol|13/100 tox|[from] item: Leftovers
|-damage|p2a: Claydol|7/100 tox|[from] psn
|-heal|p1a: pike|12/100|[from] item: Leftovers
|upkeep
|turn|59
|inactive|chad.lagos has 30 seconds left.
|
|t:|1728510415
|switch|p1a: fern|Moltres, shiny|100/100
|move|p2a: Claydol|Rapid Spin|p1a: fern
|-crit|p1a: fern
|-damage|p1a: fern|89/100
|-sideend|p2: chad.lagos|Spikes|[from] move: Rapid Spin|[of] p2a: Claydol
|
|-heal|p1a: fern|95/100|[from] item: Leftovers
|-heal|p2a: Claydol|13/100 tox|[from] item: Leftovers
|-damage|p2a: Claydol|1/100 tox|[from] psn
|upkeep
|turn|60
|inactive|chad.lagos has 30 seconds left.
|inactive|asbolus verrucosus has 270 seconds left.
|inactive|chad.lagos has 20 seconds left.
|
|t:|1728510458
|switch|p1a: rostic|Articuno|84/100 slp
|switch|p2a: Suicune|Suicune|100/100 slp
|
|-heal|p1a: rostic|90/100 slp|[from] item: Leftovers
|upkeep
|turn|61
|inactive|chad.lagos has 30 seconds left this turn.
|
|t:|1728510467
|cant|p1a: rostic|slp
|cant|p2a: Suicune|slp
|move|p2a: Suicune|Sleep Talk|p2a: Suicune
|move|p2a: Suicune|Surf|p1a: rostic|[from]Sleep Talk
|-damage|p1a: rostic|65/100 slp
|
|-heal|p1a: rostic|71/100 slp|[from] item: Leftovers
|upkeep
|turn|62
|inactive|chad.lagos has 30 seconds left.
|
|t:|1728510480
|cant|p1a: rostic|slp
|cant|p2a: Suicune|slp
|move|p2a: Suicune|Sleep Talk|p2a: Suicune
|move|p2a: Suicune|Rest|p2a: Suicune|[from]Sleep Talk
|
|-heal|p1a: rostic|77/100 slp|[from] item: Leftovers
|upkeep
|turn|63
|inactive|asbolus verrucosus has 270 seconds left.
|inactive|chad.lagos has 30 seconds left.
|
|t:|1728510493
|switch|p1a: clink|Flygon, M|15/100
|-curestatus|p2a: Suicune|slp|[msg]
|move|p2a: Suicune|Calm Mind|p2a: Suicune
|-boost|p2a: Suicune|spa|1
|-boost|p2a: Suicune|spd|1
|
|-heal|p1a: clink|21/100|[from] item: Leftovers
|upkeep
|turn|64
|inactive|asbolus verrucosus has 270 seconds left.
|inactive|chad.lagos has 30 seconds left.
|
|t:|1728510500
|move|p1a: clink|Protect|p1a: clink
|-singleturn|p1a: clink|Protect
|move|p2a: Suicune|Surf|p1a: clink
|-activate|p1a: clink|Protect
|
|-heal|p1a: clink|27/100|[from] item: Leftovers
|upkeep
|turn|65
|
|t:|1728510507
|switch|p1a: rostic|Articuno|77/100 slp
|move|p2a: Suicune|Surf|p1a: rostic
|-damage|p1a: rostic|41/100 slp
|
|-heal|p1a: rostic|47/100 slp|[from] item: Leftovers
|upkeep
|turn|66
|
|t:|1728510513
|-curestatus|p1a: rostic|slp|[msg]
|move|p1a: rostic|Haze|p1a: rostic
|-clearallboost
|move|p2a: Suicune|Surf|p1a: rostic
|-damage|p1a: rostic|23/100
|
|-heal|p1a: rostic|29/100|[from] item: Leftovers
|upkeep
|turn|67
|
|t:|1728510525
|move|p1a: rostic|Haze|p1a: rostic
|-clearallboost
|move|p2a: Suicune|Calm Mind|p2a: Suicune
|-boost|p2a: Suicune|spa|1
|-boost|p2a: Suicune|spd|1
|
|-heal|p1a: rostic|35/100|[from] item: Leftovers
|upkeep
|turn|68
|
|t:|1728510532
|move|p1a: rostic|Haze|p1a: rostic
|-clearallboost
|move|p2a: Suicune|Surf|p1a: rostic
|-damage|p1a: rostic|13/100
|
|-heal|p1a: rostic|19/100|[from] item: Leftovers
|upkeep
|turn|69
|
|t:|1728510542
|move|p1a: rostic|Rest|p1a: rostic
|-status|p1a: rostic|slp|[from] move: Rest
|-heal|p1a: rostic|100/100 slp|[silent]
|move|p2a: Suicune|Calm Mind|p2a: Suicune
|-boost|p2a: Suicune|spa|1
|-boost|p2a: Suicune|spd|1
|
|upkeep
|turn|70
|
|t:|1728510551
|cant|p1a: rostic|slp
|move|p2a: Suicune|Calm Mind|p2a: Suicune
|-boost|p2a: Suicune|spa|1
|-boost|p2a: Suicune|spd|1
|
|upkeep
|turn|71
|
|t:|1728510560
|cant|p1a: rostic|slp
|move|p2a: Suicune|Calm Mind|p2a: Suicune
|-boost|p2a: Suicune|spa|1
|-boost|p2a: Suicune|spd|1
|
|upkeep
|turn|72
|inactive|chad.lagos has 60 seconds left.
|
|t:|1728510566
|-curestatus|p1a: rostic|slp|[msg]
|move|p1a: rostic|Haze|p1a: rostic
|-clearallboost
|move|p2a: Suicune|Surf|p1a: rostic
|-damage|p1a: rostic|78/100
|
|-heal|p1a: rostic|84/100|[from] item: Leftovers
|upkeep
|turn|73
|inactive|chad.lagos has 60 seconds left.
|inactive|chad.lagos has 30 seconds left.
|inactive|asbolus verrucosus has 270 seconds left.
|inactive|chad.lagos has 20 seconds left.
|inactive|chad.lagos has 15 seconds left.
|inactive|chad.lagos has 10 seconds left.
|inactive|chad.lagos has 5 seconds left.
|-message|chad.lagos lost due to inactivity.
|
|win|asbolus verrucosus
|c|☆asbolus verrucosus|ruff
|c|☆chad.lagos|ah shit 
|c|☆chad.lagos|Well gg
|c|☆asbolus verrucosus|moltres won from there
|c|☆asbolus verrucosus|gg
|c|☆asbolus verrucosus|why did you eq my tyranitar there
|c|☆chad.lagos|I'll have to watch the replay 
|player|p2|

</script>
<script type="application/json" class="data" id="replaydata-smogtours-gen3ou-796774">
{"id":"smogtours-gen3ou-796774","format":"[Gen 3] OU","players":["asbolus verrucosus","chad.lagos"],"uploadtime":1728510636,"views":123,"formatid":"gen3ou","rating":null,"private":0,"password":null}
</script>

<script defer src="js/replays.js?9d40a366"></script>
