<!DOCTYPE html>
<meta charset="utf-8" />
<meta name="viewport" content="width=device-width" />

<title>[Gen 3] OU: incognidoqueen vs. Elisy - Replays - Pok&eacute;mon Showdown!</title>

<meta name="description" content="Watch a replay of a Pok&eacute;mon battle between incognidoqueen and Elisy! Format: [Gen 3] OU; Date: Oct 27, 2024" />
<!--

Hey, you! Looking in the source for the replay log?

You can find them in JSON format, just add `.json` at the end of a replay URL.

https://replay.pokemonshowdown.com/gen7randomdoublesbattle-865046831.json

Or, if you only need the log itself, add `.log` instead:

https://replay.pokemonshowdown.com/gen7randomdoublesbattle-865046831.log

-->

<link rel="stylesheet" href="//pokemonshowdown.com/style/global.css?0.023195364461161105" />
<link rel="stylesheet" href="//play.pokemonshowdown.com/style/font-awesome.css?0.13261647063804238" />
<link rel="stylesheet" href="//play.pokemonshowdown.com/style/battle.css?0.8753245789963631" />
<link rel="stylesheet" href="//play.pokemonshowdown.com/style/utilichart.css?0.8627959624976733" />

<!-- Global site tag (gtag.js) - Google Analytics -->
<script async src="https://www.googletagmanager.com/gtag/js?id=UA-26211653-1"></script>
<script>
  window.dataLayer = window.dataLayer || [];
  function gtag(){dataLayer.push(arguments);}
  gtag('js', new Date());

  gtag('config', 'UA-26211653-1');
</script>
<!-- End Google Analytics -->
<!-- Venatus Ad Manager - Install in <HEAD> of page -->
	<script src="https://hb.vntsm.com/v3/live/ad-manager.min.js" type="text/javascript" data-site-id="642aba63ec9a7b11c3c9c1be" data-mode="scan" async></script>
<!-- / Venatus Ad Manager -->

<style>
	@media (max-width:820px) {
		.battle {
			margin: 0 auto;
		}
		.battle-log {
			margin: 7px auto 0;
			max-width: 640px;
			height: 300px;
			position: static;
		}
	}
	.optgroup {
		display: inline-block;
		line-height: 22px;
		font-size: 10pt;
	}
	.optgroup .button {
		height: 25px;
		padding-top: 0;
		padding-bottom: 0;
	}
	.optgroup button.button {
		padding-left: 12px;
		padding-right: 12px;
	}
	.linklist {
		list-style: none;
		margin: 0.5em 0;
		padding: 0;
	}
	.linklist li {
		padding: 2px 0;
	}
	.sidebar {
		float: left;
		width: 320px;
	}
	.bar-wrapper {
		max-width: 1100px;
		margin: 0 auto;
	}
	.bar-wrapper.has-sidebar {
		max-width: 1430px;
	}
	.mainbar {
		margin: 0;
		padding-right: 1px;
	}
	.mainbar.has-sidebar {
		margin-left: 330px;
	}
	@media (min-width: 1511px) {
		.sidebar {
			width: 400px;
		}
		.bar-wrapper.has-sidebar {
			max-width: 1510px;
		}
		.mainbar.has-sidebar {
			margin-left: 410px;
		}
	}
	.section.first-section {
		margin-top: 9px;
	}
	.blocklink small {
		white-space: normal;
	}
	.button {
		vertical-align: middle;
	}
	.replay-controls {
		padding-top: 10px;
	}
	.replay-controls h1 {
		font-size: 16pt;
		font-weight: normal;
		color: #CCC;
	}
	.pagelink {
		text-align: center;
	}
	.pagelink a {
		width: 150px;
	}
	.textbox, .button {
		font-size: 11pt;
		vertical-align: middle;
	}
	@media (max-width: 450px) {
		.button {
			font-size: 9pt;
		}
	}
</style>

<div>

	<header>
		<div class="nav-wrapper"><ul class="nav">
			<li><a class="button nav-first" href="//pokemonshowdown.com/"><img src="//pokemonshowdown.com/images/pokemonshowdownbeta.png" srcset="//pokemonshowdown.com/images/pokemonshowdownbeta.png 1x, //pokemonshowdown.com/images/pokemonshowdownbeta@2x.png 2x" alt="Pok&eacute;mon Showdown" width="146" height="44" /> Home</a></li>
			<li><a class="button" href="//pokemonshowdown.com/dex/">Pok&eacute;dex</a></li>
			<li><a class="button cur" href="/">Replays</a></li>
			<li><a class="button" href="//pokemonshowdown.com/ladder/">Ladder</a></li>
			<li><a class="button nav-last" href="//pokemonshowdown.com/forums/">Forum</a></li>
			<li><a class="button greenbutton nav-first nav-last" href="//play.pokemonshowdown.com/">Play</a></li>
		</ul></div>
	</header>

	<div class="main" id="main">

		<noscript><section class="section">You need to enable JavaScript to use this page; sorry!</section></noscript>

	</div>

</div>

<script defer nomodule src="//play.pokemonshowdown.com/js/lib/ps-polyfill.js"></script>
<script defer src="//play.pokemonshowdown.com/js/lib/preact.min.js"></script>

<script defer src="//play.pokemonshowdown.com/config/config.js?2bddbc15"></script>
<script defer src="//play.pokemonshowdown.com/js/lib/jquery-1.11.0.min.js"></script>
<script defer src="//play.pokemonshowdown.com/js/lib/html-sanitizer-minified.js"></script>
<script defer src="//play.pokemonshowdown.com/js/battle-sound.js"></script>
<script defer src="//play.pokemonshowdown.com/js/battledata.js?0.7209276989879541"></script>
<script defer src="//play.pokemonshowdown.com/data/pokedex-mini.js?0.6111056340867951"></script>
<script defer src="//play.pokemonshowdown.com/data/pokedex-mini-bw.js?0.3532142036491459"></script>
<script defer src="//play.pokemonshowdown.com/data/graphics.js?0.24223875632456182"></script>
<script defer src="//play.pokemonshowdown.com/data/pokedex.js?0.38839984266356864"></script>
<script defer src="//play.pokemonshowdown.com/data/moves.js?0.21866028504024015"></script>
<script defer src="//play.pokemonshowdown.com/data/abilities.js?0.2005157953846628"></script>
<script defer src="//play.pokemonshowdown.com/data/items.js?0.9894211263848525"></script>
<script defer src="//play.pokemonshowdown.com/data/teambuilder-tables.js?0.6008791140282215"></script>
<script defer src="//play.pokemonshowdown.com/js/battle-tooltips.js?0.7580118955022959"></script>
<script defer src="//play.pokemonshowdown.com/js/battle.js?0.6057722274234274"></script>

<script defer src="js/utils.js?e31f9a17"></script>
<script defer src="js/replays-battle.js?7008c182"></script>

<!-- don't scrape this data! just add .json or .log after the URL!
Full API docs: https://github.com/smogon/pokemon-showdown-client/blob/master/WEB-API.md -->
<script type="text/plain" class="log" id="replaylog-smogtours-gen3ou-802417">
|inactive|Battle timer is ON: inactive players will automatically lose when time's up.
|t:|1730023441
|gametype|singles
|player|p1|incognidoqueen|clerkf|
|player|p2|Elisy|miku-flying|
|teamsize|p1|6
|teamsize|p2|6
|gen|3
|tier|[Gen 3] OU
|rule|Sleep Clause Mod: Limit one foe put to sleep
|rule|Switch Priority Clause Mod: Faster Pokémon switch first
|rule|Species Clause: Limit one of each Pokémon
|rule|OHKO Clause: OHKO moves are banned
|rule|Evasion Items Clause: Evasion items are banned
|rule|Evasion Moves Clause: Evasion moves are banned
|rule|Endless Battle Clause: Forcing endless battles is banned
|rule|HP Percentage Mod: HP is shown in percentages
|rule|One Boost Passer Clause: Limit one Baton Passer that has a way to boost its stats
|rule|Freeze Clause Mod: Limit one foe frozen
|
|t:|1730023441
|start
|switch|p1a: Tyranitar|Tyranitar, F|100/100
|switch|p2a: Skarmory|Skarmory, M|100/100
|-weather|Sandstorm|[from] ability: Sand Stream|[of] p1a: Tyranitar
|turn|1
|c|☆Elisy|hf
|c|☆Elisy|/log Elisy made the replay of this battle unlisted.
|c|☆incognidoqueen|Glhf
|inactive|Elisy has 270 seconds left.
|
|t:|1730023490
|switch|p1a: Smeargle|Smeargle, F|100/100
|move|p2a: Skarmory|Spikes|p1a: Smeargle
|-sidestart|p1: incognidoqueen|Spikes
|
|-weather|Sandstorm|[upkeep]
|-damage|p1a: Smeargle|94/100|[from] Sandstorm
|upkeep
|turn|2
|
|t:|1730023519
|switch|p2a: Zapdos|Zapdos|100/100
|move|p1a: Smeargle|Trick|p2a: Zapdos
|-activate|p1a: Smeargle|move: Trick|[of] p2a: Zapdos
|-item|p2a: Zapdos|Choice Band|[from] move: Trick
|-item|p1a: Smeargle|Leftovers|[from] move: Trick
|
|-weather|Sandstorm|[upkeep]
|-damage|p2a: Zapdos|94/100|[from] Sandstorm
|-damage|p1a: Smeargle|88/100|[from] Sandstorm
|-heal|p1a: Smeargle|94/100|[from] item: Leftovers
|upkeep
|turn|3
|inactive|Elisy has 270 seconds left.
|
|t:|1730023537
|switch|p2a: Skarmory|Skarmory, M|100/100
|switch|p1a: Swampert|Swampert, F|100/100
|-damage|p1a: Swampert|88/100|[from] Spikes
|
|-weather|Sandstorm|[upkeep]
|-heal|p1a: Swampert|94/100|[from] item: Leftovers
|upkeep
|turn|4
|
|t:|1730023550
|move|p2a: Skarmory|Spikes|p1a: Swampert
|-sidestart|p1: incognidoqueen|Spikes
|move|p1a: Swampert|Surf|p2a: Skarmory
|-damage|p2a: Skarmory|72/100
|
|-weather|Sandstorm|[upkeep]
|-heal|p2a: Skarmory|78/100|[from] item: Leftovers
|-heal|p1a: Swampert|100/100|[from] item: Leftovers
|upkeep
|turn|5
|
|t:|1730023559
|move|p2a: Skarmory|Protect|p2a: Skarmory
|-singleturn|p2a: Skarmory|Protect
|move|p1a: Swampert|Surf|p2a: Skarmory
|-activate|p2a: Skarmory|Protect
|
|-weather|Sandstorm|[upkeep]
|-heal|p2a: Skarmory|84/100|[from] item: Leftovers
|upkeep
|turn|6
|
|t:|1730023565
|switch|p1a: Smeargle|Smeargle, F|94/100
|-damage|p1a: Smeargle|78/100|[from] Spikes
|move|p2a: Skarmory|Spikes|p1a: Smeargle
|-sidestart|p1: incognidoqueen|Spikes
|
|-weather|Sandstorm|[upkeep]
|-damage|p1a: Smeargle|72/100|[from] Sandstorm
|-heal|p1a: Smeargle|78/100|[from] item: Leftovers
|-heal|p2a: Skarmory|90/100|[from] item: Leftovers
|upkeep
|turn|7
|
|t:|1730023572
|move|p2a: Skarmory|Protect|p2a: Skarmory
|-singleturn|p2a: Skarmory|Protect
|move|p1a: Smeargle|Spore|p2a: Skarmory
|-activate|p2a: Skarmory|Protect
|
|-weather|Sandstorm|[upkeep]
|-damage|p1a: Smeargle|72/100|[from] Sandstorm
|-heal|p1a: Smeargle|78/100|[from] item: Leftovers
|-heal|p2a: Skarmory|96/100|[from] item: Leftovers
|upkeep
|turn|8
|
|t:|1730023591
|switch|p2a: Zapdos|Zapdos|94/100
|move|p1a: Smeargle|Rapid Spin|p2a: Zapdos
|-damage|p2a: Zapdos|93/100
|-sideend|p1: incognidoqueen|Spikes|[from] move: Rapid Spin|[of] p1a: Smeargle
|
|-weather|Sandstorm|[upkeep]
|-damage|p1a: Smeargle|72/100|[from] Sandstorm
|-damage|p2a: Zapdos|87/100|[from] Sandstorm
|-heal|p1a: Smeargle|78/100|[from] item: Leftovers
|upkeep
|turn|9
|
|t:|1730023610
|switch|p1a: Blissey|Blissey, F|100/100
|move|p2a: Zapdos|Thunderbolt|p1a: Blissey
|-damage|p1a: Blissey|84/100
|
|-weather|Sandstorm|[upkeep]
|-damage|p2a: Zapdos|81/100|[from] Sandstorm
|-damage|p1a: Blissey|78/100|[from] Sandstorm
|-heal|p1a: Blissey|84/100|[from] item: Leftovers
|upkeep
|turn|10
|inactive|Elisy has 270 seconds left.
|
|t:|1730023632
|switch|p2a: Misdreavus|Misdreavus, F|100/100
|move|p1a: Blissey|Wish|p1a: Blissey
|
|-weather|Sandstorm|[upkeep]
|-damage|p2a: Misdreavus|94/100|[from] Sandstorm
|-damage|p1a: Blissey|78/100|[from] Sandstorm
|-heal|p2a: Misdreavus|100/100|[from] item: Leftovers
|-heal|p1a: Blissey|84/100|[from] item: Leftovers
|upkeep
|turn|11
|inactive|Elisy has 270 seconds left.
|
|t:|1730023649
|switch|p1a: Smeargle|Smeargle, F|78/100
|move|p2a: Misdreavus|Mean Look|p1a: Smeargle
|-activate|p1a: Smeargle|trapped
|
|-heal|p1a: Smeargle|100/100|[from] move: Wish|[wisher] Blissey
|-weather|Sandstorm|[upkeep]
|-damage|p1a: Smeargle|94/100|[from] Sandstorm
|-damage|p2a: Misdreavus|94/100|[from] Sandstorm
|-heal|p1a: Smeargle|100/100|[from] item: Leftovers
|-heal|p2a: Misdreavus|100/100|[from] item: Leftovers
|upkeep
|turn|12
|
|t:|1730023657
|move|p1a: Smeargle|Spore|p2a: Misdreavus
|-status|p2a: Misdreavus|slp|[from] move: Spore
|cant|p2a: Misdreavus|slp
|
|-weather|Sandstorm|[upkeep]
|-damage|p1a: Smeargle|94/100|[from] Sandstorm
|-damage|p2a: Misdreavus|94/100 slp|[from] Sandstorm
|-heal|p1a: Smeargle|100/100|[from] item: Leftovers
|-heal|p2a: Misdreavus|100/100 slp|[from] item: Leftovers
|upkeep
|turn|13
|
|t:|1730023663
|move|p1a: Smeargle|Memento|p2a: Misdreavus
|-unboost|p2a: Misdreavus|atk|2
|-unboost|p2a: Misdreavus|spa|2
|faint|p1a: Smeargle
|
|t:|1730023680
|switch|p1a: Gengar|Gengar, M|100/100
|
|-weather|Sandstorm|[upkeep]
|-damage|p1a: Gengar|94/100|[from] Sandstorm
|-damage|p2a: Misdreavus|94/100 slp|[from] Sandstorm
|-heal|p1a: Gengar|100/100|[from] item: Leftovers
|-heal|p2a: Misdreavus|100/100 slp|[from] item: Leftovers
|upkeep
|turn|14
|
|t:|1730023702
|move|p1a: Gengar|Thunderbolt|p2a: Misdreavus
|-damage|p2a: Misdreavus|78/100 slp
|-curestatus|p2a: Misdreavus|slp|[msg]
|move|p2a: Misdreavus|Perish Song|p2a: Misdreavus
|-start|p1a: Gengar|perish3|[silent]
|-start|p2a: Misdreavus|perish3|[silent]
|-fieldactivate|move: Perish Song
|
|-weather|Sandstorm|[upkeep]
|-damage|p1a: Gengar|94/100|[from] Sandstorm
|-damage|p2a: Misdreavus|72/100|[from] Sandstorm
|-heal|p1a: Gengar|100/100|[from] item: Leftovers
|-heal|p2a: Misdreavus|78/100|[from] item: Leftovers
|-start|p1a: Gengar|perish3
|-start|p2a: Misdreavus|perish3
|upkeep
|turn|15
|
|t:|1730023712
|move|p1a: Gengar|Taunt|p2a: Misdreavus
|-start|p2a: Misdreavus|move: Taunt
|cant|p2a: Misdreavus|move: Taunt|Mean Look
|
|-weather|Sandstorm|[upkeep]
|-damage|p1a: Gengar|94/100|[from] Sandstorm
|-damage|p2a: Misdreavus|72/100|[from] Sandstorm
|-heal|p1a: Gengar|100/100|[from] item: Leftovers
|-heal|p2a: Misdreavus|78/100|[from] item: Leftovers
|-start|p1a: Gengar|perish2
|-start|p2a: Misdreavus|perish2
|upkeep
|turn|16
|
|t:|1730023721
|switch|p2a: Blissey|Blissey, F|100/100
|move|p1a: Gengar|Will-O-Wisp|p2a: Blissey
|-status|p2a: Blissey|brn
|
|-weather|Sandstorm|[upkeep]
|-damage|p1a: Gengar|94/100|[from] Sandstorm
|-damage|p2a: Blissey|94/100 brn|[from] Sandstorm
|-heal|p1a: Gengar|100/100|[from] item: Leftovers
|-heal|p2a: Blissey|100/100 brn|[from] item: Leftovers
|-damage|p2a: Blissey|88/100 brn|[from] brn
|-start|p1a: Gengar|perish1
|upkeep
|turn|17
|
|t:|1730023736
|switch|p1a: Skarmory|Skarmory, M|100/100
|-curestatus|p2a: Blissey|brn|[from] ability: Natural Cure
|switch|p2a: Misdreavus|Misdreavus, F|78/100
|
|-weather|Sandstorm|[upkeep]
|-damage|p2a: Misdreavus|72/100|[from] Sandstorm
|-heal|p2a: Misdreavus|78/100|[from] item: Leftovers
|upkeep
|turn|18
|
|t:|1730023744
|move|p2a: Misdreavus|Mean Look|p1a: Skarmory
|-activate|p1a: Skarmory|trapped
|move|p1a: Skarmory|Spikes|p2a: Misdreavus
|-sidestart|p2: Elisy|Spikes
|
|-weather|Sandstorm|[upkeep]
|-damage|p2a: Misdreavus|72/100|[from] Sandstorm
|-heal|p2a: Misdreavus|78/100|[from] item: Leftovers
|upkeep
|turn|19
|
|t:|1730023753
|move|p2a: Misdreavus|Perish Song|p2a: Misdreavus
|-start|p1a: Skarmory|perish3|[silent]
|-start|p2a: Misdreavus|perish3|[silent]
|-fieldactivate|move: Perish Song
|move|p1a: Skarmory|Toxic|p2a: Misdreavus
|-status|p2a: Misdreavus|tox
|
|-weather|Sandstorm|[upkeep]
|-damage|p2a: Misdreavus|72/100 tox|[from] Sandstorm
|-heal|p2a: Misdreavus|78/100 tox|[from] item: Leftovers
|-damage|p2a: Misdreavus|72/100 tox|[from] psn
|-start|p2a: Misdreavus|perish3
|-start|p1a: Skarmory|perish3
|upkeep
|turn|20
|
|t:|1730023774
|move|p2a: Misdreavus|Thunderbolt|p1a: Skarmory
|-supereffective|p1a: Skarmory
|-damage|p1a: Skarmory|63/100
|move|p1a: Skarmory|Roar|p2a: Misdreavus
|drag|p2a: Moltres|Moltres|100/100
|
|-weather|Sandstorm|[upkeep]
|-damage|p2a: Moltres|94/100|[from] Sandstorm
|-heal|p2a: Moltres|100/100|[from] item: Leftovers
|-heal|p1a: Skarmory|69/100|[from] item: Leftovers
|-start|p1a: Skarmory|perish2
|upkeep
|turn|21
|
|t:|1730023794
|switch|p2a: Skarmory|Skarmory, M|96/100
|move|p1a: Skarmory|Toxic|p2a: Skarmory
|-immune|p2a: Skarmory
|
|-weather|Sandstorm|[upkeep]
|-heal|p1a: Skarmory|75/100|[from] item: Leftovers
|-heal|p2a: Skarmory|100/100|[from] item: Leftovers
|-start|p1a: Skarmory|perish1
|upkeep
|turn|22
|
|t:|1730023800
|switch|p1a: Gengar|Gengar, M|100/100
|move|p2a: Skarmory|Spikes|p1a: Gengar
|-sidestart|p1: incognidoqueen|Spikes
|
|-weather|Sandstorm|[upkeep]
|-damage|p1a: Gengar|94/100|[from] Sandstorm
|-heal|p1a: Gengar|100/100|[from] item: Leftovers
|upkeep
|turn|23
|inactive|Elisy has 270 seconds left.
|
|t:|1730023845
|switch|p2a: Blissey|Blissey, F|88/100
|-damage|p2a: Blissey|76/100|[from] Spikes
|move|p1a: Gengar|Thunderbolt|p2a: Blissey
|-damage|p2a: Blissey|64/100
|
|-weather|Sandstorm|[upkeep]
|-damage|p1a: Gengar|94/100|[from] Sandstorm
|-damage|p2a: Blissey|58/100|[from] Sandstorm
|-heal|p1a: Gengar|100/100|[from] item: Leftovers
|-heal|p2a: Blissey|64/100|[from] item: Leftovers
|upkeep
|turn|24
|
|t:|1730023855
|switch|p1a: Skarmory|Skarmory, M|75/100
|move|p2a: Blissey|Ice Beam|p1a: Skarmory
|-damage|p1a: Skarmory|52/100
|-status|p1a: Skarmory|frz
|
|-weather|Sandstorm|[upkeep]
|-damage|p2a: Blissey|58/100|[from] Sandstorm
|-heal|p1a: Skarmory|58/100 frz|[from] item: Leftovers
|-heal|p2a: Blissey|64/100|[from] item: Leftovers
|upkeep
|turn|25
|inactive|Elisy has 240 seconds left.
|
|t:|1730023876
|switch|p2a: Skarmory|Skarmory, M|100/100
|cant|p1a: Skarmory|frz
|
|-weather|Sandstorm|[upkeep]
|-heal|p1a: Skarmory|64/100 frz|[from] item: Leftovers
|upkeep
|turn|26
|inactive|Elisy has 240 seconds left.
|
|t:|1730023881
|cant|p1a: Skarmory|frz
|move|p2a: Skarmory|Spikes|p1a: Skarmory
|-sidestart|p1: incognidoqueen|Spikes
|
|-weather|Sandstorm|[upkeep]
|-heal|p1a: Skarmory|70/100 frz|[from] item: Leftovers
|upkeep
|turn|27
|
|t:|1730023886
|cant|p1a: Skarmory|frz
|move|p2a: Skarmory|Spikes|p1a: Skarmory
|-sidestart|p1: incognidoqueen|Spikes
|
|-weather|Sandstorm|[upkeep]
|-heal|p1a: Skarmory|76/100 frz|[from] item: Leftovers
|upkeep
|turn|28
|
|t:|1730023889
|-curestatus|p1a: Skarmory|frz|[msg]
|move|p1a: Skarmory|Spikes|p2a: Skarmory
|-sidestart|p2: Elisy|Spikes
|move|p2a: Skarmory|Roar|p1a: Skarmory
|drag|p1a: Gengar|Gengar, M|100/100
|
|-weather|Sandstorm|[upkeep]
|-damage|p1a: Gengar|94/100|[from] Sandstorm
|-heal|p1a: Gengar|100/100|[from] item: Leftovers
|upkeep
|turn|29
|
|t:|1730023916
|switch|p2a: Blissey|Blissey, F|64/100
|-damage|p2a: Blissey|47/100|[from] Spikes
|move|p1a: Gengar|Thunderbolt|p2a: Blissey
|-damage|p2a: Blissey|36/100
|
|-weather|Sandstorm|[upkeep]
|-damage|p1a: Gengar|94/100|[from] Sandstorm
|-damage|p2a: Blissey|30/100|[from] Sandstorm
|-heal|p1a: Gengar|100/100|[from] item: Leftovers
|-heal|p2a: Blissey|36/100|[from] item: Leftovers
|upkeep
|turn|30
|
|t:|1730023923
|move|p1a: Gengar|Taunt|p2a: Blissey
|-start|p2a: Blissey|move: Taunt
|move|p2a: Blissey|Ice Beam|p1a: Gengar
|-damage|p1a: Gengar|73/100
|
|-weather|Sandstorm|[upkeep]
|-damage|p1a: Gengar|66/100|[from] Sandstorm
|-damage|p2a: Blissey|30/100|[from] Sandstorm
|-heal|p1a: Gengar|73/100|[from] item: Leftovers
|-heal|p2a: Blissey|36/100|[from] item: Leftovers
|upkeep
|turn|31
|
|t:|1730023934
|move|p1a: Gengar|Will-O-Wisp|p2a: Blissey
|-status|p2a: Blissey|brn
|move|p2a: Blissey|Ice Beam|p1a: Gengar
|-crit|p1a: Gengar
|-damage|p1a: Gengar|14/100
|
|-weather|Sandstorm|[upkeep]
|-damage|p1a: Gengar|7/100|[from] Sandstorm
|-damage|p2a: Blissey|30/100 brn|[from] Sandstorm
|-heal|p1a: Gengar|14/100|[from] item: Leftovers
|-heal|p2a: Blissey|36/100 brn|[from] item: Leftovers
|-damage|p2a: Blissey|23/100 brn|[from] brn
|-end|p2a: Blissey|move: Taunt|[silent]
|upkeep
|turn|32
|
|t:|1730023948
|switch|p1a: Skarmory|Skarmory, M|76/100
|move|p2a: Blissey|Ice Beam|p1a: Skarmory
|-damage|p1a: Skarmory|52/100
|
|-weather|Sandstorm|[upkeep]
|-damage|p2a: Blissey|17/100 brn|[from] Sandstorm
|-heal|p1a: Skarmory|58/100|[from] item: Leftovers
|-heal|p2a: Blissey|23/100 brn|[from] item: Leftovers
|-damage|p2a: Blissey|11/100 brn|[from] brn
|upkeep
|turn|33
|inactive|Elisy has 270 seconds left.
|
|t:|1730023955
|move|p1a: Skarmory|Drill Peck|p2a: Blissey
|-damage|p2a: Blissey|0 fnt
|faint|p2a: Blissey
|inactive|Elisy has 270 seconds left.
|
|t:|1730023966
|switch|p2a: Moltres|Moltres|100/100
|
|-weather|Sandstorm|[upkeep]
|-damage|p2a: Moltres|94/100|[from] Sandstorm
|-heal|p2a: Moltres|100/100|[from] item: Leftovers
|-heal|p1a: Skarmory|64/100|[from] item: Leftovers
|upkeep
|turn|34
|
|t:|1730023982
|move|p2a: Moltres|Flamethrower|p1a: Skarmory
|-supereffective|p1a: Skarmory
|-damage|p1a: Skarmory|0 fnt
|faint|p1a: Skarmory
|
|t:|1730023986
|switch|p1a: Blissey|Blissey, F|84/100
|-damage|p1a: Blissey|59/100|[from] Spikes
|
|-weather|Sandstorm|[upkeep]
|-damage|p2a: Moltres|94/100|[from] Sandstorm
|-damage|p1a: Blissey|53/100|[from] Sandstorm
|-heal|p2a: Moltres|100/100|[from] item: Leftovers
|-heal|p1a: Blissey|59/100|[from] item: Leftovers
|upkeep
|turn|35
|
|t:|1730023993
|switch|p2a: Misdreavus|Misdreavus, F|72/100 tox
|move|p1a: Blissey|Soft-Boiled|p1a: Blissey
|-heal|p1a: Blissey|100/100
|
|-weather|Sandstorm|[upkeep]
|-damage|p2a: Misdreavus|66/100 tox|[from] Sandstorm
|-damage|p1a: Blissey|94/100|[from] Sandstorm
|-heal|p2a: Misdreavus|72/100 tox|[from] item: Leftovers
|-damage|p2a: Misdreavus|66/100 tox|[from] psn
|-heal|p1a: Blissey|100/100|[from] item: Leftovers
|upkeep
|turn|36
|
|t:|1730024004
|move|p2a: Misdreavus|Mean Look|p1a: Blissey
|-activate|p1a: Blissey|trapped
|move|p1a: Blissey|Ice Beam|p2a: Misdreavus
|-damage|p2a: Misdreavus|42/100 tox
|
|-weather|Sandstorm|[upkeep]
|-damage|p2a: Misdreavus|36/100 tox|[from] Sandstorm
|-damage|p1a: Blissey|94/100|[from] Sandstorm
|-heal|p2a: Misdreavus|42/100 tox|[from] item: Leftovers
|-damage|p2a: Misdreavus|30/100 tox|[from] psn
|-heal|p1a: Blissey|100/100|[from] item: Leftovers
|upkeep
|turn|37
|
|t:|1730024014
|move|p2a: Misdreavus|Rest|p2a: Misdreavus
|-status|p2a: Misdreavus|slp|[from] move: Rest
|-heal|p2a: Misdreavus|100/100 slp|[silent]
|move|p1a: Blissey|Ice Beam|p2a: Misdreavus
|-damage|p2a: Misdreavus|78/100 slp
|
|-weather|Sandstorm|[upkeep]
|-damage|p2a: Misdreavus|72/100 slp|[from] Sandstorm
|-damage|p1a: Blissey|94/100|[from] Sandstorm
|-heal|p2a: Misdreavus|78/100 slp|[from] item: Leftovers
|-heal|p1a: Blissey|100/100|[from] item: Leftovers
|upkeep
|turn|38
|
|t:|1730024021
|cant|p2a: Misdreavus|slp
|move|p1a: Blissey|Ice Beam|p2a: Misdreavus
|-damage|p2a: Misdreavus|56/100 slp
|
|-weather|Sandstorm|[upkeep]
|-damage|p2a: Misdreavus|50/100 slp|[from] Sandstorm
|-damage|p1a: Blissey|94/100|[from] Sandstorm
|-heal|p2a: Misdreavus|56/100 slp|[from] item: Leftovers
|-heal|p1a: Blissey|100/100|[from] item: Leftovers
|upkeep
|turn|39
|
|t:|1730024027
|cant|p2a: Misdreavus|slp
|move|p1a: Blissey|Ice Beam|p2a: Misdreavus
|-damage|p2a: Misdreavus|36/100 slp
|
|-weather|Sandstorm|[upkeep]
|-damage|p2a: Misdreavus|30/100 slp|[from] Sandstorm
|-damage|p1a: Blissey|94/100|[from] Sandstorm
|-heal|p2a: Misdreavus|36/100 slp|[from] item: Leftovers
|-heal|p1a: Blissey|100/100|[from] item: Leftovers
|upkeep
|turn|40
|
|t:|1730024033
|-curestatus|p2a: Misdreavus|slp|[msg]
|move|p2a: Misdreavus|Perish Song|p2a: Misdreavus
|-start|p1a: Blissey|perish3|[silent]
|-start|p2a: Misdreavus|perish3|[silent]
|-fieldactivate|move: Perish Song
|move|p1a: Blissey|Ice Beam|p2a: Misdreavus
|-damage|p2a: Misdreavus|13/100
|
|-weather|Sandstorm|[upkeep]
|-damage|p2a: Misdreavus|7/100|[from] Sandstorm
|-damage|p1a: Blissey|94/100|[from] Sandstorm
|-heal|p2a: Misdreavus|13/100|[from] item: Leftovers
|-heal|p1a: Blissey|100/100|[from] item: Leftovers
|-start|p2a: Misdreavus|perish3
|-start|p1a: Blissey|perish3
|upkeep
|turn|41
|
|t:|1730024040
|move|p2a: Misdreavus|Rest|p2a: Misdreavus
|-status|p2a: Misdreavus|slp|[from] move: Rest
|-heal|p2a: Misdreavus|100/100 slp|[silent]
|move|p1a: Blissey|Ice Beam|p2a: Misdreavus
|-damage|p2a: Misdreavus|79/100 slp
|
|-weather|Sandstorm|[upkeep]
|-damage|p2a: Misdreavus|73/100 slp|[from] Sandstorm
|-damage|p1a: Blissey|94/100|[from] Sandstorm
|-heal|p2a: Misdreavus|79/100 slp|[from] item: Leftovers
|-heal|p1a: Blissey|100/100|[from] item: Leftovers
|-start|p2a: Misdreavus|perish2
|-start|p1a: Blissey|perish2
|upkeep
|turn|42
|
|t:|1730024057
|cant|p2a: Misdreavus|slp
|move|p1a: Blissey|Ice Beam|p2a: Misdreavus
|-damage|p2a: Misdreavus|57/100 slp
|
|-weather|Sandstorm|[upkeep]
|-damage|p2a: Misdreavus|50/100 slp|[from] Sandstorm
|-damage|p1a: Blissey|94/100|[from] Sandstorm
|-heal|p2a: Misdreavus|57/100 slp|[from] item: Leftovers
|-heal|p1a: Blissey|100/100|[from] item: Leftovers
|-start|p2a: Misdreavus|perish1
|-start|p1a: Blissey|perish1
|upkeep
|turn|43
|
|t:|1730024065
|switch|p2a: Moltres|Moltres|100/100
|move|p1a: Blissey|Wish|p1a: Blissey
|
|-weather|Sandstorm|[upkeep]
|-damage|p2a: Moltres|94/100|[from] Sandstorm
|-damage|p1a: Blissey|94/100|[from] Sandstorm
|-heal|p2a: Moltres|100/100|[from] item: Leftovers
|-heal|p1a: Blissey|100/100|[from] item: Leftovers
|-start|p1a: Blissey|perish0
|upkeep
|faint|p1a: Blissey
|
|t:|1730024077
|switch|p1a: Tyranitar|Tyranitar, F|100/100
|-damage|p1a: Tyranitar|76/100|[from] Spikes
|turn|44
|
|t:|1730024084
|switch|p2a: Skarmory|Skarmory, M|100/100
|move|p1a: Tyranitar|Rock Slide|p2a: Skarmory
|-damage|p2a: Skarmory|70/100
|
|-heal|p1a: Tyranitar|100/100|[from] move: Wish|[wisher] Blissey
|-weather|Sandstorm|[upkeep]
|-heal|p2a: Skarmory|76/100|[from] item: Leftovers
|upkeep
|turn|45
|
|t:|1730024096
|move|p1a: Tyranitar|Dragon Dance|p1a: Tyranitar
|-boost|p1a: Tyranitar|atk|1
|-boost|p1a: Tyranitar|spe|1
|move|p2a: Skarmory|Roar|p1a: Tyranitar
|drag|p1a: Gengar|Gengar, M|14/100
|
|-weather|Sandstorm|[upkeep]
|-damage|p1a: Gengar|7/100|[from] Sandstorm
|-heal|p1a: Gengar|14/100|[from] item: Leftovers
|-heal|p2a: Skarmory|82/100|[from] item: Leftovers
|upkeep
|turn|46
|
|t:|1730024104
|move|p1a: Gengar|Thunderbolt|p2a: Skarmory
|-supereffective|p2a: Skarmory
|-damage|p2a: Skarmory|33/100
|move|p2a: Skarmory|Drill Peck|p1a: Gengar
|-damage|p1a: Gengar|0 fnt
|faint|p1a: Gengar
|
|t:|1730024110
|switch|p1a: Swampert|Swampert, F|100/100
|-damage|p1a: Swampert|76/100|[from] Spikes
|
|-weather|Sandstorm|[upkeep]
|-heal|p2a: Skarmory|39/100|[from] item: Leftovers
|-heal|p1a: Swampert|82/100|[from] item: Leftovers
|upkeep
|turn|47
|
|t:|1730024115
|move|p2a: Skarmory|Protect|p2a: Skarmory
|-singleturn|p2a: Skarmory|Protect
|move|p1a: Swampert|Surf|p2a: Skarmory
|-activate|p2a: Skarmory|Protect
|
|-weather|Sandstorm|[upkeep]
|-heal|p2a: Skarmory|45/100|[from] item: Leftovers
|-heal|p1a: Swampert|88/100|[from] item: Leftovers
|upkeep
|turn|48
|
|t:|1730024133
|switch|p2a: Zapdos|Zapdos|81/100
|move|p1a: Swampert|Surf|p2a: Zapdos
|-damage|p2a: Zapdos|62/100
|
|-weather|Sandstorm|[upkeep]
|-damage|p2a: Zapdos|56/100|[from] Sandstorm
|-heal|p1a: Swampert|94/100|[from] item: Leftovers
|upkeep
|turn|49
|
|t:|1730024141
|move|p1a: Swampert|Protect|p1a: Swampert
|-singleturn|p1a: Swampert|Protect
|move|p2a: Zapdos|Roar|p1a: Swampert
|-activate|p1a: Swampert|Protect
|
|-weather|Sandstorm|[upkeep]
|-damage|p2a: Zapdos|50/100|[from] Sandstorm
|-heal|p1a: Swampert|100/100|[from] item: Leftovers
|upkeep
|turn|50
|
|t:|1730024148
|move|p1a: Swampert|Toxic|p2a: Zapdos
|-status|p2a: Zapdos|tox
|move|p2a: Zapdos|Roar|p1a: Swampert
|drag|p1a: Tyranitar|Tyranitar, F|100/100
|-damage|p1a: Tyranitar|76/100|[from] Spikes
|
|-weather|Sandstorm|[upkeep]
|-damage|p2a: Zapdos|43/100 tox|[from] Sandstorm
|-damage|p2a: Zapdos|37/100 tox|[from] psn
|upkeep
|turn|51
|
|t:|1730024154
|move|p1a: Tyranitar|Rock Slide|p2a: Zapdos|[miss]
|-miss|p1a: Tyranitar|p2a: Zapdos
|move|p2a: Zapdos|Roar|p1a: Tyranitar
|drag|p1a: Swampert|Swampert, F|100/100
|-damage|p1a: Swampert|76/100|[from] Spikes
|
|-weather|Sandstorm|[upkeep]
|-damage|p2a: Zapdos|31/100 tox|[from] Sandstorm
|-damage|p2a: Zapdos|19/100 tox|[from] psn
|-heal|p1a: Swampert|82/100|[from] item: Leftovers
|upkeep
|turn|52
|
|t:|1730024161
|move|p1a: Swampert|Protect|p1a: Swampert
|-singleturn|p1a: Swampert|Protect
|move|p2a: Zapdos|Roar|p1a: Swampert
|-activate|p1a: Swampert|Protect
|
|-weather|Sandstorm|[upkeep]
|-damage|p2a: Zapdos|13/100 tox|[from] Sandstorm
|-damage|p2a: Zapdos|0 fnt|[from] psn
|faint|p2a: Zapdos
|-heal|p1a: Swampert|88/100|[from] item: Leftovers
|upkeep
|
|t:|1730024177
|switch|p2a: Moltres|Moltres|100/100
|turn|53
|
|t:|1730024182
|move|p2a: Moltres|Hidden Power|p1a: Swampert
|-supereffective|p1a: Swampert
|-damage|p1a: Swampert|0 fnt
|faint|p1a: Swampert
|
|t:|1730024186
|switch|p1a: Tyranitar|Tyranitar, F|76/100
|-damage|p1a: Tyranitar|51/100|[from] Spikes
|
|-weather|Sandstorm|[upkeep]
|-damage|p2a: Moltres|94/100|[from] Sandstorm
|-heal|p2a: Moltres|100/100|[from] item: Leftovers
|upkeep
|turn|54
|
|t:|1730024194
|move|p2a: Moltres|Hidden Power|p1a: Tyranitar
|-supereffective|p1a: Tyranitar
|-damage|p1a: Tyranitar|0 fnt
|faint|p1a: Tyranitar
|
|win|Elisy
|c|☆Elisy|gg
|c|☆incognidoqueen|Ggwp
|c|☆Elisy|sorry for hax

</script>
<script type="application/json" class="data" id="replaydata-smogtours-gen3ou-802417">
{"id":"smogtours-gen3ou-802417","format":"[Gen 3] OU","players":["incognidoqueen","Elisy"],"uploadtime":1730024194,"views":87,"formatid":"gen3ou","rating":null,"private":1,"password":null}
</script>

<script defer src="js/replays.js?9d40a366"></script>
