<!DOCTYPE html>
<meta charset="utf-8" />
<meta name="viewport" content="width=device-width" />

<title>[Gen 3] OU: less19chara vs. Dhrabb - Replays - Pok&eacute;mon Showdown!</title>

<meta name="description" content="Watch a replay of a Pok&eacute;mon battle between less19chara and Dhrabb! Format: [Gen 3] OU; Date: Oct 12, 2024" />
<!--

Hey, you! Looking in the source for the replay log?

You can find them in JSON format, just add `.json` at the end of a replay URL.

https://replay.pokemonshowdown.com/gen7randomdoublesbattle-865046831.json

Or, if you only need the log itself, add `.log` instead:

https://replay.pokemonshowdown.com/gen7randomdoublesbattle-865046831.log

-->

<link rel="stylesheet" href="//pokemonshowdown.com/style/global.css?0.767286132409787" />
<link rel="stylesheet" href="//play.pokemonshowdown.com/style/font-awesome.css?0.9266228007934947" />
<link rel="stylesheet" href="//play.pokemonshowdown.com/style/battle.css?0.7924700842790926" />
<link rel="stylesheet" href="//play.pokemonshowdown.com/style/utilichart.css?0.8777417872839479" />

<!-- Global site tag (gtag.js) - Google Analytics -->
<script async src="https://www.googletagmanager.com/gtag/js?id=UA-26211653-1"></script>
<script>
  window.dataLayer = window.dataLayer || [];
  function gtag(){dataLayer.push(arguments);}
  gtag('js', new Date());

  gtag('config', 'UA-26211653-1');
</script>
<!-- End Google Analytics -->
<!-- Venatus Ad Manager - Install in <HEAD> of page -->
	<script src="https://hb.vntsm.com/v3/live/ad-manager.min.js" type="text/javascript" data-site-id="642aba63ec9a7b11c3c9c1be" data-mode="scan" async></script>
<!-- / Venatus Ad Manager -->

<style>
	@media (max-width:820px) {
		.battle {
			margin: 0 auto;
		}
		.battle-log {
			margin: 7px auto 0;
			max-width: 640px;
			height: 300px;
			position: static;
		}
	}
	.optgroup {
		display: inline-block;
		line-height: 22px;
		font-size: 10pt;
	}
	.optgroup .button {
		height: 25px;
		padding-top: 0;
		padding-bottom: 0;
	}
	.optgroup button.button {
		padding-left: 12px;
		padding-right: 12px;
	}
	.linklist {
		list-style: none;
		margin: 0.5em 0;
		padding: 0;
	}
	.linklist li {
		padding: 2px 0;
	}
	.sidebar {
		float: left;
		width: 320px;
	}
	.bar-wrapper {
		max-width: 1100px;
		margin: 0 auto;
	}
	.bar-wrapper.has-sidebar {
		max-width: 1430px;
	}
	.mainbar {
		margin: 0;
		padding-right: 1px;
	}
	.mainbar.has-sidebar {
		margin-left: 330px;
	}
	@media (min-width: 1511px) {
		.sidebar {
			width: 400px;
		}
		.bar-wrapper.has-sidebar {
			max-width: 1510px;
		}
		.mainbar.has-sidebar {
			margin-left: 410px;
		}
	}
	.section.first-section {
		margin-top: 9px;
	}
	.blocklink small {
		white-space: normal;
	}
	.button {
		vertical-align: middle;
	}
	.replay-controls {
		padding-top: 10px;
	}
	.replay-controls h1 {
		font-size: 16pt;
		font-weight: normal;
		color: #CCC;
	}
	.pagelink {
		text-align: center;
	}
	.pagelink a {
		width: 150px;
	}
	.textbox, .button {
		font-size: 11pt;
		vertical-align: middle;
	}
	@media (max-width: 450px) {
		.button {
			font-size: 9pt;
		}
	}
</style>

<div>

	<header>
		<div class="nav-wrapper"><ul class="nav">
			<li><a class="button nav-first" href="//pokemonshowdown.com/"><img src="//pokemonshowdown.com/images/pokemonshowdownbeta.png" srcset="//pokemonshowdown.com/images/pokemonshowdownbeta.png 1x, //pokemonshowdown.com/images/pokemonshowdownbeta@2x.png 2x" alt="Pok&eacute;mon Showdown" width="146" height="44" /> Home</a></li>
			<li><a class="button" href="//pokemonshowdown.com/dex/">Pok&eacute;dex</a></li>
			<li><a class="button cur" href="/">Replays</a></li>
			<li><a class="button" href="//pokemonshowdown.com/ladder/">Ladder</a></li>
			<li><a class="button nav-last" href="//pokemonshowdown.com/forums/">Forum</a></li>
			<li><a class="button greenbutton nav-first nav-last" href="//play.pokemonshowdown.com/">Play</a></li>
		</ul></div>
	</header>

	<div class="main" id="main">

		<noscript><section class="section">You need to enable JavaScript to use this page; sorry!</section></noscript>

	</div>

</div>

<script defer nomodule src="//play.pokemonshowdown.com/js/lib/ps-polyfill.js"></script>
<script defer src="//play.pokemonshowdown.com/js/lib/preact.min.js"></script>

<script defer src="//play.pokemonshowdown.com/config/config.js?6dec07f6"></script>
<script defer src="//play.pokemonshowdown.com/js/lib/jquery-1.11.0.min.js"></script>
<script defer src="//play.pokemonshowdown.com/js/lib/html-sanitizer-minified.js"></script>
<script defer src="//play.pokemonshowdown.com/js/battle-sound.js"></script>
<script defer src="//play.pokemonshowdown.com/js/battledata.js?0.6315294753075389"></script>
<script defer src="//play.pokemonshowdown.com/data/pokedex-mini.js?0.7603743185311358"></script>
<script defer src="//play.pokemonshowdown.com/data/pokedex-mini-bw.js?0.030888842834281283"></script>
<script defer src="//play.pokemonshowdown.com/data/graphics.js?0.05593094747507488"></script>
<script defer src="//play.pokemonshowdown.com/data/pokedex.js?0.47064822249611904"></script>
<script defer src="//play.pokemonshowdown.com/data/moves.js?0.8583693120512459"></script>
<script defer src="//play.pokemonshowdown.com/data/abilities.js?0.16017181182386842"></script>
<script defer src="//play.pokemonshowdown.com/data/items.js?0.4163379185673943"></script>
<script defer src="//play.pokemonshowdown.com/data/teambuilder-tables.js?0.31075597372830477"></script>
<script defer src="//play.pokemonshowdown.com/js/battle-tooltips.js?0.6536193500708172"></script>
<script defer src="//play.pokemonshowdown.com/js/battle.js?0.1916591943277901"></script>

<script defer src="js/utils.js?e31f9a17"></script>
<script defer src="js/replays-battle.js?7008c182"></script>

<!-- don't scrape this data! just add .json or .log after the URL!
Full API docs: https://github.com/smogon/pokemon-showdown-client/blob/master/WEB-API.md -->
<script type="text/plain" class="log" id="replaylog-smogtours-gen3ou-797513">
|inactive|Battle timer is ON: inactive players will automatically lose when time's up.
|badge|p2|bronze|gen9ou|100-3
|uhtml|medal-msg|<div class="broadcast-blue">Curious what those medals under the avatar are? PS now has Ladder Seasons! For more information, check out the <a href="https://www.smogon.com/forums/threads/3740067/">thread on Smogon.<\/a><\/div>
|t:|1728749168
|gametype|singles
|player|p1|less19chara|policeman-gen4|
|player|p2|Dhrabb|#wcop2024bangladesh|
|teamsize|p1|6
|teamsize|p2|6
|gen|3
|tier|[Gen 3] OU
|rule|Sleep Clause Mod: Limit one foe put to sleep
|rule|Switch Priority Clause Mod: Faster Pokémon switch first
|rule|Species Clause: Limit one of each Pokémon
|rule|OHKO Clause: OHKO moves are banned
|rule|Evasion Items Clause: Evasion items are banned
|rule|Evasion Moves Clause: Evasion moves are banned
|rule|Endless Battle Clause: Forcing endless battles is banned
|rule|HP Percentage Mod: HP is shown in percentages
|rule|One Boost Passer Clause: Limit one Baton Passer that has a way to boost its stats
|rule|Freeze Clause Mod: Limit one foe frozen
|
|t:|1728749168
|start
|switch|p1a: Silly Bird|Zapdos|100/100
|switch|p2a: Salamence|Salamence, M|100/100
|-ability|p2a: Salamence|Intimidate|boost
|-unboost|p1a: Silly Bird|atk|1
|turn|1
|c|☆Dhrabb|hf
|c|☆less19chara|u too bro
|inactive|less19chara has 270 seconds left.
|
|t:|1728749226
|switch|p1a: Skarmory|Skarmory, F|100/100
|switch|p2a: Swampert|Swampert, F|100/100
|
|upkeep
|turn|2
|
|t:|1728749254
|switch|p2a: Skarmory|Skarmory, M|100/100
|move|p1a: Skarmory|Spikes|p2a: Skarmory
|-sidestart|p2: Dhrabb|Spikes
|
|upkeep
|turn|3
|inactive|less19chara has 270 seconds left.
|inactive|less19chara has 240 seconds left.
|inactive|less19chara has 210 seconds left.
|
|t:|1728749340
|switch|p1a: Silly Bird|Zapdos|100/100
|move|p2a: Skarmory|Spikes|p1a: Silly Bird
|-sidestart|p1: less19chara|Spikes
|
|upkeep
|turn|4
|inactive|less19chara has 180 seconds left.
|
|t:|1728749382
|switch|p2a: Celebi|Celebi|100/100
|-damage|p2a: Celebi|88/100|[from] Spikes
|move|p1a: Silly Bird|Thunderbolt|p2a: Celebi
|-resisted|p2a: Celebi
|-damage|p2a: Celebi|73/100
|
|-heal|p2a: Celebi|79/100|[from] item: Leftovers
|upkeep
|turn|5
|
|t:|1728749391
|switch|p1a: Tyranitar|Tyranitar, M|100/100
|-damage|p1a: Tyranitar|88/100|[from] Spikes
|-weather|Sandstorm|[from] ability: Sand Stream|[of] p1a: Tyranitar
|move|p2a: Celebi|Leech Seed|p1a: Tyranitar
|-start|p1a: Tyranitar|move: Leech Seed
|
|-weather|Sandstorm|[upkeep]
|-damage|p2a: Celebi|73/100|[from] Sandstorm
|-heal|p2a: Celebi|79/100|[from] item: Leftovers
|-heal|p1a: Tyranitar|94/100|[from] item: Leftovers
|-damage|p1a: Tyranitar|82/100|[from] Leech Seed|[of] p2a: Celebi
|-heal|p2a: Celebi|92/100|[silent]
|upkeep
|turn|6
|inactive|less19chara has 180 seconds left.
|inactive|Dhrabb has 270 seconds left.
|
|t:|1728749422
|-activate|p2a: Celebi|move: Pursuit
|move|p1a: Tyranitar|Pursuit|p2a: Celebi|[from]Pursuit
|-supereffective|p2a: Celebi
|-damage|p2a: Celebi|23/100
|switch|p2a: Skarmory|Skarmory, M|100/100
|
|-weather|Sandstorm|[upkeep]
|-heal|p1a: Tyranitar|88/100|[from] item: Leftovers
|-damage|p1a: Tyranitar|76/100|[from] Leech Seed|[of] p2a: Skarmory
|upkeep
|turn|7
|inactive|Dhrabb has 270 seconds left.
|
|t:|1728749443
|switch|p2a: Salamence|Salamence, M|100/100
|-ability|p2a: Salamence|Intimidate|boost
|-unboost|p1a: Tyranitar|atk|1
|move|p1a: Tyranitar|Fire Blast|p2a: Salamence
|-resisted|p2a: Salamence
|-damage|p2a: Salamence|78/100
|-status|p2a: Salamence|brn
|
|-weather|Sandstorm|[upkeep]
|-damage|p2a: Salamence|71/100 brn|[from] Sandstorm
|-heal|p2a: Salamence|78/100 brn|[from] item: Leftovers
|-damage|p2a: Salamence|65/100 brn|[from] brn
|-heal|p1a: Tyranitar|82/100|[from] item: Leftovers
|-damage|p1a: Tyranitar|70/100|[from] Leech Seed|[of] p2a: Salamence
|-heal|p2a: Salamence|80/100 brn|[silent]
|upkeep
|turn|8
|inactive|Dhrabb has 270 seconds left.
|
|t:|1728749456
|switch|p1a: Skarmory|Skarmory, F|100/100
|move|p2a: Salamence|Hydro Pump|p1a: Skarmory
|-damage|p1a: Skarmory|64/100
|
|-weather|Sandstorm|[upkeep]
|-damage|p2a: Salamence|74/100 brn|[from] Sandstorm
|-heal|p2a: Salamence|80/100 brn|[from] item: Leftovers
|-damage|p2a: Salamence|68/100 brn|[from] brn
|-heal|p1a: Skarmory|70/100|[from] item: Leftovers
|upkeep
|turn|9
|inactive|Dhrabb has 270 seconds left.
|
|t:|1728749465
|switch|p1a: Silly Bird|Zapdos|100/100
|move|p2a: Salamence|Fire Blast|p1a: Silly Bird
|-damage|p1a: Silly Bird|55/100
|
|-weather|Sandstorm|[upkeep]
|-damage|p1a: Silly Bird|48/100|[from] Sandstorm
|-damage|p2a: Salamence|61/100 brn|[from] Sandstorm
|-heal|p2a: Salamence|68/100 brn|[from] item: Leftovers
|-damage|p2a: Salamence|55/100 brn|[from] brn
|upkeep
|turn|10
|inactive|Dhrabb has 270 seconds left.
|
|t:|1728749476
|switch|p2a: Celebi|Celebi|23/100
|-damage|p2a: Celebi|10/100|[from] Spikes
|move|p1a: Silly Bird|Drill Peck|p2a: Celebi
|-supereffective|p2a: Celebi
|-damage|p2a: Celebi|0 fnt
|faint|p2a: Celebi
|
|t:|1728749481
|switch|p2a: Aerodactyl|Aerodactyl, M|100/100
|
|-weather|Sandstorm|[upkeep]
|-damage|p1a: Silly Bird|42/100|[from] Sandstorm
|upkeep
|turn|11
|inactive|less19chara has 180 seconds left.
|
|t:|1728749491
|switch|p1a: Skarmory|Skarmory, F|70/100
|move|p2a: Aerodactyl|Rock Slide|p1a: Skarmory
|-damage|p1a: Skarmory|28/100
|
|-weather|Sandstorm|[upkeep]
|-heal|p1a: Skarmory|34/100|[from] item: Leftovers
|upkeep
|turn|12
|inactive|less19chara has 180 seconds left.
|
|t:|1728749498
|switch|p1a: Flygon|Flygon, F|100/100
|move|p2a: Aerodactyl|Rock Slide|p1a: Flygon
|-resisted|p1a: Flygon
|-damage|p1a: Flygon|79/100
|
|-weather|Sandstorm|[upkeep]
|-heal|p1a: Flygon|85/100|[from] item: Leftovers
|upkeep
|turn|13
|inactive|less19chara has 180 seconds left.
|
|t:|1728749522
|switch|p2a: Skarmory|Skarmory, M|100/100
|switch|p1a: Tyranitar|Tyranitar, M|70/100
|-damage|p1a: Tyranitar|57/100|[from] Spikes
|
|-weather|Sandstorm|[upkeep]
|-heal|p1a: Tyranitar|63/100|[from] item: Leftovers
|upkeep
|turn|14
|
|t:|1728749535
|move|p2a: Skarmory|Toxic|p1a: Tyranitar
|-status|p1a: Tyranitar|tox
|move|p1a: Tyranitar|Fire Blast|p2a: Skarmory
|-supereffective|p2a: Skarmory
|-damage|p2a: Skarmory|36/100
|
|-weather|Sandstorm|[upkeep]
|-heal|p2a: Skarmory|42/100|[from] item: Leftovers
|-heal|p1a: Tyranitar|70/100 tox|[from] item: Leftovers
|-damage|p1a: Tyranitar|63/100 tox|[from] psn
|upkeep
|turn|15
|
|t:|1728749543
|switch|p2a: Salamence|Salamence, M|55/100 brn
|-ability|p2a: Salamence|Intimidate|boost
|-unboost|p1a: Tyranitar|atk|1
|switch|p1a: Silly Bird|Zapdos|42/100
|
|-weather|Sandstorm|[upkeep]
|-damage|p1a: Silly Bird|36/100|[from] Sandstorm
|-damage|p2a: Salamence|49/100 brn|[from] Sandstorm
|-heal|p2a: Salamence|55/100 brn|[from] item: Leftovers
|-damage|p2a: Salamence|43/100 brn|[from] brn
|upkeep
|turn|16
|inactive|less19chara has 180 seconds left.
|
|t:|1728749557
|switch|p1a: Flygon|Flygon, F|85/100
|switch|p2a: Swampert|Swampert, F|100/100
|-damage|p2a: Swampert|88/100|[from] Spikes
|
|-weather|Sandstorm|[upkeep]
|-heal|p1a: Flygon|91/100|[from] item: Leftovers
|-heal|p2a: Swampert|94/100|[from] item: Leftovers
|upkeep
|turn|17
|
|t:|1728749564
|move|p1a: Flygon|Protect|p1a: Flygon
|-singleturn|p1a: Flygon|Protect
|move|p2a: Swampert|Ice Beam|p1a: Flygon
|-activate|p1a: Flygon|Protect
|
|-weather|Sandstorm|[upkeep]
|-heal|p1a: Flygon|97/100|[from] item: Leftovers
|-heal|p2a: Swampert|100/100|[from] item: Leftovers
|upkeep
|turn|18
|inactive|less19chara has 180 seconds left.
|
|t:|1728749597
|move|p1a: Flygon|Toxic|p2a: Swampert
|-status|p2a: Swampert|tox
|move|p2a: Swampert|Ice Beam|p1a: Flygon
|-supereffective|p1a: Flygon
|-damage|p1a: Flygon|0 fnt
|faint|p1a: Flygon
|
|t:|1728749608
|switch|p1a: Grass Electric|Sceptile, F|100/100
|-damage|p1a: Grass Electric|88/100|[from] Spikes
|
|-weather|Sandstorm|[upkeep]
|-damage|p1a: Grass Electric|82/100|[from] Sandstorm
|-heal|p1a: Grass Electric|88/100|[from] item: Leftovers
|-damage|p2a: Swampert|94/100 tox|[from] psn
|upkeep
|turn|19
|
|t:|1728749627
|switch|p2a: Skarmory|Skarmory, M|42/100
|move|p1a: Grass Electric|Substitute|p1a: Grass Electric
|-start|p1a: Grass Electric|Substitute
|-damage|p1a: Grass Electric|63/100
|
|-weather|Sandstorm|[upkeep]
|-damage|p1a: Grass Electric|57/100|[from] Sandstorm
|-heal|p1a: Grass Electric|63/100|[from] item: Leftovers
|-heal|p2a: Skarmory|48/100|[from] item: Leftovers
|upkeep
|turn|20
|
|t:|1728749642
|move|p1a: Grass Electric|Leech Seed|p2a: Skarmory
|-start|p2a: Skarmory|move: Leech Seed
|move|p2a: Skarmory|Roar|p1a: Grass Electric
|drag|p1a: Suicune|Suicune|100/100
|-damage|p1a: Suicune|88/100|[from] Spikes
|
|-weather|Sandstorm|[upkeep]
|-damage|p1a: Suicune|82/100|[from] Sandstorm
|-heal|p1a: Suicune|88/100|[from] item: Leftovers
|-heal|p2a: Skarmory|54/100|[from] item: Leftovers
|-damage|p2a: Skarmory|42/100|[from] Leech Seed|[of] p1a: Suicune
|-heal|p1a: Suicune|99/100|[silent]
|upkeep
|turn|21
|
|t:|1728749650
|move|p1a: Suicune|Surf|p2a: Skarmory
|-damage|p2a: Skarmory|5/100
|move|p2a: Skarmory|Roar|p1a: Suicune
|drag|p1a: Tyranitar|Tyranitar, M|63/100 tox
|-damage|p1a: Tyranitar|51/100 tox|[from] Spikes
|
|-weather|Sandstorm|[upkeep]
|-heal|p2a: Skarmory|11/100|[from] item: Leftovers
|-damage|p2a: Skarmory|0 fnt|[from] Leech Seed|[of] p1a: Tyranitar
|-heal|p1a: Tyranitar|60/100 tox|[silent]
|faint|p2a: Skarmory
|-heal|p1a: Tyranitar|66/100 tox|[from] item: Leftovers
|-damage|p1a: Tyranitar|60/100 tox|[from] psn
|upkeep
|
|t:|1728749663
|switch|p2a: Salamence|Salamence, M|43/100 brn
|-ability|p2a: Salamence|Intimidate|boost
|-unboost|p1a: Tyranitar|atk|1
|turn|22
|
|t:|1728749674
|switch|p1a: Grass Electric|Sceptile, F|63/100
|-damage|p1a: Grass Electric|51/100|[from] Spikes
|move|p2a: Salamence|Hydro Pump|p1a: Grass Electric
|-resisted|p1a: Grass Electric
|-crit|p1a: Grass Electric
|-damage|p1a: Grass Electric|0 fnt
|faint|p1a: Grass Electric
|
|t:|1728749687
|switch|p1a: Skarmory|Skarmory, F|34/100
|
|-weather|Sandstorm|[upkeep]
|-damage|p2a: Salamence|36/100 brn|[from] Sandstorm
|-heal|p2a: Salamence|43/100 brn|[from] item: Leftovers
|-damage|p2a: Salamence|30/100 brn|[from] brn
|-heal|p1a: Skarmory|40/100|[from] item: Leftovers
|upkeep
|turn|23
|
|t:|1728749696
|move|p1a: Skarmory|Protect|p1a: Skarmory
|-singleturn|p1a: Skarmory|Protect
|move|p2a: Salamence|Fire Blast|p1a: Skarmory
|-activate|p1a: Skarmory|Protect
|
|-weather|Sandstorm|[upkeep]
|-damage|p2a: Salamence|24/100 brn|[from] Sandstorm
|-heal|p2a: Salamence|30/100 brn|[from] item: Leftovers
|-damage|p2a: Salamence|18/100 brn|[from] brn
|-heal|p1a: Skarmory|46/100|[from] item: Leftovers
|upkeep
|turn|24
|
|t:|1728749710
|switch|p1a: Suicune|Suicune|99/100
|-damage|p1a: Suicune|88/100|[from] Spikes
|move|p2a: Salamence|Hydro Pump|p1a: Suicune
|-resisted|p1a: Suicune
|-damage|p1a: Suicune|70/100
|
|-weather|Sandstorm|[upkeep]
|-damage|p2a: Salamence|11/100 brn|[from] Sandstorm
|-damage|p1a: Suicune|64/100|[from] Sandstorm
|-heal|p2a: Salamence|18/100 brn|[from] item: Leftovers
|-damage|p2a: Salamence|5/100 brn|[from] brn
|-heal|p1a: Suicune|70/100|[from] item: Leftovers
|upkeep
|turn|25
|
|t:|1728749717
|move|p2a: Salamence|Dragon Claw|p1a: Suicune
|-damage|p1a: Suicune|37/100
|move|p1a: Suicune|Calm Mind|p1a: Suicune
|-boost|p1a: Suicune|spa|1
|-boost|p1a: Suicune|spd|1
|
|-weather|Sandstorm|[upkeep]
|-damage|p2a: Salamence|0 fnt|[from] Sandstorm
|-damage|p1a: Suicune|31/100|[from] Sandstorm
|faint|p2a: Salamence
|-heal|p1a: Suicune|37/100|[from] item: Leftovers
|upkeep
|
|t:|1728749741
|switch|p2a: Tyranitar|Tyranitar, M|100/100
|-damage|p2a: Tyranitar|88/100|[from] Spikes
|turn|26
|inactive|less19chara has 210 seconds left.
|inactive|less19chara has 180 seconds left.
|
|t:|1728749781
|switch|p1a: Skarmory|Skarmory, F|46/100
|move|p2a: Tyranitar|Rock Slide|p1a: Skarmory
|-damage|p1a: Skarmory|10/100
|
|-weather|Sandstorm|[upkeep]
|-heal|p1a: Skarmory|16/100|[from] item: Leftovers
|-heal|p2a: Tyranitar|94/100|[from] item: Leftovers
|upkeep
|turn|27
|inactive|less19chara has 180 seconds left.
|
|t:|1728749787
|move|p1a: Skarmory|Toxic|p2a: Tyranitar
|-status|p2a: Tyranitar|tox
|move|p2a: Tyranitar|Rock Slide|p1a: Skarmory
|-damage|p1a: Skarmory|0 fnt
|faint|p1a: Skarmory
|inactive|less19chara has 180 seconds left.
|
|t:|1728749795
|switch|p1a: Silly Bird|Zapdos|36/100
|
|-weather|Sandstorm|[upkeep]
|-damage|p1a: Silly Bird|30/100|[from] Sandstorm
|-heal|p2a: Tyranitar|100/100 tox|[from] item: Leftovers
|-damage|p2a: Tyranitar|94/100 tox|[from] psn
|upkeep
|turn|28
|
|t:|1728749817
|switch|p2a: Swampert|Swampert, F|94/100 tox
|-damage|p2a: Swampert|82/100 tox|[from] Spikes
|move|p1a: Silly Bird|Hidden Power|p2a: Swampert
|-damage|p2a: Swampert|57/100 tox
|
|-weather|Sandstorm|[upkeep]
|-damage|p1a: Silly Bird|24/100|[from] Sandstorm
|-heal|p2a: Swampert|63/100 tox|[from] item: Leftovers
|-damage|p2a: Swampert|57/100 tox|[from] psn
|upkeep
|turn|29
|
|t:|1728749825
|switch|p1a: Suicune|Suicune|37/100
|-damage|p1a: Suicune|25/100|[from] Spikes
|move|p2a: Swampert|Curse|p2a: Swampert
|-unboost|p2a: Swampert|spe|1
|-boost|p2a: Swampert|atk|1
|-boost|p2a: Swampert|def|1
|
|-weather|Sandstorm|[upkeep]
|-damage|p1a: Suicune|19/100|[from] Sandstorm
|-heal|p1a: Suicune|25/100|[from] item: Leftovers
|-heal|p2a: Swampert|63/100 tox|[from] item: Leftovers
|-damage|p2a: Swampert|51/100 tox|[from] psn
|upkeep
|turn|30
|
|t:|1728749833
|move|p1a: Suicune|Rest|p1a: Suicune
|-status|p1a: Suicune|slp|[from] move: Rest
|-heal|p1a: Suicune|100/100 slp|[silent]
|move|p2a: Swampert|Earthquake|p1a: Suicune
|-damage|p1a: Suicune|53/100 slp
|
|-weather|Sandstorm|[upkeep]
|-damage|p1a: Suicune|47/100 slp|[from] Sandstorm
|-heal|p1a: Suicune|53/100 slp|[from] item: Leftovers
|-heal|p2a: Swampert|57/100 tox|[from] item: Leftovers
|-damage|p2a: Swampert|38/100 tox|[from] psn
|upkeep
|turn|31
|
|t:|1728749843
|cant|p1a: Suicune|slp
|move|p2a: Swampert|Earthquake|p1a: Suicune
|-damage|p1a: Suicune|0 fnt
|faint|p1a: Suicune
|
|t:|1728749850
|switch|p1a: Tyranitar|Tyranitar, M|60/100 tox
|-damage|p1a: Tyranitar|48/100 tox|[from] Spikes
|
|-weather|Sandstorm|[upkeep]
|-heal|p1a: Tyranitar|54/100 tox|[from] item: Leftovers
|-damage|p1a: Tyranitar|48/100 tox|[from] psn
|-heal|p2a: Swampert|44/100 tox|[from] item: Leftovers
|-damage|p2a: Swampert|20/100 tox|[from] psn
|upkeep
|turn|32
|
|t:|1728749858
|move|p1a: Tyranitar|Crunch|p2a: Swampert
|-damage|p2a: Swampert|0 fnt
|faint|p2a: Swampert
|
|t:|1728749863
|switch|p2a: Aerodactyl|Aerodactyl, M|100/100
|
|-weather|Sandstorm|[upkeep]
|-heal|p1a: Tyranitar|54/100 tox|[from] item: Leftovers
|-damage|p1a: Tyranitar|41/100 tox|[from] psn
|upkeep
|turn|33
|
|t:|1728749870
|move|p2a: Aerodactyl|Hidden Power|p1a: Tyranitar
|-supereffective|p1a: Tyranitar
|-damage|p1a: Tyranitar|0 fnt
|faint|p1a: Tyranitar
|
|t:|1728749874
|switch|p1a: Silly Bird|Zapdos|24/100
|
|-weather|Sandstorm|[upkeep]
|-damage|p1a: Silly Bird|17/100|[from] Sandstorm
|upkeep
|turn|34
|
|t:|1728749880
|switch|p2a: Tyranitar|Tyranitar, M|94/100 tox
|-damage|p2a: Tyranitar|82/100 tox|[from] Spikes
|move|p1a: Silly Bird|Hidden Power|p2a: Tyranitar
|-supereffective|p2a: Tyranitar
|-damage|p2a: Tyranitar|0 fnt
|faint|p2a: Tyranitar
|
|t:|1728749885
|switch|p2a: Aerodactyl|Aerodactyl, M|100/100
|
|-weather|Sandstorm|[upkeep]
|-damage|p1a: Silly Bird|11/100|[from] Sandstorm
|upkeep
|turn|35
|c|☆Dhrabb|gg
|inactive|less19chara has 240 seconds left.
|
|t:|1728749890
|move|p2a: Aerodactyl|Double-Edge|p1a: Silly Bird
|-damage|p1a: Silly Bird|0 fnt
|faint|p1a: Silly Bird
|
|win|Dhrabb
|c|☆less19chara|gg

</script>
<script type="application/json" class="data" id="replaydata-smogtours-gen3ou-797513">
{"id":"smogtours-gen3ou-797513","format":"[Gen 3] OU","players":["less19chara","Dhrabb"],"uploadtime":1728749890,"views":95,"formatid":"gen3ou","rating":null,"private":0,"password":null}
</script>

<script defer src="js/replays.js?9d40a366"></script>
