<!DOCTYPE html>
<meta charset="utf-8" />
<meta name="viewport" content="width=device-width" />

<title>[Gen 3] OU: SteelSwaggy vs. LTG - Replays - Pok&eacute;mon Showdown!</title>

<meta name="description" content="Watch a replay of a Pok&eacute;mon battle between SteelSwaggy and LTG! Format: [Gen 3] OU; Date: Oct 3, 2024" />
<!--

Hey, you! Looking in the source for the replay log?

You can find them in JSON format, just add `.json` at the end of a replay URL.

https://replay.pokemonshowdown.com/gen7randomdoublesbattle-865046831.json

Or, if you only need the log itself, add `.log` instead:

https://replay.pokemonshowdown.com/gen7randomdoublesbattle-865046831.log

-->

<link rel="stylesheet" href="//pokemonshowdown.com/style/global.css?0.767286132409787" />
<link rel="stylesheet" href="//play.pokemonshowdown.com/style/font-awesome.css?0.9266228007934947" />
<link rel="stylesheet" href="//play.pokemonshowdown.com/style/battle.css?0.7924700842790926" />
<link rel="stylesheet" href="//play.pokemonshowdown.com/style/utilichart.css?0.8777417872839479" />

<!-- Global site tag (gtag.js) - Google Analytics -->
<script async src="https://www.googletagmanager.com/gtag/js?id=UA-26211653-1"></script>
<script>
  window.dataLayer = window.dataLayer || [];
  function gtag(){dataLayer.push(arguments);}
  gtag('js', new Date());

  gtag('config', 'UA-26211653-1');
</script>
<!-- End Google Analytics -->
<!-- Venatus Ad Manager - Install in <HEAD> of page -->
	<script src="https://hb.vntsm.com/v3/live/ad-manager.min.js" type="text/javascript" data-site-id="642aba63ec9a7b11c3c9c1be" data-mode="scan" async></script>
<!-- / Venatus Ad Manager -->

<style>
	@media (max-width:820px) {
		.battle {
			margin: 0 auto;
		}
		.battle-log {
			margin: 7px auto 0;
			max-width: 640px;
			height: 300px;
			position: static;
		}
	}
	.optgroup {
		display: inline-block;
		line-height: 22px;
		font-size: 10pt;
	}
	.optgroup .button {
		height: 25px;
		padding-top: 0;
		padding-bottom: 0;
	}
	.optgroup button.button {
		padding-left: 12px;
		padding-right: 12px;
	}
	.linklist {
		list-style: none;
		margin: 0.5em 0;
		padding: 0;
	}
	.linklist li {
		padding: 2px 0;
	}
	.sidebar {
		float: left;
		width: 320px;
	}
	.bar-wrapper {
		max-width: 1100px;
		margin: 0 auto;
	}
	.bar-wrapper.has-sidebar {
		max-width: 1430px;
	}
	.mainbar {
		margin: 0;
		padding-right: 1px;
	}
	.mainbar.has-sidebar {
		margin-left: 330px;
	}
	@media (min-width: 1511px) {
		.sidebar {
			width: 400px;
		}
		.bar-wrapper.has-sidebar {
			max-width: 1510px;
		}
		.mainbar.has-sidebar {
			margin-left: 410px;
		}
	}
	.section.first-section {
		margin-top: 9px;
	}
	.blocklink small {
		white-space: normal;
	}
	.button {
		vertical-align: middle;
	}
	.replay-controls {
		padding-top: 10px;
	}
	.replay-controls h1 {
		font-size: 16pt;
		font-weight: normal;
		color: #CCC;
	}
	.pagelink {
		text-align: center;
	}
	.pagelink a {
		width: 150px;
	}
	.textbox, .button {
		font-size: 11pt;
		vertical-align: middle;
	}
	@media (max-width: 450px) {
		.button {
			font-size: 9pt;
		}
	}
</style>

<div>

	<header>
		<div class="nav-wrapper"><ul class="nav">
			<li><a class="button nav-first" href="//pokemonshowdown.com/"><img src="//pokemonshowdown.com/images/pokemonshowdownbeta.png" srcset="//pokemonshowdown.com/images/pokemonshowdownbeta.png 1x, //pokemonshowdown.com/images/pokemonshowdownbeta@2x.png 2x" alt="Pok&eacute;mon Showdown" width="146" height="44" /> Home</a></li>
			<li><a class="button" href="//pokemonshowdown.com/dex/">Pok&eacute;dex</a></li>
			<li><a class="button cur" href="/">Replays</a></li>
			<li><a class="button" href="//pokemonshowdown.com/ladder/">Ladder</a></li>
			<li><a class="button nav-last" href="//pokemonshowdown.com/forums/">Forum</a></li>
			<li><a class="button greenbutton nav-first nav-last" href="//play.pokemonshowdown.com/">Play</a></li>
		</ul></div>
	</header>

	<div class="main" id="main">

		<noscript><section class="section">You need to enable JavaScript to use this page; sorry!</section></noscript>

	</div>

</div>

<script defer nomodule src="//play.pokemonshowdown.com/js/lib/ps-polyfill.js"></script>
<script defer src="//play.pokemonshowdown.com/js/lib/preact.min.js"></script>

<script defer src="//play.pokemonshowdown.com/config/config.js?6dec07f6"></script>
<script defer src="//play.pokemonshowdown.com/js/lib/jquery-1.11.0.min.js"></script>
<script defer src="//play.pokemonshowdown.com/js/lib/html-sanitizer-minified.js"></script>
<script defer src="//play.pokemonshowdown.com/js/battle-sound.js"></script>
<script defer src="//play.pokemonshowdown.com/js/battledata.js?0.6315294753075389"></script>
<script defer src="//play.pokemonshowdown.com/data/pokedex-mini.js?0.7603743185311358"></script>
<script defer src="//play.pokemonshowdown.com/data/pokedex-mini-bw.js?0.030888842834281283"></script>
<script defer src="//play.pokemonshowdown.com/data/graphics.js?0.05593094747507488"></script>
<script defer src="//play.pokemonshowdown.com/data/pokedex.js?0.47064822249611904"></script>
<script defer src="//play.pokemonshowdown.com/data/moves.js?0.8583693120512459"></script>
<script defer src="//play.pokemonshowdown.com/data/abilities.js?0.16017181182386842"></script>
<script defer src="//play.pokemonshowdown.com/data/items.js?0.4163379185673943"></script>
<script defer src="//play.pokemonshowdown.com/data/teambuilder-tables.js?0.31075597372830477"></script>
<script defer src="//play.pokemonshowdown.com/js/battle-tooltips.js?0.6536193500708172"></script>
<script defer src="//play.pokemonshowdown.com/js/battle.js?0.1916591943277901"></script>

<script defer src="js/utils.js?e31f9a17"></script>
<script defer src="js/replays-battle.js?7008c182"></script>

<!-- don't scrape this data! just add .json or .log after the URL!
Full API docs: https://github.com/smogon/pokemon-showdown-client/blob/master/WEB-API.md -->
<script type="text/plain" class="log" id="replaylog-smogtours-gen3ou-794233">
|inactive|Battle timer is ON: inactive players will automatically lose when time's up.
|t:|1727971569
|gametype|singles
|player|p1|SteelSwaggy|169|
|player|p2|LTG|#ltg|
|teamsize|p1|6
|teamsize|p2|6
|gen|3
|tier|[Gen 3] OU
|rule|Sleep Clause Mod: Limit one foe put to sleep
|rule|Switch Priority Clause Mod: Faster Pokémon switch first
|rule|Species Clause: Limit one of each Pokémon
|rule|OHKO Clause: OHKO moves are banned
|rule|Evasion Items Clause: Evasion items are banned
|rule|Evasion Moves Clause: Evasion moves are banned
|rule|Endless Battle Clause: Forcing endless battles is banned
|rule|HP Percentage Mod: HP is shown in percentages
|rule|One Boost Passer Clause: Limit one Baton Passer that has a way to boost its stats
|rule|Freeze Clause Mod: Limit one foe frozen
|
|t:|1727971569
|start
|switch|p1a: Jakka|Tyranitar, M|100/100
|switch|p2a: Skarmory|Skarmory, F|100/100
|-weather|Sandstorm|[from] ability: Sand Stream|[of] p1a: Jakka
|turn|1
|c|☆SteelSwaggy|Let's do this, have fun!
|c|☆LTG|hf :D
|
|t:|1727971591
|switch|p1a: Baudimon|Forretress, M|100/100
|move|p2a: Skarmory|Toxic|p1a: Baudimon
|-immune|p1a: Baudimon
|
|-weather|Sandstorm|[upkeep]
|upkeep
|turn|2
|
|t:|1727971596
|move|p2a: Skarmory|Spikes|p1a: Baudimon
|-sidestart|p1: SteelSwaggy|Spikes
|move|p1a: Baudimon|Spikes|p2a: Skarmory
|-sidestart|p2: LTG|Spikes
|
|-weather|Sandstorm|[upkeep]
|upkeep
|turn|3
|
|t:|1727971600
|move|p2a: Skarmory|Spikes|p1a: Baudimon
|-sidestart|p1: SteelSwaggy|Spikes
|move|p1a: Baudimon|Rapid Spin|p2a: Skarmory
|-resisted|p2a: Skarmory
|-damage|p2a: Skarmory|99/100
|-sideend|p1: SteelSwaggy|Spikes|[from] move: Rapid Spin|[of] p1a: Baudimon
|
|-weather|Sandstorm|[upkeep]
|-heal|p2a: Skarmory|100/100|[from] item: Leftovers
|upkeep
|turn|4
|
|t:|1727971602
|move|p2a: Skarmory|Spikes|p1a: Baudimon
|-sidestart|p1: SteelSwaggy|Spikes
|move|p1a: Baudimon|Spikes|p2a: Skarmory
|-sidestart|p2: LTG|Spikes
|
|-weather|Sandstorm|[upkeep]
|upkeep
|turn|5
|
|t:|1727971606
|move|p2a: Skarmory|Spikes|p1a: Baudimon
|-sidestart|p1: SteelSwaggy|Spikes
|move|p1a: Baudimon|Rapid Spin|p2a: Skarmory
|-resisted|p2a: Skarmory
|-damage|p2a: Skarmory|99/100
|-sideend|p1: SteelSwaggy|Spikes|[from] move: Rapid Spin|[of] p1a: Baudimon
|
|-weather|Sandstorm|[upkeep]
|-heal|p2a: Skarmory|100/100|[from] item: Leftovers
|upkeep
|turn|6
|
|t:|1727971608
|move|p2a: Skarmory|Spikes|p1a: Baudimon
|-sidestart|p1: SteelSwaggy|Spikes
|move|p1a: Baudimon|Spikes|p2a: Skarmory
|-sidestart|p2: LTG|Spikes
|
|-weather|Sandstorm|[upkeep]
|upkeep
|turn|7
|
|t:|1727971610
|move|p2a: Skarmory|Spikes|p1a: Baudimon
|-sidestart|p1: SteelSwaggy|Spikes
|move|p1a: Baudimon|Rapid Spin|p2a: Skarmory
|-resisted|p2a: Skarmory
|-damage|p2a: Skarmory|99/100
|-sideend|p1: SteelSwaggy|Spikes|[from] move: Rapid Spin|[of] p1a: Baudimon
|
|-weather|Sandstorm|[upkeep]
|-heal|p2a: Skarmory|100/100|[from] item: Leftovers
|upkeep
|turn|8
|
|t:|1727971613
|move|p2a: Skarmory|Spikes|p1a: Baudimon
|-sidestart|p1: SteelSwaggy|Spikes
|move|p1a: Baudimon|Rapid Spin|p2a: Skarmory
|-resisted|p2a: Skarmory
|-damage|p2a: Skarmory|99/100
|-sideend|p1: SteelSwaggy|Spikes|[from] move: Rapid Spin|[of] p1a: Baudimon
|
|-weather|Sandstorm|[upkeep]
|-heal|p2a: Skarmory|100/100|[from] item: Leftovers
|upkeep
|turn|9
|
|t:|1727971616
|move|p2a: Skarmory|Spikes|p1a: Baudimon
|-sidestart|p1: SteelSwaggy|Spikes
|move|p1a: Baudimon|Rapid Spin|p2a: Skarmory
|-resisted|p2a: Skarmory
|-damage|p2a: Skarmory|99/100
|-sideend|p1: SteelSwaggy|Spikes|[from] move: Rapid Spin|[of] p1a: Baudimon
|
|-weather|Sandstorm|[upkeep]
|-heal|p2a: Skarmory|100/100|[from] item: Leftovers
|upkeep
|turn|10
|
|t:|1727971620
|move|p1a: Baudimon|Rapid Spin|p2a: Skarmory
|-resisted|p2a: Skarmory
|-damage|p2a: Skarmory|99/100
|move|p2a: Skarmory|Roar|p1a: Baudimon
|drag|p1a: Isabelle|Jirachi|100/100
|
|-weather|Sandstorm|[upkeep]
|-heal|p2a: Skarmory|100/100|[from] item: Leftovers
|upkeep
|turn|11
|
|t:|1727971625
|move|p2a: Skarmory|Protect|p2a: Skarmory
|-singleturn|p2a: Skarmory|Protect
|move|p1a: Isabelle|Fire Punch|p2a: Skarmory
|-activate|p2a: Skarmory|Protect
|
|-weather|Sandstorm|[upkeep]
|upkeep
|turn|12
|
|t:|1727971643
|switch|p2a: Tyranitar|Tyranitar, M|100/100
|-damage|p2a: Tyranitar|75/100|[from] Spikes
|move|p1a: Isabelle|Fire Punch|p2a: Tyranitar
|-resisted|p2a: Tyranitar
|-damage|p2a: Tyranitar|66/100
|
|-weather|Sandstorm|[upkeep]
|-heal|p2a: Tyranitar|72/100|[from] item: Leftovers
|upkeep
|turn|13
|
|t:|1727971655
|switch|p1a: Tendaris|Salamence, M|100/100
|-ability|p1a: Tendaris|Intimidate|boost
|-unboost|p2a: Tyranitar|atk|1
|move|p2a: Tyranitar|Fire Blast|p1a: Tendaris
|-resisted|p1a: Tendaris
|-damage|p1a: Tendaris|81/100
|
|-weather|Sandstorm|[upkeep]
|-damage|p1a: Tendaris|75/100|[from] Sandstorm
|-heal|p1a: Tendaris|81/100|[from] item: Leftovers
|-heal|p2a: Tyranitar|78/100|[from] item: Leftovers
|upkeep
|turn|14
|
|t:|1727971669
|switch|p1a: Jakka|Tyranitar, M|100/100
|switch|p2a: Flygon|Flygon, F|100/100
|
|-weather|Sandstorm|[upkeep]
|upkeep
|turn|15
|
|t:|1727971679
|switch|p1a: Tendaris|Salamence, M|81/100
|-ability|p1a: Tendaris|Intimidate|boost
|-unboost|p2a: Flygon|atk|1
|move|p2a: Flygon|Earthquake|p1a: Tendaris
|-immune|p1a: Tendaris
|
|-weather|Sandstorm|[upkeep]
|-damage|p1a: Tendaris|75/100|[from] Sandstorm
|-heal|p1a: Tendaris|81/100|[from] item: Leftovers
|upkeep
|turn|16
|
|t:|1727971685
|move|p1a: Tendaris|Dragon Dance|p1a: Tendaris
|-boost|p1a: Tendaris|atk|1
|-boost|p1a: Tendaris|spe|1
|move|p2a: Flygon|Toxic|p1a: Tendaris
|-status|p1a: Tendaris|tox
|
|-weather|Sandstorm|[upkeep]
|-damage|p1a: Tendaris|75/100 tox|[from] Sandstorm
|-heal|p1a: Tendaris|81/100 tox|[from] item: Leftovers
|-damage|p1a: Tendaris|75/100 tox|[from] psn
|upkeep
|turn|17
|
|t:|1727971691
|move|p1a: Tendaris|Hidden Power|p2a: Flygon
|-damage|p2a: Flygon|53/100
|move|p2a: Flygon|Rock Slide|p1a: Tendaris
|-supereffective|p1a: Tendaris
|-damage|p1a: Tendaris|49/100 tox
|
|-weather|Sandstorm|[upkeep]
|-damage|p1a: Tendaris|43/100 tox|[from] Sandstorm
|-heal|p1a: Tendaris|49/100 tox|[from] item: Leftovers
|-damage|p1a: Tendaris|37/100 tox|[from] psn
|-heal|p2a: Flygon|59/100|[from] item: Leftovers
|upkeep
|turn|18
|
|t:|1727971697
|move|p2a: Flygon|Protect|p2a: Flygon
|-singleturn|p2a: Flygon|Protect
|move|p1a: Tendaris|Dragon Dance|p1a: Tendaris
|-boost|p1a: Tendaris|atk|1
|-boost|p1a: Tendaris|spe|1
|
|-weather|Sandstorm|[upkeep]
|-damage|p1a: Tendaris|31/100 tox|[from] Sandstorm
|-heal|p1a: Tendaris|37/100 tox|[from] item: Leftovers
|-damage|p1a: Tendaris|19/100 tox|[from] psn
|-heal|p2a: Flygon|65/100|[from] item: Leftovers
|upkeep
|turn|19
|
|t:|1727971705
|switch|p2a: Skarmory|Skarmory, F|100/100
|move|p1a: Tendaris|Hidden Power|p2a: Skarmory
|-resisted|p2a: Skarmory
|-damage|p2a: Skarmory|67/100
|
|-weather|Sandstorm|[upkeep]
|-damage|p1a: Tendaris|13/100 tox|[from] Sandstorm
|-heal|p1a: Tendaris|19/100 tox|[from] item: Leftovers
|-damage|p1a: Tendaris|0 fnt|[from] psn
|faint|p1a: Tendaris
|-heal|p2a: Skarmory|73/100|[from] item: Leftovers
|upkeep
|
|t:|1727971710
|switch|p1a: Isabelle|Jirachi|100/100
|turn|20
|
|t:|1727971713
|move|p2a: Skarmory|Protect|p2a: Skarmory
|-singleturn|p2a: Skarmory|Protect
|move|p1a: Isabelle|Calm Mind|p1a: Isabelle
|-boost|p1a: Isabelle|spa|1
|-boost|p1a: Isabelle|spd|1
|
|-weather|Sandstorm|[upkeep]
|-heal|p2a: Skarmory|79/100|[from] item: Leftovers
|upkeep
|turn|21
|
|t:|1727971720
|switch|p2a: Tyranitar|Tyranitar, M|78/100
|-damage|p2a: Tyranitar|53/100|[from] Spikes
|move|p1a: Isabelle|Fire Punch|p2a: Tyranitar
|-resisted|p2a: Tyranitar
|-damage|p2a: Tyranitar|39/100
|
|-weather|Sandstorm|[upkeep]
|-heal|p2a: Tyranitar|45/100|[from] item: Leftovers
|upkeep
|turn|22
|
|t:|1727971727
|move|p1a: Isabelle|Ice Punch|p2a: Tyranitar
|-damage|p2a: Tyranitar|15/100
|move|p2a: Tyranitar|Roar|p1a: Isabelle
|drag|p1a: Baudimon|Forretress, M|100/100
|
|-weather|Sandstorm|[upkeep]
|-heal|p2a: Tyranitar|21/100|[from] item: Leftovers
|upkeep
|turn|23
|
|t:|1727971735
|switch|p1a: Jakka|Tyranitar, M|100/100
|move|p2a: Tyranitar|Fire Blast|p1a: Jakka
|-resisted|p1a: Jakka
|-damage|p1a: Jakka|83/100
|
|-weather|Sandstorm|[upkeep]
|-heal|p2a: Tyranitar|27/100|[from] item: Leftovers
|upkeep
|turn|24
|
|t:|1727971755
|switch|p2a: Flygon|Flygon, F|65/100
|move|p1a: Jakka|Hidden Power|p2a: Flygon
|-damage|p2a: Flygon|43/100
|
|-weather|Sandstorm|[upkeep]
|-heal|p2a: Flygon|49/100|[from] item: Leftovers
|upkeep
|turn|25
|
|t:|1727971766
|move|p2a: Flygon|Earthquake|p1a: Jakka
|-supereffective|p1a: Jakka
|-damage|p1a: Jakka|21/100
|move|p1a: Jakka|Dragon Dance|p1a: Jakka
|-boost|p1a: Jakka|atk|1
|-boost|p1a: Jakka|spe|1
|
|-weather|Sandstorm|[upkeep]
|-heal|p2a: Flygon|55/100|[from] item: Leftovers
|upkeep
|turn|26
|
|t:|1727971776
|move|p1a: Jakka|Rock Slide|p2a: Flygon
|-resisted|p2a: Flygon
|-crit|p2a: Flygon
|-damage|p2a: Flygon|5/100
|cant|p2a: Flygon|flinch
|
|-weather|Sandstorm|[upkeep]
|-heal|p2a: Flygon|11/100|[from] item: Leftovers
|upkeep
|turn|27
|
|t:|1727971780
|move|p2a: Flygon|Protect|p2a: Flygon
|-singleturn|p2a: Flygon|Protect
|move|p1a: Jakka|Hidden Power|p2a: Flygon
|-activate|p2a: Flygon|Protect
|
|-weather|Sandstorm|[upkeep]
|-heal|p2a: Flygon|17/100|[from] item: Leftovers
|upkeep
|turn|28
|
|t:|1727971789
|move|p1a: Jakka|Hidden Power|p2a: Flygon
|-damage|p2a: Flygon|0 fnt
|faint|p2a: Flygon
|
|t:|1727971794
|switch|p2a: Aerodactyl|Aerodactyl, M|100/100
|
|-weather|Sandstorm|[upkeep]
|upkeep
|turn|29
|
|t:|1727971800
|move|p2a: Aerodactyl|Earthquake|p1a: Jakka
|-supereffective|p1a: Jakka
|-damage|p1a: Jakka|0 fnt
|faint|p1a: Jakka
|
|t:|1727971803
|switch|p1a: Buggi|Aerodactyl, M|100/100
|
|-weather|Sandstorm|[upkeep]
|upkeep
|turn|30
|
|t:|1727971810
|switch|p2a: Tyranitar|Tyranitar, M|27/100
|-damage|p2a: Tyranitar|2/100|[from] Spikes
|move|p1a: Buggi|Rock Slide|p2a: Tyranitar
|-damage|p2a: Tyranitar|0 fnt
|faint|p2a: Tyranitar
|
|t:|1727971826
|switch|p2a: Skarmory|Skarmory, F|79/100
|
|-weather|Sandstorm|[upkeep]
|-heal|p2a: Skarmory|85/100|[from] item: Leftovers
|upkeep
|turn|31
|
|t:|1727971837
|switch|p1a: Isabelle|Jirachi|100/100
|move|p2a: Skarmory|Spikes|p1a: Isabelle
|-sidestart|p1: SteelSwaggy|Spikes
|
|-weather|Sandstorm|[upkeep]
|-heal|p2a: Skarmory|91/100|[from] item: Leftovers
|upkeep
|turn|32
|
|t:|1727971843
|move|p1a: Isabelle|Fire Punch|p2a: Skarmory
|-supereffective|p2a: Skarmory
|-damage|p2a: Skarmory|46/100
|move|p2a: Skarmory|Roar|p1a: Isabelle
|drag|p1a: Buggi|Aerodactyl, M|100/100
|
|-weather|Sandstorm|[upkeep]
|-heal|p2a: Skarmory|52/100|[from] item: Leftovers
|upkeep
|turn|33
|
|t:|1727971850
|switch|p1a: Baudimon|Forretress, M|100/100
|-damage|p1a: Baudimon|88/100|[from] Spikes
|move|p2a: Skarmory|Protect||[still]
|-fail|p2a: Skarmory
|
|-weather|Sandstorm|[upkeep]
|-heal|p2a: Skarmory|58/100|[from] item: Leftovers
|-heal|p1a: Baudimon|94/100|[from] item: Leftovers
|upkeep
|turn|34
|
|t:|1727971854
|move|p2a: Skarmory|Protect|p2a: Skarmory
|-singleturn|p2a: Skarmory|Protect
|move|p1a: Baudimon|Rapid Spin|p2a: Skarmory
|-activate|p2a: Skarmory|Protect
|
|-weather|Sandstorm|[upkeep]
|-heal|p2a: Skarmory|64/100|[from] item: Leftovers
|-heal|p1a: Baudimon|100/100|[from] item: Leftovers
|upkeep
|turn|35
|
|t:|1727971860
|switch|p2a: Gengar|Gengar, F|100/100
|move|p1a: Baudimon|Rapid Spin|p2a: Gengar
|-immune|p2a: Gengar
|
|-weather|Sandstorm|[upkeep]
|-damage|p2a: Gengar|94/100|[from] Sandstorm
|-heal|p2a: Gengar|100/100|[from] item: Leftovers
|upkeep
|turn|36
|
|t:|1727971870
|switch|p1a: Galahad|Metagross|100/100
|-damage|p1a: Galahad|88/100|[from] Spikes
|move|p2a: Gengar|Thunderbolt|p1a: Galahad
|-damage|p1a: Galahad|49/100
|-status|p1a: Galahad|par
|
|-weather|Sandstorm|[upkeep]
|-damage|p2a: Gengar|94/100|[from] Sandstorm
|-heal|p2a: Gengar|100/100|[from] item: Leftovers
|-heal|p1a: Galahad|55/100 par|[from] item: Leftovers
|upkeep
|turn|37
|
|t:|1727971877
|switch|p2a: Skarmory|Skarmory, F|64/100
|move|p1a: Galahad|Psychic|p2a: Skarmory
|-resisted|p2a: Skarmory
|-damage|p2a: Skarmory|44/100
|
|-weather|Sandstorm|[upkeep]
|-heal|p2a: Skarmory|50/100|[from] item: Leftovers
|-heal|p1a: Galahad|61/100 par|[from] item: Leftovers
|upkeep
|turn|38
|
|t:|1727971885
|move|p2a: Skarmory|Spikes|p1a: Galahad
|-sidestart|p1: SteelSwaggy|Spikes
|cant|p1a: Galahad|par
|
|-weather|Sandstorm|[upkeep]
|-heal|p2a: Skarmory|56/100|[from] item: Leftovers
|-heal|p1a: Galahad|67/100 par|[from] item: Leftovers
|upkeep
|turn|39
|
|t:|1727971889
|move|p2a: Skarmory|Protect|p2a: Skarmory
|-singleturn|p2a: Skarmory|Protect
|move|p1a: Galahad|Thunder Punch|p2a: Skarmory
|-activate|p2a: Skarmory|Protect
|
|-weather|Sandstorm|[upkeep]
|-heal|p2a: Skarmory|62/100|[from] item: Leftovers
|-heal|p1a: Galahad|73/100 par|[from] item: Leftovers
|upkeep
|turn|40
|
|t:|1727971895
|switch|p2a: Zapdos|Zapdos|100/100
|move|p1a: Galahad|Thunder Punch|p2a: Zapdos
|-damage|p2a: Zapdos|74/100
|
|-weather|Sandstorm|[upkeep]
|-damage|p2a: Zapdos|68/100|[from] Sandstorm
|-heal|p2a: Zapdos|74/100|[from] item: Leftovers
|-heal|p1a: Galahad|79/100 par|[from] item: Leftovers
|upkeep
|turn|41
|
|t:|1727971899
|move|p2a: Zapdos|Thunderbolt|p1a: Galahad
|-damage|p1a: Galahad|23/100 par
|move|p1a: Galahad|Psychic|p2a: Zapdos
|-damage|p2a: Zapdos|24/100
|
|-weather|Sandstorm|[upkeep]
|-damage|p2a: Zapdos|18/100|[from] Sandstorm
|-heal|p2a: Zapdos|24/100|[from] item: Leftovers
|-heal|p1a: Galahad|29/100 par|[from] item: Leftovers
|upkeep
|turn|42
|
|t:|1727971903
|move|p2a: Zapdos|Thunderbolt|p1a: Galahad
|-damage|p1a: Galahad|0 fnt
|faint|p1a: Galahad
|
|t:|1727971905
|switch|p1a: Buggi|Aerodactyl, M|100/100
|
|-weather|Sandstorm|[upkeep]
|-damage|p2a: Zapdos|18/100|[from] Sandstorm
|-heal|p2a: Zapdos|24/100|[from] item: Leftovers
|upkeep
|turn|43
|
|t:|1727971913
|switch|p2a: Skarmory|Skarmory, F|62/100
|move|p1a: Buggi|Rock Slide|p2a: Skarmory
|-damage|p2a: Skarmory|20/100
|
|-weather|Sandstorm|[upkeep]
|-heal|p2a: Skarmory|26/100|[from] item: Leftovers
|upkeep
|turn|44
|
|t:|1727971918
|move|p2a: Skarmory|Protect|p2a: Skarmory
|-singleturn|p2a: Skarmory|Protect
|move|p1a: Buggi|Rock Slide|p2a: Skarmory
|-activate|p2a: Skarmory|Protect
|
|-weather|Sandstorm|[upkeep]
|-heal|p2a: Skarmory|32/100|[from] item: Leftovers
|upkeep
|turn|45
|
|t:|1727971920
|move|p1a: Buggi|Rock Slide|p2a: Skarmory
|-damage|p2a: Skarmory|0 fnt
|faint|p2a: Skarmory
|inactive|LTG has 270 seconds left.
|
|t:|1727971958
|switch|p2a: Aerodactyl|Aerodactyl, M|100/100
|
|-weather|Sandstorm|[upkeep]
|upkeep
|turn|46
|inactive|LTG has 270 seconds left.
|
|t:|1727971963
|switch|p1a: Baudimon|Forretress, M|100/100
|-damage|p1a: Baudimon|84/100|[from] Spikes
|move|p2a: Aerodactyl|Rock Slide|p1a: Baudimon
|-damage|p1a: Baudimon|49/100
|
|-weather|Sandstorm|[upkeep]
|-heal|p1a: Baudimon|56/100|[from] item: Leftovers
|upkeep
|turn|47
|inactive|LTG has 270 seconds left.
|
|t:|1727971974
|switch|p2a: Gengar|Gengar, F|100/100
|switch|p1a: Isabelle|Jirachi|100/100
|-damage|p1a: Isabelle|84/100|[from] Spikes
|
|-weather|Sandstorm|[upkeep]
|-damage|p2a: Gengar|94/100|[from] Sandstorm
|-heal|p2a: Gengar|100/100|[from] item: Leftovers
|-heal|p1a: Isabelle|90/100|[from] item: Leftovers
|upkeep
|turn|48
|inactive|LTG has 270 seconds left.
|
|t:|1727971987
|move|p2a: Gengar|Thunderbolt|p1a: Isabelle
|-damage|p1a: Isabelle|61/100
|move|p1a: Isabelle|Psychic|p2a: Gengar
|-supereffective|p2a: Gengar
|-damage|p2a: Gengar|0 fnt
|faint|p2a: Gengar
|inactive|LTG has 270 seconds left.
|
|t:|1727971998
|switch|p2a: Aerodactyl|Aerodactyl, M|100/100
|
|-weather|Sandstorm|[upkeep]
|-heal|p1a: Isabelle|67/100|[from] item: Leftovers
|upkeep
|turn|49
|
|t:|1727972001
|switch|p1a: Baudimon|Forretress, M|56/100
|-damage|p1a: Baudimon|39/100|[from] Spikes
|move|p2a: Aerodactyl|Earthquake|p1a: Baudimon
|-damage|p1a: Baudimon|6/100
|
|-weather|Sandstorm|[upkeep]
|-heal|p1a: Baudimon|13/100|[from] item: Leftovers
|upkeep
|turn|50
|
|t:|1727972013
|move|p2a: Aerodactyl|Earthquake|p1a: Baudimon
|-damage|p1a: Baudimon|0 fnt
|faint|p1a: Baudimon
|
|t:|1727972016
|switch|p1a: Buggi|Aerodactyl, M|100/100
|
|-weather|Sandstorm|[upkeep]
|upkeep
|turn|51
|
|t:|1727972018
|switch|p2a: Zapdos|Zapdos|24/100
|move|p1a: Buggi|Rock Slide|p2a: Zapdos
|-supereffective|p2a: Zapdos
|-damage|p2a: Zapdos|0 fnt
|faint|p2a: Zapdos
|
|t:|1727972020
|switch|p2a: Aerodactyl|Aerodactyl, M|100/100
|
|-weather|Sandstorm|[upkeep]
|upkeep
|turn|52
|
|t:|1727972022
|move|p2a: Aerodactyl|Rock Slide|p1a: Buggi
|-supereffective|p1a: Buggi
|-damage|p1a: Buggi|0 fnt
|faint|p1a: Buggi
|
|t:|1727972025
|switch|p1a: Isabelle|Jirachi|67/100
|-damage|p1a: Isabelle|50/100|[from] Spikes
|
|-weather|Sandstorm|[upkeep]
|-heal|p1a: Isabelle|56/100|[from] item: Leftovers
|upkeep
|turn|53
|c|☆LTG|gimme some flinches
|
|t:|1727972032
|move|p2a: Aerodactyl|Rock Slide|p1a: Isabelle
|-resisted|p1a: Isabelle
|-damage|p1a: Isabelle|33/100
|move|p1a: Isabelle|Ice Punch|p2a: Aerodactyl
|-supereffective|p2a: Aerodactyl
|-damage|p2a: Aerodactyl|37/100
|
|-weather|Sandstorm|[upkeep]
|-heal|p1a: Isabelle|40/100|[from] item: Leftovers
|upkeep
|turn|54
|
|t:|1727972040
|move|p2a: Aerodactyl|Rock Slide|p1a: Isabelle
|-resisted|p1a: Isabelle
|-damage|p1a: Isabelle|17/100
|cant|p1a: Isabelle|flinch
|
|-weather|Sandstorm|[upkeep]
|-heal|p1a: Isabelle|23/100|[from] item: Leftovers
|upkeep
|turn|55
|c|☆LTG|gg
|c|☆SteelSwaggy|gg
|
|t:|1727972051
|move|p2a: Aerodactyl|Rock Slide|p1a: Isabelle
|-resisted|p1a: Isabelle
|-damage|p1a: Isabelle|0 fnt
|faint|p1a: Isabelle
|
|win|LTG

</script>
<script type="application/json" class="data" id="replaydata-smogtours-gen3ou-794233">
{"id":"smogtours-gen3ou-794233","format":"[Gen 3] OU","players":["SteelSwaggy","LTG"],"uploadtime":1727972051,"views":111,"formatid":"gen3ou","rating":null,"private":0,"password":null}
</script>

<script defer src="js/replays.js?9d40a366"></script>
