<!DOCTYPE html>
<meta charset="utf-8" />
<meta name="viewport" content="width=device-width" />

<title>[Gen 3] OU: Rebatca vs. prof clue - Replays - Pok&eacute;mon Showdown!</title>

<meta name="description" content="Watch a replay of a Pok&eacute;mon battle between Rebatca and prof clue! Format: [Gen 3] OU; Date: Oct 25, 2024" />
<!--

Hey, you! Looking in the source for the replay log?

You can find them in JSON format, just add `.json` at the end of a replay URL.

https://replay.pokemonshowdown.com/gen7randomdoublesbattle-865046831.json

Or, if you only need the log itself, add `.log` instead:

https://replay.pokemonshowdown.com/gen7randomdoublesbattle-865046831.log

-->

<link rel="stylesheet" href="//pokemonshowdown.com/style/global.css?0.767286132409787" />
<link rel="stylesheet" href="//play.pokemonshowdown.com/style/font-awesome.css?0.9266228007934947" />
<link rel="stylesheet" href="//play.pokemonshowdown.com/style/battle.css?0.7924700842790926" />
<link rel="stylesheet" href="//play.pokemonshowdown.com/style/utilichart.css?0.8777417872839479" />

<!-- Global site tag (gtag.js) - Google Analytics -->
<script async src="https://www.googletagmanager.com/gtag/js?id=UA-26211653-1"></script>
<script>
  window.dataLayer = window.dataLayer || [];
  function gtag(){dataLayer.push(arguments);}
  gtag('js', new Date());

  gtag('config', 'UA-26211653-1');
</script>
<!-- End Google Analytics -->
<!-- Venatus Ad Manager - Install in <HEAD> of page -->
	<script src="https://hb.vntsm.com/v3/live/ad-manager.min.js" type="text/javascript" data-site-id="642aba63ec9a7b11c3c9c1be" data-mode="scan" async></script>
<!-- / Venatus Ad Manager -->

<style>
	@media (max-width:820px) {
		.battle {
			margin: 0 auto;
		}
		.battle-log {
			margin: 7px auto 0;
			max-width: 640px;
			height: 300px;
			position: static;
		}
	}
	.optgroup {
		display: inline-block;
		line-height: 22px;
		font-size: 10pt;
	}
	.optgroup .button {
		height: 25px;
		padding-top: 0;
		padding-bottom: 0;
	}
	.optgroup button.button {
		padding-left: 12px;
		padding-right: 12px;
	}
	.linklist {
		list-style: none;
		margin: 0.5em 0;
		padding: 0;
	}
	.linklist li {
		padding: 2px 0;
	}
	.sidebar {
		float: left;
		width: 320px;
	}
	.bar-wrapper {
		max-width: 1100px;
		margin: 0 auto;
	}
	.bar-wrapper.has-sidebar {
		max-width: 1430px;
	}
	.mainbar {
		margin: 0;
		padding-right: 1px;
	}
	.mainbar.has-sidebar {
		margin-left: 330px;
	}
	@media (min-width: 1511px) {
		.sidebar {
			width: 400px;
		}
		.bar-wrapper.has-sidebar {
			max-width: 1510px;
		}
		.mainbar.has-sidebar {
			margin-left: 410px;
		}
	}
	.section.first-section {
		margin-top: 9px;
	}
	.blocklink small {
		white-space: normal;
	}
	.button {
		vertical-align: middle;
	}
	.replay-controls {
		padding-top: 10px;
	}
	.replay-controls h1 {
		font-size: 16pt;
		font-weight: normal;
		color: #CCC;
	}
	.pagelink {
		text-align: center;
	}
	.pagelink a {
		width: 150px;
	}
	.textbox, .button {
		font-size: 11pt;
		vertical-align: middle;
	}
	@media (max-width: 450px) {
		.button {
			font-size: 9pt;
		}
	}
</style>

<div>

	<header>
		<div class="nav-wrapper"><ul class="nav">
			<li><a class="button nav-first" href="//pokemonshowdown.com/"><img src="//pokemonshowdown.com/images/pokemonshowdownbeta.png" srcset="//pokemonshowdown.com/images/pokemonshowdownbeta.png 1x, //pokemonshowdown.com/images/pokemonshowdownbeta@2x.png 2x" alt="Pok&eacute;mon Showdown" width="146" height="44" /> Home</a></li>
			<li><a class="button" href="//pokemonshowdown.com/dex/">Pok&eacute;dex</a></li>
			<li><a class="button cur" href="/">Replays</a></li>
			<li><a class="button" href="//pokemonshowdown.com/ladder/">Ladder</a></li>
			<li><a class="button nav-last" href="//pokemonshowdown.com/forums/">Forum</a></li>
			<li><a class="button greenbutton nav-first nav-last" href="//play.pokemonshowdown.com/">Play</a></li>
		</ul></div>
	</header>

	<div class="main" id="main">

		<noscript><section class="section">You need to enable JavaScript to use this page; sorry!</section></noscript>

	</div>

</div>

<script defer nomodule src="//play.pokemonshowdown.com/js/lib/ps-polyfill.js"></script>
<script defer src="//play.pokemonshowdown.com/js/lib/preact.min.js"></script>

<script defer src="//play.pokemonshowdown.com/config/config.js?6dec07f6"></script>
<script defer src="//play.pokemonshowdown.com/js/lib/jquery-1.11.0.min.js"></script>
<script defer src="//play.pokemonshowdown.com/js/lib/html-sanitizer-minified.js"></script>
<script defer src="//play.pokemonshowdown.com/js/battle-sound.js"></script>
<script defer src="//play.pokemonshowdown.com/js/battledata.js?0.6315294753075389"></script>
<script defer src="//play.pokemonshowdown.com/data/pokedex-mini.js?0.7603743185311358"></script>
<script defer src="//play.pokemonshowdown.com/data/pokedex-mini-bw.js?0.030888842834281283"></script>
<script defer src="//play.pokemonshowdown.com/data/graphics.js?0.05593094747507488"></script>
<script defer src="//play.pokemonshowdown.com/data/pokedex.js?0.47064822249611904"></script>
<script defer src="//play.pokemonshowdown.com/data/moves.js?0.8583693120512459"></script>
<script defer src="//play.pokemonshowdown.com/data/abilities.js?0.16017181182386842"></script>
<script defer src="//play.pokemonshowdown.com/data/items.js?0.4163379185673943"></script>
<script defer src="//play.pokemonshowdown.com/data/teambuilder-tables.js?0.31075597372830477"></script>
<script defer src="//play.pokemonshowdown.com/js/battle-tooltips.js?0.6536193500708172"></script>
<script defer src="//play.pokemonshowdown.com/js/battle.js?0.1916591943277901"></script>

<script defer src="js/utils.js?e31f9a17"></script>
<script defer src="js/replays-battle.js?7008c182"></script>

<!-- don't scrape this data! just add .json or .log after the URL!
Full API docs: https://github.com/smogon/pokemon-showdown-client/blob/master/WEB-API.md -->
<script type="text/plain" class="log" id="replaylog-smogtours-gen3ou-801958">
|inactive|Battle timer is ON: inactive players will automatically lose when time's up.
|t:|1729894759
|gametype|singles
|player|p1|Rebatca|dawn|
|player|p2|prof clue|ruinmaniac-gen3rs|
|teamsize|p1|6
|teamsize|p2|6
|gen|3
|tier|[Gen 3] OU
|rule|Sleep Clause Mod: Limit one foe put to sleep
|rule|Switch Priority Clause Mod: Faster Pokémon switch first
|rule|Species Clause: Limit one of each Pokémon
|rule|OHKO Clause: OHKO moves are banned
|rule|Evasion Items Clause: Evasion items are banned
|rule|Evasion Moves Clause: Evasion moves are banned
|rule|Endless Battle Clause: Forcing endless battles is banned
|rule|HP Percentage Mod: HP is shown in percentages
|rule|One Boost Passer Clause: Limit one Baton Passer that has a way to boost its stats
|rule|Freeze Clause Mod: Limit one foe frozen
|
|t:|1729894759
|start
|switch|p1a: Tyranitar|Tyranitar, F|100/100
|switch|p2a: badbook|Salamence, F|100/100
|-ability|p2a: badbook|Intimidate|boost
|-unboost|p1a: Tyranitar|atk|1
|-weather|Sandstorm|[from] ability: Sand Stream|[of] p1a: Tyranitar
|turn|1
|c|☆Rebatca|and heres the team i made 10 minutes ago lol
|
|t:|1729894783
|switch|p2a: protag|Forretress, F, shiny|100/100
|move|p1a: Tyranitar|Protect||[still]
|-fail|p1a: Tyranitar
|
|-weather|Sandstorm|[upkeep]
|upkeep
|turn|2
|c|☆prof clue|well, here's hoping i don't get wiped too fast
|c|☆prof clue|let's have fun with it!
|c|☆Rebatca|hell yeah
|inactive|prof clue has 270 seconds left.
|
|t:|1729894823
|switch|p1a: Skarmory|Skarmory, M|100/100
|switch|p2a: badbook|Salamence, F|100/100
|-ability|p2a: badbook|Intimidate|boost
|-unboost|p1a: Skarmory|atk|1
|
|-weather|Sandstorm|[upkeep]
|-damage|p2a: badbook|95/100|[from] Sandstorm
|-heal|p2a: badbook|100/100|[from] item: Leftovers
|upkeep
|turn|3
|inactive|prof clue has 270 seconds left.
|inactive|Rebatca has 270 seconds left.
|
|t:|1729894852
|move|p1a: Skarmory|Protect|p1a: Skarmory
|-singleturn|p1a: Skarmory|Protect
|move|p2a: badbook|Fire Blast|p1a: Skarmory
|-activate|p1a: Skarmory|Protect
|
|-weather|Sandstorm|[upkeep]
|-damage|p2a: badbook|95/100|[from] Sandstorm
|-heal|p2a: badbook|100/100|[from] item: Leftovers
|upkeep
|turn|4
|inactive|Rebatca has 270 seconds left.
|inactive|prof clue has 270 seconds left.
|
|t:|1729894871
|switch|p2a: protag|Forretress, F, shiny|100/100
|switch|p1a: Claydol|Claydol|100/100
|
|-weather|Sandstorm|[upkeep]
|upkeep
|turn|5
|inactive|Rebatca has 270 seconds left.
|inactive|prof clue has 270 seconds left.
|
|t:|1729894893
|switch|p2a: ralph|Blissey, F|100/100
|move|p1a: Claydol|Ice Beam|p2a: ralph
|-damage|p2a: ralph|94/100
|
|-weather|Sandstorm|[upkeep]
|-damage|p2a: ralph|88/100|[from] Sandstorm
|-heal|p2a: ralph|94/100|[from] item: Leftovers
|upkeep
|turn|6
|
|t:|1729894911
|switch|p1a: Skarmory|Skarmory, M|100/100
|switch|p2a: badbook|Salamence, F|100/100
|-ability|p2a: badbook|Intimidate|boost
|-unboost|p1a: Skarmory|atk|1
|
|-weather|Sandstorm|[upkeep]
|-damage|p2a: badbook|95/100|[from] Sandstorm
|-heal|p2a: badbook|100/100|[from] item: Leftovers
|upkeep
|turn|7
|
|t:|1729894927
|move|p1a: Skarmory|Protect|p1a: Skarmory
|-singleturn|p1a: Skarmory|Protect
|move|p2a: badbook|Dragon Claw|p1a: Skarmory
|-activate|p1a: Skarmory|Protect
|
|-weather|Sandstorm|[upkeep]
|-damage|p2a: badbook|95/100|[from] Sandstorm
|-heal|p2a: badbook|100/100|[from] item: Leftovers
|upkeep
|turn|8
|inactive|Rebatca has 240 seconds left.
|
|t:|1729894956
|switch|p2a: Bluebellied|Tyranitar, F|100/100
|switch|p1a: Dusclops|Dusclops, F|100/100
|
|-weather|Sandstorm|[upkeep]
|-damage|p1a: Dusclops|95/100|[from] Sandstorm
|-heal|p1a: Dusclops|100/100|[from] item: Leftovers
|upkeep
|turn|9
|
|t:|1729894974
|move|p2a: Bluebellied|Crunch|p1a: Dusclops
|-supereffective|p1a: Dusclops
|-damage|p1a: Dusclops|50/100
|move|p1a: Dusclops|Toxic|p2a: Bluebellied
|-status|p2a: Bluebellied|tox
|
|-weather|Sandstorm|[upkeep]
|-damage|p1a: Dusclops|44/100|[from] Sandstorm
|-damage|p2a: Bluebellied|94/100 tox|[from] psn
|-heal|p1a: Dusclops|50/100|[from] item: Leftovers
|upkeep
|turn|10
|
|t:|1729894984
|move|p1a: Dusclops|Protect|p1a: Dusclops
|-singleturn|p1a: Dusclops|Protect
|move|p2a: Bluebellied|Pursuit|p1a: Dusclops
|-activate|p1a: Dusclops|Protect
|
|-weather|Sandstorm|[upkeep]
|-damage|p1a: Dusclops|44/100|[from] Sandstorm
|-heal|p2a: Bluebellied|100/100 tox|[from] item: Leftovers
|-damage|p2a: Bluebellied|88/100 tox|[from] psn
|-heal|p1a: Dusclops|50/100|[from] item: Leftovers
|upkeep
|turn|11
|inactive|prof clue has 270 seconds left.
|inactive|Rebatca has 210 seconds left.
|
|t:|1729895022
|-activate|p1a: Dusclops|move: Pursuit
|move|p2a: Bluebellied|Pursuit|p1a: Dusclops|[from]Pursuit
|-supereffective|p1a: Dusclops
|-damage|p1a: Dusclops|0 fnt
|faint|p1a: Dusclops
|-hint|Previously chosen switches continue in Gen 2-4 after a Pursuit target faints.
|switch|p1a: Skarmory|Skarmory, M|100/100
|
|-weather|Sandstorm|[upkeep]
|-heal|p2a: Bluebellied|94/100 tox|[from] item: Leftovers
|-damage|p2a: Bluebellied|76/100 tox|[from] psn
|upkeep
|turn|12
|inactive|prof clue has 270 seconds left.
|
|t:|1729895035
|switch|p2a: badbook|Salamence, F|100/100
|-ability|p2a: badbook|Intimidate|boost
|-unboost|p1a: Skarmory|atk|1
|move|p1a: Skarmory|Spikes|p2a: badbook
|-sidestart|p2: prof clue|Spikes
|
|-weather|Sandstorm|[upkeep]
|-damage|p2a: badbook|95/100|[from] Sandstorm
|-heal|p2a: badbook|100/100|[from] item: Leftovers
|upkeep
|turn|13
|inactive|prof clue has 270 seconds left.
|
|t:|1729895058
|switch|p2a: protag|Forretress, F, shiny|100/100
|-damage|p2a: protag|88/100|[from] Spikes
|switch|p1a: Claydol|Claydol|100/100
|
|-weather|Sandstorm|[upkeep]
|-heal|p2a: protag|94/100|[from] item: Leftovers
|upkeep
|turn|14
|
|t:|1729895067
|move|p1a: Claydol|Ice Beam|p2a: protag
|-resisted|p2a: protag
|-damage|p2a: protag|86/100
|move|p2a: protag|Rapid Spin|p1a: Claydol
|-damage|p1a: Claydol|97/100
|-sideend|p2: prof clue|Spikes|[from] move: Rapid Spin|[of] p2a: protag
|
|-weather|Sandstorm|[upkeep]
|-heal|p1a: Claydol|100/100|[from] item: Leftovers
|-heal|p2a: protag|92/100|[from] item: Leftovers
|upkeep
|turn|15
|
|t:|1729895083
|switch|p2a: ralph|Blissey, F|94/100
|move|p1a: Claydol|Ice Beam|p2a: ralph
|-damage|p2a: ralph|88/100
|
|-weather|Sandstorm|[upkeep]
|-damage|p2a: ralph|82/100|[from] Sandstorm
|-heal|p2a: ralph|88/100|[from] item: Leftovers
|upkeep
|turn|16
|inactive|prof clue has 270 seconds left.
|
|t:|1729895103
|switch|p2a: Bluebellied|Tyranitar, F|76/100 tox
|move|p1a: Claydol|Earthquake|p2a: Bluebellied
|-supereffective|p2a: Bluebellied
|-damage|p2a: Bluebellied|39/100 tox
|
|-weather|Sandstorm|[upkeep]
|-heal|p2a: Bluebellied|45/100 tox|[from] item: Leftovers
|-damage|p2a: Bluebellied|39/100 tox|[from] psn
|upkeep
|turn|17
|inactive|Rebatca has 180 seconds left.
|
|t:|1729895119
|move|p1a: Claydol|Ice Beam|p2a: Bluebellied
|-damage|p2a: Bluebellied|26/100 tox
|move|p2a: Bluebellied|Fire Blast|p1a: Claydol
|-damage|p1a: Claydol|70/100
|
|-weather|Sandstorm|[upkeep]
|-heal|p1a: Claydol|76/100|[from] item: Leftovers
|-heal|p2a: Bluebellied|32/100 tox|[from] item: Leftovers
|-damage|p2a: Bluebellied|20/100 tox|[from] psn
|upkeep
|turn|18
|inactive|Rebatca has 180 seconds left.
|
|t:|1729895133
|switch|p2a: ralph|Blissey, F|88/100
|move|p1a: Claydol|Ice Beam|p2a: ralph
|-damage|p2a: ralph|83/100
|
|-weather|Sandstorm|[upkeep]
|-damage|p2a: ralph|77/100|[from] Sandstorm
|-heal|p1a: Claydol|83/100|[from] item: Leftovers
|-heal|p2a: ralph|83/100|[from] item: Leftovers
|upkeep
|turn|19
|inactive|Rebatca has 180 seconds left.
|
|t:|1729895152
|switch|p1a: Skarmory|Skarmory, M|100/100
|move|p2a: ralph|Toxic|p1a: Skarmory|[miss]
|-miss|p2a: ralph|p1a: Skarmory
|
|-weather|Sandstorm|[upkeep]
|-damage|p2a: ralph|77/100|[from] Sandstorm
|-heal|p2a: ralph|83/100|[from] item: Leftovers
|upkeep
|turn|20
|inactive|Rebatca has 180 seconds left.
|
|t:|1729895161
|switch|p2a: protag|Forretress, F, shiny|92/100
|move|p1a: Skarmory|Spikes|p2a: protag
|-sidestart|p2: prof clue|Spikes
|
|-weather|Sandstorm|[upkeep]
|-heal|p2a: protag|99/100|[from] item: Leftovers
|upkeep
|turn|21
|inactive|Rebatca has 180 seconds left.
|
|t:|1729895191
|move|p2a: protag|Rapid Spin|p1a: Skarmory
|-resisted|p1a: Skarmory
|-damage|p1a: Skarmory|99/100
|-sideend|p2: prof clue|Spikes|[from] move: Rapid Spin|[of] p2a: protag
|move|p1a: Skarmory|Roar|p2a: protag
|drag|p2a: badbook|Salamence, F|100/100
|-ability|p2a: badbook|Intimidate|boost
|-unboost|p1a: Skarmory|atk|1
|
|-weather|Sandstorm|[upkeep]
|-damage|p2a: badbook|95/100|[from] Sandstorm
|-heal|p2a: badbook|100/100|[from] item: Leftovers
|-heal|p1a: Skarmory|100/100|[from] item: Leftovers
|upkeep
|turn|22
|
|t:|1729895211
|switch|p1a: Claydol|Claydol|83/100
|move|p2a: badbook|Fire Blast|p1a: Claydol
|-damage|p1a: Claydol|49/100
|
|-weather|Sandstorm|[upkeep]
|-damage|p2a: badbook|95/100|[from] Sandstorm
|-heal|p2a: badbook|100/100|[from] item: Leftovers
|-heal|p1a: Claydol|55/100|[from] item: Leftovers
|upkeep
|turn|23
|
|t:|1729895227
|switch|p2a: ralph|Blissey, F|83/100
|switch|p1a: Jirachi|Jirachi|100/100
|
|-weather|Sandstorm|[upkeep]
|-damage|p2a: ralph|77/100|[from] Sandstorm
|-heal|p2a: ralph|83/100|[from] item: Leftovers
|upkeep
|turn|24
|
|t:|1729895242
|switch|p2a: Bwm|Jirachi|100/100
|move|p1a: Jirachi|Body Slam|p2a: Bwm
|-resisted|p2a: Bwm
|-damage|p2a: Bwm|95/100
|
|-weather|Sandstorm|[upkeep]
|-heal|p2a: Bwm|100/100|[from] item: Leftovers
|upkeep
|turn|25
|
|t:|1729895256
|move|p2a: Bwm|Wish|p2a: Bwm
|move|p1a: Jirachi|Body Slam|p2a: Bwm
|-resisted|p2a: Bwm
|-damage|p2a: Bwm|95/100
|
|-weather|Sandstorm|[upkeep]
|-heal|p2a: Bwm|100/100|[from] item: Leftovers
|upkeep
|turn|26
|inactive|Rebatca has 150 seconds left.
|
|t:|1729895292
|switch|p2a: Bluebellied|Tyranitar, F|20/100 tox
|move|p1a: Jirachi|Wish|p1a: Jirachi
|
|-heal|p2a: Bluebellied|69/100 tox|[from] move: Wish|[wisher] Bwm
|-weather|Sandstorm|[upkeep]
|-heal|p2a: Bluebellied|75/100 tox|[from] item: Leftovers
|-damage|p2a: Bluebellied|69/100 tox|[from] psn
|upkeep
|turn|27
|inactive|Rebatca has 120 seconds left.
|
|t:|1729895319
|-activate|p1a: Jirachi|move: Pursuit
|move|p2a: Bluebellied|Pursuit|p1a: Jirachi|[from]Pursuit
|-damage|p1a: Jirachi|72/100
|switch|p1a: Tyranitar|Tyranitar, F|100/100
|
|-weather|Sandstorm|[upkeep]
|-heal|p2a: Bluebellied|75/100 tox|[from] item: Leftovers
|-damage|p2a: Bluebellied|63/100 tox|[from] psn
|upkeep
|turn|28
|inactive|Rebatca has 120 seconds left.
|
|t:|1729895333
|switch|p2a: badbook|Salamence, F|100/100
|-ability|p2a: badbook|Intimidate|boost
|-unboost|p1a: Tyranitar|atk|1
|move|p1a: Tyranitar|Hidden Power|p2a: badbook
|-supereffective|p2a: badbook
|-damage|p2a: badbook|56/100
|
|-weather|Sandstorm|[upkeep]
|-damage|p2a: badbook|50/100|[from] Sandstorm
|-heal|p2a: badbook|56/100|[from] item: Leftovers
|upkeep
|turn|29
|inactive|Rebatca has 120 seconds left.
|
|t:|1729895349
|move|p2a: badbook|Brick Break|p1a: Tyranitar
|-supereffective|p1a: Tyranitar
|-damage|p1a: Tyranitar|47/100
|move|p1a: Tyranitar|Hidden Power|p2a: badbook
|-supereffective|p2a: badbook
|-crit|p2a: badbook
|-damage|p2a: badbook|0 fnt
|faint|p2a: badbook
|
|t:|1729895364
|switch|p2a: house plant|Aerodactyl, F|100/100
|
|-weather|Sandstorm|[upkeep]
|-heal|p1a: Tyranitar|53/100|[from] item: Leftovers
|upkeep
|turn|30
|inactive|Rebatca has 120 seconds left.
|
|t:|1729895380
|move|p1a: Tyranitar|Protect|p1a: Tyranitar
|-singleturn|p1a: Tyranitar|Protect
|move|p2a: house plant|Rock Slide|p1a: Tyranitar
|-activate|p1a: Tyranitar|Protect
|
|-weather|Sandstorm|[upkeep]
|-heal|p1a: Tyranitar|59/100|[from] item: Leftovers
|upkeep
|turn|31
|inactive|Rebatca has 120 seconds left.
|inactive|Rebatca has 90 seconds left.
|
|t:|1729895421
|switch|p2a: Bluebellied|Tyranitar, F|63/100 tox
|switch|p1a: Jirachi|Jirachi|72/100
|
|-weather|Sandstorm|[upkeep]
|-heal|p1a: Jirachi|78/100|[from] item: Leftovers
|-heal|p2a: Bluebellied|69/100 tox|[from] item: Leftovers
|-damage|p2a: Bluebellied|63/100 tox|[from] psn
|upkeep
|turn|32
|inactive|Rebatca has 90 seconds left.
|
|t:|1729895430
|move|p1a: Jirachi|Protect|p1a: Jirachi
|-singleturn|p1a: Jirachi|Protect
|move|p2a: Bluebellied|Fire Blast|p1a: Jirachi|[miss]
|-miss|p2a: Bluebellied|p1a: Jirachi
|
|-weather|Sandstorm|[upkeep]
|-heal|p1a: Jirachi|84/100|[from] item: Leftovers
|-heal|p2a: Bluebellied|69/100 tox|[from] item: Leftovers
|-damage|p2a: Bluebellied|57/100 tox|[from] psn
|upkeep
|turn|33
|inactive|Rebatca has 90 seconds left.
|
|t:|1729895468
|move|p1a: Jirachi|Wish|p1a: Jirachi
|move|p2a: Bluebellied|Fire Blast|p1a: Jirachi
|-supereffective|p1a: Jirachi
|-damage|p1a: Jirachi|24/100
|-status|p1a: Jirachi|brn
|
|-weather|Sandstorm|[upkeep]
|-heal|p1a: Jirachi|30/100 brn|[from] item: Leftovers
|-damage|p1a: Jirachi|18/100 brn|[from] brn
|-heal|p2a: Bluebellied|63/100 tox|[from] item: Leftovers
|-damage|p2a: Bluebellied|45/100 tox|[from] psn
|upkeep
|turn|34
|inactive|Rebatca has 60 seconds left.
|
|t:|1729895487
|switch|p2a: ralph|Blissey, F|83/100
|move|p1a: Jirachi|Ice Punch|p2a: ralph
|-damage|p2a: ralph|77/100
|
|-heal|p1a: Jirachi|68/100 brn|[from] move: Wish|[wisher] Jirachi
|-weather|Sandstorm|[upkeep]
|-damage|p2a: ralph|71/100|[from] Sandstorm
|-heal|p1a: Jirachi|74/100 brn|[from] item: Leftovers
|-damage|p1a: Jirachi|62/100 brn|[from] brn
|-heal|p2a: ralph|77/100|[from] item: Leftovers
|upkeep
|turn|35
|c|☆prof clue|i wish they'd just patch those out
|inactive|Rebatca has 60 seconds left.
|c|☆prof clue|man i hate unearned status
|inactive|prof clue has 270 seconds left.
|
|t:|1729895510
|move|p1a: Jirachi|Wish|p1a: Jirachi
|move|p2a: ralph|Seismic Toss|p1a: Jirachi
|-damage|p1a: Jirachi|37/100 brn
|
|-weather|Sandstorm|[upkeep]
|-damage|p2a: ralph|71/100|[from] Sandstorm
|-heal|p1a: Jirachi|43/100 brn|[from] item: Leftovers
|-damage|p1a: Jirachi|31/100 brn|[from] brn
|-heal|p2a: ralph|77/100|[from] item: Leftovers
|upkeep
|turn|36
|c|☆Rebatca|ah its whatever
|inactive|Rebatca has 60 seconds left.
|inactive|prof clue has 270 seconds left.
|
|t:|1729895545
|switch|p2a: house plant|Aerodactyl, F|100/100
|move|p1a: Jirachi|Protect||[still]
|-fail|p1a: Jirachi
|
|-heal|p1a: Jirachi|81/100 brn|[from] move: Wish|[wisher] Jirachi
|-weather|Sandstorm|[upkeep]
|-heal|p1a: Jirachi|87/100 brn|[from] item: Leftovers
|-damage|p1a: Jirachi|75/100 brn|[from] brn
|upkeep
|turn|37
|
|t:|1729895557
|move|p1a: Jirachi|Protect|p1a: Jirachi
|-singleturn|p1a: Jirachi|Protect
|move|p2a: house plant|Double-Edge|p1a: Jirachi
|-activate|p1a: Jirachi|Protect
|
|-weather|Sandstorm|[upkeep]
|-heal|p1a: Jirachi|81/100 brn|[from] item: Leftovers
|-damage|p1a: Jirachi|68/100 brn|[from] brn
|upkeep
|turn|38
|
|t:|1729895566
|switch|p2a: ralph|Blissey, F|77/100
|move|p1a: Jirachi|Wish|p1a: Jirachi
|
|-weather|Sandstorm|[upkeep]
|-damage|p2a: ralph|71/100|[from] Sandstorm
|-heal|p1a: Jirachi|75/100 brn|[from] item: Leftovers
|-damage|p1a: Jirachi|62/100 brn|[from] brn
|-heal|p2a: ralph|77/100|[from] item: Leftovers
|upkeep
|turn|39
|inactive|prof clue has 270 seconds left.
|
|t:|1729895585
|move|p1a: Jirachi|Body Slam|p2a: ralph
|-damage|p2a: ralph|68/100
|-status|p2a: ralph|par
|move|p2a: ralph|Seismic Toss|p1a: Jirachi
|-damage|p1a: Jirachi|37/100 brn
|
|-heal|p1a: Jirachi|87/100 brn|[from] move: Wish|[wisher] Jirachi
|-weather|Sandstorm|[upkeep]
|-damage|p2a: ralph|62/100 par|[from] Sandstorm
|-heal|p1a: Jirachi|94/100 brn|[from] item: Leftovers
|-damage|p1a: Jirachi|81/100 brn|[from] brn
|-heal|p2a: ralph|68/100 par|[from] item: Leftovers
|upkeep
|turn|40
|inactive|prof clue has 270 seconds left.
|inactive|Rebatca has 30 seconds left.
|
|t:|1729895614
|move|p1a: Jirachi|Body Slam|p2a: ralph
|-damage|p2a: ralph|60/100 par
|move|p2a: ralph|Seismic Toss|p1a: Jirachi
|-damage|p1a: Jirachi|56/100 brn
|
|-weather|Sandstorm|[upkeep]
|-damage|p2a: ralph|54/100 par|[from] Sandstorm
|-heal|p1a: Jirachi|63/100 brn|[from] item: Leftovers
|-damage|p1a: Jirachi|50/100 brn|[from] brn
|-heal|p2a: ralph|60/100 par|[from] item: Leftovers
|upkeep
|turn|41
|
|t:|1729895625
|move|p1a: Jirachi|Wish|p1a: Jirachi
|move|p2a: ralph|Soft-Boiled|p2a: ralph
|-heal|p2a: ralph|100/100 par
|
|-weather|Sandstorm|[upkeep]
|-damage|p2a: ralph|94/100 par|[from] Sandstorm
|-heal|p1a: Jirachi|56/100 brn|[from] item: Leftovers
|-damage|p1a: Jirachi|44/100 brn|[from] brn
|-heal|p2a: ralph|100/100 par|[from] item: Leftovers
|upkeep
|turn|42
|
|t:|1729895639
|move|p1a: Jirachi|Body Slam|p2a: ralph
|-damage|p2a: ralph|93/100 par
|move|p2a: ralph|Seismic Toss|p1a: Jirachi
|-damage|p1a: Jirachi|19/100 brn
|
|-heal|p1a: Jirachi|69/100 brn|[from] move: Wish|[wisher] Jirachi
|-weather|Sandstorm|[upkeep]
|-damage|p2a: ralph|86/100 par|[from] Sandstorm
|-heal|p1a: Jirachi|75/100 brn|[from] item: Leftovers
|-damage|p1a: Jirachi|63/100 brn|[from] brn
|-heal|p2a: ralph|93/100 par|[from] item: Leftovers
|upkeep
|turn|43
|
|t:|1729895655
|move|p1a: Jirachi|Wish|p1a: Jirachi
|move|p2a: ralph|Seismic Toss|p1a: Jirachi
|-damage|p1a: Jirachi|38/100 brn
|
|-weather|Sandstorm|[upkeep]
|-damage|p2a: ralph|86/100 par|[from] Sandstorm
|-heal|p1a: Jirachi|45/100 brn|[from] item: Leftovers
|-damage|p1a: Jirachi|32/100 brn|[from] brn
|-heal|p2a: ralph|93/100 par|[from] item: Leftovers
|upkeep
|turn|44
|
|t:|1729895664
|move|p1a: Jirachi|Protect|p1a: Jirachi
|-singleturn|p1a: Jirachi|Protect
|cant|p2a: ralph|par
|
|-heal|p1a: Jirachi|82/100 brn|[from] move: Wish|[wisher] Jirachi
|-weather|Sandstorm|[upkeep]
|-damage|p2a: ralph|86/100 par|[from] Sandstorm
|-heal|p1a: Jirachi|88/100 brn|[from] item: Leftovers
|-damage|p1a: Jirachi|76/100 brn|[from] brn
|-heal|p2a: ralph|93/100 par|[from] item: Leftovers
|upkeep
|turn|45
|
|t:|1729895680
|switch|p1a: Skarmory|Skarmory, M|100/100
|move|p2a: ralph|Seismic Toss|p1a: Skarmory
|-damage|p1a: Skarmory|71/100
|
|-weather|Sandstorm|[upkeep]
|-damage|p2a: ralph|86/100 par|[from] Sandstorm
|-heal|p1a: Skarmory|77/100|[from] item: Leftovers
|-heal|p2a: ralph|93/100 par|[from] item: Leftovers
|upkeep
|turn|46
|
|t:|1729895691
|-curestatus|p2a: ralph|par|[from] ability: Natural Cure
|switch|p2a: protag|Forretress, F, shiny|99/100
|move|p1a: Skarmory|Spikes|p2a: protag
|-sidestart|p2: prof clue|Spikes
|
|-weather|Sandstorm|[upkeep]
|-heal|p1a: Skarmory|83/100|[from] item: Leftovers
|-heal|p2a: protag|100/100|[from] item: Leftovers
|upkeep
|turn|47
|inactive|Rebatca has 60 seconds left.
|
|t:|1729895714
|move|p2a: protag|Rapid Spin|p1a: Skarmory
|-resisted|p1a: Skarmory
|-damage|p1a: Skarmory|81/100
|-sideend|p2: prof clue|Spikes|[from] move: Rapid Spin|[of] p2a: protag
|move|p1a: Skarmory|Roar|p2a: protag
|drag|p2a: Bwm|Jirachi|100/100
|
|-weather|Sandstorm|[upkeep]
|-heal|p1a: Skarmory|87/100|[from] item: Leftovers
|upkeep
|turn|48
|inactive|Rebatca has 30 seconds left.
|
|t:|1729895748
|switch|p1a: Claydol|Claydol|55/100
|move|p2a: Bwm|Wish|p2a: Bwm
|
|-weather|Sandstorm|[upkeep]
|-heal|p1a: Claydol|61/100|[from] item: Leftovers
|upkeep
|turn|49
|inactive|Rebatca has 30 seconds left.
|inactive|prof clue has 270 seconds left.
|
|t:|1729895757
|switch|p2a: Bluebellied|Tyranitar, F|45/100 tox
|move|p1a: Claydol|Earthquake|p2a: Bluebellied
|-supereffective|p2a: Bluebellied
|-damage|p2a: Bluebellied|6/100 tox
|
|-heal|p2a: Bluebellied|56/100 tox|[from] move: Wish|[wisher] Bwm
|-weather|Sandstorm|[upkeep]
|-heal|p1a: Claydol|67/100|[from] item: Leftovers
|-heal|p2a: Bluebellied|62/100 tox|[from] item: Leftovers
|-damage|p2a: Bluebellied|56/100 tox|[from] psn
|upkeep
|turn|50
|inactive|prof clue has 270 seconds left.
|
|t:|1729895768
|move|p1a: Claydol|Earthquake|p2a: Bluebellied
|-supereffective|p2a: Bluebellied
|-crit|p2a: Bluebellied
|-damage|p2a: Bluebellied|0 fnt
|faint|p2a: Bluebellied
|inactive|prof clue has 270 seconds left.
|
|t:|1729895790
|switch|p2a: Bwm|Jirachi|100/100
|
|-weather|Sandstorm|[upkeep]
|-heal|p1a: Claydol|73/100|[from] item: Leftovers
|upkeep
|turn|51
|inactive|Rebatca has 30 seconds left.
|
|t:|1729895813
|move|p2a: Bwm|Fire Punch|p1a: Claydol
|-damage|p1a: Claydol|56/100
|-status|p1a: Claydol|brn
|move|p1a: Claydol|Earthquake|p2a: Bwm
|-supereffective|p2a: Bwm
|-damage|p2a: Bwm|85/100
|
|-weather|Sandstorm|[upkeep]
|-heal|p2a: Bwm|91/100|[from] item: Leftovers
|-heal|p1a: Claydol|63/100 brn|[from] item: Leftovers
|-damage|p1a: Claydol|50/100 brn|[from] brn
|upkeep
|turn|52
|inactive|prof clue has 270 seconds left.
|c|☆prof clue|careful with that timer
|c|☆Rebatca|yeah yeah i got it. just had to calc somethin
|
|t:|1729895841
|switch|p2a: protag|Forretress, F, shiny|100/100
|move|p1a: Claydol|Rest|p1a: Claydol
|-status|p1a: Claydol|slp|[from] move: Rest
|-heal|p1a: Claydol|100/100 slp|[silent]
|
|-weather|Sandstorm|[upkeep]
|upkeep
|turn|53
|
|t:|1729895850
|cant|p1a: Claydol|slp
|move|p2a: protag|Spikes|p1a: Claydol
|-sidestart|p1: Rebatca|Spikes
|
|-weather|Sandstorm|[upkeep]
|upkeep
|turn|54
|
|t:|1729895858
|cant|p1a: Claydol|slp
|move|p2a: protag|Explosion|p1a: Claydol
|-damage|p1a: Claydol|18/100 slp
|faint|p2a: protag
|
|t:|1729895866
|switch|p2a: house plant|Aerodactyl, F|100/100
|
|-weather|Sandstorm|[upkeep]
|-heal|p1a: Claydol|24/100 slp|[from] item: Leftovers
|upkeep
|turn|55
|inactive|Rebatca has 60 seconds left.
|c|☆prof clue|i probably shoulda calced that lol
|
|t:|1729895887
|switch|p1a: Tyranitar|Tyranitar, F|59/100
|-damage|p1a: Tyranitar|47/100|[from] Spikes
|move|p2a: house plant|Rock Slide|p1a: Tyranitar
|-crit|p1a: Tyranitar
|-damage|p1a: Tyranitar|0 fnt
|faint|p1a: Tyranitar
|
|t:|1729895899
|switch|p1a: Claydol|Claydol|24/100 slp
|
|-weather|Sandstorm|[upkeep]
|-heal|p1a: Claydol|30/100 slp|[from] item: Leftovers
|upkeep
|turn|56
|
|t:|1729895911
|move|p2a: house plant|Rock Slide|p1a: Claydol
|-resisted|p1a: Claydol
|-damage|p1a: Claydol|11/100 slp
|-curestatus|p1a: Claydol|slp|[msg]
|move|p1a: Claydol|Rapid Spin|p2a: house plant
|-resisted|p2a: house plant
|-damage|p2a: house plant|98/100
|-sideend|p1: Rebatca|Spikes|[from] move: Rapid Spin|[of] p1a: Claydol
|
|-weather|Sandstorm|[upkeep]
|-heal|p1a: Claydol|17/100|[from] item: Leftovers
|upkeep
|turn|57
|
|t:|1729895928
|switch|p2a: Bwm|Jirachi|91/100
|switch|p1a: Jirachi|Jirachi|76/100 brn
|
|-weather|Sandstorm|[upkeep]
|-heal|p2a: Bwm|97/100|[from] item: Leftovers
|-heal|p1a: Jirachi|82/100 brn|[from] item: Leftovers
|-damage|p1a: Jirachi|70/100 brn|[from] brn
|upkeep
|turn|58
|inactive|prof clue has 270 seconds left.
|inactive|Rebatca has 30 seconds left.
|
|t:|1729895952
|switch|p2a: ralph|Blissey, F|93/100
|move|p1a: Jirachi|Wish|p1a: Jirachi
|
|-weather|Sandstorm|[upkeep]
|-damage|p2a: ralph|86/100|[from] Sandstorm
|-heal|p1a: Jirachi|76/100 brn|[from] item: Leftovers
|-damage|p1a: Jirachi|64/100 brn|[from] brn
|-heal|p2a: ralph|93/100|[from] item: Leftovers
|upkeep
|turn|59
|inactive|prof clue has 270 seconds left.
|
|t:|1729895959
|move|p1a: Jirachi|Body Slam|p2a: ralph
|-damage|p2a: ralph|84/100
|-status|p2a: ralph|par
|move|p2a: ralph|Seismic Toss|p1a: Jirachi
|-damage|p1a: Jirachi|39/100 brn
|
|-heal|p1a: Jirachi|89/100 brn|[from] move: Wish|[wisher] Jirachi
|-weather|Sandstorm|[upkeep]
|-damage|p2a: ralph|78/100 par|[from] Sandstorm
|-heal|p1a: Jirachi|95/100 brn|[from] item: Leftovers
|-damage|p1a: Jirachi|83/100 brn|[from] brn
|-heal|p2a: ralph|84/100 par|[from] item: Leftovers
|upkeep
|turn|60
|
|t:|1729895966
|move|p1a: Jirachi|Body Slam|p2a: ralph
|-damage|p2a: ralph|76/100 par
|move|p2a: ralph|Seismic Toss|p1a: Jirachi
|-damage|p1a: Jirachi|58/100 brn
|
|-weather|Sandstorm|[upkeep]
|-damage|p2a: ralph|70/100 par|[from] Sandstorm
|-heal|p1a: Jirachi|64/100 brn|[from] item: Leftovers
|-damage|p1a: Jirachi|52/100 brn|[from] brn
|-heal|p2a: ralph|76/100 par|[from] item: Leftovers
|upkeep
|turn|61
|
|t:|1729895971
|move|p1a: Jirachi|Wish|p1a: Jirachi
|move|p2a: ralph|Seismic Toss|p1a: Jirachi
|-damage|p1a: Jirachi|27/100 brn
|
|-weather|Sandstorm|[upkeep]
|-damage|p2a: ralph|70/100 par|[from] Sandstorm
|-heal|p1a: Jirachi|33/100 brn|[from] item: Leftovers
|-damage|p1a: Jirachi|21/100 brn|[from] brn
|-heal|p2a: ralph|76/100 par|[from] item: Leftovers
|upkeep
|turn|62
|
|t:|1729895976
|move|p1a: Jirachi|Protect|p1a: Jirachi
|-singleturn|p1a: Jirachi|Protect
|cant|p2a: ralph|par
|
|-heal|p1a: Jirachi|71/100 brn|[from] move: Wish|[wisher] Jirachi
|-weather|Sandstorm|[upkeep]
|-damage|p2a: ralph|70/100 par|[from] Sandstorm
|-heal|p1a: Jirachi|77/100 brn|[from] item: Leftovers
|-damage|p1a: Jirachi|65/100 brn|[from] brn
|-heal|p2a: ralph|76/100 par|[from] item: Leftovers
|upkeep
|turn|63
|
|t:|1729895982
|move|p1a: Jirachi|Wish|p1a: Jirachi
|move|p2a: ralph|Seismic Toss|p1a: Jirachi
|-damage|p1a: Jirachi|40/100 brn
|
|-weather|Sandstorm|[upkeep]
|-damage|p2a: ralph|70/100 par|[from] Sandstorm
|-heal|p1a: Jirachi|46/100 brn|[from] item: Leftovers
|-damage|p1a: Jirachi|34/100 brn|[from] brn
|-heal|p2a: ralph|76/100 par|[from] item: Leftovers
|upkeep
|turn|64
|
|t:|1729895993
|move|p1a: Jirachi|Protect|p1a: Jirachi
|-singleturn|p1a: Jirachi|Protect
|move|p2a: ralph|Seismic Toss|p1a: Jirachi
|-activate|p1a: Jirachi|Protect
|
|-heal|p1a: Jirachi|84/100 brn|[from] move: Wish|[wisher] Jirachi
|-weather|Sandstorm|[upkeep]
|-damage|p2a: ralph|70/100 par|[from] Sandstorm
|-heal|p1a: Jirachi|90/100 brn|[from] item: Leftovers
|-damage|p1a: Jirachi|77/100 brn|[from] brn
|-heal|p2a: ralph|76/100 par|[from] item: Leftovers
|upkeep
|turn|65
|
|t:|1729895996
|switch|p1a: Skarmory|Skarmory, M|87/100
|move|p2a: ralph|Seismic Toss|p1a: Skarmory
|-damage|p1a: Skarmory|57/100
|
|-weather|Sandstorm|[upkeep]
|-damage|p2a: ralph|70/100 par|[from] Sandstorm
|-heal|p1a: Skarmory|63/100|[from] item: Leftovers
|-heal|p2a: ralph|76/100 par|[from] item: Leftovers
|upkeep
|turn|66
|
|t:|1729896006
|-curestatus|p2a: ralph|par|[from] ability: Natural Cure
|switch|p2a: Bwm|Jirachi|97/100
|move|p1a: Skarmory|Spikes|p2a: Bwm
|-sidestart|p2: prof clue|Spikes
|
|-weather|Sandstorm|[upkeep]
|-heal|p2a: Bwm|100/100|[from] item: Leftovers
|-heal|p1a: Skarmory|69/100|[from] item: Leftovers
|upkeep
|turn|67
|inactive|Rebatca has 90 seconds left.
|
|t:|1729896017
|move|p2a: Bwm|Fire Punch|p1a: Skarmory
|-supereffective|p1a: Skarmory
|-damage|p1a: Skarmory|38/100
|move|p1a: Skarmory|Roar|p2a: Bwm
|drag|p2a: ralph|Blissey, F|76/100
|-damage|p2a: ralph|63/100|[from] Spikes
|
|-weather|Sandstorm|[upkeep]
|-damage|p2a: ralph|57/100|[from] Sandstorm
|-heal|p1a: Skarmory|44/100|[from] item: Leftovers
|-heal|p2a: ralph|63/100|[from] item: Leftovers
|upkeep
|turn|68
|inactive|Rebatca has 90 seconds left.
|
|t:|1729896028
|move|p1a: Skarmory|Drill Peck|p2a: ralph
|-crit|p2a: ralph
|-damage|p2a: ralph|23/100
|move|p2a: ralph|Seismic Toss|p1a: Skarmory
|-damage|p1a: Skarmory|14/100
|
|-weather|Sandstorm|[upkeep]
|-damage|p2a: ralph|16/100|[from] Sandstorm
|-heal|p1a: Skarmory|20/100|[from] item: Leftovers
|-heal|p2a: ralph|23/100|[from] item: Leftovers
|upkeep
|turn|69
|inactive|Rebatca has 90 seconds left.
|
|t:|1729896038
|move|p1a: Skarmory|Drill Peck|p2a: ralph
|-damage|p2a: ralph|4/100
|move|p2a: ralph|Soft-Boiled|p2a: ralph
|-heal|p2a: ralph|54/100
|
|-weather|Sandstorm|[upkeep]
|-damage|p2a: ralph|48/100|[from] Sandstorm
|-heal|p1a: Skarmory|26/100|[from] item: Leftovers
|-heal|p2a: ralph|54/100|[from] item: Leftovers
|upkeep
|turn|70
|inactive|Rebatca has 90 seconds left.
|
|t:|1729896050
|move|p1a: Skarmory|Spikes|p2a: ralph
|-sidestart|p2: prof clue|Spikes
|move|p2a: ralph|Soft-Boiled|p2a: ralph
|-heal|p2a: ralph|100/100
|
|-weather|Sandstorm|[upkeep]
|-damage|p2a: ralph|94/100|[from] Sandstorm
|-heal|p1a: Skarmory|32/100|[from] item: Leftovers
|-heal|p2a: ralph|100/100|[from] item: Leftovers
|upkeep
|turn|71
|
|t:|1729896058
|move|p1a: Skarmory|Spikes|p2a: ralph
|-sidestart|p2: prof clue|Spikes
|move|p2a: ralph|Seismic Toss|p1a: Skarmory
|-damage|p1a: Skarmory|2/100
|
|-weather|Sandstorm|[upkeep]
|-damage|p2a: ralph|94/100|[from] Sandstorm
|-heal|p1a: Skarmory|8/100|[from] item: Leftovers
|-heal|p2a: ralph|100/100|[from] item: Leftovers
|upkeep
|turn|72
|
|t:|1729896067
|move|p1a: Skarmory|Protect|p1a: Skarmory
|-singleturn|p1a: Skarmory|Protect
|move|p2a: ralph|Seismic Toss|p1a: Skarmory
|-activate|p1a: Skarmory|Protect
|
|-weather|Sandstorm|[upkeep]
|-damage|p2a: ralph|94/100|[from] Sandstorm
|-heal|p1a: Skarmory|14/100|[from] item: Leftovers
|-heal|p2a: ralph|100/100|[from] item: Leftovers
|upkeep
|turn|73
|inactive|Rebatca has 90 seconds left.
|
|t:|1729896088
|switch|p1a: Jirachi|Jirachi|77/100 brn
|move|p2a: ralph|Seismic Toss|p1a: Jirachi
|-damage|p1a: Jirachi|53/100 brn
|
|-weather|Sandstorm|[upkeep]
|-damage|p2a: ralph|94/100|[from] Sandstorm
|-heal|p1a: Jirachi|59/100 brn|[from] item: Leftovers
|-damage|p1a: Jirachi|47/100 brn|[from] brn
|-heal|p2a: ralph|100/100|[from] item: Leftovers
|upkeep
|turn|74
|
|t:|1729896098
|move|p1a: Jirachi|Wish|p1a: Jirachi
|move|p2a: ralph|Seismic Toss|p1a: Jirachi
|-damage|p1a: Jirachi|22/100 brn
|
|-weather|Sandstorm|[upkeep]
|-damage|p2a: ralph|94/100|[from] Sandstorm
|-heal|p1a: Jirachi|28/100 brn|[from] item: Leftovers
|-damage|p1a: Jirachi|16/100 brn|[from] brn
|-heal|p2a: ralph|100/100|[from] item: Leftovers
|upkeep
|turn|75
|
|t:|1729896101
|move|p1a: Jirachi|Protect|p1a: Jirachi
|-singleturn|p1a: Jirachi|Protect
|move|p2a: ralph|Seismic Toss|p1a: Jirachi
|-activate|p1a: Jirachi|Protect
|
|-heal|p1a: Jirachi|66/100 brn|[from] move: Wish|[wisher] Jirachi
|-weather|Sandstorm|[upkeep]
|-damage|p2a: ralph|94/100|[from] Sandstorm
|-heal|p1a: Jirachi|72/100 brn|[from] item: Leftovers
|-damage|p1a: Jirachi|59/100 brn|[from] brn
|-heal|p2a: ralph|100/100|[from] item: Leftovers
|upkeep
|turn|76
|
|t:|1729896109
|move|p1a: Jirachi|Wish|p1a: Jirachi
|move|p2a: ralph|Seismic Toss|p1a: Jirachi
|-damage|p1a: Jirachi|35/100 brn
|
|-weather|Sandstorm|[upkeep]
|-damage|p2a: ralph|94/100|[from] Sandstorm
|-heal|p1a: Jirachi|41/100 brn|[from] item: Leftovers
|-damage|p1a: Jirachi|28/100 brn|[from] brn
|-heal|p2a: ralph|100/100|[from] item: Leftovers
|upkeep
|turn|77
|
|t:|1729896119
|move|p1a: Jirachi|Protect|p1a: Jirachi
|-singleturn|p1a: Jirachi|Protect
|move|p2a: ralph|Toxic|p1a: Jirachi
|-activate|p1a: Jirachi|Protect
|
|-heal|p1a: Jirachi|78/100 brn|[from] move: Wish|[wisher] Jirachi
|-weather|Sandstorm|[upkeep]
|-damage|p2a: ralph|94/100|[from] Sandstorm
|-heal|p1a: Jirachi|85/100 brn|[from] item: Leftovers
|-damage|p1a: Jirachi|72/100 brn|[from] brn
|-heal|p2a: ralph|100/100|[from] item: Leftovers
|upkeep
|turn|78
|inactive|Rebatca has 120 seconds left.
|
|t:|1729896135
|move|p1a: Jirachi|Ice Punch|p2a: ralph
|-damage|p2a: ralph|94/100
|-status|p2a: ralph|frz
|cant|p2a: ralph|frz
|
|-weather|Sandstorm|[upkeep]
|-damage|p2a: ralph|88/100 frz|[from] Sandstorm
|-heal|p1a: Jirachi|78/100 brn|[from] item: Leftovers
|-damage|p1a: Jirachi|66/100 brn|[from] brn
|-heal|p2a: ralph|94/100 frz|[from] item: Leftovers
|upkeep
|turn|79
|inactive|Rebatca has 120 seconds left.
|
|t:|1729896159
|-curestatus|p2a: ralph|frz|[from] ability: Natural Cure
|switch|p2a: house plant|Aerodactyl, F|98/100
|move|p1a: Jirachi|Wish|p1a: Jirachi
|
|-weather|Sandstorm|[upkeep]
|-heal|p1a: Jirachi|72/100 brn|[from] item: Leftovers
|-damage|p1a: Jirachi|60/100 brn|[from] brn
|upkeep
|turn|80
|
|t:|1729896173
|switch|p2a: ralph|Blissey, F|94/100
|-damage|p2a: ralph|69/100|[from] Spikes
|switch|p1a: Claydol|Claydol|17/100
|
|-heal|p1a: Claydol|67/100|[from] move: Wish|[wisher] Jirachi
|-weather|Sandstorm|[upkeep]
|-damage|p2a: ralph|63/100|[from] Sandstorm
|-heal|p1a: Claydol|74/100|[from] item: Leftovers
|-heal|p2a: ralph|69/100|[from] item: Leftovers
|upkeep
|turn|81
|
|t:|1729896190
|move|p1a: Claydol|Earthquake|p2a: ralph
|-damage|p2a: ralph|47/100
|move|p2a: ralph|Counter|p1a: Claydol
|-damage|p1a: Claydol|0 fnt
|faint|p1a: Claydol
|c|☆Rebatca|lol nice
|c|☆prof clue|thanks pretty proud of that :)
|inactive|Rebatca has 90 seconds left.
|
|t:|1729896232
|switch|p1a: Suicune|Suicune|100/100
|
|-weather|Sandstorm|[upkeep]
|-damage|p1a: Suicune|94/100|[from] Sandstorm
|-damage|p2a: ralph|41/100|[from] Sandstorm
|-heal|p1a: Suicune|100/100|[from] item: Leftovers
|-heal|p2a: ralph|47/100|[from] item: Leftovers
|upkeep
|turn|82
|
|t:|1729896240
|move|p1a: Suicune|Calm Mind|p1a: Suicune
|-boost|p1a: Suicune|spa|1
|-boost|p1a: Suicune|spd|1
|move|p2a: ralph|Toxic|p1a: Suicune
|-status|p1a: Suicune|tox
|
|-weather|Sandstorm|[upkeep]
|-damage|p1a: Suicune|94/100 tox|[from] Sandstorm
|-damage|p2a: ralph|41/100|[from] Sandstorm
|-heal|p1a: Suicune|100/100 tox|[from] item: Leftovers
|-damage|p1a: Suicune|94/100 tox|[from] psn
|-heal|p2a: ralph|47/100|[from] item: Leftovers
|upkeep
|turn|83
|
|t:|1729896251
|move|p1a: Suicune|Calm Mind|p1a: Suicune
|-boost|p1a: Suicune|spa|1
|-boost|p1a: Suicune|spd|1
|move|p2a: ralph|Soft-Boiled|p2a: ralph
|-heal|p2a: ralph|97/100
|
|-weather|Sandstorm|[upkeep]
|-damage|p1a: Suicune|88/100 tox|[from] Sandstorm
|-damage|p2a: ralph|91/100|[from] Sandstorm
|-heal|p1a: Suicune|94/100 tox|[from] item: Leftovers
|-damage|p1a: Suicune|82/100 tox|[from] psn
|-heal|p2a: ralph|97/100|[from] item: Leftovers
|upkeep
|turn|84
|
|t:|1729896264
|move|p1a: Suicune|Calm Mind|p1a: Suicune
|-boost|p1a: Suicune|spa|1
|-boost|p1a: Suicune|spd|1
|move|p2a: ralph|Seismic Toss|p1a: Suicune
|-damage|p1a: Suicune|57/100 tox
|
|-weather|Sandstorm|[upkeep]
|-damage|p1a: Suicune|51/100 tox|[from] Sandstorm
|-damage|p2a: ralph|91/100|[from] Sandstorm
|-heal|p1a: Suicune|57/100 tox|[from] item: Leftovers
|-damage|p1a: Suicune|39/100 tox|[from] psn
|-heal|p2a: ralph|97/100|[from] item: Leftovers
|upkeep
|turn|85
|
|t:|1729896277
|switch|p2a: house plant|Aerodactyl, F|98/100
|move|p1a: Suicune|Rest|p1a: Suicune
|-status|p1a: Suicune|slp|[from] move: Rest
|-heal|p1a: Suicune|100/100 slp|[silent]
|
|-weather|Sandstorm|[upkeep]
|-damage|p1a: Suicune|94/100 slp|[from] Sandstorm
|-heal|p1a: Suicune|100/100 slp|[from] item: Leftovers
|upkeep
|turn|86
|
|t:|1729896287
|move|p2a: house plant|Rock Slide|p1a: Suicune
|-damage|p1a: Suicune|75/100 slp
|cant|p1a: Suicune|slp
|cant|p1a: Suicune|flinch
|
|-weather|Sandstorm|[upkeep]
|-damage|p1a: Suicune|69/100 slp|[from] Sandstorm
|-heal|p1a: Suicune|75/100 slp|[from] item: Leftovers
|upkeep
|turn|87
|
|t:|1729896298
|move|p2a: house plant|Rock Slide|p1a: Suicune
|-damage|p1a: Suicune|47/100 slp
|cant|p1a: Suicune|slp
|cant|p1a: Suicune|flinch
|
|-weather|Sandstorm|[upkeep]
|-damage|p1a: Suicune|40/100 slp|[from] Sandstorm
|-heal|p1a: Suicune|47/100 slp|[from] item: Leftovers
|upkeep
|turn|88
|
|t:|1729896317
|move|p2a: house plant|Rock Slide|p1a: Suicune
|-damage|p1a: Suicune|18/100 slp
|-curestatus|p1a: Suicune|slp|[msg]
|cant|p1a: Suicune|flinch
|
|-weather|Sandstorm|[upkeep]
|-damage|p1a: Suicune|12/100|[from] Sandstorm
|-heal|p1a: Suicune|18/100|[from] item: Leftovers
|upkeep
|turn|89
|inactive|Rebatca has 90 seconds left.
|c|☆Rebatca|my lord
|c|☆prof clue|aero is pure evil
|
|t:|1729896361
|move|p2a: house plant|Rock Slide|p1a: Suicune
|-damage|p1a: Suicune|0 fnt
|faint|p1a: Suicune
|inactive|Rebatca has 60 seconds left.
|
|t:|1729896380
|switch|p1a: Jirachi|Jirachi|60/100 brn
|
|-weather|Sandstorm|[upkeep]
|-heal|p1a: Jirachi|66/100 brn|[from] item: Leftovers
|-damage|p1a: Jirachi|54/100 brn|[from] brn
|upkeep
|turn|90
|
|t:|1729896388
|switch|p2a: ralph|Blissey, F|97/100
|-damage|p2a: ralph|72/100|[from] Spikes
|move|p1a: Jirachi|Ice Punch|p2a: ralph
|-damage|p2a: ralph|65/100
|
|-weather|Sandstorm|[upkeep]
|-damage|p2a: ralph|59/100|[from] Sandstorm
|-heal|p1a: Jirachi|60/100 brn|[from] item: Leftovers
|-damage|p1a: Jirachi|48/100 brn|[from] brn
|-heal|p2a: ralph|65/100|[from] item: Leftovers
|upkeep
|turn|91
|
|t:|1729896402
|move|p1a: Jirachi|Wish|p1a: Jirachi
|move|p2a: ralph|Soft-Boiled|p2a: ralph
|-heal|p2a: ralph|100/100
|
|-weather|Sandstorm|[upkeep]
|-damage|p2a: ralph|94/100|[from] Sandstorm
|-heal|p1a: Jirachi|54/100 brn|[from] item: Leftovers
|-damage|p1a: Jirachi|41/100 brn|[from] brn
|-heal|p2a: ralph|100/100|[from] item: Leftovers
|upkeep
|turn|92
|
|t:|1729896409
|move|p1a: Jirachi|Ice Punch|p2a: ralph
|-damage|p2a: ralph|94/100
|move|p2a: ralph|Seismic Toss|p1a: Jirachi
|-damage|p1a: Jirachi|17/100 brn
|
|-heal|p1a: Jirachi|67/100 brn|[from] move: Wish|[wisher] Jirachi
|-weather|Sandstorm|[upkeep]
|-damage|p2a: ralph|88/100|[from] Sandstorm
|-heal|p1a: Jirachi|73/100 brn|[from] item: Leftovers
|-damage|p1a: Jirachi|60/100 brn|[from] brn
|-heal|p2a: ralph|94/100|[from] item: Leftovers
|upkeep
|turn|93
|
|t:|1729896417
|move|p1a: Jirachi|Wish|p1a: Jirachi
|move|p2a: ralph|Seismic Toss|p1a: Jirachi
|-damage|p1a: Jirachi|36/100 brn
|
|-weather|Sandstorm|[upkeep]
|-damage|p2a: ralph|88/100|[from] Sandstorm
|-heal|p1a: Jirachi|42/100 brn|[from] item: Leftovers
|-damage|p1a: Jirachi|29/100 brn|[from] brn
|-heal|p2a: ralph|94/100|[from] item: Leftovers
|upkeep
|turn|94
|
|t:|1729896434
|move|p1a: Jirachi|Wish||[still]
|-fail|p1a: Jirachi
|move|p2a: ralph|Toxic||[still]
|-fail|p2a: ralph
|
|-heal|p1a: Jirachi|79/100 brn|[from] move: Wish|[wisher] Jirachi
|-weather|Sandstorm|[upkeep]
|-damage|p2a: ralph|88/100|[from] Sandstorm
|-heal|p1a: Jirachi|86/100 brn|[from] item: Leftovers
|-damage|p1a: Jirachi|73/100 brn|[from] brn
|-heal|p2a: ralph|94/100|[from] item: Leftovers
|upkeep
|turn|95
|
|t:|1729896457
|move|p1a: Jirachi|Ice Punch|p2a: ralph
|-damage|p2a: ralph|88/100
|-status|p2a: ralph|frz
|cant|p2a: ralph|frz
|
|-weather|Sandstorm|[upkeep]
|-damage|p2a: ralph|81/100 frz|[from] Sandstorm
|-heal|p1a: Jirachi|79/100 brn|[from] item: Leftovers
|-damage|p1a: Jirachi|67/100 brn|[from] brn
|-heal|p2a: ralph|88/100 frz|[from] item: Leftovers
|upkeep
|turn|96
|
|t:|1729896469
|move|p1a: Jirachi|Body Slam|p2a: ralph
|-damage|p2a: ralph|79/100 frz
|-curestatus|p2a: ralph|frz|[msg]
|move|p2a: ralph|Soft-Boiled|p2a: ralph
|-heal|p2a: ralph|100/100
|
|-weather|Sandstorm|[upkeep]
|-damage|p2a: ralph|94/100|[from] Sandstorm
|-heal|p1a: Jirachi|73/100 brn|[from] item: Leftovers
|-damage|p1a: Jirachi|61/100 brn|[from] brn
|-heal|p2a: ralph|100/100|[from] item: Leftovers
|upkeep
|turn|97
|
|t:|1729896486
|move|p1a: Jirachi|Ice Punch|p2a: ralph
|-damage|p2a: ralph|94/100
|move|p2a: ralph|Counter|p1a: Jirachi
|
|-weather|Sandstorm|[upkeep]
|-damage|p2a: ralph|87/100|[from] Sandstorm
|-heal|p1a: Jirachi|67/100 brn|[from] item: Leftovers
|-damage|p1a: Jirachi|55/100 brn|[from] brn
|-heal|p2a: ralph|94/100|[from] item: Leftovers
|upkeep
|turn|98
|
|t:|1729896495
|move|p1a: Jirachi|Ice Punch|p2a: ralph
|-damage|p2a: ralph|88/100
|move|p2a: ralph|Counter|p1a: Jirachi
|
|-weather|Sandstorm|[upkeep]
|-damage|p2a: ralph|81/100|[from] Sandstorm
|-heal|p1a: Jirachi|61/100 brn|[from] item: Leftovers
|-damage|p1a: Jirachi|49/100 brn|[from] brn
|-heal|p2a: ralph|88/100|[from] item: Leftovers
|upkeep
|turn|99
|
|t:|1729896502
|move|p1a: Jirachi|Wish|p1a: Jirachi
|move|p2a: ralph|Seismic Toss|p1a: Jirachi
|-damage|p1a: Jirachi|24/100 brn
|
|-weather|Sandstorm|[upkeep]
|-damage|p2a: ralph|81/100|[from] Sandstorm
|-heal|p1a: Jirachi|30/100 brn|[from] item: Leftovers
|-damage|p1a: Jirachi|18/100 brn|[from] brn
|-heal|p2a: ralph|88/100|[from] item: Leftovers
|upkeep
|turn|100
|
|t:|1729896512
|move|p1a: Jirachi|Protect|p1a: Jirachi
|-singleturn|p1a: Jirachi|Protect
|move|p2a: ralph|Seismic Toss|p1a: Jirachi
|-activate|p1a: Jirachi|Protect
|
|-heal|p1a: Jirachi|68/100 brn|[from] move: Wish|[wisher] Jirachi
|-weather|Sandstorm|[upkeep]
|-damage|p2a: ralph|81/100|[from] Sandstorm
|-heal|p1a: Jirachi|74/100 brn|[from] item: Leftovers
|-damage|p1a: Jirachi|61/100 brn|[from] brn
|-heal|p2a: ralph|88/100|[from] item: Leftovers
|upkeep
|turn|101
|
|t:|1729896523
|move|p1a: Jirachi|Ice Punch|p2a: ralph
|-damage|p2a: ralph|81/100
|move|p2a: ralph|Seismic Toss|p1a: Jirachi
|-damage|p1a: Jirachi|37/100 brn
|
|-weather|Sandstorm|[upkeep]
|-damage|p2a: ralph|75/100|[from] Sandstorm
|-heal|p1a: Jirachi|43/100 brn|[from] item: Leftovers
|-damage|p1a: Jirachi|30/100 brn|[from] brn
|-heal|p2a: ralph|81/100|[from] item: Leftovers
|upkeep
|turn|102
|
|t:|1729896538
|move|p1a: Jirachi|Ice Punch|p2a: ralph
|-damage|p2a: ralph|74/100
|move|p2a: ralph|Counter|p1a: Jirachi
|
|-weather|Sandstorm|[upkeep]
|-damage|p2a: ralph|68/100|[from] Sandstorm
|-heal|p1a: Jirachi|37/100 brn|[from] item: Leftovers
|-damage|p1a: Jirachi|24/100 brn|[from] brn
|-heal|p2a: ralph|74/100|[from] item: Leftovers
|upkeep
|turn|103
|inactive|Rebatca has 150 seconds left.
|
|t:|1729896563
|move|p1a: Jirachi|Ice Punch|p2a: ralph
|-damage|p2a: ralph|67/100
|move|p2a: ralph|Counter|p1a: Jirachi
|
|-weather|Sandstorm|[upkeep]
|-damage|p2a: ralph|61/100|[from] Sandstorm
|-heal|p1a: Jirachi|30/100 brn|[from] item: Leftovers
|-damage|p1a: Jirachi|18/100 brn|[from] brn
|-heal|p2a: ralph|67/100|[from] item: Leftovers
|upkeep
|turn|104
|
|t:|1729896573
|move|p1a: Jirachi|Ice Punch|p2a: ralph
|-damage|p2a: ralph|61/100
|-status|p2a: ralph|frz
|cant|p2a: ralph|frz
|
|-weather|Sandstorm|[upkeep]
|-damage|p2a: ralph|55/100 frz|[from] Sandstorm
|-heal|p1a: Jirachi|24/100 brn|[from] item: Leftovers
|-damage|p1a: Jirachi|12/100 brn|[from] brn
|-heal|p2a: ralph|61/100 frz|[from] item: Leftovers
|upkeep
|turn|105
|inactive|Rebatca has 150 seconds left.
|
|t:|1729896583
|move|p1a: Jirachi|Body Slam|p2a: ralph
|-damage|p2a: ralph|53/100 frz
|-curestatus|p2a: ralph|frz|[msg]
|move|p2a: ralph|Soft-Boiled|p2a: ralph
|-heal|p2a: ralph|100/100
|
|-weather|Sandstorm|[upkeep]
|-damage|p2a: ralph|94/100|[from] Sandstorm
|-heal|p1a: Jirachi|18/100 brn|[from] item: Leftovers
|-damage|p1a: Jirachi|6/100 brn|[from] brn
|-heal|p2a: ralph|100/100|[from] item: Leftovers
|upkeep
|turn|106
|
|t:|1729896598
|move|p1a: Jirachi|Ice Punch|p2a: ralph
|-damage|p2a: ralph|94/100
|move|p2a: ralph|Counter|p1a: Jirachi
|
|-weather|Sandstorm|[upkeep]
|-damage|p2a: ralph|88/100|[from] Sandstorm
|-heal|p1a: Jirachi|12/100 brn|[from] item: Leftovers
|-damage|p1a: Jirachi|0 fnt|[from] brn
|faint|p1a: Jirachi
|-heal|p2a: ralph|94/100|[from] item: Leftovers
|upkeep
|-message|Rebatca forfeited.
|
|win|prof clue
|c|☆Rebatca|gg
|player|p2|

</script>
<script type="application/json" class="data" id="replaydata-smogtours-gen3ou-801958">
{"id":"smogtours-gen3ou-801958","format":"[Gen 3] OU","players":["Rebatca","prof clue"],"uploadtime":1729896603,"views":90,"formatid":"gen3ou","rating":null,"private":0,"password":null}
</script>

<script defer src="js/replays.js?9d40a366"></script>
