<!DOCTYPE html>
<meta charset="utf-8" />
<meta name="viewport" content="width=device-width" />

<title>[Gen 3] OU: Zacynthius vs. Himurabt - Replays - Pok&eacute;mon Showdown!</title>

<meta name="description" content="Watch a replay of a Pok&eacute;mon battle between Zacynthius and Himurabt! Format: [Gen 3] OU; Date: Oct 2, 2024" />
<!--

Hey, you! Looking in the source for the replay log?

You can find them in JSON format, just add `.json` at the end of a replay URL.

https://replay.pokemonshowdown.com/gen7randomdoublesbattle-865046831.json

Or, if you only need the log itself, add `.log` instead:

https://replay.pokemonshowdown.com/gen7randomdoublesbattle-865046831.log

-->

<link rel="stylesheet" href="//pokemonshowdown.com/style/global.css?0.023195364461161105" />
<link rel="stylesheet" href="//play.pokemonshowdown.com/style/font-awesome.css?0.13261647063804238" />
<link rel="stylesheet" href="//play.pokemonshowdown.com/style/battle.css?0.8753245789963631" />
<link rel="stylesheet" href="//play.pokemonshowdown.com/style/utilichart.css?0.8627959624976733" />

<!-- Global site tag (gtag.js) - Google Analytics -->
<script async src="https://www.googletagmanager.com/gtag/js?id=UA-26211653-1"></script>
<script>
  window.dataLayer = window.dataLayer || [];
  function gtag(){dataLayer.push(arguments);}
  gtag('js', new Date());

  gtag('config', 'UA-26211653-1');
</script>
<!-- End Google Analytics -->
<!-- Venatus Ad Manager - Install in <HEAD> of page -->
	<script src="https://hb.vntsm.com/v3/live/ad-manager.min.js" type="text/javascript" data-site-id="642aba63ec9a7b11c3c9c1be" data-mode="scan" async></script>
<!-- / Venatus Ad Manager -->

<style>
	@media (max-width:820px) {
		.battle {
			margin: 0 auto;
		}
		.battle-log {
			margin: 7px auto 0;
			max-width: 640px;
			height: 300px;
			position: static;
		}
	}
	.optgroup {
		display: inline-block;
		line-height: 22px;
		font-size: 10pt;
	}
	.optgroup .button {
		height: 25px;
		padding-top: 0;
		padding-bottom: 0;
	}
	.optgroup button.button {
		padding-left: 12px;
		padding-right: 12px;
	}
	.linklist {
		list-style: none;
		margin: 0.5em 0;
		padding: 0;
	}
	.linklist li {
		padding: 2px 0;
	}
	.sidebar {
		float: left;
		width: 320px;
	}
	.bar-wrapper {
		max-width: 1100px;
		margin: 0 auto;
	}
	.bar-wrapper.has-sidebar {
		max-width: 1430px;
	}
	.mainbar {
		margin: 0;
		padding-right: 1px;
	}
	.mainbar.has-sidebar {
		margin-left: 330px;
	}
	@media (min-width: 1511px) {
		.sidebar {
			width: 400px;
		}
		.bar-wrapper.has-sidebar {
			max-width: 1510px;
		}
		.mainbar.has-sidebar {
			margin-left: 410px;
		}
	}
	.section.first-section {
		margin-top: 9px;
	}
	.blocklink small {
		white-space: normal;
	}
	.button {
		vertical-align: middle;
	}
	.replay-controls {
		padding-top: 10px;
	}
	.replay-controls h1 {
		font-size: 16pt;
		font-weight: normal;
		color: #CCC;
	}
	.pagelink {
		text-align: center;
	}
	.pagelink a {
		width: 150px;
	}
	.textbox, .button {
		font-size: 11pt;
		vertical-align: middle;
	}
	@media (max-width: 450px) {
		.button {
			font-size: 9pt;
		}
	}
</style>

<div>

	<header>
		<div class="nav-wrapper"><ul class="nav">
			<li><a class="button nav-first" href="//pokemonshowdown.com/"><img src="//pokemonshowdown.com/images/pokemonshowdownbeta.png" srcset="//pokemonshowdown.com/images/pokemonshowdownbeta.png 1x, //pokemonshowdown.com/images/pokemonshowdownbeta@2x.png 2x" alt="Pok&eacute;mon Showdown" width="146" height="44" /> Home</a></li>
			<li><a class="button" href="//pokemonshowdown.com/dex/">Pok&eacute;dex</a></li>
			<li><a class="button cur" href="/">Replays</a></li>
			<li><a class="button" href="//pokemonshowdown.com/ladder/">Ladder</a></li>
			<li><a class="button nav-last" href="//pokemonshowdown.com/forums/">Forum</a></li>
			<li><a class="button greenbutton nav-first nav-last" href="//play.pokemonshowdown.com/">Play</a></li>
		</ul></div>
	</header>

	<div class="main" id="main">

		<noscript><section class="section">You need to enable JavaScript to use this page; sorry!</section></noscript>

	</div>

</div>

<script defer nomodule src="//play.pokemonshowdown.com/js/lib/ps-polyfill.js"></script>
<script defer src="//play.pokemonshowdown.com/js/lib/preact.min.js"></script>

<script defer src="//play.pokemonshowdown.com/config/config.js?2bddbc15"></script>
<script defer src="//play.pokemonshowdown.com/js/lib/jquery-1.11.0.min.js"></script>
<script defer src="//play.pokemonshowdown.com/js/lib/html-sanitizer-minified.js"></script>
<script defer src="//play.pokemonshowdown.com/js/battle-sound.js"></script>
<script defer src="//play.pokemonshowdown.com/js/battledata.js?0.7209276989879541"></script>
<script defer src="//play.pokemonshowdown.com/data/pokedex-mini.js?0.6111056340867951"></script>
<script defer src="//play.pokemonshowdown.com/data/pokedex-mini-bw.js?0.3532142036491459"></script>
<script defer src="//play.pokemonshowdown.com/data/graphics.js?0.24223875632456182"></script>
<script defer src="//play.pokemonshowdown.com/data/pokedex.js?0.38839984266356864"></script>
<script defer src="//play.pokemonshowdown.com/data/moves.js?0.21866028504024015"></script>
<script defer src="//play.pokemonshowdown.com/data/abilities.js?0.2005157953846628"></script>
<script defer src="//play.pokemonshowdown.com/data/items.js?0.9894211263848525"></script>
<script defer src="//play.pokemonshowdown.com/data/teambuilder-tables.js?0.6008791140282215"></script>
<script defer src="//play.pokemonshowdown.com/js/battle-tooltips.js?0.7580118955022959"></script>
<script defer src="//play.pokemonshowdown.com/js/battle.js?0.6057722274234274"></script>

<script defer src="js/utils.js?e31f9a17"></script>
<script defer src="js/replays-battle.js?7008c182"></script>

<!-- don't scrape this data! just add .json or .log after the URL!
Full API docs: https://github.com/smogon/pokemon-showdown-client/blob/master/WEB-API.md -->
<script type="text/plain" class="log" id="replaylog-gen3ou-2214332973">
|j|☆Zacynthius
|j|☆Himurabt
|t:|1727880272
|gametype|singles
|player|p1|Zacynthius|veteran|
|player|p2|Himurabt|pilot|
|teamsize|p1|6
|teamsize|p2|6
|gen|3
|tier|[Gen 3] OU
|rule|Sleep Clause Mod: Limit one foe put to sleep
|rule|Switch Priority Clause Mod: Faster Pokémon switch first
|rule|Species Clause: Limit one of each Pokémon
|rule|OHKO Clause: OHKO moves are banned
|rule|Evasion Items Clause: Evasion items are banned
|rule|Evasion Moves Clause: Evasion moves are banned
|rule|Endless Battle Clause: Forcing endless battles is banned
|rule|HP Percentage Mod: HP is shown in percentages
|rule|One Boost Passer Clause: Limit one Baton Passer that has a way to boost its stats
|rule|Freeze Clause Mod: Limit one foe frozen
|
|t:|1727880272
|start
|switch|p1a: El Draco|Salamence, M|100/100
|switch|p2a: Zapdos|Zapdos|100/100
|-ability|p1a: El Draco|Intimidate|boost
|-unboost|p2a: Zapdos|atk|1
|turn|1
|inactive|Battle timer is ON: inactive players will automatically lose when time's up. (requested by Himurabt)
|
|t:|1727880290
|switch|p2a: Aerodactyl|Aerodactyl, F|100/100
|move|p1a: El Draco|Dragon Claw|p2a: Aerodactyl
|-damage|p2a: Aerodactyl|45/100
|
|-heal|p2a: Aerodactyl|51/100|[from] item: Leftovers
|upkeep
|turn|2
|
|t:|1727880297
|switch|p1a: Bert|Swampert, M|100/100
|move|p2a: Aerodactyl|Substitute|p2a: Aerodactyl
|-start|p2a: Aerodactyl|Substitute
|-damage|p2a: Aerodactyl|26/100
|
|-heal|p2a: Aerodactyl|32/100|[from] item: Leftovers
|upkeep
|turn|3
|
|t:|1727880301
|move|p2a: Aerodactyl|Earthquake|p1a: Bert
|-crit|p1a: Bert
|-damage|p1a: Bert|49/100
|move|p1a: Bert|Ice Beam|p2a: Aerodactyl
|-supereffective|p2a: Aerodactyl
|-end|p2a: Aerodactyl|Substitute
|
|-heal|p2a: Aerodactyl|38/100|[from] item: Leftovers
|-heal|p1a: Bert|56/100|[from] item: Leftovers
|upkeep
|turn|4
|
|t:|1727880309
|switch|p2a: Scizor|Scizor, F|100/100
|move|p1a: Bert|Ice Beam|p2a: Scizor
|-resisted|p2a: Scizor
|-damage|p2a: Scizor|83/100
|
|-heal|p1a: Bert|62/100|[from] item: Leftovers
|upkeep
|turn|5
|
|t:|1727880317
|switch|p1a: El Draco|Salamence, M|100/100
|-ability|p1a: El Draco|Intimidate|boost
|-unboost|p2a: Scizor|atk|1
|move|p2a: Scizor|Double-Edge|p1a: El Draco
|-damage|p1a: El Draco|46/100
|-damage|p2a: Scizor|62/100|[from] Recoil|[of] p1a: El Draco
|
|-heal|p1a: El Draco|52/100|[from] item: Leftovers
|upkeep
|turn|6
|
|t:|1727880324
|move|p1a: El Draco|Fire Blast|p2a: Scizor
|-supereffective|p2a: Scizor
|-damage|p2a: Scizor|0 fnt
|faint|p2a: Scizor
|
|t:|1727880333
|switch|p2a: Zapdos|Zapdos|100/100
|
|-heal|p1a: El Draco|59/100|[from] item: Leftovers
|upkeep
|turn|7
|
|t:|1727880344
|switch|p2a: Celebi|Celebi|100/100
|move|p1a: El Draco|Dragon Claw|p2a: Celebi
|-damage|p2a: Celebi|60/100
|
|-heal|p2a: Celebi|66/100|[from] item: Leftovers
|-heal|p1a: El Draco|65/100|[from] item: Leftovers
|upkeep
|turn|8
|inactive|Zacynthius has 270 seconds left.
|
|t:|1727880390
|move|p2a: Celebi|Calm Mind|p2a: Celebi
|-boost|p2a: Celebi|spa|1
|-boost|p2a: Celebi|spd|1
|move|p1a: El Draco|Fire Blast|p2a: Celebi
|-supereffective|p2a: Celebi
|-damage|p2a: Celebi|8/100
|
|-heal|p2a: Celebi|14/100|[from] item: Leftovers
|-heal|p1a: El Draco|71/100|[from] item: Leftovers
|upkeep
|turn|9
|
|t:|1727880399
|move|p2a: Celebi|Psychic|p1a: El Draco
|-damage|p1a: El Draco|0 fnt
|faint|p1a: El Draco
|
|t:|1727880408
|switch|p1a: Comfortable Dug|Dugtrio, M|100/100
|
|-heal|p2a: Celebi|20/100|[from] item: Leftovers
|upkeep
|turn|10
|
|t:|1727880422
|move|p1a: Comfortable Dug|Aerial Ace|p2a: Celebi
|-supereffective|p2a: Celebi
|-damage|p2a: Celebi|0 fnt
|faint|p2a: Celebi
|
|t:|1727880427
|switch|p2a: Aerodactyl|Aerodactyl, F|38/100
|
|-heal|p2a: Aerodactyl|44/100|[from] item: Leftovers
|upkeep
|turn|11
|
|t:|1727880432
|switch|p1a: Bert|Swampert, M|62/100
|move|p2a: Aerodactyl|Substitute|p2a: Aerodactyl
|-start|p2a: Aerodactyl|Substitute
|-damage|p2a: Aerodactyl|19/100
|
|-heal|p2a: Aerodactyl|25/100|[from] item: Leftovers
|-heal|p1a: Bert|68/100|[from] item: Leftovers
|upkeep
|turn|12
|
|t:|1727880436
|move|p2a: Aerodactyl|Earthquake|p1a: Bert
|-damage|p1a: Bert|40/100
|move|p1a: Bert|Ice Beam|p2a: Aerodactyl
|-supereffective|p2a: Aerodactyl
|-end|p2a: Aerodactyl|Substitute
|
|-heal|p2a: Aerodactyl|31/100|[from] item: Leftovers
|-heal|p1a: Bert|46/100|[from] item: Leftovers
|upkeep
|turn|13
|
|t:|1727880444
|switch|p2a: Gengar|Gengar, F|100/100
|move|p1a: Bert|Ice Beam|p2a: Gengar
|-damage|p2a: Gengar|60/100
|
|-heal|p2a: Gengar|66/100|[from] item: Leftovers
|-heal|p1a: Bert|52/100|[from] item: Leftovers
|upkeep
|turn|14
|inactive|Zacynthius has 270 seconds left.
|
|t:|1727880480
|switch|p1a: Sgt. Bash|Metagross|100/100
|move|p2a: Gengar|Giga Drain|p1a: Sgt. Bash
|-resisted|p1a: Sgt. Bash
|-damage|p1a: Sgt. Bash|88/100
|-heal|p2a: Gengar|73/100|[from] drain|[of] p1a: Sgt. Bash
|
|-heal|p2a: Gengar|79/100|[from] item: Leftovers
|upkeep
|turn|15
|inactive|Zacynthius has 270 seconds left.
|
|t:|1727880486
|move|p2a: Gengar|Fire Punch|p1a: Sgt. Bash
|-supereffective|p1a: Sgt. Bash
|-damage|p1a: Sgt. Bash|26/100
|move|p1a: Sgt. Bash|Meteor Mash|p2a: Gengar|[miss]
|-miss|p1a: Sgt. Bash|p2a: Gengar
|
|-heal|p2a: Gengar|86/100|[from] item: Leftovers
|upkeep
|turn|16
|inactive|Zacynthius has 270 seconds left.
|
|t:|1727880497
|switch|p1a: Comfortable Dug|Dugtrio, M|100/100
|move|p2a: Gengar|Fire Punch|p1a: Comfortable Dug
|-damage|p1a: Comfortable Dug|59/100
|
|-heal|p2a: Gengar|92/100|[from] item: Leftovers
|upkeep
|turn|17
|
|t:|1727880505
|switch|p2a: Hitmontop|Hitmontop, M|100/100
|-ability|p2a: Hitmontop|Intimidate|boost
|-unboost|p1a: Comfortable Dug|atk|1
|move|p1a: Comfortable Dug|Beat Up|p2a: Hitmontop
|-damage|p2a: Hitmontop|97/100
|-damage|p2a: Hitmontop|94/100
|-damage|p2a: Hitmontop|90/100
|-damage|p2a: Hitmontop|86/100
|-damage|p2a: Hitmontop|82/100
|-hitcount|p2a: Hitmontop|5
|
|-heal|p2a: Hitmontop|88/100|[from] item: Leftovers
|upkeep
|turn|18
|
|t:|1727880514
|switch|p1a: Layers|Celebi|100/100
|move|p2a: Hitmontop|Body Slam|p1a: Layers
|-damage|p1a: Layers|77/100
|
|-heal|p1a: Layers|83/100|[from] item: Leftovers
|-heal|p2a: Hitmontop|94/100|[from] item: Leftovers
|upkeep
|turn|19
|
|t:|1727880522
|switch|p2a: Aerodactyl|Aerodactyl, F|31/100
|move|p1a: Layers|Calm Mind|p1a: Layers
|-boost|p1a: Layers|spa|1
|-boost|p1a: Layers|spd|1
|
|-heal|p2a: Aerodactyl|37/100|[from] item: Leftovers
|-heal|p1a: Layers|89/100|[from] item: Leftovers
|upkeep
|turn|20
|
|t:|1727880530
|move|p2a: Aerodactyl|Hidden Power|p1a: Layers
|-supereffective|p1a: Layers
|-damage|p1a: Layers|39/100
|move|p1a: Layers|Giga Drain|p2a: Aerodactyl
|-damage|p2a: Aerodactyl|0 fnt
|-heal|p1a: Layers|53/100|[from] drain|[of] p2a: Aerodactyl
|faint|p2a: Aerodactyl
|
|t:|1727880539
|switch|p2a: Gengar|Gengar, F|92/100
|
|-heal|p2a: Gengar|98/100|[from] item: Leftovers
|-heal|p1a: Layers|59/100|[from] item: Leftovers
|upkeep
|turn|21
|
|t:|1727880554
|switch|p2a: Zapdos|Zapdos|100/100
|move|p1a: Layers|Calm Mind|p1a: Layers
|-boost|p1a: Layers|spa|1
|-boost|p1a: Layers|spd|1
|
|-heal|p1a: Layers|65/100|[from] item: Leftovers
|upkeep
|turn|22
|
|t:|1727880560
|move|p1a: Layers|Baton Pass|p1a: Layers
|
|t:|1727880563
|switch|p1a: Bert|Swampert, M|52/100|[from] Baton Pass
|move|p2a: Zapdos|Roar|p1a: Bert
|drag|p1a: Sparksworth|Zapdos|100/100
|
|upkeep
|turn|23
|
|t:|1727880569
|move|p2a: Zapdos|Thunder Wave|p1a: Sparksworth
|-status|p1a: Sparksworth|par
|move|p1a: Sparksworth|Substitute|p1a: Sparksworth
|-start|p1a: Sparksworth|Substitute
|-damage|p1a: Sparksworth|76/100 par
|
|-heal|p1a: Sparksworth|82/100 par|[from] item: Leftovers
|upkeep
|turn|24
|
|t:|1727880573
|move|p2a: Zapdos|Thunderbolt|p1a: Sparksworth
|-end|p1a: Sparksworth|Substitute
|move|p1a: Sparksworth|Thunderbolt|p2a: Zapdos
|-damage|p2a: Zapdos|39/100
|
|-heal|p2a: Zapdos|45/100|[from] item: Leftovers
|-heal|p1a: Sparksworth|88/100 par|[from] item: Leftovers
|upkeep
|turn|25
|
|t:|1727880593
|move|p2a: Zapdos|Thunderbolt|p1a: Sparksworth
|-damage|p1a: Sparksworth|37/100 par
|move|p1a: Sparksworth|Thunderbolt|p2a: Zapdos
|-damage|p2a: Zapdos|0 fnt
|faint|p2a: Zapdos
|
|t:|1727880597
|switch|p2a: Gengar|Gengar, F|98/100
|
|-heal|p2a: Gengar|100/100|[from] item: Leftovers
|-heal|p1a: Sparksworth|43/100 par|[from] item: Leftovers
|upkeep
|turn|26
|
|t:|1727880607
|move|p2a: Gengar|Thunderbolt|p1a: Sparksworth
|-damage|p1a: Sparksworth|8/100 par
|move|p1a: Sparksworth|Thunderbolt|p2a: Gengar
|-damage|p2a: Gengar|19/100
|
|-heal|p2a: Gengar|25/100|[from] item: Leftovers
|-heal|p1a: Sparksworth|14/100 par|[from] item: Leftovers
|upkeep
|turn|27
|
|t:|1727880613
|move|p2a: Gengar|Thunderbolt|p1a: Sparksworth
|-damage|p1a: Sparksworth|0 fnt
|faint|p1a: Sparksworth
|inactive|Zacynthius has 270 seconds left.
|
|t:|1727880656
|switch|p1a: Comfortable Dug|Dugtrio, M|59/100
|
|-heal|p2a: Gengar|32/100|[from] item: Leftovers
|upkeep
|turn|28
|
|t:|1727880679
|switch|p2a: Hitmontop|Hitmontop, M|94/100
|-ability|p2a: Hitmontop|Intimidate|boost
|-unboost|p1a: Comfortable Dug|atk|1
|move|p1a: Comfortable Dug|Aerial Ace|p2a: Hitmontop
|-supereffective|p2a: Hitmontop
|-damage|p2a: Hitmontop|54/100
|
|-heal|p2a: Hitmontop|60/100|[from] item: Leftovers
|upkeep
|turn|29
|
|t:|1727880686
|move|p2a: Hitmontop|Mach Punch|p1a: Comfortable Dug
|-damage|p1a: Comfortable Dug|4/100
|move|p1a: Comfortable Dug|Aerial Ace|p2a: Hitmontop
|-supereffective|p2a: Hitmontop
|-damage|p2a: Hitmontop|23/100
|
|-heal|p2a: Hitmontop|30/100|[from] item: Leftovers
|upkeep
|turn|30
|
|t:|1727880692
|move|p2a: Hitmontop|Mach Punch|p1a: Comfortable Dug
|-damage|p1a: Comfortable Dug|0 fnt
|faint|p1a: Comfortable Dug
|
|t:|1727880695
|switch|p1a: Layers|Celebi|65/100
|
|-heal|p1a: Layers|72/100|[from] item: Leftovers
|-heal|p2a: Hitmontop|36/100|[from] item: Leftovers
|upkeep
|turn|31
|
|t:|1727880699
|move|p1a: Layers|Calm Mind|p1a: Layers
|-boost|p1a: Layers|spa|1
|-boost|p1a: Layers|spd|1
|move|p2a: Hitmontop|Body Slam|p1a: Layers
|-damage|p1a: Layers|50/100
|
|-heal|p1a: Layers|56/100|[from] item: Leftovers
|-heal|p2a: Hitmontop|42/100|[from] item: Leftovers
|upkeep
|turn|32
|
|t:|1727880706
|move|p1a: Layers|Calm Mind|p1a: Layers
|-boost|p1a: Layers|spa|1
|-boost|p1a: Layers|spd|1
|move|p2a: Hitmontop|Body Slam|p1a: Layers
|-damage|p1a: Layers|33/100
|-status|p1a: Layers|par
|
|-heal|p2a: Hitmontop|48/100|[from] item: Leftovers
|-heal|p1a: Layers|39/100 par|[from] item: Leftovers
|upkeep
|turn|33
|
|t:|1727880715
|switch|p2a: Gengar|Gengar, F|32/100
|cant|p1a: Layers|par
|
|-heal|p2a: Gengar|38/100|[from] item: Leftovers
|-heal|p1a: Layers|46/100 par|[from] item: Leftovers
|upkeep
|turn|34
|
|t:|1727880721
|move|p2a: Gengar|Fire Punch|p1a: Layers
|-supereffective|p1a: Layers
|-damage|p1a: Layers|23/100 par
|cant|p1a: Layers|par
|
|-heal|p2a: Gengar|44/100|[from] item: Leftovers
|-heal|p1a: Layers|29/100 par|[from] item: Leftovers
|upkeep
|turn|35
|
|t:|1727880731
|move|p2a: Gengar|Fire Punch|p1a: Layers
|-supereffective|p1a: Layers
|-damage|p1a: Layers|7/100 par
|move|p1a: Layers|Baton Pass|p1a: Layers
|
|t:|1727880736
|-curestatus|p1a: Layers|par|[from] ability: Natural Cure
|switch|p1a: Bert|Swampert, M|52/100|[from] Baton Pass
|
|-heal|p2a: Gengar|50/100|[from] item: Leftovers
|-heal|p1a: Bert|58/100|[from] item: Leftovers
|upkeep
|turn|36
|
|t:|1727880749
|move|p2a: Gengar|Giga Drain|p1a: Bert
|-supereffective|p1a: Bert
|-damage|p1a: Bert|20/100
|-heal|p2a: Gengar|79/100|[from] drain|[of] p1a: Bert
|move|p1a: Bert|Ice Beam|p2a: Gengar
|-damage|p2a: Gengar|0 fnt
|faint|p2a: Gengar
|
|t:|1727880756
|switch|p2a: Hitmontop|Hitmontop, M|48/100
|-ability|p2a: Hitmontop|Intimidate|boost
|-unboost|p1a: Bert|atk|1
|
|-heal|p2a: Hitmontop|54/100|[from] item: Leftovers
|-heal|p1a: Bert|26/100|[from] item: Leftovers
|upkeep
|turn|37
|
|t:|1727880777
|move|p2a: Hitmontop|Body Slam|p1a: Bert
|-damage|p1a: Bert|3/100
|-status|p1a: Bert|par
|move|p1a: Bert|Hydro Pump|p2a: Hitmontop
|-damage|p2a: Hitmontop|0 fnt
|faint|p2a: Hitmontop
|
|win|Zacynthius
|l|☆Himurabt
|player|p2|
|c|☆Zacynthius|GGs

</script>
<script type="application/json" class="data" id="replaydata-gen3ou-2214332973">
{"id":"gen3ou-2214332973","format":"[Gen 3] OU","players":["Zacynthius","Himurabt"],"uploadtime":1727880799,"views":107,"formatid":"gen3ou","rating":null,"private":0,"password":null}
</script>

<script defer src="js/replays.js?9d40a366"></script>
