<!DOCTYPE html>
<meta charset="utf-8" />
<meta name="viewport" content="width=device-width" />

<title>[Gen 3] OU: Altina vs. SmoGonagall - Replays - Pok&eacute;mon Showdown!</title>

<meta name="description" content="Watch a replay of a Pok&eacute;mon battle between Altina and SmoGonagall! Format: [Gen 3] OU; Date: Oct 17, 2024" />
<!--

Hey, you! Looking in the source for the replay log?

You can find them in JSON format, just add `.json` at the end of a replay URL.

https://replay.pokemonshowdown.com/gen7randomdoublesbattle-865046831.json

Or, if you only need the log itself, add `.log` instead:

https://replay.pokemonshowdown.com/gen7randomdoublesbattle-865046831.log

-->

<link rel="stylesheet" href="//pokemonshowdown.com/style/global.css?0.023195364461161105" />
<link rel="stylesheet" href="//play.pokemonshowdown.com/style/font-awesome.css?0.13261647063804238" />
<link rel="stylesheet" href="//play.pokemonshowdown.com/style/battle.css?0.8753245789963631" />
<link rel="stylesheet" href="//play.pokemonshowdown.com/style/utilichart.css?0.8627959624976733" />

<!-- Global site tag (gtag.js) - Google Analytics -->
<script async src="https://www.googletagmanager.com/gtag/js?id=UA-26211653-1"></script>
<script>
  window.dataLayer = window.dataLayer || [];
  function gtag(){dataLayer.push(arguments);}
  gtag('js', new Date());

  gtag('config', 'UA-26211653-1');
</script>
<!-- End Google Analytics -->
<!-- Venatus Ad Manager - Install in <HEAD> of page -->
	<script src="https://hb.vntsm.com/v3/live/ad-manager.min.js" type="text/javascript" data-site-id="642aba63ec9a7b11c3c9c1be" data-mode="scan" async></script>
<!-- / Venatus Ad Manager -->

<style>
	@media (max-width:820px) {
		.battle {
			margin: 0 auto;
		}
		.battle-log {
			margin: 7px auto 0;
			max-width: 640px;
			height: 300px;
			position: static;
		}
	}
	.optgroup {
		display: inline-block;
		line-height: 22px;
		font-size: 10pt;
	}
	.optgroup .button {
		height: 25px;
		padding-top: 0;
		padding-bottom: 0;
	}
	.optgroup button.button {
		padding-left: 12px;
		padding-right: 12px;
	}
	.linklist {
		list-style: none;
		margin: 0.5em 0;
		padding: 0;
	}
	.linklist li {
		padding: 2px 0;
	}
	.sidebar {
		float: left;
		width: 320px;
	}
	.bar-wrapper {
		max-width: 1100px;
		margin: 0 auto;
	}
	.bar-wrapper.has-sidebar {
		max-width: 1430px;
	}
	.mainbar {
		margin: 0;
		padding-right: 1px;
	}
	.mainbar.has-sidebar {
		margin-left: 330px;
	}
	@media (min-width: 1511px) {
		.sidebar {
			width: 400px;
		}
		.bar-wrapper.has-sidebar {
			max-width: 1510px;
		}
		.mainbar.has-sidebar {
			margin-left: 410px;
		}
	}
	.section.first-section {
		margin-top: 9px;
	}
	.blocklink small {
		white-space: normal;
	}
	.button {
		vertical-align: middle;
	}
	.replay-controls {
		padding-top: 10px;
	}
	.replay-controls h1 {
		font-size: 16pt;
		font-weight: normal;
		color: #CCC;
	}
	.pagelink {
		text-align: center;
	}
	.pagelink a {
		width: 150px;
	}
	.textbox, .button {
		font-size: 11pt;
		vertical-align: middle;
	}
	@media (max-width: 450px) {
		.button {
			font-size: 9pt;
		}
	}
</style>

<div>

	<header>
		<div class="nav-wrapper"><ul class="nav">
			<li><a class="button nav-first" href="//pokemonshowdown.com/"><img src="//pokemonshowdown.com/images/pokemonshowdownbeta.png" srcset="//pokemonshowdown.com/images/pokemonshowdownbeta.png 1x, //pokemonshowdown.com/images/pokemonshowdownbeta@2x.png 2x" alt="Pok&eacute;mon Showdown" width="146" height="44" /> Home</a></li>
			<li><a class="button" href="//pokemonshowdown.com/dex/">Pok&eacute;dex</a></li>
			<li><a class="button cur" href="/">Replays</a></li>
			<li><a class="button" href="//pokemonshowdown.com/ladder/">Ladder</a></li>
			<li><a class="button nav-last" href="//pokemonshowdown.com/forums/">Forum</a></li>
			<li><a class="button greenbutton nav-first nav-last" href="//play.pokemonshowdown.com/">Play</a></li>
		</ul></div>
	</header>

	<div class="main" id="main">

		<noscript><section class="section">You need to enable JavaScript to use this page; sorry!</section></noscript>

	</div>

</div>

<script defer nomodule src="//play.pokemonshowdown.com/js/lib/ps-polyfill.js"></script>
<script defer src="//play.pokemonshowdown.com/js/lib/preact.min.js"></script>

<script defer src="//play.pokemonshowdown.com/config/config.js?2bddbc15"></script>
<script defer src="//play.pokemonshowdown.com/js/lib/jquery-1.11.0.min.js"></script>
<script defer src="//play.pokemonshowdown.com/js/lib/html-sanitizer-minified.js"></script>
<script defer src="//play.pokemonshowdown.com/js/battle-sound.js"></script>
<script defer src="//play.pokemonshowdown.com/js/battledata.js?0.7209276989879541"></script>
<script defer src="//play.pokemonshowdown.com/data/pokedex-mini.js?0.6111056340867951"></script>
<script defer src="//play.pokemonshowdown.com/data/pokedex-mini-bw.js?0.3532142036491459"></script>
<script defer src="//play.pokemonshowdown.com/data/graphics.js?0.24223875632456182"></script>
<script defer src="//play.pokemonshowdown.com/data/pokedex.js?0.38839984266356864"></script>
<script defer src="//play.pokemonshowdown.com/data/moves.js?0.21866028504024015"></script>
<script defer src="//play.pokemonshowdown.com/data/abilities.js?0.2005157953846628"></script>
<script defer src="//play.pokemonshowdown.com/data/items.js?0.9894211263848525"></script>
<script defer src="//play.pokemonshowdown.com/data/teambuilder-tables.js?0.6008791140282215"></script>
<script defer src="//play.pokemonshowdown.com/js/battle-tooltips.js?0.7580118955022959"></script>
<script defer src="//play.pokemonshowdown.com/js/battle.js?0.6057722274234274"></script>

<script defer src="js/utils.js?e31f9a17"></script>
<script defer src="js/replays-battle.js?7008c182"></script>

<!-- don't scrape this data! just add .json or .log after the URL!
Full API docs: https://github.com/smogon/pokemon-showdown-client/blob/master/WEB-API.md -->
<script type="text/plain" class="log" id="replaylog-smogtours-gen3ou-799265">
|inactive|Battle timer is ON: inactive players will automatically lose when time's up.
|t:|1729175005
|gametype|singles
|player|p1|Altina|#wcop2021asia|
|player|p2|SmoGonagall|169|
|teamsize|p1|6
|teamsize|p2|6
|gen|3
|tier|[Gen 3] OU
|rule|Sleep Clause Mod: Limit one foe put to sleep
|rule|Switch Priority Clause Mod: Faster Pokémon switch first
|rule|Species Clause: Limit one of each Pokémon
|rule|OHKO Clause: OHKO moves are banned
|rule|Evasion Items Clause: Evasion items are banned
|rule|Evasion Moves Clause: Evasion moves are banned
|rule|Endless Battle Clause: Forcing endless battles is banned
|rule|HP Percentage Mod: HP is shown in percentages
|rule|One Boost Passer Clause: Limit one Baton Passer that has a way to boost its stats
|rule|Freeze Clause Mod: Limit one foe frozen
|
|t:|1729175005
|start
|switch|p1a: Tyranitar|Tyranitar, F|100/100
|switch|p2a: Hariyama|Hariyama, F|100/100
|-weather|Sandstorm|[from] ability: Sand Stream|[of] p1a: Tyranitar
|turn|1
|
|t:|1729175013
|-singleturn|p2a: Hariyama|move: Focus Punch
|switch|p1a: Cloyster|Cloyster, M|100/100
|move|p2a: Hariyama|Focus Punch|p1a: Cloyster
|-supereffective|p1a: Cloyster
|-damage|p1a: Cloyster|0 fnt
|faint|p1a: Cloyster
|
|t:|1729175015
|switch|p1a: Gengar|Gengar, M|100/100
|
|-weather|Sandstorm|[upkeep]
|-damage|p1a: Gengar|95/100|[from] Sandstorm
|-damage|p2a: Hariyama|94/100|[from] Sandstorm
|-heal|p1a: Gengar|100/100|[from] item: Leftovers
|-heal|p2a: Hariyama|100/100|[from] item: Leftovers
|upkeep
|turn|2
|
|t:|1729175032
|switch|p2a: Celebi|Celebi|100/100
|move|p1a: Gengar|Hypnosis|p2a: Celebi
|-status|p2a: Celebi|slp|[from] move: Hypnosis
|
|-weather|Sandstorm|[upkeep]
|-damage|p1a: Gengar|95/100|[from] Sandstorm
|-damage|p2a: Celebi|94/100 slp|[from] Sandstorm
|-heal|p1a: Gengar|100/100|[from] item: Leftovers
|-heal|p2a: Celebi|100/100 slp|[from] item: Leftovers
|upkeep
|turn|3
|
|t:|1729175049
|switch|p1a: Tyranitar|Tyranitar, F|100/100
|cant|p2a: Celebi|slp
|
|-weather|Sandstorm|[upkeep]
|-damage|p2a: Celebi|94/100 slp|[from] Sandstorm
|-heal|p2a: Celebi|100/100 slp|[from] item: Leftovers
|upkeep
|turn|4
|
|t:|1729175058
|-singleturn|p1a: Tyranitar|move: Focus Punch
|-curestatus|p2a: Celebi|slp|[from] ability: Natural Cure
|switch|p2a: Hariyama|Hariyama, F|100/100
|move|p1a: Tyranitar|Focus Punch|p2a: Hariyama
|-damage|p2a: Hariyama|42/100
|
|-weather|Sandstorm|[upkeep]
|-damage|p2a: Hariyama|35/100|[from] Sandstorm
|-heal|p2a: Hariyama|42/100|[from] item: Leftovers
|upkeep
|turn|5
|
|t:|1729175073
|switch|p1a: Swampert|Swampert, F|100/100
|move|p2a: Hariyama|Knock Off|p1a: Swampert
|-damage|p1a: Swampert|98/100
|-enditem|p1a: Swampert|Leftovers|[from] move: Knock Off|[of] p2a: Hariyama
|-hint|In Gens 3-4, Knock Off only makes the target's item unusable; it cannot obtain a new item.
|
|-weather|Sandstorm|[upkeep]
|-damage|p2a: Hariyama|35/100|[from] Sandstorm
|-heal|p2a: Hariyama|42/100|[from] item: Leftovers
|upkeep
|turn|6
|
|t:|1729175084
|switch|p2a: Starmie|Starmie|100/100
|move|p1a: Swampert|Ice Beam|p2a: Starmie
|-resisted|p2a: Starmie
|-damage|p2a: Starmie|90/100
|
|-weather|Sandstorm|[upkeep]
|-damage|p2a: Starmie|84/100|[from] Sandstorm
|-heal|p2a: Starmie|90/100|[from] item: Leftovers
|upkeep
|turn|7
|
|t:|1729175098
|move|p2a: Starmie|Thunder Wave|p1a: Swampert
|-immune|p1a: Swampert
|move|p1a: Swampert|Earthquake|p2a: Starmie
|-damage|p2a: Starmie|54/100
|
|-weather|Sandstorm|[upkeep]
|-damage|p2a: Starmie|48/100|[from] Sandstorm
|-heal|p2a: Starmie|54/100|[from] item: Leftovers
|upkeep
|turn|8
|
|t:|1729175106
|switch|p1a: Zapdos|Zapdos|100/100
|move|p2a: Starmie|Surf|p1a: Zapdos
|-damage|p1a: Zapdos|74/100
|
|-weather|Sandstorm|[upkeep]
|-damage|p2a: Starmie|48/100|[from] Sandstorm
|-damage|p1a: Zapdos|68/100|[from] Sandstorm
|-heal|p2a: Starmie|54/100|[from] item: Leftovers
|-heal|p1a: Zapdos|74/100|[from] item: Leftovers
|upkeep
|turn|9
|
|t:|1729175116
|switch|p2a: Celebi|Celebi|100/100
|switch|p1a: Tyranitar|Tyranitar, F|100/100
|
|-weather|Sandstorm|[upkeep]
|-damage|p2a: Celebi|94/100|[from] Sandstorm
|-heal|p2a: Celebi|100/100|[from] item: Leftovers
|upkeep
|turn|10
|
|t:|1729175123
|move|p2a: Celebi|Hidden Power|p1a: Tyranitar
|-supereffective|p1a: Tyranitar
|-damage|p1a: Tyranitar|58/100
|move|p1a: Tyranitar|Substitute|p1a: Tyranitar
|-start|p1a: Tyranitar|Substitute
|-damage|p1a: Tyranitar|33/100
|
|-weather|Sandstorm|[upkeep]
|-damage|p2a: Celebi|94/100|[from] Sandstorm
|-heal|p2a: Celebi|100/100|[from] item: Leftovers
|-heal|p1a: Tyranitar|39/100|[from] item: Leftovers
|upkeep
|turn|11
|
|t:|1729175132
|move|p2a: Celebi|Hidden Power|p1a: Tyranitar
|-supereffective|p1a: Tyranitar
|-end|p1a: Tyranitar|Substitute
|move|p1a: Tyranitar|Hidden Power|p2a: Celebi
|-supereffective|p2a: Celebi
|-damage|p2a: Celebi|22/100
|
|-weather|Sandstorm|[upkeep]
|-damage|p2a: Celebi|16/100|[from] Sandstorm
|-heal|p2a: Celebi|22/100|[from] item: Leftovers
|-heal|p1a: Tyranitar|45/100|[from] item: Leftovers
|upkeep
|turn|12
|
|t:|1729175153
|move|p2a: Celebi|Leech Seed|p1a: Tyranitar
|-start|p1a: Tyranitar|move: Leech Seed
|move|p1a: Tyranitar|Hidden Power|p2a: Celebi
|-supereffective|p2a: Celebi
|-damage|p2a: Celebi|0 fnt
|faint|p2a: Celebi
|
|t:|1729175162
|switch|p2a: Salamence|Salamence, F|100/100
|-ability|p2a: Salamence|Intimidate|boost
|-unboost|p1a: Tyranitar|atk|1
|
|-weather|Sandstorm|[upkeep]
|-damage|p2a: Salamence|94/100|[from] Sandstorm
|-heal|p2a: Salamence|100/100|[from] item: Leftovers
|-heal|p1a: Tyranitar|51/100|[from] item: Leftovers
|-damage|p1a: Tyranitar|39/100|[from] Leech Seed|[of] p2a: Salamence
|upkeep
|turn|13
|
|t:|1729175171
|switch|p1a: Swampert|Swampert, F|98/100
|move|p2a: Salamence|Wish|p2a: Salamence
|
|-weather|Sandstorm|[upkeep]
|-damage|p2a: Salamence|94/100|[from] Sandstorm
|-heal|p2a: Salamence|100/100|[from] item: Leftovers
|upkeep
|turn|14
|
|t:|1729175178
|switch|p2a: Hariyama|Hariyama, F|42/100
|move|p1a: Swampert|Earthquake|p2a: Hariyama
|-damage|p2a: Hariyama|1/100
|
|-heal|p2a: Hariyama|51/100|[from] move: Wish|[wisher] Salamence
|-weather|Sandstorm|[upkeep]
|-damage|p2a: Hariyama|45/100|[from] Sandstorm
|-heal|p2a: Hariyama|51/100|[from] item: Leftovers
|upkeep
|turn|15
|
|t:|1729175197
|switch|p2a: Salamence|Salamence, F|100/100
|-ability|p2a: Salamence|Intimidate|boost
|-unboost|p1a: Swampert|atk|1
|move|p1a: Swampert|Earthquake|p2a: Salamence
|-immune|p2a: Salamence
|
|-weather|Sandstorm|[upkeep]
|-damage|p2a: Salamence|94/100|[from] Sandstorm
|-heal|p2a: Salamence|100/100|[from] item: Leftovers
|upkeep
|turn|16
|
|t:|1729175210
|switch|p2a: Starmie|Starmie|54/100
|move|p1a: Swampert|Ice Beam|p2a: Starmie
|-resisted|p2a: Starmie
|-damage|p2a: Starmie|43/100
|
|-weather|Sandstorm|[upkeep]
|-damage|p2a: Starmie|37/100|[from] Sandstorm
|-heal|p2a: Starmie|43/100|[from] item: Leftovers
|upkeep
|turn|17
|
|t:|1729175218
|switch|p1a: Zapdos|Zapdos|74/100
|move|p2a: Starmie|Recover|p2a: Starmie
|-heal|p2a: Starmie|93/100
|
|-weather|Sandstorm|[upkeep]
|-damage|p2a: Starmie|87/100|[from] Sandstorm
|-damage|p1a: Zapdos|68/100|[from] Sandstorm
|-heal|p2a: Starmie|93/100|[from] item: Leftovers
|-heal|p1a: Zapdos|74/100|[from] item: Leftovers
|upkeep
|turn|18
|
|t:|1729175235
|switch|p2a: Jirachi|Jirachi|100/100
|move|p1a: Zapdos|Thunderbolt|p2a: Jirachi
|-damage|p2a: Jirachi|71/100
|
|-weather|Sandstorm|[upkeep]
|-damage|p1a: Zapdos|68/100|[from] Sandstorm
|-heal|p1a: Zapdos|74/100|[from] item: Leftovers
|-heal|p2a: Jirachi|78/100|[from] item: Leftovers
|upkeep
|turn|19
|
|t:|1729175246
|switch|p1a: Gengar|Gengar, M|100/100
|move|p2a: Jirachi|Fire Punch|p1a: Gengar
|-damage|p1a: Gengar|79/100
|
|-weather|Sandstorm|[upkeep]
|-damage|p1a: Gengar|73/100|[from] Sandstorm
|-heal|p1a: Gengar|79/100|[from] item: Leftovers
|-heal|p2a: Jirachi|84/100|[from] item: Leftovers
|upkeep
|turn|20
|
|t:|1729175259
|move|p1a: Gengar|Hypnosis|p2a: Jirachi
|-status|p2a: Jirachi|slp|[from] move: Hypnosis
|cant|p2a: Jirachi|slp
|
|-weather|Sandstorm|[upkeep]
|-damage|p1a: Gengar|73/100|[from] Sandstorm
|-heal|p1a: Gengar|79/100|[from] item: Leftovers
|-heal|p2a: Jirachi|90/100 slp|[from] item: Leftovers
|upkeep
|turn|21
|
|t:|1729175276
|switch|p1a: Tyranitar|Tyranitar, F|39/100
|cant|p2a: Jirachi|slp
|
|-weather|Sandstorm|[upkeep]
|-heal|p2a: Jirachi|96/100 slp|[from] item: Leftovers
|-heal|p1a: Tyranitar|45/100|[from] item: Leftovers
|upkeep
|turn|22
|
|t:|1729175285
|switch|p2a: Starmie|Starmie|93/100
|move|p1a: Tyranitar|Substitute|p1a: Tyranitar
|-start|p1a: Tyranitar|Substitute
|-damage|p1a: Tyranitar|20/100
|
|-weather|Sandstorm|[upkeep]
|-damage|p2a: Starmie|87/100|[from] Sandstorm
|-heal|p2a: Starmie|93/100|[from] item: Leftovers
|-heal|p1a: Tyranitar|26/100|[from] item: Leftovers
|upkeep
|turn|23
|
|t:|1729175297
|move|p2a: Starmie|Surf|p1a: Tyranitar
|-supereffective|p1a: Tyranitar
|-end|p1a: Tyranitar|Substitute
|move|p1a: Tyranitar|Hidden Power|p2a: Starmie
|-supereffective|p2a: Starmie
|-damage|p2a: Starmie|44/100
|
|-weather|Sandstorm|[upkeep]
|-damage|p2a: Starmie|38/100|[from] Sandstorm
|-heal|p2a: Starmie|44/100|[from] item: Leftovers
|-heal|p1a: Tyranitar|33/100|[from] item: Leftovers
|upkeep
|turn|24
|
|t:|1729175307
|move|p2a: Starmie|Thunder Wave|p1a: Tyranitar
|-status|p1a: Tyranitar|par
|move|p1a: Tyranitar|Hidden Power|p2a: Starmie
|-supereffective|p2a: Starmie
|-damage|p2a: Starmie|0 fnt
|faint|p2a: Starmie
|
|t:|1729175329
|switch|p2a: Hariyama|Hariyama, F|51/100
|
|-weather|Sandstorm|[upkeep]
|-damage|p2a: Hariyama|45/100|[from] Sandstorm
|-heal|p2a: Hariyama|51/100|[from] item: Leftovers
|-heal|p1a: Tyranitar|39/100 par|[from] item: Leftovers
|upkeep
|turn|25
|
|t:|1729175336
|switch|p1a: Swampert|Swampert, F|98/100
|move|p2a: Hariyama|Knock Off|p1a: Swampert
|-damage|p1a: Swampert|96/100
|
|-weather|Sandstorm|[upkeep]
|-damage|p2a: Hariyama|45/100|[from] Sandstorm
|-heal|p2a: Hariyama|51/100|[from] item: Leftovers
|upkeep
|turn|26
|
|t:|1729175353
|move|p1a: Swampert|Surf|p2a: Hariyama
|-damage|p2a: Hariyama|23/100
|move|p2a: Hariyama|Brick Break|p1a: Swampert
|-damage|p1a: Swampert|69/100
|
|-weather|Sandstorm|[upkeep]
|-damage|p2a: Hariyama|17/100|[from] Sandstorm
|-heal|p2a: Hariyama|23/100|[from] item: Leftovers
|upkeep
|turn|27
|
|t:|1729175367
|switch|p2a: Jirachi|Jirachi|96/100 slp
|move|p1a: Swampert|Surf|p2a: Jirachi
|-damage|p2a: Jirachi|78/100 slp
|
|-weather|Sandstorm|[upkeep]
|-heal|p2a: Jirachi|84/100 slp|[from] item: Leftovers
|upkeep
|turn|28
|
|t:|1729175376
|cant|p2a: Jirachi|slp
|move|p1a: Swampert|Earthquake|p2a: Jirachi
|-supereffective|p2a: Jirachi
|-damage|p2a: Jirachi|30/100 slp
|
|-weather|Sandstorm|[upkeep]
|-heal|p2a: Jirachi|36/100 slp|[from] item: Leftovers
|upkeep
|turn|29
|
|t:|1729175386
|-curestatus|p2a: Jirachi|slp|[msg]
|move|p2a: Jirachi|Protect|p2a: Jirachi
|-singleturn|p2a: Jirachi|Protect
|move|p1a: Swampert|Earthquake|p2a: Jirachi
|-activate|p2a: Jirachi|Protect
|
|-weather|Sandstorm|[upkeep]
|-heal|p2a: Jirachi|42/100|[from] item: Leftovers
|upkeep
|turn|30
|
|t:|1729175397
|switch|p2a: Salamence|Salamence, F|100/100
|-ability|p2a: Salamence|Intimidate|boost
|-unboost|p1a: Swampert|atk|1
|move|p1a: Swampert|Ice Beam|p2a: Salamence
|-supereffective|p2a: Salamence
|-damage|p2a: Salamence|20/100
|
|-weather|Sandstorm|[upkeep]
|-damage|p2a: Salamence|14/100|[from] Sandstorm
|-heal|p2a: Salamence|20/100|[from] item: Leftovers
|upkeep
|turn|31
|
|t:|1729175421
|move|p2a: Salamence|Protect|p2a: Salamence
|-singleturn|p2a: Salamence|Protect
|move|p1a: Swampert|Surf|p2a: Salamence
|-activate|p2a: Salamence|Protect
|
|-weather|Sandstorm|[upkeep]
|-damage|p2a: Salamence|14/100|[from] Sandstorm
|-heal|p2a: Salamence|20/100|[from] item: Leftovers
|upkeep
|turn|32
|
|t:|1729175432
|move|p2a: Salamence|Toxic|p1a: Swampert
|-status|p1a: Swampert|tox
|move|p1a: Swampert|Surf|p2a: Salamence
|-resisted|p2a: Salamence
|-damage|p2a: Salamence|5/100
|
|-weather|Sandstorm|[upkeep]
|-damage|p2a: Salamence|0 fnt|[from] Sandstorm
|faint|p2a: Salamence
|-damage|p1a: Swampert|63/100 tox|[from] psn
|upkeep
|inactive|SmoGonagall has 270 seconds left.
|
|t:|1729175448
|switch|p2a: Jirachi|Jirachi|42/100
|turn|33
|inactive|SmoGonagall has 270 seconds left.
|
|t:|1729175455
|move|p2a: Jirachi|Protect|p2a: Jirachi
|-singleturn|p2a: Jirachi|Protect
|move|p1a: Swampert|Refresh|p1a: Swampert
|-curestatus|p1a: Swampert|tox|[msg]
|
|-weather|Sandstorm|[upkeep]
|-heal|p2a: Jirachi|48/100|[from] item: Leftovers
|upkeep
|turn|34
|inactive|SmoGonagall has 270 seconds left.
|
|t:|1729175466
|switch|p1a: Tyranitar|Tyranitar, F|39/100 par
|move|p2a: Jirachi|Wish|p2a: Jirachi
|
|-weather|Sandstorm|[upkeep]
|-heal|p2a: Jirachi|54/100|[from] item: Leftovers
|-heal|p1a: Tyranitar|45/100 par|[from] item: Leftovers
|upkeep
|turn|35
|
|t:|1729175474
|-singleturn|p1a: Tyranitar|move: Focus Punch
|switch|p2a: Hariyama|Hariyama, F|23/100
|move|p1a: Tyranitar|Focus Punch|p2a: Hariyama
|-damage|p2a: Hariyama|0 fnt
|faint|p2a: Hariyama
|
|t:|1729175482
|switch|p2a: Rhydon|Rhydon, F|100/100
|
|-weather|Sandstorm|[upkeep]
|-heal|p1a: Tyranitar|51/100 par|[from] item: Leftovers
|upkeep
|turn|36
|
|t:|1729175487
|switch|p1a: Gengar|Gengar, M|79/100
|move|p2a: Rhydon|Substitute|p2a: Rhydon
|-start|p2a: Rhydon|Substitute
|-damage|p2a: Rhydon|76/100
|
|-weather|Sandstorm|[upkeep]
|-damage|p1a: Gengar|73/100|[from] Sandstorm
|-heal|p1a: Gengar|79/100|[from] item: Leftovers
|-heal|p2a: Rhydon|82/100|[from] item: Leftovers
|upkeep
|turn|37
|
|t:|1729175496
|move|p1a: Gengar|Giga Drain|p2a: Rhydon
|-supereffective|p2a: Rhydon
|-end|p2a: Rhydon|Substitute
|-heal|p1a: Gengar|94/100|[from] drain|[of] p2a: Rhydon
|move|p2a: Rhydon|Rock Slide|p1a: Gengar
|-damage|p1a: Gengar|17/100
|
|-weather|Sandstorm|[upkeep]
|-damage|p1a: Gengar|11/100|[from] Sandstorm
|-heal|p1a: Gengar|17/100|[from] item: Leftovers
|-heal|p2a: Rhydon|88/100|[from] item: Leftovers
|upkeep
|turn|38
|
|t:|1729175506
|switch|p2a: Jirachi|Jirachi|54/100
|move|p1a: Gengar|Hypnosis|p2a: Jirachi
|-status|p2a: Jirachi|slp|[from] move: Hypnosis
|
|-weather|Sandstorm|[upkeep]
|-damage|p1a: Gengar|11/100|[from] Sandstorm
|-heal|p1a: Gengar|17/100|[from] item: Leftovers
|-heal|p2a: Jirachi|61/100 slp|[from] item: Leftovers
|upkeep
|turn|39
|
|t:|1729175514
|move|p1a: Gengar|Explosion|p2a: Jirachi
|-resisted|p2a: Jirachi
|-damage|p2a: Jirachi|34/100 slp
|faint|p1a: Gengar
|
|t:|1729175517
|switch|p1a: Swampert|Swampert, F|63/100
|
|-weather|Sandstorm|[upkeep]
|-heal|p2a: Jirachi|41/100 slp|[from] item: Leftovers
|upkeep
|turn|40
|
|t:|1729175524
|cant|p2a: Jirachi|slp
|move|p1a: Swampert|Earthquake|p2a: Jirachi
|-supereffective|p2a: Jirachi
|-damage|p2a: Jirachi|0 fnt
|faint|p2a: Jirachi
|
|t:|1729175529
|switch|p2a: Rhydon|Rhydon, F|88/100
|
|-weather|Sandstorm|[upkeep]
|-heal|p2a: Rhydon|94/100|[from] item: Leftovers
|upkeep
|turn|41
|
|t:|1729175534
|move|p2a: Rhydon|Earthquake|p1a: Swampert
|-damage|p1a: Swampert|25/100
|move|p1a: Swampert|Surf|p2a: Rhydon
|-supereffective|p2a: Rhydon
|-damage|p2a: Rhydon|0 fnt
|faint|p2a: Rhydon
|
|win|Altina

</script>
<script type="application/json" class="data" id="replaydata-smogtours-gen3ou-799265">
{"id":"smogtours-gen3ou-799265","format":"[Gen 3] OU","players":["Altina","SmoGonagall"],"uploadtime":1729175534,"views":124,"formatid":"gen3ou","rating":null,"private":0,"password":null}
</script>

<script defer src="js/replays.js?9d40a366"></script>
