<!DOCTYPE html>
<meta charset="utf-8" />
<meta name="viewport" content="width=device-width" />

<title>[Gen 3] OU: treeshhhh vs. RaskaPork - Replays - Pok&eacute;mon Showdown!</title>

<meta name="description" content="Watch a replay of a Pok&eacute;mon battle between treeshhhh and RaskaPork! Format: [Gen 3] OU; Date: Oct 18, 2024" />
<!--

Hey, you! Looking in the source for the replay log?

You can find them in JSON format, just add `.json` at the end of a replay URL.

https://replay.pokemonshowdown.com/gen7randomdoublesbattle-865046831.json

Or, if you only need the log itself, add `.log` instead:

https://replay.pokemonshowdown.com/gen7randomdoublesbattle-865046831.log

-->

<link rel="stylesheet" href="//pokemonshowdown.com/style/global.css?0.767286132409787" />
<link rel="stylesheet" href="//play.pokemonshowdown.com/style/font-awesome.css?0.9266228007934947" />
<link rel="stylesheet" href="//play.pokemonshowdown.com/style/battle.css?0.7924700842790926" />
<link rel="stylesheet" href="//play.pokemonshowdown.com/style/utilichart.css?0.8777417872839479" />

<!-- Global site tag (gtag.js) - Google Analytics -->
<script async src="https://www.googletagmanager.com/gtag/js?id=UA-26211653-1"></script>
<script>
  window.dataLayer = window.dataLayer || [];
  function gtag(){dataLayer.push(arguments);}
  gtag('js', new Date());

  gtag('config', 'UA-26211653-1');
</script>
<!-- End Google Analytics -->
<!-- Venatus Ad Manager - Install in <HEAD> of page -->
	<script src="https://hb.vntsm.com/v3/live/ad-manager.min.js" type="text/javascript" data-site-id="642aba63ec9a7b11c3c9c1be" data-mode="scan" async></script>
<!-- / Venatus Ad Manager -->

<style>
	@media (max-width:820px) {
		.battle {
			margin: 0 auto;
		}
		.battle-log {
			margin: 7px auto 0;
			max-width: 640px;
			height: 300px;
			position: static;
		}
	}
	.optgroup {
		display: inline-block;
		line-height: 22px;
		font-size: 10pt;
	}
	.optgroup .button {
		height: 25px;
		padding-top: 0;
		padding-bottom: 0;
	}
	.optgroup button.button {
		padding-left: 12px;
		padding-right: 12px;
	}
	.linklist {
		list-style: none;
		margin: 0.5em 0;
		padding: 0;
	}
	.linklist li {
		padding: 2px 0;
	}
	.sidebar {
		float: left;
		width: 320px;
	}
	.bar-wrapper {
		max-width: 1100px;
		margin: 0 auto;
	}
	.bar-wrapper.has-sidebar {
		max-width: 1430px;
	}
	.mainbar {
		margin: 0;
		padding-right: 1px;
	}
	.mainbar.has-sidebar {
		margin-left: 330px;
	}
	@media (min-width: 1511px) {
		.sidebar {
			width: 400px;
		}
		.bar-wrapper.has-sidebar {
			max-width: 1510px;
		}
		.mainbar.has-sidebar {
			margin-left: 410px;
		}
	}
	.section.first-section {
		margin-top: 9px;
	}
	.blocklink small {
		white-space: normal;
	}
	.button {
		vertical-align: middle;
	}
	.replay-controls {
		padding-top: 10px;
	}
	.replay-controls h1 {
		font-size: 16pt;
		font-weight: normal;
		color: #CCC;
	}
	.pagelink {
		text-align: center;
	}
	.pagelink a {
		width: 150px;
	}
	.textbox, .button {
		font-size: 11pt;
		vertical-align: middle;
	}
	@media (max-width: 450px) {
		.button {
			font-size: 9pt;
		}
	}
</style>

<div>

	<header>
		<div class="nav-wrapper"><ul class="nav">
			<li><a class="button nav-first" href="//pokemonshowdown.com/"><img src="//pokemonshowdown.com/images/pokemonshowdownbeta.png" srcset="//pokemonshowdown.com/images/pokemonshowdownbeta.png 1x, //pokemonshowdown.com/images/pokemonshowdownbeta@2x.png 2x" alt="Pok&eacute;mon Showdown" width="146" height="44" /> Home</a></li>
			<li><a class="button" href="//pokemonshowdown.com/dex/">Pok&eacute;dex</a></li>
			<li><a class="button cur" href="/">Replays</a></li>
			<li><a class="button" href="//pokemonshowdown.com/ladder/">Ladder</a></li>
			<li><a class="button nav-last" href="//pokemonshowdown.com/forums/">Forum</a></li>
			<li><a class="button greenbutton nav-first nav-last" href="//play.pokemonshowdown.com/">Play</a></li>
		</ul></div>
	</header>

	<div class="main" id="main">

		<noscript><section class="section">You need to enable JavaScript to use this page; sorry!</section></noscript>

	</div>

</div>

<script defer nomodule src="//play.pokemonshowdown.com/js/lib/ps-polyfill.js"></script>
<script defer src="//play.pokemonshowdown.com/js/lib/preact.min.js"></script>

<script defer src="//play.pokemonshowdown.com/config/config.js?6dec07f6"></script>
<script defer src="//play.pokemonshowdown.com/js/lib/jquery-1.11.0.min.js"></script>
<script defer src="//play.pokemonshowdown.com/js/lib/html-sanitizer-minified.js"></script>
<script defer src="//play.pokemonshowdown.com/js/battle-sound.js"></script>
<script defer src="//play.pokemonshowdown.com/js/battledata.js?0.6315294753075389"></script>
<script defer src="//play.pokemonshowdown.com/data/pokedex-mini.js?0.7603743185311358"></script>
<script defer src="//play.pokemonshowdown.com/data/pokedex-mini-bw.js?0.030888842834281283"></script>
<script defer src="//play.pokemonshowdown.com/data/graphics.js?0.05593094747507488"></script>
<script defer src="//play.pokemonshowdown.com/data/pokedex.js?0.47064822249611904"></script>
<script defer src="//play.pokemonshowdown.com/data/moves.js?0.8583693120512459"></script>
<script defer src="//play.pokemonshowdown.com/data/abilities.js?0.16017181182386842"></script>
<script defer src="//play.pokemonshowdown.com/data/items.js?0.4163379185673943"></script>
<script defer src="//play.pokemonshowdown.com/data/teambuilder-tables.js?0.31075597372830477"></script>
<script defer src="//play.pokemonshowdown.com/js/battle-tooltips.js?0.6536193500708172"></script>
<script defer src="//play.pokemonshowdown.com/js/battle.js?0.1916591943277901"></script>

<script defer src="js/utils.js?e31f9a17"></script>
<script defer src="js/replays-battle.js?7008c182"></script>

<!-- don't scrape this data! just add .json or .log after the URL!
Full API docs: https://github.com/smogon/pokemon-showdown-client/blob/master/WEB-API.md -->
<script type="text/plain" class="log" id="replaylog-smogtours-gen3ou-799434">
|inactive|Battle timer is ON: inactive players will automatically lose when time's up.
|t:|1729210473
|gametype|singles
|player|p1|treeshhhh|266|
|player|p2|RaskaPork|ingo|
|teamsize|p1|6
|teamsize|p2|6
|gen|3
|tier|[Gen 3] OU
|rule|Sleep Clause Mod: Limit one foe put to sleep
|rule|Switch Priority Clause Mod: Faster Pokémon switch first
|rule|Species Clause: Limit one of each Pokémon
|rule|OHKO Clause: OHKO moves are banned
|rule|Evasion Items Clause: Evasion items are banned
|rule|Evasion Moves Clause: Evasion moves are banned
|rule|Endless Battle Clause: Forcing endless battles is banned
|rule|HP Percentage Mod: HP is shown in percentages
|rule|One Boost Passer Clause: Limit one Baton Passer that has a way to boost its stats
|rule|Freeze Clause Mod: Limit one foe frozen
|
|t:|1729210473
|start
|switch|p1a: Tyranitar|Tyranitar, M|100/100
|switch|p2a: Slalamencer|Salamence, M|100/100
|-ability|p2a: Slalamencer|Intimidate|boost
|-unboost|p1a: Tyranitar|atk|1
|-weather|Sandstorm|[from] ability: Sand Stream|[of] p1a: Tyranitar
|turn|1
|c|☆treeshhhh|glhf
|c|☆RaskaPork|u2
|
|t:|1729210487
|switch|p2a: He Thicc|Hariyama, F, shiny|100/100
|switch|p1a: Celebi|Celebi|100/100
|
|-weather|Sandstorm|[upkeep]
|-damage|p1a: Celebi|94/100|[from] Sandstorm
|-damage|p2a: He Thicc|94/100|[from] Sandstorm
|-heal|p1a: Celebi|100/100|[from] item: Leftovers
|-heal|p2a: He Thicc|100/100|[from] item: Leftovers
|upkeep
|turn|2
|
|t:|1729210511
|switch|p2a: Weeee|Claydol|100/100
|move|p1a: Celebi|Swords Dance|p1a: Celebi
|-boost|p1a: Celebi|atk|2
|
|-weather|Sandstorm|[upkeep]
|-damage|p1a: Celebi|94/100|[from] Sandstorm
|-heal|p1a: Celebi|100/100|[from] item: Leftovers
|upkeep
|turn|3
|
|t:|1729210517
|move|p1a: Celebi|Baton Pass|p1a: Celebi
|
|t:|1729210543
|switch|p1a: Magneton|Magneton|100/100|[from] Baton Pass
|move|p2a: Weeee|Explosion|p1a: Magneton
|-resisted|p1a: Magneton
|-crit|p1a: Magneton
|-damage|p1a: Magneton|0 fnt
|faint|p2a: Weeee
|faint|p1a: Magneton
|inactive|treeshhhh has 270 seconds left.
|
|t:|1729210561
|switch|p1a: Celebi|Celebi|100/100
|switch|p2a: Slalamencer|Salamence, M|100/100
|-ability|p2a: Slalamencer|Intimidate|boost
|-unboost|p1a: Celebi|atk|1
|
|-weather|Sandstorm|[upkeep]
|-damage|p2a: Slalamencer|94/100|[from] Sandstorm
|-damage|p1a: Celebi|94/100|[from] Sandstorm
|-heal|p2a: Slalamencer|100/100|[from] item: Leftovers
|-heal|p1a: Celebi|100/100|[from] item: Leftovers
|upkeep
|turn|4
|
|t:|1729210565
|move|p2a: Slalamencer|Fire Blast|p1a: Celebi
|-supereffective|p1a: Celebi
|-damage|p1a: Celebi|40/100
|move|p1a: Celebi|Baton Pass|p1a: Celebi
|
|t:|1729210574
|switch|p1a: Swampert|Swampert, F|100/100|[from] Baton Pass
|
|-weather|Sandstorm|[upkeep]
|-damage|p2a: Slalamencer|94/100|[from] Sandstorm
|-heal|p2a: Slalamencer|100/100|[from] item: Leftovers
|upkeep
|turn|5
|inactive|RaskaPork has 270 seconds left.
|
|t:|1729210618
|switch|p2a: He Thicc|Hariyama, F, shiny|100/100
|switch|p1a: Celebi|Celebi|40/100
|
|-weather|Sandstorm|[upkeep]
|-damage|p1a: Celebi|34/100|[from] Sandstorm
|-damage|p2a: He Thicc|94/100|[from] Sandstorm
|-heal|p1a: Celebi|40/100|[from] item: Leftovers
|-heal|p2a: He Thicc|100/100|[from] item: Leftovers
|upkeep
|turn|6
|
|t:|1729210623
|move|p1a: Celebi|Recover|p1a: Celebi
|-heal|p1a: Celebi|90/100
|move|p2a: He Thicc|Hidden Power|p1a: Celebi
|-supereffective|p1a: Celebi
|-damage|p1a: Celebi|24/100
|
|-weather|Sandstorm|[upkeep]
|-damage|p1a: Celebi|18/100|[from] Sandstorm
|-damage|p2a: He Thicc|94/100|[from] Sandstorm
|-heal|p1a: Celebi|24/100|[from] item: Leftovers
|-heal|p2a: He Thicc|100/100|[from] item: Leftovers
|upkeep
|turn|7
|
|t:|1729210626
|move|p1a: Celebi|Baton Pass|p1a: Celebi
|
|t:|1729210629
|switch|p1a: Swampert|Swampert, F|100/100|[from] Baton Pass
|move|p2a: He Thicc|Hidden Power|p1a: Swampert
|-damage|p1a: Swampert|76/100
|
|-weather|Sandstorm|[upkeep]
|-damage|p2a: He Thicc|94/100|[from] Sandstorm
|-heal|p1a: Swampert|82/100|[from] item: Leftovers
|-heal|p2a: He Thicc|100/100|[from] item: Leftovers
|upkeep
|turn|8
|
|t:|1729210635
|move|p1a: Swampert|Hydro Pump|p2a: He Thicc
|-damage|p2a: He Thicc|55/100
|move|p2a: He Thicc|Knock Off|p1a: Swampert
|-crit|p1a: Swampert
|-damage|p1a: Swampert|76/100
|-enditem|p1a: Swampert|Leftovers|[from] move: Knock Off|[of] p2a: He Thicc
|-hint|In Gens 3-4, Knock Off only makes the target's item unusable; it cannot obtain a new item.
|
|-weather|Sandstorm|[upkeep]
|-damage|p2a: He Thicc|49/100|[from] Sandstorm
|-heal|p2a: He Thicc|55/100|[from] item: Leftovers
|upkeep
|turn|9
|
|t:|1729210644
|switch|p2a: Da Big Dog|Suicune, shiny|100/100
|move|p1a: Swampert|Ice Beam|p2a: Da Big Dog
|-resisted|p2a: Da Big Dog
|-damage|p2a: Da Big Dog|90/100
|
|-weather|Sandstorm|[upkeep]
|-damage|p2a: Da Big Dog|84/100|[from] Sandstorm
|-heal|p2a: Da Big Dog|90/100|[from] item: Leftovers
|upkeep
|turn|10
|
|t:|1729210657
|switch|p2a: Slalamencer|Salamence, M|100/100
|-ability|p2a: Slalamencer|Intimidate|boost
|-unboost|p1a: Swampert|atk|1
|switch|p1a: Metagross|Metagross|100/100
|
|-weather|Sandstorm|[upkeep]
|-damage|p2a: Slalamencer|94/100|[from] Sandstorm
|-heal|p2a: Slalamencer|100/100|[from] item: Leftovers
|upkeep
|turn|11
|
|t:|1729210677
|switch|p1a: Swampert|Swampert, F|76/100
|move|p2a: Slalamencer|Fire Blast|p1a: Swampert
|-resisted|p1a: Swampert
|-damage|p1a: Swampert|53/100
|
|-weather|Sandstorm|[upkeep]
|-damage|p2a: Slalamencer|94/100|[from] Sandstorm
|-heal|p2a: Slalamencer|100/100|[from] item: Leftovers
|upkeep
|turn|12
|
|t:|1729210682
|-singleturn|p1a: Swampert|move: Focus Punch
|move|p2a: Slalamencer|Hidden Power|p1a: Swampert
|-supereffective|p1a: Swampert
|-damage|p1a: Swampert|0 fnt
|faint|p1a: Swampert
|
|t:|1729210696
|switch|p1a: Aerodactyl|Aerodactyl, M|100/100
|
|-weather|Sandstorm|[upkeep]
|-damage|p2a: Slalamencer|94/100|[from] Sandstorm
|-heal|p2a: Slalamencer|100/100|[from] item: Leftovers
|upkeep
|turn|13
|
|t:|1729210700
|switch|p2a: Villain|Jirachi|100/100
|move|p1a: Aerodactyl|Substitute|p1a: Aerodactyl
|-start|p1a: Aerodactyl|Substitute
|-damage|p1a: Aerodactyl|75/100
|
|-weather|Sandstorm|[upkeep]
|upkeep
|turn|14
|
|t:|1729210707
|switch|p2a: Da Big Dog|Suicune, shiny|90/100
|move|p1a: Aerodactyl|Earthquake|p2a: Da Big Dog
|-damage|p2a: Da Big Dog|71/100
|
|-weather|Sandstorm|[upkeep]
|-damage|p2a: Da Big Dog|65/100|[from] Sandstorm
|-heal|p2a: Da Big Dog|71/100|[from] item: Leftovers
|upkeep
|turn|15
|
|t:|1729210711
|move|p1a: Aerodactyl|Rock Slide|p2a: Da Big Dog|[miss]
|-miss|p1a: Aerodactyl|p2a: Da Big Dog
|move|p2a: Da Big Dog|Roar|p1a: Aerodactyl
|drag|p1a: Tyranitar|Tyranitar, M|100/100
|
|-weather|Sandstorm|[upkeep]
|-damage|p2a: Da Big Dog|65/100|[from] Sandstorm
|-heal|p2a: Da Big Dog|71/100|[from] item: Leftovers
|upkeep
|turn|16
|
|t:|1729210726
|move|p2a: Da Big Dog|Surf|p1a: Tyranitar
|-supereffective|p1a: Tyranitar
|-damage|p1a: Tyranitar|53/100
|move|p1a: Tyranitar|Crunch|p2a: Da Big Dog
|-damage|p2a: Da Big Dog|41/100
|-unboost|p2a: Da Big Dog|spd|1
|
|-weather|Sandstorm|[upkeep]
|-damage|p2a: Da Big Dog|34/100|[from] Sandstorm
|-heal|p2a: Da Big Dog|41/100|[from] item: Leftovers
|-heal|p1a: Tyranitar|60/100|[from] item: Leftovers
|upkeep
|turn|17
|
|t:|1729210731
|-activate|p2a: Da Big Dog|move: Pursuit
|move|p1a: Tyranitar|Pursuit|p2a: Da Big Dog|[from]Pursuit
|-damage|p2a: Da Big Dog|1/100
|switch|p2a: He Thicc|Hariyama, F, shiny|55/100
|
|-weather|Sandstorm|[upkeep]
|-damage|p2a: He Thicc|49/100|[from] Sandstorm
|-heal|p1a: Tyranitar|66/100|[from] item: Leftovers
|-heal|p2a: He Thicc|55/100|[from] item: Leftovers
|upkeep
|turn|18
|
|t:|1729210739
|switch|p1a: Celebi|Celebi|24/100
|move|p2a: He Thicc|Brick Break|p1a: Celebi
|-resisted|p1a: Celebi
|-damage|p1a: Celebi|11/100
|
|-weather|Sandstorm|[upkeep]
|-damage|p1a: Celebi|5/100|[from] Sandstorm
|-damage|p2a: He Thicc|49/100|[from] Sandstorm
|-heal|p1a: Celebi|11/100|[from] item: Leftovers
|-heal|p2a: He Thicc|55/100|[from] item: Leftovers
|upkeep
|turn|19
|
|t:|1729210756
|switch|p2a: Villain|Jirachi|100/100
|move|p1a: Celebi|Recover|p1a: Celebi
|-heal|p1a: Celebi|61/100
|
|-weather|Sandstorm|[upkeep]
|-damage|p1a: Celebi|55/100|[from] Sandstorm
|-heal|p1a: Celebi|61/100|[from] item: Leftovers
|upkeep
|turn|20
|
|t:|1729210771
|switch|p2a: Slalamencer|Salamence, M|100/100
|-ability|p2a: Slalamencer|Intimidate|boost
|-unboost|p1a: Celebi|atk|1
|move|p1a: Celebi|Leech Seed|p2a: Slalamencer
|-start|p2a: Slalamencer|move: Leech Seed
|
|-weather|Sandstorm|[upkeep]
|-damage|p2a: Slalamencer|94/100|[from] Sandstorm
|-damage|p1a: Celebi|55/100|[from] Sandstorm
|-heal|p2a: Slalamencer|100/100|[from] item: Leftovers
|-damage|p2a: Slalamencer|88/100|[from] Leech Seed|[of] p1a: Celebi
|-heal|p1a: Celebi|65/100|[silent]
|-heal|p1a: Celebi|71/100|[from] item: Leftovers
|upkeep
|turn|21
|
|t:|1729210783
|switch|p2a: He Thicc|Hariyama, F, shiny|55/100
|move|p1a: Celebi|Baton Pass|p1a: Celebi
|
|t:|1729210797
|switch|p1a: Tyranitar|Tyranitar, M|66/100|[from] Baton Pass
|
|-weather|Sandstorm|[upkeep]
|-damage|p2a: He Thicc|49/100|[from] Sandstorm
|-heal|p1a: Tyranitar|72/100|[from] item: Leftovers
|-heal|p2a: He Thicc|55/100|[from] item: Leftovers
|upkeep
|turn|22
|
|t:|1729210804
|switch|p1a: Celebi|Celebi|71/100
|move|p2a: He Thicc|Brick Break|p1a: Celebi
|-resisted|p1a: Celebi
|-damage|p1a: Celebi|58/100
|
|-weather|Sandstorm|[upkeep]
|-damage|p1a: Celebi|52/100|[from] Sandstorm
|-damage|p2a: He Thicc|49/100|[from] Sandstorm
|-heal|p1a: Celebi|58/100|[from] item: Leftovers
|-heal|p2a: He Thicc|55/100|[from] item: Leftovers
|upkeep
|turn|23
|
|t:|1729210813
|move|p1a: Celebi|Swords Dance|p1a: Celebi
|-boost|p1a: Celebi|atk|2
|move|p2a: He Thicc|Hidden Power|p1a: Celebi
|-supereffective|p1a: Celebi
|-damage|p1a: Celebi|0 fnt
|faint|p1a: Celebi
|
|t:|1729210822
|switch|p1a: Metagross|Metagross|100/100
|
|-weather|Sandstorm|[upkeep]
|-damage|p2a: He Thicc|49/100|[from] Sandstorm
|-heal|p2a: He Thicc|55/100|[from] item: Leftovers
|upkeep
|turn|24
|
|t:|1729210829
|-singleturn|p2a: He Thicc|move: Focus Punch
|move|p1a: Metagross|Agility|p1a: Metagross
|-boost|p1a: Metagross|spe|2
|move|p2a: He Thicc|Focus Punch|p1a: Metagross
|-damage|p1a: Metagross|43/100
|
|-weather|Sandstorm|[upkeep]
|-damage|p2a: He Thicc|49/100|[from] Sandstorm
|-heal|p2a: He Thicc|55/100|[from] item: Leftovers
|upkeep
|turn|25
|
|t:|1729210851
|switch|p2a: Da Big Dog|Suicune, shiny|1/100
|move|p1a: Metagross|Meteor Mash|p2a: Da Big Dog|[miss]
|-miss|p1a: Metagross|p2a: Da Big Dog
|
|-weather|Sandstorm|[upkeep]
|-damage|p2a: Da Big Dog|0 fnt|[from] Sandstorm
|faint|p2a: Da Big Dog
|upkeep
|
|t:|1729210865
|switch|p2a: He Thicc|Hariyama, F, shiny|55/100
|turn|26
|
|t:|1729210870
|move|p1a: Metagross|Meteor Mash|p2a: He Thicc
|-damage|p2a: He Thicc|8/100
|move|p2a: He Thicc|Brick Break|p1a: Metagross
|-damage|p1a: Metagross|9/100
|
|-weather|Sandstorm|[upkeep]
|-damage|p2a: He Thicc|2/100|[from] Sandstorm
|-heal|p2a: He Thicc|8/100|[from] item: Leftovers
|upkeep
|turn|27
|
|t:|1729210878
|move|p1a: Metagross|Meteor Mash|p2a: He Thicc
|-damage|p2a: He Thicc|0 fnt
|faint|p2a: He Thicc
|
|t:|1729210879
|switch|p2a: Villain|Jirachi|100/100
|
|-weather|Sandstorm|[upkeep]
|upkeep
|turn|28
|
|t:|1729210883
|move|p2a: Villain|Protect|p2a: Villain
|-singleturn|p2a: Villain|Protect
|move|p1a: Metagross|Explosion|p2a: Villain
|-activate|p2a: Villain|Protect
|faint|p1a: Metagross
|
|t:|1729210888
|switch|p1a: Tyranitar|Tyranitar, M|72/100
|
|-weather|Sandstorm|[upkeep]
|-heal|p1a: Tyranitar|78/100|[from] item: Leftovers
|upkeep
|turn|29
|
|t:|1729210896
|move|p2a: Villain|Toxic|p1a: Tyranitar
|-status|p1a: Tyranitar|tox
|move|p1a: Tyranitar|Crunch|p2a: Villain
|-damage|p2a: Villain|68/100
|
|-weather|Sandstorm|[upkeep]
|-heal|p2a: Villain|74/100|[from] item: Leftovers
|-heal|p1a: Tyranitar|84/100 tox|[from] item: Leftovers
|-damage|p1a: Tyranitar|78/100 tox|[from] psn
|upkeep
|turn|30
|
|t:|1729210899
|switch|p2a: She Thicc|Blissey, F|100/100
|switch|p1a: Aerodactyl|Aerodactyl, M|75/100
|
|-weather|Sandstorm|[upkeep]
|-damage|p2a: She Thicc|94/100|[from] Sandstorm
|-heal|p2a: She Thicc|100/100|[from] item: Leftovers
|upkeep
|turn|31
|
|t:|1729210904
|switch|p1a: Tyranitar|Tyranitar, M|78/100 tox
|move|p2a: She Thicc|Thunderbolt|p1a: Tyranitar
|-damage|p1a: Tyranitar|59/100 tox
|
|-weather|Sandstorm|[upkeep]
|-damage|p2a: She Thicc|94/100|[from] Sandstorm
|-heal|p2a: She Thicc|100/100|[from] item: Leftovers
|-heal|p1a: Tyranitar|65/100 tox|[from] item: Leftovers
|-damage|p1a: Tyranitar|59/100 tox|[from] psn
|upkeep
|turn|32
|
|t:|1729210909
|move|p2a: She Thicc|Thunderbolt|p1a: Tyranitar
|-damage|p1a: Tyranitar|36/100 tox
|move|p1a: Tyranitar|Brick Break|p2a: She Thicc
|-supereffective|p2a: She Thicc
|-damage|p2a: She Thicc|51/100
|
|-weather|Sandstorm|[upkeep]
|-damage|p2a: She Thicc|45/100|[from] Sandstorm
|-heal|p2a: She Thicc|51/100|[from] item: Leftovers
|-heal|p1a: Tyranitar|42/100 tox|[from] item: Leftovers
|-damage|p1a: Tyranitar|30/100 tox|[from] psn
|upkeep
|turn|33
|
|t:|1729210913
|move|p2a: She Thicc|Soft-Boiled|p2a: She Thicc
|-heal|p2a: She Thicc|100/100
|move|p1a: Tyranitar|Brick Break|p2a: She Thicc
|-supereffective|p2a: She Thicc
|-damage|p2a: She Thicc|53/100
|
|-weather|Sandstorm|[upkeep]
|-damage|p2a: She Thicc|47/100|[from] Sandstorm
|-heal|p2a: She Thicc|53/100|[from] item: Leftovers
|-heal|p1a: Tyranitar|36/100 tox|[from] item: Leftovers
|-damage|p1a: Tyranitar|18/100 tox|[from] psn
|upkeep
|turn|34
|
|t:|1729210928
|move|p2a: She Thicc|Soft-Boiled|p2a: She Thicc
|-heal|p2a: She Thicc|100/100
|move|p1a: Tyranitar|Brick Break|p2a: She Thicc
|-supereffective|p2a: She Thicc
|-crit|p2a: She Thicc
|-damage|p2a: She Thicc|6/100
|
|-weather|Sandstorm|[upkeep]
|-damage|p2a: She Thicc|0 fnt|[from] Sandstorm
|faint|p2a: She Thicc
|-heal|p1a: Tyranitar|24/100 tox|[from] item: Leftovers
|-damage|p1a: Tyranitar|0 fnt|[from] psn
|faint|p1a: Tyranitar
|upkeep
|
|t:|1729210935
|switch|p2a: Slalamencer|Salamence, M|88/100
|switch|p1a: Aerodactyl|Aerodactyl, M|75/100
|-ability|p2a: Slalamencer|Intimidate|boost
|-unboost|p1a: Aerodactyl|atk|1
|turn|35
|
|t:|1729210964
|move|p1a: Aerodactyl|Rock Slide|p2a: Slalamencer
|-supereffective|p2a: Slalamencer
|-damage|p2a: Slalamencer|23/100
|move|p2a: Slalamencer|Dragon Claw|p1a: Aerodactyl
|-damage|p1a: Aerodactyl|14/100
|
|-weather|Sandstorm|[upkeep]
|-damage|p2a: Slalamencer|17/100|[from] Sandstorm
|-enditem|p1a: Aerodactyl|Liechi Berry|[eat]
|-boost|p1a: Aerodactyl|atk|1|[from] item: Liechi Berry
|-heal|p2a: Slalamencer|23/100|[from] item: Leftovers
|upkeep
|turn|36
|
|t:|1729210970
|switch|p2a: Villain|Jirachi|74/100
|move|p1a: Aerodactyl|Double-Edge|p2a: Villain
|-resisted|p2a: Villain
|-damage|p2a: Villain|63/100
|
|-weather|Sandstorm|[upkeep]
|-heal|p2a: Villain|69/100|[from] item: Leftovers
|upkeep
|turn|37
|
|t:|1729210980
|move|p2a: Villain|Protect|p2a: Villain
|-singleturn|p2a: Villain|Protect
|move|p1a: Aerodactyl|Earthquake|p2a: Villain
|-activate|p2a: Villain|Protect
|
|-weather|Sandstorm|[upkeep]
|-heal|p2a: Villain|75/100|[from] item: Leftovers
|upkeep
|turn|38
|
|t:|1729210985
|switch|p2a: Slalamencer|Salamence, M|23/100
|-ability|p2a: Slalamencer|Intimidate|boost
|-unboost|p1a: Aerodactyl|atk|1
|move|p1a: Aerodactyl|Earthquake|p2a: Slalamencer
|-immune|p2a: Slalamencer
|
|-weather|Sandstorm|[upkeep]
|-damage|p2a: Slalamencer|17/100|[from] Sandstorm
|-heal|p2a: Slalamencer|23/100|[from] item: Leftovers
|upkeep
|turn|39
|
|t:|1729210990
|move|p1a: Aerodactyl|Earthquake|p2a: Slalamencer
|-immune|p2a: Slalamencer
|move|p2a: Slalamencer|Dragon Claw|p1a: Aerodactyl
|-damage|p1a: Aerodactyl|0 fnt
|faint|p1a: Aerodactyl
|
|win|RaskaPork
|c|☆RaskaPork|gg
|c|☆treeshhhh|gg
|player|p1|

</script>
<script type="application/json" class="data" id="replaydata-smogtours-gen3ou-799434">
{"id":"smogtours-gen3ou-799434","format":"[Gen 3] OU","players":["treeshhhh","RaskaPork"],"uploadtime":1729210990,"views":87,"formatid":"gen3ou","rating":null,"private":0,"password":null}
</script>

<script defer src="js/replays.js?9d40a366"></script>
