<!DOCTYPE html>
<meta charset="utf-8" />
<meta name="viewport" content="width=device-width" />

<title>[Gen 3] OU: CazabichosPablo vs. Himurabt - Replays - Pok&eacute;mon Showdown!</title>

<meta name="description" content="Watch a replay of a Pok&eacute;mon battle between CazabichosPablo and Himurabt! Format: [Gen 3] OU; Date: Oct 21, 2024" />
<!--

Hey, you! Looking in the source for the replay log?

You can find them in JSON format, just add `.json` at the end of a replay URL.

https://replay.pokemonshowdown.com/gen7randomdoublesbattle-865046831.json

Or, if you only need the log itself, add `.log` instead:

https://replay.pokemonshowdown.com/gen7randomdoublesbattle-865046831.log

-->

<link rel="stylesheet" href="//pokemonshowdown.com/style/global.css?0.023195364461161105" />
<link rel="stylesheet" href="//play.pokemonshowdown.com/style/font-awesome.css?0.13261647063804238" />
<link rel="stylesheet" href="//play.pokemonshowdown.com/style/battle.css?0.8753245789963631" />
<link rel="stylesheet" href="//play.pokemonshowdown.com/style/utilichart.css?0.8627959624976733" />

<!-- Global site tag (gtag.js) - Google Analytics -->
<script async src="https://www.googletagmanager.com/gtag/js?id=UA-26211653-1"></script>
<script>
  window.dataLayer = window.dataLayer || [];
  function gtag(){dataLayer.push(arguments);}
  gtag('js', new Date());

  gtag('config', 'UA-26211653-1');
</script>
<!-- End Google Analytics -->
<!-- Venatus Ad Manager - Install in <HEAD> of page -->
	<script src="https://hb.vntsm.com/v3/live/ad-manager.min.js" type="text/javascript" data-site-id="642aba63ec9a7b11c3c9c1be" data-mode="scan" async></script>
<!-- / Venatus Ad Manager -->

<style>
	@media (max-width:820px) {
		.battle {
			margin: 0 auto;
		}
		.battle-log {
			margin: 7px auto 0;
			max-width: 640px;
			height: 300px;
			position: static;
		}
	}
	.optgroup {
		display: inline-block;
		line-height: 22px;
		font-size: 10pt;
	}
	.optgroup .button {
		height: 25px;
		padding-top: 0;
		padding-bottom: 0;
	}
	.optgroup button.button {
		padding-left: 12px;
		padding-right: 12px;
	}
	.linklist {
		list-style: none;
		margin: 0.5em 0;
		padding: 0;
	}
	.linklist li {
		padding: 2px 0;
	}
	.sidebar {
		float: left;
		width: 320px;
	}
	.bar-wrapper {
		max-width: 1100px;
		margin: 0 auto;
	}
	.bar-wrapper.has-sidebar {
		max-width: 1430px;
	}
	.mainbar {
		margin: 0;
		padding-right: 1px;
	}
	.mainbar.has-sidebar {
		margin-left: 330px;
	}
	@media (min-width: 1511px) {
		.sidebar {
			width: 400px;
		}
		.bar-wrapper.has-sidebar {
			max-width: 1510px;
		}
		.mainbar.has-sidebar {
			margin-left: 410px;
		}
	}
	.section.first-section {
		margin-top: 9px;
	}
	.blocklink small {
		white-space: normal;
	}
	.button {
		vertical-align: middle;
	}
	.replay-controls {
		padding-top: 10px;
	}
	.replay-controls h1 {
		font-size: 16pt;
		font-weight: normal;
		color: #CCC;
	}
	.pagelink {
		text-align: center;
	}
	.pagelink a {
		width: 150px;
	}
	.textbox, .button {
		font-size: 11pt;
		vertical-align: middle;
	}
	@media (max-width: 450px) {
		.button {
			font-size: 9pt;
		}
	}
</style>

<div>

	<header>
		<div class="nav-wrapper"><ul class="nav">
			<li><a class="button nav-first" href="//pokemonshowdown.com/"><img src="//pokemonshowdown.com/images/pokemonshowdownbeta.png" srcset="//pokemonshowdown.com/images/pokemonshowdownbeta.png 1x, //pokemonshowdown.com/images/pokemonshowdownbeta@2x.png 2x" alt="Pok&eacute;mon Showdown" width="146" height="44" /> Home</a></li>
			<li><a class="button" href="//pokemonshowdown.com/dex/">Pok&eacute;dex</a></li>
			<li><a class="button cur" href="/">Replays</a></li>
			<li><a class="button" href="//pokemonshowdown.com/ladder/">Ladder</a></li>
			<li><a class="button nav-last" href="//pokemonshowdown.com/forums/">Forum</a></li>
			<li><a class="button greenbutton nav-first nav-last" href="//play.pokemonshowdown.com/">Play</a></li>
		</ul></div>
	</header>

	<div class="main" id="main">

		<noscript><section class="section">You need to enable JavaScript to use this page; sorry!</section></noscript>

	</div>

</div>

<script defer nomodule src="//play.pokemonshowdown.com/js/lib/ps-polyfill.js"></script>
<script defer src="//play.pokemonshowdown.com/js/lib/preact.min.js"></script>

<script defer src="//play.pokemonshowdown.com/config/config.js?2bddbc15"></script>
<script defer src="//play.pokemonshowdown.com/js/lib/jquery-1.11.0.min.js"></script>
<script defer src="//play.pokemonshowdown.com/js/lib/html-sanitizer-minified.js"></script>
<script defer src="//play.pokemonshowdown.com/js/battle-sound.js"></script>
<script defer src="//play.pokemonshowdown.com/js/battledata.js?0.7209276989879541"></script>
<script defer src="//play.pokemonshowdown.com/data/pokedex-mini.js?0.6111056340867951"></script>
<script defer src="//play.pokemonshowdown.com/data/pokedex-mini-bw.js?0.3532142036491459"></script>
<script defer src="//play.pokemonshowdown.com/data/graphics.js?0.24223875632456182"></script>
<script defer src="//play.pokemonshowdown.com/data/pokedex.js?0.38839984266356864"></script>
<script defer src="//play.pokemonshowdown.com/data/moves.js?0.21866028504024015"></script>
<script defer src="//play.pokemonshowdown.com/data/abilities.js?0.2005157953846628"></script>
<script defer src="//play.pokemonshowdown.com/data/items.js?0.9894211263848525"></script>
<script defer src="//play.pokemonshowdown.com/data/teambuilder-tables.js?0.6008791140282215"></script>
<script defer src="//play.pokemonshowdown.com/js/battle-tooltips.js?0.7580118955022959"></script>
<script defer src="//play.pokemonshowdown.com/js/battle.js?0.6057722274234274"></script>

<script defer src="js/utils.js?e31f9a17"></script>
<script defer src="js/replays-battle.js?7008c182"></script>

<!-- don't scrape this data! just add .json or .log after the URL!
Full API docs: https://github.com/smogon/pokemon-showdown-client/blob/master/WEB-API.md -->
<script type="text/plain" class="log" id="replaylog-smogtours-gen3ou-801040">
|inactive|Battle timer is ON: inactive players will automatically lose when time's up.
|t:|1729514978
|gametype|singles
|player|p1|CazabichosPablo|266|
|player|p2|Himurabt|depotagent|
|teamsize|p1|6
|teamsize|p2|6
|gen|3
|tier|[Gen 3] OU
|rule|Sleep Clause Mod: Limit one foe put to sleep
|rule|Switch Priority Clause Mod: Faster Pokémon switch first
|rule|Species Clause: Limit one of each Pokémon
|rule|OHKO Clause: OHKO moves are banned
|rule|Evasion Items Clause: Evasion items are banned
|rule|Evasion Moves Clause: Evasion moves are banned
|rule|Endless Battle Clause: Forcing endless battles is banned
|rule|HP Percentage Mod: HP is shown in percentages
|rule|One Boost Passer Clause: Limit one Baton Passer that has a way to boost its stats
|rule|Freeze Clause Mod: Limit one foe frozen
|
|t:|1729514978
|start
|switch|p1a: Tyranitar|Tyranitar, F|100/100
|switch|p2a: Zapdos|Zapdos|100/100
|-weather|Sandstorm|[from] ability: Sand Stream|[of] p1a: Tyranitar
|turn|1
|c|☆Himurabt|gl
|
|t:|1729514987
|switch|p2a: Flygon|Flygon, M|100/100
|move|p1a: Tyranitar|Ancient Power|p2a: Flygon
|-resisted|p2a: Flygon
|-damage|p2a: Flygon|87/100
|
|-weather|Sandstorm|[upkeep]
|-heal|p2a: Flygon|93/100|[from] item: Leftovers
|upkeep
|turn|2
|c|☆CazabichosPablo|hfç
|
|t:|1729514995
|switch|p1a: Manin|Gengar, F|100/100
|move|p2a: Flygon|Screech|p1a: Manin
|-unboost|p1a: Manin|def|2
|
|-weather|Sandstorm|[upkeep]
|-damage|p1a: Manin|94/100|[from] Sandstorm
|-heal|p1a: Manin|100/100|[from] item: Leftovers
|-heal|p2a: Flygon|99/100|[from] item: Leftovers
|upkeep
|turn|3
|
|t:|1729515003
|switch|p2a: Banette|Banette, M|100/100
|move|p1a: Manin|Ice Punch|p2a: Banette
|-damage|p2a: Banette|71/100
|
|-weather|Sandstorm|[upkeep]
|-damage|p1a: Manin|94/100|[from] Sandstorm
|-damage|p2a: Banette|65/100|[from] Sandstorm
|-heal|p1a: Manin|100/100|[from] item: Leftovers
|-heal|p2a: Banette|71/100|[from] item: Leftovers
|upkeep
|turn|4
|
|t:|1729515016
|switch|p1a: Jirachi|Jirachi|100/100
|move|p2a: Banette|Thunder Wave|p1a: Jirachi
|-status|p1a: Jirachi|par
|
|-weather|Sandstorm|[upkeep]
|-damage|p2a: Banette|65/100|[from] Sandstorm
|-heal|p2a: Banette|71/100|[from] item: Leftovers
|upkeep
|turn|5
|
|t:|1729515032
|switch|p2a: Scizor|Scizor, M|100/100
|cant|p1a: Jirachi|par
|
|-weather|Sandstorm|[upkeep]
|upkeep
|turn|6
|
|t:|1729515039
|switch|p1a: Skarmory|Skarmory, F|100/100
|move|p2a: Scizor|Hidden Power|p1a: Skarmory
|-immune|p1a: Skarmory
|
|-weather|Sandstorm|[upkeep]
|upkeep
|turn|7
|
|t:|1729515042
|switch|p2a: Starmie|Starmie|100/100
|move|p1a: Skarmory|Spikes|p2a: Starmie
|-sidestart|p2: Himurabt|Spikes
|
|-weather|Sandstorm|[upkeep]
|-damage|p2a: Starmie|94/100|[from] Sandstorm
|-heal|p2a: Starmie|100/100|[from] item: Leftovers
|upkeep
|turn|8
|
|t:|1729515048
|move|p2a: Starmie|Thunder Wave|p1a: Skarmory
|-status|p1a: Skarmory|par
|move|p1a: Skarmory|Toxic|p2a: Starmie
|-status|p2a: Starmie|tox
|
|-weather|Sandstorm|[upkeep]
|-damage|p2a: Starmie|94/100 tox|[from] Sandstorm
|-heal|p2a: Starmie|100/100 tox|[from] item: Leftovers
|-damage|p2a: Starmie|94/100 tox|[from] psn
|upkeep
|turn|9
|
|t:|1729515051
|cant|p1a: Skarmory|par
|move|p2a: Starmie|Rapid Spin|p1a: Skarmory
|-resisted|p1a: Skarmory
|-damage|p1a: Skarmory|99/100 par
|-sideend|p2: Himurabt|Spikes|[from] move: Rapid Spin|[of] p2a: Starmie
|
|-weather|Sandstorm|[upkeep]
|-damage|p2a: Starmie|88/100 tox|[from] Sandstorm
|-heal|p2a: Starmie|94/100 tox|[from] item: Leftovers
|-damage|p2a: Starmie|82/100 tox|[from] psn
|-heal|p1a: Skarmory|100/100 par|[from] item: Leftovers
|upkeep
|turn|10
|
|t:|1729515057
|-curestatus|p2a: Starmie|tox|[from] ability: Natural Cure
|switch|p2a: Zapdos|Zapdos|100/100
|move|p1a: Skarmory|Spikes|p2a: Zapdos
|-sidestart|p2: Himurabt|Spikes
|
|-weather|Sandstorm|[upkeep]
|-damage|p2a: Zapdos|94/100|[from] Sandstorm
|-heal|p2a: Zapdos|100/100|[from] item: Leftovers
|upkeep
|turn|11
|
|t:|1729515064
|switch|p1a: Flygon|Flygon, M|100/100
|move|p2a: Zapdos|Thunderbolt|p1a: Flygon
|-immune|p1a: Flygon
|
|-weather|Sandstorm|[upkeep]
|-damage|p2a: Zapdos|94/100|[from] Sandstorm
|-heal|p2a: Zapdos|100/100|[from] item: Leftovers
|upkeep
|turn|12
|
|t:|1729515082
|switch|p2a: Scizor|Scizor, M|100/100
|-damage|p2a: Scizor|88/100|[from] Spikes
|move|p1a: Flygon|Toxic|p2a: Scizor
|-immune|p2a: Scizor
|
|-weather|Sandstorm|[upkeep]
|upkeep
|turn|13
|
|t:|1729515087
|move|p1a: Flygon|Earthquake|p2a: Scizor
|-damage|p2a: Scizor|45/100
|move|p2a: Scizor|Return|p1a: Flygon
|-damage|p1a: Flygon|56/100
|
|-weather|Sandstorm|[upkeep]
|-heal|p1a: Flygon|62/100|[from] item: Leftovers
|upkeep
|turn|14
|
|t:|1729515098
|move|p1a: Flygon|Earthquake|p2a: Scizor
|-damage|p2a: Scizor|5/100
|move|p2a: Scizor|Return|p1a: Flygon
|-damage|p1a: Flygon|10/100
|
|-weather|Sandstorm|[upkeep]
|-heal|p1a: Flygon|16/100|[from] item: Leftovers
|upkeep
|turn|15
|
|t:|1729515105
|move|p1a: Flygon|Earthquake|p2a: Scizor
|-damage|p2a: Scizor|0 fnt
|faint|p2a: Scizor
|
|t:|1729515109
|switch|p2a: Starmie|Starmie|82/100
|-damage|p2a: Starmie|70/100|[from] Spikes
|
|-weather|Sandstorm|[upkeep]
|-damage|p2a: Starmie|64/100|[from] Sandstorm
|-heal|p2a: Starmie|70/100|[from] item: Leftovers
|-heal|p1a: Flygon|22/100|[from] item: Leftovers
|upkeep
|turn|16
|
|t:|1729515112
|move|p1a: Flygon|Protect|p1a: Flygon
|-singleturn|p1a: Flygon|Protect
|move|p2a: Starmie|Surf|p1a: Flygon
|-activate|p1a: Flygon|Protect
|
|-weather|Sandstorm|[upkeep]
|-damage|p2a: Starmie|64/100|[from] Sandstorm
|-heal|p2a: Starmie|70/100|[from] item: Leftovers
|-heal|p1a: Flygon|28/100|[from] item: Leftovers
|upkeep
|turn|17
|
|t:|1729515120
|switch|p1a: Skarmory|Skarmory, F|100/100 par
|move|p2a: Starmie|Surf|p1a: Skarmory
|-damage|p1a: Skarmory|64/100 par
|
|-weather|Sandstorm|[upkeep]
|-damage|p2a: Starmie|64/100|[from] Sandstorm
|-heal|p2a: Starmie|70/100|[from] item: Leftovers
|-heal|p1a: Skarmory|70/100 par|[from] item: Leftovers
|upkeep
|turn|18
|
|t:|1729515123
|move|p2a: Starmie|Rapid Spin|p1a: Skarmory
|-resisted|p1a: Skarmory
|-damage|p1a: Skarmory|69/100 par
|-sideend|p2: Himurabt|Spikes|[from] move: Rapid Spin|[of] p2a: Starmie
|move|p1a: Skarmory|Toxic|p2a: Starmie|[miss]
|-miss|p1a: Skarmory|p2a: Starmie
|
|-weather|Sandstorm|[upkeep]
|-damage|p2a: Starmie|64/100|[from] Sandstorm
|-heal|p2a: Starmie|70/100|[from] item: Leftovers
|-heal|p1a: Skarmory|75/100 par|[from] item: Leftovers
|upkeep
|turn|19
|
|t:|1729515127
|move|p2a: Starmie|Surf|p1a: Skarmory
|-damage|p1a: Skarmory|40/100 par
|move|p1a: Skarmory|Toxic|p2a: Starmie
|-status|p2a: Starmie|tox
|
|-weather|Sandstorm|[upkeep]
|-damage|p2a: Starmie|64/100 tox|[from] Sandstorm
|-heal|p2a: Starmie|70/100 tox|[from] item: Leftovers
|-damage|p2a: Starmie|64/100 tox|[from] psn
|-heal|p1a: Skarmory|46/100 par|[from] item: Leftovers
|upkeep
|turn|20
|
|t:|1729515132
|-curestatus|p2a: Starmie|tox|[from] ability: Natural Cure
|switch|p2a: Celebi|Celebi|100/100
|move|p1a: Skarmory|Protect||[still]
|-fail|p1a: Skarmory
|
|-weather|Sandstorm|[upkeep]
|-damage|p2a: Celebi|94/100|[from] Sandstorm
|-heal|p2a: Celebi|100/100|[from] item: Leftovers
|-heal|p1a: Skarmory|52/100 par|[from] item: Leftovers
|upkeep
|turn|21
|
|t:|1729515135
|move|p2a: Celebi|Calm Mind|p2a: Celebi
|-boost|p2a: Celebi|spa|1
|-boost|p2a: Celebi|spd|1
|move|p1a: Skarmory|Spikes|p2a: Celebi
|-sidestart|p2: Himurabt|Spikes
|
|-weather|Sandstorm|[upkeep]
|-damage|p2a: Celebi|94/100|[from] Sandstorm
|-heal|p2a: Celebi|100/100|[from] item: Leftovers
|-heal|p1a: Skarmory|58/100 par|[from] item: Leftovers
|upkeep
|turn|22
|
|t:|1729515137
|move|p2a: Celebi|Hidden Power|p1a: Skarmory
|-supereffective|p1a: Skarmory
|-damage|p1a: Skarmory|3/100 par
|move|p1a: Skarmory|Roar|p2a: Celebi
|drag|p2a: Starmie|Starmie|64/100
|-damage|p2a: Starmie|51/100|[from] Spikes
|
|-weather|Sandstorm|[upkeep]
|-damage|p2a: Starmie|45/100|[from] Sandstorm
|-heal|p2a: Starmie|51/100|[from] item: Leftovers
|-heal|p1a: Skarmory|9/100 par|[from] item: Leftovers
|upkeep
|turn|23
|
|t:|1729515145
|move|p2a: Starmie|Surf|p1a: Skarmory
|-damage|p1a: Skarmory|0 fnt
|faint|p1a: Skarmory
|
|t:|1729515147
|switch|p1a: Manin|Gengar, F|100/100
|
|-weather|Sandstorm|[upkeep]
|-damage|p2a: Starmie|45/100|[from] Sandstorm
|-damage|p1a: Manin|94/100|[from] Sandstorm
|-heal|p2a: Starmie|51/100|[from] item: Leftovers
|-heal|p1a: Manin|100/100|[from] item: Leftovers
|upkeep
|turn|24
|
|t:|1729515160
|move|p2a: Starmie|Thunder Wave|p1a: Manin
|-status|p1a: Manin|par
|move|p1a: Manin|Thunderbolt|p2a: Starmie
|-supereffective|p2a: Starmie
|-damage|p2a: Starmie|0 fnt
|faint|p2a: Starmie
|
|t:|1729515165
|switch|p2a: Banette|Banette, M|71/100
|-damage|p2a: Banette|59/100|[from] Spikes
|
|-weather|Sandstorm|[upkeep]
|-damage|p2a: Banette|53/100|[from] Sandstorm
|-damage|p1a: Manin|94/100 par|[from] Sandstorm
|-heal|p2a: Banette|59/100|[from] item: Leftovers
|-heal|p1a: Manin|100/100 par|[from] item: Leftovers
|upkeep
|turn|25
|
|t:|1729515175
|switch|p1a: Aerodactyl|Aerodactyl, F|100/100
|move|p2a: Banette|Shadow Ball|p1a: Aerodactyl
|-damage|p1a: Aerodactyl|47/100
|
|-weather|Sandstorm|[upkeep]
|-damage|p2a: Banette|53/100|[from] Sandstorm
|-heal|p2a: Banette|59/100|[from] item: Leftovers
|upkeep
|turn|26
|
|t:|1729515183
|move|p1a: Aerodactyl|Hidden Power|p2a: Banette
|-damage|p2a: Banette|0 fnt
|faint|p2a: Banette
|
|t:|1729515189
|switch|p2a: Flygon|Flygon, M|99/100
|
|-weather|Sandstorm|[upkeep]
|-heal|p2a: Flygon|100/100|[from] item: Leftovers
|upkeep
|turn|27
|
|t:|1729515192
|switch|p1a: Flygon|Flygon, M|28/100
|move|p2a: Flygon|Rock Slide|p1a: Flygon
|-resisted|p1a: Flygon
|-damage|p1a: Flygon|21/100
|
|-weather|Sandstorm|[upkeep]
|-heal|p1a: Flygon|27/100|[from] item: Leftovers
|upkeep
|turn|28
|
|t:|1729515196
|move|p1a: Flygon|Toxic|p2a: Flygon
|-status|p2a: Flygon|tox
|move|p2a: Flygon|Hidden Power|p1a: Flygon
|-damage|p1a: Flygon|13/100
|
|-weather|Sandstorm|[upkeep]
|-heal|p1a: Flygon|19/100|[from] item: Leftovers
|-damage|p2a: Flygon|95/100 tox|[from] psn
|upkeep
|turn|29
|
|t:|1729515200
|switch|p2a: Celebi|Celebi|100/100
|-damage|p2a: Celebi|88/100|[from] Spikes
|move|p1a: Flygon|Rock Slide|p2a: Celebi|[miss]
|-miss|p1a: Flygon|p2a: Celebi
|
|-weather|Sandstorm|[upkeep]
|-damage|p2a: Celebi|82/100|[from] Sandstorm
|-heal|p2a: Celebi|88/100|[from] item: Leftovers
|-heal|p1a: Flygon|25/100|[from] item: Leftovers
|upkeep
|turn|30
|
|t:|1729515208
|switch|p1a: Tyranitar|Tyranitar, F|100/100
|move|p2a: Celebi|Psychic|p1a: Tyranitar
|-immune|p1a: Tyranitar
|
|-weather|Sandstorm|[upkeep]
|-damage|p2a: Celebi|82/100|[from] Sandstorm
|-heal|p2a: Celebi|88/100|[from] item: Leftovers
|upkeep
|turn|31
|
|t:|1729515212
|move|p2a: Celebi|Giga Drain|p1a: Tyranitar
|-supereffective|p1a: Tyranitar
|-damage|p1a: Tyranitar|48/100
|-heal|p2a: Celebi|100/100|[from] drain|[of] p1a: Tyranitar
|move|p1a: Tyranitar|Fire Blast|p2a: Celebi
|-supereffective|p2a: Celebi
|-damage|p2a: Celebi|35/100
|-status|p2a: Celebi|brn
|
|-weather|Sandstorm|[upkeep]
|-damage|p2a: Celebi|28/100 brn|[from] Sandstorm
|-heal|p2a: Celebi|35/100 brn|[from] item: Leftovers
|-damage|p2a: Celebi|22/100 brn|[from] brn
|upkeep
|turn|32
|
|t:|1729515223
|-curestatus|p2a: Celebi|brn|[from] ability: Natural Cure
|switch|p2a: Zapdos|Zapdos|100/100
|switch|p1a: Jirachi|Jirachi|100/100 par
|
|-weather|Sandstorm|[upkeep]
|-damage|p2a: Zapdos|94/100|[from] Sandstorm
|-heal|p2a: Zapdos|100/100|[from] item: Leftovers
|upkeep
|turn|33
|
|t:|1729515227
|move|p2a: Zapdos|Extrasensory|p1a: Jirachi
|-resisted|p1a: Jirachi
|-damage|p1a: Jirachi|97/100 par
|move|p1a: Jirachi|Ice Punch|p2a: Zapdos
|-supereffective|p2a: Zapdos
|-damage|p2a: Zapdos|58/100
|
|-weather|Sandstorm|[upkeep]
|-damage|p2a: Zapdos|52/100|[from] Sandstorm
|-heal|p2a: Zapdos|58/100|[from] item: Leftovers
|-heal|p1a: Jirachi|100/100 par|[from] item: Leftovers
|upkeep
|turn|34
|
|t:|1729515231
|move|p2a: Zapdos|Thunderbolt|p1a: Jirachi
|-damage|p1a: Jirachi|71/100 par
|move|p1a: Jirachi|Calm Mind|p1a: Jirachi
|-boost|p1a: Jirachi|spa|1
|-boost|p1a: Jirachi|spd|1
|
|-weather|Sandstorm|[upkeep]
|-damage|p2a: Zapdos|52/100|[from] Sandstorm
|-heal|p2a: Zapdos|58/100|[from] item: Leftovers
|-heal|p1a: Jirachi|77/100 par|[from] item: Leftovers
|upkeep
|turn|35
|
|t:|1729515235
|move|p1a: Jirachi|Wish|p1a: Jirachi
|move|p2a: Zapdos|Roar|p1a: Jirachi
|drag|p1a: Manin|Gengar, F|100/100 par
|
|-weather|Sandstorm|[upkeep]
|-damage|p2a: Zapdos|52/100|[from] Sandstorm
|-damage|p1a: Manin|94/100 par|[from] Sandstorm
|-heal|p2a: Zapdos|58/100|[from] item: Leftovers
|-heal|p1a: Manin|100/100 par|[from] item: Leftovers
|upkeep
|turn|36
|
|t:|1729515237
|move|p2a: Zapdos|Extrasensory|p1a: Manin
|-supereffective|p1a: Manin
|-damage|p1a: Manin|7/100 par
|cant|p1a: Manin|par
|
|-heal|p1a: Manin|57/100 par|[from] move: Wish|[wisher] Jirachi
|-weather|Sandstorm|[upkeep]
|-damage|p2a: Zapdos|52/100|[from] Sandstorm
|-damage|p1a: Manin|51/100 par|[from] Sandstorm
|-heal|p2a: Zapdos|58/100|[from] item: Leftovers
|-heal|p1a: Manin|57/100 par|[from] item: Leftovers
|upkeep
|turn|37
|
|t:|1729515242
|move|p2a: Zapdos|Thunderbolt|p1a: Manin
|-damage|p1a: Manin|0 fnt
|faint|p1a: Manin
|
|t:|1729515243
|switch|p1a: Jirachi|Jirachi|77/100 par
|
|-weather|Sandstorm|[upkeep]
|-damage|p2a: Zapdos|52/100|[from] Sandstorm
|-heal|p2a: Zapdos|58/100|[from] item: Leftovers
|-heal|p1a: Jirachi|84/100 par|[from] item: Leftovers
|upkeep
|turn|38
|
|t:|1729515248
|switch|p2a: Flygon|Flygon, M|95/100 tox
|move|p1a: Jirachi|Wish|p1a: Jirachi
|
|-weather|Sandstorm|[upkeep]
|-heal|p2a: Flygon|100/100 tox|[from] item: Leftovers
|-damage|p2a: Flygon|95/100 tox|[from] psn
|-heal|p1a: Jirachi|90/100 par|[from] item: Leftovers
|upkeep
|turn|39
|
|t:|1729515252
|switch|p1a: Flygon|Flygon, M|25/100
|move|p2a: Flygon|Earthquake|p1a: Flygon
|-immune|p1a: Flygon
|
|-heal|p1a: Flygon|75/100|[from] move: Wish|[wisher] Jirachi
|-weather|Sandstorm|[upkeep]
|-heal|p1a: Flygon|82/100|[from] item: Leftovers
|-heal|p2a: Flygon|100/100 tox|[from] item: Leftovers
|-damage|p2a: Flygon|89/100 tox|[from] psn
|upkeep
|turn|40
|
|t:|1729515256
|move|p1a: Flygon|Rock Slide|p2a: Flygon
|-resisted|p2a: Flygon
|-damage|p2a: Flygon|79/100 tox
|move|p2a: Flygon|Screech|p1a: Flygon
|-unboost|p1a: Flygon|def|2
|
|-weather|Sandstorm|[upkeep]
|-heal|p1a: Flygon|88/100|[from] item: Leftovers
|-heal|p2a: Flygon|85/100 tox|[from] item: Leftovers
|-damage|p2a: Flygon|67/100 tox|[from] psn
|upkeep
|turn|41
|
|t:|1729515262
|switch|p1a: Tyranitar|Tyranitar, F|48/100
|move|p2a: Flygon|Hidden Power|p1a: Tyranitar
|-supereffective|p1a: Tyranitar
|-damage|p1a: Tyranitar|9/100
|
|-weather|Sandstorm|[upkeep]
|-heal|p2a: Flygon|73/100 tox|[from] item: Leftovers
|-damage|p2a: Flygon|49/100 tox|[from] psn
|upkeep
|turn|42
|
|t:|1729515267
|move|p1a: Tyranitar|Hidden Power|p2a: Flygon
|-damage|p2a: Flygon|30/100 tox
|move|p2a: Flygon|Hidden Power|p1a: Tyranitar
|-supereffective|p1a: Tyranitar
|-damage|p1a: Tyranitar|0 fnt
|faint|p1a: Tyranitar
|
|t:|1729515271
|switch|p1a: Aerodactyl|Aerodactyl, F|47/100
|
|-weather|Sandstorm|[upkeep]
|-heal|p2a: Flygon|36/100 tox|[from] item: Leftovers
|-damage|p2a: Flygon|6/100 tox|[from] psn
|upkeep
|turn|43
|
|t:|1729515276
|move|p1a: Aerodactyl|Rock Slide|p2a: Flygon
|-resisted|p2a: Flygon
|-damage|p2a: Flygon|0 fnt
|faint|p2a: Flygon
|
|t:|1729515281
|switch|p2a: Zapdos|Zapdos|58/100
|
|-weather|Sandstorm|[upkeep]
|-damage|p2a: Zapdos|52/100|[from] Sandstorm
|-heal|p2a: Zapdos|58/100|[from] item: Leftovers
|upkeep
|turn|44
|
|t:|1729515282
|move|p1a: Aerodactyl|Rock Slide|p2a: Zapdos
|-supereffective|p2a: Zapdos
|-damage|p2a: Zapdos|0 fnt
|faint|p2a: Zapdos
|-message|Himurabt forfeited.
|
|win|CazabichosPablo
|player|p2|
|c|☆CazabichosPablo|gg

</script>
<script type="application/json" class="data" id="replaydata-smogtours-gen3ou-801040">
{"id":"smogtours-gen3ou-801040","format":"[Gen 3] OU","players":["CazabichosPablo","Himurabt"],"uploadtime":1729515286,"views":131,"formatid":"gen3ou","rating":null,"private":0,"password":null}
</script>

<script defer src="js/replays.js?9d40a366"></script>
