<!DOCTYPE html>
<meta charset="utf-8" />
<meta name="viewport" content="width=device-width" />

<title>[Gen 3] OU: erfder vs. TefoShark - Replays - Pok&eacute;mon Showdown!</title>

<meta name="description" content="Watch a replay of a Pok&eacute;mon battle between erfder and TefoShark! Format: [Gen 3] OU; Date: Oct 20, 2024" />
<!--

Hey, you! Looking in the source for the replay log?

You can find them in JSON format, just add `.json` at the end of a replay URL.

https://replay.pokemonshowdown.com/gen7randomdoublesbattle-865046831.json

Or, if you only need the log itself, add `.log` instead:

https://replay.pokemonshowdown.com/gen7randomdoublesbattle-865046831.log

-->

<link rel="stylesheet" href="//pokemonshowdown.com/style/global.css?0.023195364461161105" />
<link rel="stylesheet" href="//play.pokemonshowdown.com/style/font-awesome.css?0.13261647063804238" />
<link rel="stylesheet" href="//play.pokemonshowdown.com/style/battle.css?0.8753245789963631" />
<link rel="stylesheet" href="//play.pokemonshowdown.com/style/utilichart.css?0.8627959624976733" />

<!-- Global site tag (gtag.js) - Google Analytics -->
<script async src="https://www.googletagmanager.com/gtag/js?id=UA-26211653-1"></script>
<script>
  window.dataLayer = window.dataLayer || [];
  function gtag(){dataLayer.push(arguments);}
  gtag('js', new Date());

  gtag('config', 'UA-26211653-1');
</script>
<!-- End Google Analytics -->
<!-- Venatus Ad Manager - Install in <HEAD> of page -->
	<script src="https://hb.vntsm.com/v3/live/ad-manager.min.js" type="text/javascript" data-site-id="642aba63ec9a7b11c3c9c1be" data-mode="scan" async></script>
<!-- / Venatus Ad Manager -->

<style>
	@media (max-width:820px) {
		.battle {
			margin: 0 auto;
		}
		.battle-log {
			margin: 7px auto 0;
			max-width: 640px;
			height: 300px;
			position: static;
		}
	}
	.optgroup {
		display: inline-block;
		line-height: 22px;
		font-size: 10pt;
	}
	.optgroup .button {
		height: 25px;
		padding-top: 0;
		padding-bottom: 0;
	}
	.optgroup button.button {
		padding-left: 12px;
		padding-right: 12px;
	}
	.linklist {
		list-style: none;
		margin: 0.5em 0;
		padding: 0;
	}
	.linklist li {
		padding: 2px 0;
	}
	.sidebar {
		float: left;
		width: 320px;
	}
	.bar-wrapper {
		max-width: 1100px;
		margin: 0 auto;
	}
	.bar-wrapper.has-sidebar {
		max-width: 1430px;
	}
	.mainbar {
		margin: 0;
		padding-right: 1px;
	}
	.mainbar.has-sidebar {
		margin-left: 330px;
	}
	@media (min-width: 1511px) {
		.sidebar {
			width: 400px;
		}
		.bar-wrapper.has-sidebar {
			max-width: 1510px;
		}
		.mainbar.has-sidebar {
			margin-left: 410px;
		}
	}
	.section.first-section {
		margin-top: 9px;
	}
	.blocklink small {
		white-space: normal;
	}
	.button {
		vertical-align: middle;
	}
	.replay-controls {
		padding-top: 10px;
	}
	.replay-controls h1 {
		font-size: 16pt;
		font-weight: normal;
		color: #CCC;
	}
	.pagelink {
		text-align: center;
	}
	.pagelink a {
		width: 150px;
	}
	.textbox, .button {
		font-size: 11pt;
		vertical-align: middle;
	}
	@media (max-width: 450px) {
		.button {
			font-size: 9pt;
		}
	}
</style>

<div>

	<header>
		<div class="nav-wrapper"><ul class="nav">
			<li><a class="button nav-first" href="//pokemonshowdown.com/"><img src="//pokemonshowdown.com/images/pokemonshowdownbeta.png" srcset="//pokemonshowdown.com/images/pokemonshowdownbeta.png 1x, //pokemonshowdown.com/images/pokemonshowdownbeta@2x.png 2x" alt="Pok&eacute;mon Showdown" width="146" height="44" /> Home</a></li>
			<li><a class="button" href="//pokemonshowdown.com/dex/">Pok&eacute;dex</a></li>
			<li><a class="button cur" href="/">Replays</a></li>
			<li><a class="button" href="//pokemonshowdown.com/ladder/">Ladder</a></li>
			<li><a class="button nav-last" href="//pokemonshowdown.com/forums/">Forum</a></li>
			<li><a class="button greenbutton nav-first nav-last" href="//play.pokemonshowdown.com/">Play</a></li>
		</ul></div>
	</header>

	<div class="main" id="main">

		<noscript><section class="section">You need to enable JavaScript to use this page; sorry!</section></noscript>

	</div>

</div>

<script defer nomodule src="//play.pokemonshowdown.com/js/lib/ps-polyfill.js"></script>
<script defer src="//play.pokemonshowdown.com/js/lib/preact.min.js"></script>

<script defer src="//play.pokemonshowdown.com/config/config.js?2bddbc15"></script>
<script defer src="//play.pokemonshowdown.com/js/lib/jquery-1.11.0.min.js"></script>
<script defer src="//play.pokemonshowdown.com/js/lib/html-sanitizer-minified.js"></script>
<script defer src="//play.pokemonshowdown.com/js/battle-sound.js"></script>
<script defer src="//play.pokemonshowdown.com/js/battledata.js?0.7209276989879541"></script>
<script defer src="//play.pokemonshowdown.com/data/pokedex-mini.js?0.6111056340867951"></script>
<script defer src="//play.pokemonshowdown.com/data/pokedex-mini-bw.js?0.3532142036491459"></script>
<script defer src="//play.pokemonshowdown.com/data/graphics.js?0.24223875632456182"></script>
<script defer src="//play.pokemonshowdown.com/data/pokedex.js?0.38839984266356864"></script>
<script defer src="//play.pokemonshowdown.com/data/moves.js?0.21866028504024015"></script>
<script defer src="//play.pokemonshowdown.com/data/abilities.js?0.2005157953846628"></script>
<script defer src="//play.pokemonshowdown.com/data/items.js?0.9894211263848525"></script>
<script defer src="//play.pokemonshowdown.com/data/teambuilder-tables.js?0.6008791140282215"></script>
<script defer src="//play.pokemonshowdown.com/js/battle-tooltips.js?0.7580118955022959"></script>
<script defer src="//play.pokemonshowdown.com/js/battle.js?0.6057722274234274"></script>

<script defer src="js/utils.js?e31f9a17"></script>
<script defer src="js/replays-battle.js?7008c182"></script>

<!-- don't scrape this data! just add .json or .log after the URL!
Full API docs: https://github.com/smogon/pokemon-showdown-client/blob/master/WEB-API.md -->
<script type="text/plain" class="log" id="replaylog-smogtours-gen3ou-800198">
|inactive|Battle timer is ON: inactive players will automatically lose when time's up.
|t:|1729384461
|gametype|singles
|player|p1|erfder|lisia-masters|
|player|p2|TefoShark|acetrainer|
|teamsize|p1|6
|teamsize|p2|6
|gen|3
|tier|[Gen 3] OU
|rule|Sleep Clause Mod: Limit one foe put to sleep
|rule|Switch Priority Clause Mod: Faster Pokémon switch first
|rule|Species Clause: Limit one of each Pokémon
|rule|OHKO Clause: OHKO moves are banned
|rule|Evasion Items Clause: Evasion items are banned
|rule|Evasion Moves Clause: Evasion moves are banned
|rule|Endless Battle Clause: Forcing endless battles is banned
|rule|HP Percentage Mod: HP is shown in percentages
|rule|One Boost Passer Clause: Limit one Baton Passer that has a way to boost its stats
|rule|Freeze Clause Mod: Limit one foe frozen
|
|t:|1729384461
|start
|switch|p1a: Sceptile|Sceptile, F|100/100
|switch|p2a: Salamence|Salamence, M|100/100
|-ability|p2a: Salamence|Intimidate|boost
|-unboost|p1a: Sceptile|atk|1
|turn|1
|c|☆TefoShark|glhf
|
|t:|1729384481
|switch|p2a: Snorlax|Snorlax, M|100/100
|move|p1a: Sceptile|Hidden Power|p2a: Snorlax
|-damage|p2a: Snorlax|89/100
|
|-heal|p2a: Snorlax|95/100|[from] item: Leftovers
|upkeep
|turn|2
|
|t:|1729384485
|switch|p1a: Forretress|Forretress, F|100/100
|move|p2a: Snorlax|Body Slam|p1a: Forretress
|-resisted|p1a: Forretress
|-crit|p1a: Forretress
|-damage|p1a: Forretress|72/100
|
|-heal|p1a: Forretress|78/100|[from] item: Leftovers
|-heal|p2a: Snorlax|100/100|[from] item: Leftovers
|upkeep
|turn|3
|
|t:|1729384508
|switch|p2a: Salamence|Salamence, M|100/100
|-ability|p2a: Salamence|Intimidate|boost
|-unboost|p1a: Forretress|atk|1
|move|p1a: Forretress|Spikes|p2a: Salamence
|-sidestart|p2: TefoShark|Spikes
|
|-heal|p1a: Forretress|84/100|[from] item: Leftovers
|upkeep
|turn|4
|
|t:|1729384524
|move|p2a: Salamence|Hidden Power|p1a: Forretress
|-damage|p1a: Forretress|41/100
|move|p1a: Forretress|Counter|p2a: Salamence
|-damage|p2a: Salamence|9/100
|
|-heal|p1a: Forretress|47/100|[from] item: Leftovers
|upkeep
|turn|5
|
|t:|1729384535
|move|p2a: Salamence|Hidden Power|p1a: Forretress
|-damage|p1a: Forretress|6/100
|move|p1a: Forretress|Spikes|p2a: Salamence
|-sidestart|p2: TefoShark|Spikes
|
|-heal|p1a: Forretress|12/100|[from] item: Leftovers
|upkeep
|turn|6
|
|t:|1729384542
|switch|p1a: Metagross|Metagross|100/100
|move|p2a: Salamence|Hidden Power|p1a: Metagross
|-resisted|p1a: Metagross
|-damage|p1a: Metagross|77/100
|
|upkeep
|turn|7
|
|t:|1729384547
|switch|p2a: Claydol|Claydol|100/100
|move|p1a: Metagross|Meteor Mash|p2a: Claydol
|-crit|p2a: Claydol
|-damage|p2a: Claydol|0 fnt
|faint|p2a: Claydol
|
|t:|1729384562
|switch|p2a: Magneton|Magneton|100/100
|-damage|p2a: Magneton|84/100|[from] Spikes
|
|-heal|p2a: Magneton|90/100|[from] item: Leftovers
|upkeep
|turn|8
|
|t:|1729384571
|move|p1a: Metagross|Earthquake|p2a: Magneton
|-supereffective|p2a: Magneton
|-damage|p2a: Magneton|0 fnt
|faint|p2a: Magneton
|
|t:|1729384577
|switch|p2a: Salamence|Salamence, M|9/100
|-ability|p2a: Salamence|Intimidate|boost
|-fail|p1a: Metagross|unboost|[from] ability: Clear Body|[of] p1a: Metagross
|
|upkeep
|turn|9
|
|t:|1729384584
|switch|p1a: Sceptile|Sceptile, F|100/100
|move|p2a: Salamence|Earthquake|p1a: Sceptile
|-resisted|p1a: Sceptile
|-damage|p1a: Sceptile|55/100
|
|-heal|p1a: Sceptile|62/100|[from] item: Leftovers
|upkeep
|turn|10
|
|t:|1729384589
|move|p1a: Sceptile|Leaf Blade|p2a: Salamence
|-resisted|p2a: Salamence
|-damage|p2a: Salamence|0 fnt
|faint|p2a: Salamence
|
|t:|1729384594
|switch|p2a: Snorlax|Snorlax, M|100/100
|-damage|p2a: Snorlax|84/100|[from] Spikes
|
|-heal|p1a: Sceptile|68/100|[from] item: Leftovers
|-heal|p2a: Snorlax|90/100|[from] item: Leftovers
|upkeep
|turn|11
|
|t:|1729384616
|switch|p1a: Forretress|Forretress, F|12/100
|move|p2a: Snorlax|Body Slam|p1a: Forretress
|-resisted|p1a: Forretress
|-damage|p1a: Forretress|0 fnt
|faint|p1a: Forretress
|
|t:|1729384620
|switch|p1a: Blaziken|Blaziken, M|100/100
|
|-heal|p2a: Snorlax|96/100|[from] item: Leftovers
|upkeep
|turn|12
|
|t:|1729384628
|move|p1a: Blaziken|Substitute|p1a: Blaziken
|-start|p1a: Blaziken|Substitute
|-damage|p1a: Blaziken|76/100
|move|p2a: Snorlax|Body Slam|p1a: Blaziken
|-end|p1a: Blaziken|Substitute
|
|-heal|p2a: Snorlax|100/100|[from] item: Leftovers
|upkeep
|turn|13
|
|t:|1729384633
|switch|p2a: Suicune|Suicune|100/100
|-damage|p2a: Suicune|84/100|[from] Spikes
|move|p1a: Blaziken|Substitute|p1a: Blaziken
|-start|p1a: Blaziken|Substitute
|-damage|p1a: Blaziken|51/100
|
|-heal|p2a: Suicune|90/100|[from] item: Leftovers
|upkeep
|turn|14
|
|t:|1729384642
|move|p1a: Blaziken|Reversal|p2a: Suicune
|-damage|p2a: Suicune|79/100
|move|p2a: Suicune|Roar|p1a: Blaziken
|drag|p1a: Sceptile|Sceptile, F|68/100
|
|-heal|p1a: Sceptile|74/100|[from] item: Leftovers
|-heal|p2a: Suicune|85/100|[from] item: Leftovers
|upkeep
|turn|15
|
|t:|1729384648
|switch|p2a: Celebi|Celebi|100/100
|-damage|p2a: Celebi|84/100|[from] Spikes
|move|p1a: Sceptile|Leaf Blade|p2a: Celebi
|-resisted|p2a: Celebi
|-damage|p2a: Celebi|72/100
|
|-heal|p1a: Sceptile|80/100|[from] item: Leftovers
|-heal|p2a: Celebi|79/100|[from] item: Leftovers
|upkeep
|turn|16
|
|t:|1729384652
|move|p1a: Sceptile|Crunch|p2a: Celebi
|-supereffective|p2a: Celebi
|-damage|p2a: Celebi|39/100
|move|p2a: Celebi|Leech Seed|p1a: Sceptile
|-immune|p1a: Sceptile
|
|-heal|p1a: Sceptile|86/100|[from] item: Leftovers
|-heal|p2a: Celebi|45/100|[from] item: Leftovers
|upkeep
|turn|17
|
|t:|1729384661
|move|p1a: Sceptile|Leaf Blade|p2a: Celebi
|-resisted|p2a: Celebi
|-damage|p2a: Celebi|34/100
|move|p2a: Celebi|Recover|p2a: Celebi
|-heal|p2a: Celebi|84/100
|
|-heal|p1a: Sceptile|93/100|[from] item: Leftovers
|-heal|p2a: Celebi|90/100|[from] item: Leftovers
|upkeep
|turn|18
|
|t:|1729384664
|move|p1a: Sceptile|Crunch|p2a: Celebi
|-supereffective|p2a: Celebi
|-damage|p2a: Celebi|50/100
|move|p2a: Celebi|Perish Song|p2a: Celebi
|-start|p1a: Sceptile|perish3|[silent]
|-start|p2a: Celebi|perish3|[silent]
|-fieldactivate|move: Perish Song
|
|-heal|p1a: Sceptile|99/100|[from] item: Leftovers
|-heal|p2a: Celebi|57/100|[from] item: Leftovers
|-start|p1a: Sceptile|perish3
|-start|p2a: Celebi|perish3
|upkeep
|turn|19
|
|t:|1729384667
|move|p1a: Sceptile|Crunch|p2a: Celebi
|-supereffective|p2a: Celebi
|-damage|p2a: Celebi|20/100
|move|p2a: Celebi|Recover|p2a: Celebi
|-heal|p2a: Celebi|69/100
|
|-heal|p1a: Sceptile|100/100|[from] item: Leftovers
|-heal|p2a: Celebi|76/100|[from] item: Leftovers
|-start|p1a: Sceptile|perish2
|-start|p2a: Celebi|perish2
|upkeep
|turn|20
|
|t:|1729384675
|switch|p2a: Snorlax|Snorlax, M|100/100
|-damage|p2a: Snorlax|84/100|[from] Spikes
|move|p1a: Sceptile|Crunch|p2a: Snorlax
|-damage|p2a: Snorlax|71/100
|
|-heal|p2a: Snorlax|77/100|[from] item: Leftovers
|-start|p1a: Sceptile|perish1
|upkeep
|turn|21
|
|t:|1729384681
|switch|p1a: Metagross|Metagross|77/100
|move|p2a: Snorlax|Curse|p2a: Snorlax
|-unboost|p2a: Snorlax|spe|1
|-boost|p2a: Snorlax|atk|1
|-boost|p2a: Snorlax|def|1
|
|-heal|p2a: Snorlax|83/100|[from] item: Leftovers
|upkeep
|turn|22
|
|t:|1729384686
|move|p1a: Metagross|Meteor Mash|p2a: Snorlax
|-damage|p2a: Snorlax|52/100
|-boost|p1a: Metagross|atk|1
|move|p2a: Snorlax|Curse|p2a: Snorlax
|-unboost|p2a: Snorlax|spe|1
|-boost|p2a: Snorlax|atk|1
|-boost|p2a: Snorlax|def|1
|
|-heal|p2a: Snorlax|58/100|[from] item: Leftovers
|upkeep
|turn|23
|
|t:|1729384689
|move|p1a: Metagross|Meteor Mash|p2a: Snorlax
|-damage|p2a: Snorlax|21/100
|move|p2a: Snorlax|Body Slam|p1a: Metagross
|-resisted|p1a: Metagross
|-damage|p1a: Metagross|49/100
|
|-heal|p2a: Snorlax|27/100|[from] item: Leftovers
|upkeep
|turn|24
|
|t:|1729384715
|move|p1a: Metagross|Meteor Mash|p2a: Snorlax
|-damage|p2a: Snorlax|0 fnt
|faint|p2a: Snorlax
|
|t:|1729384720
|switch|p2a: Celebi|Celebi|76/100
|-damage|p2a: Celebi|59/100|[from] Spikes
|
|-heal|p2a: Celebi|65/100|[from] item: Leftovers
|upkeep
|turn|25
|
|t:|1729384725
|move|p2a: Celebi|Recover|p2a: Celebi
|-heal|p2a: Celebi|100/100
|move|p1a: Metagross|Meteor Mash|p2a: Celebi
|-damage|p2a: Celebi|36/100
|-boost|p1a: Metagross|atk|1
|
|-heal|p2a: Celebi|43/100|[from] item: Leftovers
|upkeep
|turn|26
|
|t:|1729384729
|move|p2a: Celebi|Leech Seed|p1a: Metagross
|-start|p1a: Metagross|move: Leech Seed
|move|p1a: Metagross|Agility|p1a: Metagross
|-boost|p1a: Metagross|spe|2
|
|-damage|p1a: Metagross|37/100|[from] Leech Seed|[of] p2a: Celebi
|-heal|p2a: Celebi|53/100|[silent]
|-heal|p2a: Celebi|59/100|[from] item: Leftovers
|upkeep
|turn|27
|
|t:|1729384734
|move|p1a: Metagross|Meteor Mash|p2a: Celebi|[miss]
|-miss|p1a: Metagross|p2a: Celebi
|move|p2a: Celebi|Recover|p2a: Celebi
|-heal|p2a: Celebi|100/100
|
|-damage|p1a: Metagross|24/100|[from] Leech Seed|[of] p2a: Celebi
|upkeep
|turn|28
|
|t:|1729384739
|move|p1a: Metagross|Meteor Mash|p2a: Celebi
|-damage|p2a: Celebi|26/100
|move|p2a: Celebi|Perish Song|p2a: Celebi
|-start|p1a: Metagross|perish3|[silent]
|-start|p2a: Celebi|perish3|[silent]
|-fieldactivate|move: Perish Song
|
|-damage|p1a: Metagross|12/100|[from] Leech Seed|[of] p2a: Celebi
|-heal|p2a: Celebi|37/100|[silent]
|-heal|p2a: Celebi|43/100|[from] item: Leftovers
|-start|p1a: Metagross|perish3
|-start|p2a: Celebi|perish3
|upkeep
|turn|29
|
|t:|1729384745
|move|p1a: Metagross|Meteor Mash|p2a: Celebi|[miss]
|-miss|p1a: Metagross|p2a: Celebi
|move|p2a: Celebi|Recover|p2a: Celebi
|-heal|p2a: Celebi|93/100
|
|-damage|p1a: Metagross|0 fnt|[from] Leech Seed|[of] p2a: Celebi
|-heal|p2a: Celebi|100/100|[silent]
|faint|p1a: Metagross
|-start|p2a: Celebi|perish2
|upkeep
|
|t:|1729384766
|switch|p1a: Blaziken|Blaziken, M|51/100
|turn|30
|
|t:|1729384772
|switch|p2a: Suicune|Suicune|85/100
|-damage|p2a: Suicune|69/100|[from] Spikes
|move|p1a: Blaziken|Flamethrower|p2a: Suicune
|-resisted|p2a: Suicune
|-damage|p2a: Suicune|56/100
|
|-heal|p2a: Suicune|62/100|[from] item: Leftovers
|upkeep
|turn|31
|
|t:|1729384783
|move|p1a: Blaziken|Substitute|p1a: Blaziken
|-start|p1a: Blaziken|Substitute
|-damage|p1a: Blaziken|26/100
|move|p2a: Suicune|Calm Mind|p2a: Suicune
|-boost|p2a: Suicune|spa|1
|-boost|p2a: Suicune|spd|1
|
|-heal|p2a: Suicune|68/100|[from] item: Leftovers
|upkeep
|turn|32
|
|t:|1729384788
|move|p1a: Blaziken|Reversal|p2a: Suicune
|-damage|p2a: Suicune|48/100
|move|p2a: Suicune|Roar|p1a: Blaziken
|drag|p1a: Blissey|Blissey, F|100/100
|
|-heal|p2a: Suicune|54/100|[from] item: Leftovers
|upkeep
|turn|33
|
|t:|1729384793
|move|p2a: Suicune|Calm Mind|p2a: Suicune
|-boost|p2a: Suicune|spa|1
|-boost|p2a: Suicune|spd|1
|move|p1a: Blissey|Thunderbolt|p2a: Suicune
|-supereffective|p2a: Suicune
|-damage|p2a: Suicune|34/100
|-status|p2a: Suicune|par
|
|-heal|p2a: Suicune|40/100 par|[from] item: Leftovers
|upkeep
|turn|34
|
|t:|1729384800
|move|p1a: Blissey|Calm Mind|p1a: Blissey
|-boost|p1a: Blissey|spa|1
|-boost|p1a: Blissey|spd|1
|move|p2a: Suicune|Rest|p2a: Suicune
|-status|p2a: Suicune|slp|[from] move: Rest
|-heal|p2a: Suicune|100/100 slp|[silent]
|
|upkeep
|turn|35
|
|t:|1729384802
|move|p1a: Blissey|Calm Mind|p1a: Blissey
|-boost|p1a: Blissey|spa|1
|-boost|p1a: Blissey|spd|1
|cant|p2a: Suicune|slp
|
|upkeep
|turn|36
|
|t:|1729384804
|move|p1a: Blissey|Calm Mind|p1a: Blissey
|-boost|p1a: Blissey|spa|1
|-boost|p1a: Blissey|spd|1
|cant|p2a: Suicune|slp
|
|upkeep
|turn|37
|
|t:|1729384806
|move|p1a: Blissey|Calm Mind|p1a: Blissey
|-boost|p1a: Blissey|spa|1
|-boost|p1a: Blissey|spd|1
|-curestatus|p2a: Suicune|slp|[msg]
|move|p2a: Suicune|Roar|p1a: Blissey
|drag|p1a: Sceptile|Sceptile, F|100/100
|
|upkeep
|turn|38
|
|t:|1729384811
|move|p1a: Sceptile|Leaf Blade|p2a: Suicune
|-supereffective|p2a: Suicune
|-damage|p2a: Suicune|75/100
|move|p2a: Suicune|Calm Mind|p2a: Suicune
|-boost|p2a: Suicune|spa|1
|-boost|p2a: Suicune|spd|1
|
|-heal|p2a: Suicune|81/100|[from] item: Leftovers
|upkeep
|turn|39
|
|t:|1729384814
|move|p1a: Sceptile|Leaf Blade|p2a: Suicune
|-supereffective|p2a: Suicune
|-damage|p2a: Suicune|62/100
|move|p2a: Suicune|Calm Mind|p2a: Suicune
|-boost|p2a: Suicune|spa|1
|-boost|p2a: Suicune|spd|1
|
|-heal|p2a: Suicune|68/100|[from] item: Leftovers
|upkeep
|turn|40
|
|t:|1729384817
|move|p1a: Sceptile|Leaf Blade|p2a: Suicune
|-supereffective|p2a: Suicune
|-damage|p2a: Suicune|52/100
|move|p2a: Suicune|Roar|p1a: Sceptile
|drag|p1a: Blissey|Blissey, F|100/100
|
|-heal|p2a: Suicune|58/100|[from] item: Leftovers
|upkeep
|turn|41
|
|t:|1729384825
|switch|p1a: Swampert|Swampert, F|100/100
|move|p2a: Suicune|Calm Mind|p2a: Suicune
|-boost|p2a: Suicune|spa|1
|-boost|p2a: Suicune|spd|1
|
|-heal|p2a: Suicune|65/100|[from] item: Leftovers
|upkeep
|turn|42
|
|t:|1729384829
|move|p2a: Suicune|Surf|p1a: Swampert
|-damage|p1a: Swampert|10/100
|move|p1a: Swampert|Toxic|p2a: Suicune
|-status|p2a: Suicune|tox
|
|-heal|p2a: Suicune|71/100 tox|[from] item: Leftovers
|-damage|p2a: Suicune|65/100 tox|[from] psn
|-heal|p1a: Swampert|16/100|[from] item: Leftovers
|upkeep
|turn|43
|
|t:|1729384838
|move|p1a: Swampert|Protect|p1a: Swampert
|-singleturn|p1a: Swampert|Protect
|move|p2a: Suicune|Calm Mind|p2a: Suicune
|-boost|p2a: Suicune|spa|1
|-boost|p2a: Suicune|spd|1
|
|-heal|p2a: Suicune|71/100 tox|[from] item: Leftovers
|-damage|p2a: Suicune|58/100 tox|[from] psn
|-heal|p1a: Swampert|23/100|[from] item: Leftovers
|upkeep
|turn|44
|
|t:|1729384844
|switch|p1a: Blissey|Blissey, F|100/100
|move|p2a: Suicune|Surf|p1a: Blissey
|-damage|p1a: Blissey|51/100
|
|-heal|p2a: Suicune|65/100 tox|[from] item: Leftovers
|-damage|p2a: Suicune|46/100 tox|[from] psn
|-heal|p1a: Blissey|58/100|[from] item: Leftovers
|upkeep
|turn|45
|
|t:|1729384847
|move|p2a: Suicune|Rest|p2a: Suicune
|-status|p2a: Suicune|slp|[from] move: Rest
|-heal|p2a: Suicune|100/100 slp|[silent]
|move|p1a: Blissey|Soft-Boiled|p1a: Blissey
|-heal|p1a: Blissey|100/100
|
|upkeep
|turn|46
|
|t:|1729384849
|switch|p1a: Swampert|Swampert, F|23/100
|cant|p2a: Suicune|slp
|
|-heal|p1a: Swampert|29/100|[from] item: Leftovers
|upkeep
|turn|47
|
|t:|1729384852
|cant|p2a: Suicune|slp
|move|p1a: Swampert|Roar|p2a: Suicune
|drag|p2a: Celebi|Celebi|100/100
|-damage|p2a: Celebi|84/100|[from] Spikes
|
|-heal|p2a: Celebi|90/100|[from] item: Leftovers
|-heal|p1a: Swampert|35/100|[from] item: Leftovers
|upkeep
|turn|48
|
|t:|1729384861
|switch|p1a: Sceptile|Sceptile, F|100/100
|move|p2a: Celebi|Leech Seed|p1a: Sceptile
|-immune|p1a: Sceptile
|
|-heal|p2a: Celebi|96/100|[from] item: Leftovers
|upkeep
|turn|49
|
|t:|1729384885
|move|p1a: Sceptile|Crunch|p2a: Celebi
|-supereffective|p2a: Celebi
|-damage|p2a: Celebi|62/100
|move|p2a: Celebi|Perish Song|p2a: Celebi
|-start|p1a: Sceptile|perish3|[silent]
|-start|p2a: Celebi|perish3|[silent]
|-fieldactivate|move: Perish Song
|
|-heal|p2a: Celebi|68/100|[from] item: Leftovers
|-start|p1a: Sceptile|perish3
|-start|p2a: Celebi|perish3
|upkeep
|turn|50
|
|t:|1729384891
|move|p1a: Sceptile|Crunch|p2a: Celebi
|-supereffective|p2a: Celebi
|-damage|p2a: Celebi|33/100
|move|p2a: Celebi|Recover|p2a: Celebi
|-heal|p2a: Celebi|83/100
|
|-heal|p2a: Celebi|89/100|[from] item: Leftovers
|-start|p1a: Sceptile|perish2
|-start|p2a: Celebi|perish2
|upkeep
|turn|51
|
|t:|1729384896
|switch|p1a: Blaziken|Blaziken, M|26/100
|move|p2a: Celebi|Recover|p2a: Celebi
|-heal|p2a: Celebi|100/100
|
|-start|p2a: Celebi|perish1
|upkeep
|turn|52
|
|t:|1729384903
|switch|p2a: Suicune|Suicune|100/100 slp
|-damage|p2a: Suicune|84/100 slp|[from] Spikes
|move|p1a: Blaziken|Substitute|p1a: Blaziken
|-start|p1a: Blaziken|Substitute
|-damage|p1a: Blaziken|1/100
|
|-enditem|p1a: Blaziken|Salac Berry|[eat]
|-boost|p1a: Blaziken|spe|1|[from] item: Salac Berry
|-heal|p2a: Suicune|90/100 slp|[from] item: Leftovers
|upkeep
|turn|53
|
|t:|1729384907
|move|p1a: Blaziken|Reversal|p2a: Suicune
|-damage|p2a: Suicune|40/100 slp
|-curestatus|p2a: Suicune|slp|[msg]
|move|p2a: Suicune|Roar|p1a: Blaziken
|drag|p1a: Swampert|Swampert, F|35/100
|
|-heal|p2a: Suicune|46/100|[from] item: Leftovers
|-heal|p1a: Swampert|41/100|[from] item: Leftovers
|upkeep
|turn|54
|
|t:|1729384914
|move|p2a: Suicune|Calm Mind|p2a: Suicune
|-boost|p2a: Suicune|spa|1
|-boost|p2a: Suicune|spd|1
|move|p1a: Swampert|Toxic|p2a: Suicune
|-status|p2a: Suicune|tox
|
|-heal|p2a: Suicune|52/100 tox|[from] item: Leftovers
|-damage|p2a: Suicune|46/100 tox|[from] psn
|-heal|p1a: Swampert|47/100|[from] item: Leftovers
|upkeep
|turn|55
|
|t:|1729384923
|switch|p1a: Blaziken|Blaziken, M|1/100
|move|p2a: Suicune|Rest|p2a: Suicune
|-status|p2a: Suicune|slp|[from] move: Rest
|-heal|p2a: Suicune|100/100 slp|[silent]
|
|upkeep
|turn|56
|
|t:|1729384928
|move|p1a: Blaziken|Reversal|p2a: Suicune
|-damage|p2a: Suicune|50/100 slp
|cant|p2a: Suicune|slp
|
|-heal|p2a: Suicune|56/100 slp|[from] item: Leftovers
|upkeep
|turn|57
|
|t:|1729384936
|switch|p2a: Celebi|Celebi|100/100
|-damage|p2a: Celebi|84/100|[from] Spikes
|move|p1a: Blaziken|Reversal|p2a: Celebi
|-resisted|p2a: Celebi
|-damage|p2a: Celebi|53/100
|
|-heal|p2a: Celebi|59/100|[from] item: Leftovers
|upkeep
|turn|58
|
|t:|1729384941
|switch|p1a: Sceptile|Sceptile, F|100/100
|move|p2a: Celebi|Hidden Power|p1a: Sceptile
|-resisted|p1a: Sceptile
|-damage|p1a: Sceptile|84/100
|
|-heal|p1a: Sceptile|90/100|[from] item: Leftovers
|-heal|p2a: Celebi|65/100|[from] item: Leftovers
|upkeep
|turn|59
|
|t:|1729384946
|move|p1a: Sceptile|Crunch|p2a: Celebi
|-supereffective|p2a: Celebi
|-damage|p2a: Celebi|28/100
|move|p2a: Celebi|Perish Song|p2a: Celebi
|-start|p1a: Sceptile|perish3|[silent]
|-start|p2a: Celebi|perish3|[silent]
|-fieldactivate|move: Perish Song
|
|-heal|p1a: Sceptile|96/100|[from] item: Leftovers
|-heal|p2a: Celebi|34/100|[from] item: Leftovers
|-start|p1a: Sceptile|perish3
|-start|p2a: Celebi|perish3
|upkeep
|turn|60
|
|t:|1729384949
|move|p1a: Sceptile|Crunch|p2a: Celebi
|-supereffective|p2a: Celebi
|-damage|p2a: Celebi|0 fnt
|faint|p2a: Celebi
|
|t:|1729384952
|switch|p2a: Suicune|Suicune|56/100 slp
|-damage|p2a: Suicune|39/100 slp|[from] Spikes
|
|-heal|p1a: Sceptile|100/100|[from] item: Leftovers
|-heal|p2a: Suicune|45/100 slp|[from] item: Leftovers
|-start|p1a: Sceptile|perish2
|upkeep
|turn|61
|
|t:|1729384957
|switch|p1a: Blaziken|Blaziken, M|1/100
|cant|p2a: Suicune|slp
|
|-heal|p2a: Suicune|51/100 slp|[from] item: Leftovers
|upkeep
|turn|62
|
|t:|1729384961
|move|p1a: Blaziken|Reversal|p2a: Suicune
|-damage|p2a: Suicune|0 fnt
|faint|p2a: Suicune
|
|win|erfder
|c|☆TefoShark|gg
|c|☆erfder|Gg
|player|p2|
|player|p2|TefoShark|acetrainer|

</script>
<script type="application/json" class="data" id="replaydata-smogtours-gen3ou-800198">
{"id":"smogtours-gen3ou-800198","format":"[Gen 3] OU","players":["erfder","TefoShark"],"uploadtime":1729384961,"views":77,"formatid":"gen3ou","rating":null,"private":0,"password":null}
</script>

<script defer src="js/replays.js?9d40a366"></script>
