<!DOCTYPE html>
<meta charset="utf-8" />
<meta name="viewport" content="width=device-width" />

<title>[Gen 3] OU: catmode vs. Greyaz - Replays - Pok&eacute;mon Showdown!</title>

<meta name="description" content="Watch a replay of a Pok&eacute;mon battle between catmode and Greyaz! Format: [Gen 3] OU; Date: Oct 23, 2024" />
<!--

Hey, you! Looking in the source for the replay log?

You can find them in JSON format, just add `.json` at the end of a replay URL.

https://replay.pokemonshowdown.com/gen7randomdoublesbattle-865046831.json

Or, if you only need the log itself, add `.log` instead:

https://replay.pokemonshowdown.com/gen7randomdoublesbattle-865046831.log

-->

<link rel="stylesheet" href="//pokemonshowdown.com/style/global.css?0.767286132409787" />
<link rel="stylesheet" href="//play.pokemonshowdown.com/style/font-awesome.css?0.9266228007934947" />
<link rel="stylesheet" href="//play.pokemonshowdown.com/style/battle.css?0.7924700842790926" />
<link rel="stylesheet" href="//play.pokemonshowdown.com/style/utilichart.css?0.8777417872839479" />

<!-- Global site tag (gtag.js) - Google Analytics -->
<script async src="https://www.googletagmanager.com/gtag/js?id=UA-26211653-1"></script>
<script>
  window.dataLayer = window.dataLayer || [];
  function gtag(){dataLayer.push(arguments);}
  gtag('js', new Date());

  gtag('config', 'UA-26211653-1');
</script>
<!-- End Google Analytics -->
<!-- Venatus Ad Manager - Install in <HEAD> of page -->
	<script src="https://hb.vntsm.com/v3/live/ad-manager.min.js" type="text/javascript" data-site-id="642aba63ec9a7b11c3c9c1be" data-mode="scan" async></script>
<!-- / Venatus Ad Manager -->

<style>
	@media (max-width:820px) {
		.battle {
			margin: 0 auto;
		}
		.battle-log {
			margin: 7px auto 0;
			max-width: 640px;
			height: 300px;
			position: static;
		}
	}
	.optgroup {
		display: inline-block;
		line-height: 22px;
		font-size: 10pt;
	}
	.optgroup .button {
		height: 25px;
		padding-top: 0;
		padding-bottom: 0;
	}
	.optgroup button.button {
		padding-left: 12px;
		padding-right: 12px;
	}
	.linklist {
		list-style: none;
		margin: 0.5em 0;
		padding: 0;
	}
	.linklist li {
		padding: 2px 0;
	}
	.sidebar {
		float: left;
		width: 320px;
	}
	.bar-wrapper {
		max-width: 1100px;
		margin: 0 auto;
	}
	.bar-wrapper.has-sidebar {
		max-width: 1430px;
	}
	.mainbar {
		margin: 0;
		padding-right: 1px;
	}
	.mainbar.has-sidebar {
		margin-left: 330px;
	}
	@media (min-width: 1511px) {
		.sidebar {
			width: 400px;
		}
		.bar-wrapper.has-sidebar {
			max-width: 1510px;
		}
		.mainbar.has-sidebar {
			margin-left: 410px;
		}
	}
	.section.first-section {
		margin-top: 9px;
	}
	.blocklink small {
		white-space: normal;
	}
	.button {
		vertical-align: middle;
	}
	.replay-controls {
		padding-top: 10px;
	}
	.replay-controls h1 {
		font-size: 16pt;
		font-weight: normal;
		color: #CCC;
	}
	.pagelink {
		text-align: center;
	}
	.pagelink a {
		width: 150px;
	}
	.textbox, .button {
		font-size: 11pt;
		vertical-align: middle;
	}
	@media (max-width: 450px) {
		.button {
			font-size: 9pt;
		}
	}
</style>

<div>

	<header>
		<div class="nav-wrapper"><ul class="nav">
			<li><a class="button nav-first" href="//pokemonshowdown.com/"><img src="//pokemonshowdown.com/images/pokemonshowdownbeta.png" srcset="//pokemonshowdown.com/images/pokemonshowdownbeta.png 1x, //pokemonshowdown.com/images/pokemonshowdownbeta@2x.png 2x" alt="Pok&eacute;mon Showdown" width="146" height="44" /> Home</a></li>
			<li><a class="button" href="//pokemonshowdown.com/dex/">Pok&eacute;dex</a></li>
			<li><a class="button cur" href="/">Replays</a></li>
			<li><a class="button" href="//pokemonshowdown.com/ladder/">Ladder</a></li>
			<li><a class="button nav-last" href="//pokemonshowdown.com/forums/">Forum</a></li>
			<li><a class="button greenbutton nav-first nav-last" href="//play.pokemonshowdown.com/">Play</a></li>
		</ul></div>
	</header>

	<div class="main" id="main">

		<noscript><section class="section">You need to enable JavaScript to use this page; sorry!</section></noscript>

	</div>

</div>

<script defer nomodule src="//play.pokemonshowdown.com/js/lib/ps-polyfill.js"></script>
<script defer src="//play.pokemonshowdown.com/js/lib/preact.min.js"></script>

<script defer src="//play.pokemonshowdown.com/config/config.js?6dec07f6"></script>
<script defer src="//play.pokemonshowdown.com/js/lib/jquery-1.11.0.min.js"></script>
<script defer src="//play.pokemonshowdown.com/js/lib/html-sanitizer-minified.js"></script>
<script defer src="//play.pokemonshowdown.com/js/battle-sound.js"></script>
<script defer src="//play.pokemonshowdown.com/js/battledata.js?0.6315294753075389"></script>
<script defer src="//play.pokemonshowdown.com/data/pokedex-mini.js?0.7603743185311358"></script>
<script defer src="//play.pokemonshowdown.com/data/pokedex-mini-bw.js?0.030888842834281283"></script>
<script defer src="//play.pokemonshowdown.com/data/graphics.js?0.05593094747507488"></script>
<script defer src="//play.pokemonshowdown.com/data/pokedex.js?0.47064822249611904"></script>
<script defer src="//play.pokemonshowdown.com/data/moves.js?0.8583693120512459"></script>
<script defer src="//play.pokemonshowdown.com/data/abilities.js?0.16017181182386842"></script>
<script defer src="//play.pokemonshowdown.com/data/items.js?0.4163379185673943"></script>
<script defer src="//play.pokemonshowdown.com/data/teambuilder-tables.js?0.31075597372830477"></script>
<script defer src="//play.pokemonshowdown.com/js/battle-tooltips.js?0.6536193500708172"></script>
<script defer src="//play.pokemonshowdown.com/js/battle.js?0.1916591943277901"></script>

<script defer src="js/utils.js?e31f9a17"></script>
<script defer src="js/replays-battle.js?7008c182"></script>

<!-- don't scrape this data! just add .json or .log after the URL!
Full API docs: https://github.com/smogon/pokemon-showdown-client/blob/master/WEB-API.md -->
<script type="text/plain" class="log" id="replaylog-smogtours-gen3ou-801456">
|inactive|Battle timer is ON: inactive players will automatically lose when time's up.
|t:|1729722312
|gametype|singles
|player|p1|catmode|miku-ground|
|player|p2|Greyaz|1|
|teamsize|p1|6
|teamsize|p2|6
|gen|3
|tier|[Gen 3] OU
|rule|Sleep Clause Mod: Limit one foe put to sleep
|rule|Switch Priority Clause Mod: Faster Pokémon switch first
|rule|Species Clause: Limit one of each Pokémon
|rule|OHKO Clause: OHKO moves are banned
|rule|Evasion Items Clause: Evasion items are banned
|rule|Evasion Moves Clause: Evasion moves are banned
|rule|Endless Battle Clause: Forcing endless battles is banned
|rule|HP Percentage Mod: HP is shown in percentages
|rule|One Boost Passer Clause: Limit one Baton Passer that has a way to boost its stats
|rule|Freeze Clause Mod: Limit one foe frozen
|
|t:|1729722312
|start
|switch|p1a: Grandad|Zapdos|100/100
|switch|p2a: Skarmory|Skarmory, F|100/100
|turn|1
|
|t:|1729722320
|switch|p2a: Blissey|Blissey, F, shiny|100/100
|move|p1a: Grandad|Thunderbolt|p2a: Blissey
|-damage|p2a: Blissey|80/100
|
|-heal|p2a: Blissey|86/100|[from] item: Leftovers
|upkeep
|turn|2
|
|t:|1729722326
|move|p1a: Grandad|Thunderbolt|p2a: Blissey
|-damage|p2a: Blissey|65/100
|move|p2a: Blissey|Fire Blast|p1a: Grandad
|-damage|p1a: Grandad|71/100
|
|-heal|p1a: Grandad|77/100|[from] item: Leftovers
|-heal|p2a: Blissey|71/100|[from] item: Leftovers
|upkeep
|turn|3
|
|t:|1729722337
|move|p1a: Grandad|Baton Pass|p1a: Grandad
|
|t:|1729722338
|switch|p1a: Thugnificent|Dugtrio, M|100/100|[from] Baton Pass
|move|p2a: Blissey|Toxic|p1a: Thugnificent
|-status|p1a: Thugnificent|tox
|
|-damage|p1a: Thugnificent|94/100 tox|[from] psn
|-heal|p2a: Blissey|78/100|[from] item: Leftovers
|upkeep
|turn|4
|
|t:|1729722352
|move|p1a: Thugnificent|Beat Up|p2a: Blissey
|-damage|p2a: Blissey|66/100
|-crit|p2a: Blissey
|-damage|p2a: Blissey|43/100
|-damage|p2a: Blissey|35/100
|-damage|p2a: Blissey|22/100
|-crit|p2a: Blissey
|-damage|p2a: Blissey|3/100
|-hitcount|p2a: Blissey|5
|move|p2a: Blissey|Ice Beam|p1a: Thugnificent
|-supereffective|p1a: Thugnificent
|-crit|p1a: Thugnificent
|-damage|p1a: Thugnificent|0 fnt
|faint|p1a: Thugnificent
|
|t:|1729722365
|switch|p1a: Grandad|Zapdos|77/100
|
|-heal|p1a: Grandad|83/100|[from] item: Leftovers
|-heal|p2a: Blissey|9/100|[from] item: Leftovers
|upkeep
|turn|5
|
|t:|1729722371
|switch|p2a: Swampert|Swampert, F|100/100
|move|p1a: Grandad|Thunderbolt|p2a: Swampert
|-immune|p2a: Swampert
|
|-heal|p1a: Grandad|89/100|[from] item: Leftovers
|upkeep
|turn|6
|
|t:|1729722376
|move|p2a: Swampert|Protect|p2a: Swampert
|-singleturn|p2a: Swampert|Protect
|move|p1a: Grandad|Baton Pass|p1a: Grandad
|
|t:|1729722384
|switch|p1a: APN Slickback|Celebi|100/100|[from] Baton Pass
|
|upkeep
|turn|7
|
|t:|1729722405
|switch|p2a: Skarmory|Skarmory, F|100/100
|move|p1a: APN Slickback|Calm Mind|p1a: APN Slickback
|-boost|p1a: APN Slickback|spa|1
|-boost|p1a: APN Slickback|spd|1
|
|upkeep
|turn|8
|
|t:|1729722409
|move|p1a: APN Slickback|Hidden Power|p2a: Skarmory
|-supereffective|p2a: Skarmory
|-damage|p2a: Skarmory|44/100
|move|p2a: Skarmory|Roar|p1a: APN Slickback
|drag|p1a: Gengstalicious|Gengar, M, shiny|100/100
|
|-heal|p2a: Skarmory|50/100|[from] item: Leftovers
|upkeep
|turn|9
|
|t:|1729722417
|move|p1a: Gengstalicious|Will-O-Wisp|p2a: Skarmory|[miss]
|-miss|p1a: Gengstalicious|p2a: Skarmory
|move|p2a: Skarmory|Spikes|p1a: Gengstalicious
|-sidestart|p1: catmode|Spikes
|
|-heal|p2a: Skarmory|56/100|[from] item: Leftovers
|upkeep
|turn|10
|
|t:|1729722421
|move|p1a: Gengstalicious|Thunderbolt|p2a: Skarmory
|-supereffective|p2a: Skarmory
|-damage|p2a: Skarmory|4/100
|move|p2a: Skarmory|Spikes|p1a: Gengstalicious
|-sidestart|p1: catmode|Spikes
|
|-heal|p2a: Skarmory|10/100|[from] item: Leftovers
|upkeep
|turn|11
|
|t:|1729722429
|move|p2a: Skarmory|Protect|p2a: Skarmory
|-singleturn|p2a: Skarmory|Protect
|move|p1a: Gengstalicious|Ice Punch|p2a: Skarmory
|-activate|p2a: Skarmory|Protect
|
|-heal|p2a: Skarmory|16/100|[from] item: Leftovers
|upkeep
|turn|12
|
|t:|1729722452
|move|p1a: Gengstalicious|Thunderbolt|p2a: Skarmory
|-supereffective|p2a: Skarmory
|-damage|p2a: Skarmory|0 fnt
|faint|p2a: Skarmory
|
|t:|1729722456
|switch|p2a: Swampert|Swampert, F|100/100
|
|upkeep
|turn|13
|
|t:|1729722463
|switch|p1a: Uncle Ruckus|Suicune, shiny|100/100
|-damage|p1a: Uncle Ruckus|84/100|[from] Spikes
|move|p2a: Swampert|Hydro Pump|p1a: Uncle Ruckus
|-resisted|p1a: Uncle Ruckus
|-damage|p1a: Uncle Ruckus|69/100
|
|-heal|p1a: Uncle Ruckus|75/100|[from] item: Leftovers
|upkeep
|turn|14
|
|t:|1729722478
|switch|p2a: Starmie|Starmie|100/100
|move|p1a: Uncle Ruckus|Surf|p2a: Starmie
|-resisted|p2a: Starmie
|-damage|p2a: Starmie|68/100
|
|-heal|p2a: Starmie|74/100|[from] item: Leftovers
|-heal|p1a: Uncle Ruckus|81/100|[from] item: Leftovers
|upkeep
|turn|15
|
|t:|1729722502
|move|p2a: Starmie|Thunderbolt|p1a: Uncle Ruckus
|-supereffective|p1a: Uncle Ruckus
|-damage|p1a: Uncle Ruckus|34/100
|move|p1a: Uncle Ruckus|Surf|p2a: Starmie
|-resisted|p2a: Starmie
|-damage|p2a: Starmie|41/100
|
|-heal|p2a: Starmie|47/100|[from] item: Leftovers
|-heal|p1a: Uncle Ruckus|40/100|[from] item: Leftovers
|upkeep
|turn|16
|
|t:|1729722516
|move|p2a: Starmie|Ice Beam|p1a: Uncle Ruckus
|-resisted|p1a: Uncle Ruckus
|-crit|p1a: Uncle Ruckus
|-damage|p1a: Uncle Ruckus|16/100
|move|p1a: Uncle Ruckus|Surf|p2a: Starmie
|-resisted|p2a: Starmie
|-damage|p2a: Starmie|16/100
|
|-heal|p2a: Starmie|22/100|[from] item: Leftovers
|-heal|p1a: Uncle Ruckus|22/100|[from] item: Leftovers
|upkeep
|turn|17
|
|t:|1729722522
|move|p2a: Starmie|Thunderbolt|p1a: Uncle Ruckus
|-supereffective|p1a: Uncle Ruckus
|-damage|p1a: Uncle Ruckus|0 fnt
|faint|p1a: Uncle Ruckus
|
|t:|1729722534
|switch|p1a: APN Slickback|Celebi|100/100
|-damage|p1a: APN Slickback|84/100|[from] Spikes
|
|-heal|p2a: Starmie|28/100|[from] item: Leftovers
|-heal|p1a: APN Slickback|90/100|[from] item: Leftovers
|upkeep
|turn|18
|
|t:|1729722546
|switch|p2a: Gengar|Gengar, F|100/100
|move|p1a: APN Slickback|Giga Drain|p2a: Gengar
|-resisted|p2a: Gengar
|-damage|p2a: Gengar|86/100
|-heal|p1a: APN Slickback|96/100|[from] drain|[of] p2a: Gengar
|
|-heal|p2a: Gengar|92/100|[from] item: Leftovers
|-heal|p1a: APN Slickback|100/100|[from] item: Leftovers
|upkeep
|turn|19
|inactive|catmode has 270 seconds left.
|
|t:|1729722566
|switch|p1a: Gengstalicious|Gengar, M, shiny|100/100
|move|p2a: Gengar|Ice Punch|p1a: Gengstalicious
|-crit|p1a: Gengstalicious
|-damage|p1a: Gengstalicious|48/100
|
|-heal|p2a: Gengar|98/100|[from] item: Leftovers
|-heal|p1a: Gengstalicious|54/100|[from] item: Leftovers
|upkeep
|turn|20
|inactive|catmode has 270 seconds left.
|
|t:|1729722586
|switch|p2a: Tyranitar|Tyranitar, F|100/100
|-weather|Sandstorm|[from] ability: Sand Stream|[of] p2a: Tyranitar
|move|p1a: Gengstalicious|Thunderbolt|p2a: Tyranitar
|-damage|p2a: Tyranitar|77/100
|
|-weather|Sandstorm|[upkeep]
|-damage|p1a: Gengstalicious|48/100|[from] Sandstorm
|-heal|p1a: Gengstalicious|54/100|[from] item: Leftovers
|-heal|p2a: Tyranitar|83/100|[from] item: Leftovers
|upkeep
|turn|21
|
|t:|1729722597
|move|p1a: Gengstalicious|Will-O-Wisp|p2a: Tyranitar
|-status|p2a: Tyranitar|brn
|move|p2a: Tyranitar|Rock Slide|p1a: Gengstalicious
|-damage|p1a: Gengstalicious|21/100
|
|-weather|Sandstorm|[upkeep]
|-damage|p1a: Gengstalicious|15/100|[from] Sandstorm
|-heal|p1a: Gengstalicious|21/100|[from] item: Leftovers
|-heal|p2a: Tyranitar|89/100 brn|[from] item: Leftovers
|-damage|p2a: Tyranitar|77/100 brn|[from] brn
|upkeep
|turn|22
|inactive|catmode has 270 seconds left.
|
|t:|1729722615
|move|p1a: Gengstalicious|Thunderbolt|p2a: Tyranitar
|-damage|p2a: Tyranitar|55/100 brn
|move|p2a: Tyranitar|Rock Slide|p1a: Gengstalicious
|-damage|p1a: Gengstalicious|0 fnt
|faint|p1a: Gengstalicious
|
|t:|1729722626
|switch|p1a: Stinkmeaner|Jirachi|100/100
|-damage|p1a: Stinkmeaner|84/100|[from] Spikes
|
|-weather|Sandstorm|[upkeep]
|-heal|p2a: Tyranitar|61/100 brn|[from] item: Leftovers
|-damage|p2a: Tyranitar|48/100 brn|[from] brn
|upkeep
|turn|23
|
|t:|1729722640
|switch|p2a: Swampert|Swampert, F|100/100
|move|p1a: Stinkmeaner|Calm Mind|p1a: Stinkmeaner
|-boost|p1a: Stinkmeaner|spa|1
|-boost|p1a: Stinkmeaner|spd|1
|
|-weather|Sandstorm|[upkeep]
|upkeep
|turn|24
|
|t:|1729722644
|move|p1a: Stinkmeaner|Hidden Power|p2a: Swampert
|-supereffective|p2a: Swampert
|-damage|p2a: Swampert|8/100
|move|p2a: Swampert|Earthquake|p1a: Stinkmeaner
|-supereffective|p1a: Stinkmeaner
|-damage|p1a: Stinkmeaner|23/100
|
|-weather|Sandstorm|[upkeep]
|-enditem|p1a: Stinkmeaner|Salac Berry|[eat]
|-boost|p1a: Stinkmeaner|spe|1|[from] item: Salac Berry
|-heal|p2a: Swampert|14/100|[from] item: Leftovers
|upkeep
|turn|25
|
|t:|1729722657
|switch|p2a: Blissey|Blissey, F, shiny|9/100
|move|p1a: Stinkmeaner|Hidden Power|p2a: Blissey
|-damage|p2a: Blissey|0 fnt
|faint|p2a: Blissey
|inactive|Greyaz has 270 seconds left.
|
|t:|1729722682
|switch|p2a: Gengar|Gengar, F|98/100
|
|-weather|Sandstorm|[upkeep]
|-damage|p2a: Gengar|92/100|[from] Sandstorm
|-heal|p2a: Gengar|98/100|[from] item: Leftovers
|upkeep
|turn|26
|
|t:|1729722689
|move|p1a: Stinkmeaner|Psychic|p2a: Gengar
|-supereffective|p2a: Gengar
|-damage|p2a: Gengar|0 fnt
|faint|p2a: Gengar
|
|t:|1729722694
|switch|p2a: Tyranitar|Tyranitar, F|48/100 brn
|
|-weather|Sandstorm|[upkeep]
|-heal|p2a: Tyranitar|55/100 brn|[from] item: Leftovers
|-damage|p2a: Tyranitar|42/100 brn|[from] brn
|upkeep
|turn|27
|
|t:|1729722698
|move|p1a: Stinkmeaner|Hidden Power|p2a: Tyranitar
|-supereffective|p2a: Tyranitar
|-damage|p2a: Tyranitar|0 fnt
|faint|p2a: Tyranitar
|
|t:|1729722702
|switch|p2a: Starmie|Starmie|28/100
|
|-weather|Sandstorm|[upkeep]
|-damage|p2a: Starmie|22/100|[from] Sandstorm
|-heal|p2a: Starmie|28/100|[from] item: Leftovers
|upkeep
|turn|28
|
|t:|1729722711
|move|p1a: Stinkmeaner|Hidden Power|p2a: Starmie
|-supereffective|p2a: Starmie
|-damage|p2a: Starmie|0 fnt
|faint|p2a: Starmie
|
|t:|1729722714
|switch|p2a: Swampert|Swampert, F|14/100
|
|-weather|Sandstorm|[upkeep]
|-heal|p2a: Swampert|20/100|[from] item: Leftovers
|upkeep
|turn|29
|
|t:|1729722719
|move|p1a: Stinkmeaner|Hidden Power|p2a: Swampert
|-supereffective|p2a: Swampert
|-damage|p2a: Swampert|0 fnt
|faint|p2a: Swampert
|
|win|catmode
|c|☆catmode|g
|c|☆catmode|g
|c|☆Greyaz|gg
|player|p2|

</script>
<script type="application/json" class="data" id="replaydata-smogtours-gen3ou-801456">
{"id":"smogtours-gen3ou-801456","format":"[Gen 3] OU","players":["catmode","Greyaz"],"uploadtime":1729722719,"views":87,"formatid":"gen3ou","rating":null,"private":0,"password":null}
</script>

<script defer src="js/replays.js?9d40a366"></script>
