<!DOCTYPE html>
<meta charset="utf-8" />
<meta name="viewport" content="width=device-width" />

<title>[Gen 3] OU: Dhgss vs. Team Constantin - Replays - Pok&eacute;mon Showdown!</title>

<meta name="description" content="Watch a replay of a Pok&eacute;mon battle between Dhgss and Team Constantin! Format: [Gen 3] OU; Date: Oct 30, 2024" />
<!--

Hey, you! Looking in the source for the replay log?

You can find them in JSON format, just add `.json` at the end of a replay URL.

https://replay.pokemonshowdown.com/gen7randomdoublesbattle-865046831.json

Or, if you only need the log itself, add `.log` instead:

https://replay.pokemonshowdown.com/gen7randomdoublesbattle-865046831.log

-->

<link rel="stylesheet" href="//pokemonshowdown.com/style/global.css?0.023195364461161105" />
<link rel="stylesheet" href="//play.pokemonshowdown.com/style/font-awesome.css?0.13261647063804238" />
<link rel="stylesheet" href="//play.pokemonshowdown.com/style/battle.css?0.8753245789963631" />
<link rel="stylesheet" href="//play.pokemonshowdown.com/style/utilichart.css?0.8627959624976733" />

<!-- Global site tag (gtag.js) - Google Analytics -->
<script async src="https://www.googletagmanager.com/gtag/js?id=UA-26211653-1"></script>
<script>
  window.dataLayer = window.dataLayer || [];
  function gtag(){dataLayer.push(arguments);}
  gtag('js', new Date());

  gtag('config', 'UA-26211653-1');
</script>
<!-- End Google Analytics -->
<!-- Venatus Ad Manager - Install in <HEAD> of page -->
	<script src="https://hb.vntsm.com/v3/live/ad-manager.min.js" type="text/javascript" data-site-id="642aba63ec9a7b11c3c9c1be" data-mode="scan" async></script>
<!-- / Venatus Ad Manager -->

<style>
	@media (max-width:820px) {
		.battle {
			margin: 0 auto;
		}
		.battle-log {
			margin: 7px auto 0;
			max-width: 640px;
			height: 300px;
			position: static;
		}
	}
	.optgroup {
		display: inline-block;
		line-height: 22px;
		font-size: 10pt;
	}
	.optgroup .button {
		height: 25px;
		padding-top: 0;
		padding-bottom: 0;
	}
	.optgroup button.button {
		padding-left: 12px;
		padding-right: 12px;
	}
	.linklist {
		list-style: none;
		margin: 0.5em 0;
		padding: 0;
	}
	.linklist li {
		padding: 2px 0;
	}
	.sidebar {
		float: left;
		width: 320px;
	}
	.bar-wrapper {
		max-width: 1100px;
		margin: 0 auto;
	}
	.bar-wrapper.has-sidebar {
		max-width: 1430px;
	}
	.mainbar {
		margin: 0;
		padding-right: 1px;
	}
	.mainbar.has-sidebar {
		margin-left: 330px;
	}
	@media (min-width: 1511px) {
		.sidebar {
			width: 400px;
		}
		.bar-wrapper.has-sidebar {
			max-width: 1510px;
		}
		.mainbar.has-sidebar {
			margin-left: 410px;
		}
	}
	.section.first-section {
		margin-top: 9px;
	}
	.blocklink small {
		white-space: normal;
	}
	.button {
		vertical-align: middle;
	}
	.replay-controls {
		padding-top: 10px;
	}
	.replay-controls h1 {
		font-size: 16pt;
		font-weight: normal;
		color: #CCC;
	}
	.pagelink {
		text-align: center;
	}
	.pagelink a {
		width: 150px;
	}
	.textbox, .button {
		font-size: 11pt;
		vertical-align: middle;
	}
	@media (max-width: 450px) {
		.button {
			font-size: 9pt;
		}
	}
</style>

<div>

	<header>
		<div class="nav-wrapper"><ul class="nav">
			<li><a class="button nav-first" href="//pokemonshowdown.com/"><img src="//pokemonshowdown.com/images/pokemonshowdownbeta.png" srcset="//pokemonshowdown.com/images/pokemonshowdownbeta.png 1x, //pokemonshowdown.com/images/pokemonshowdownbeta@2x.png 2x" alt="Pok&eacute;mon Showdown" width="146" height="44" /> Home</a></li>
			<li><a class="button" href="//pokemonshowdown.com/dex/">Pok&eacute;dex</a></li>
			<li><a class="button cur" href="/">Replays</a></li>
			<li><a class="button" href="//pokemonshowdown.com/ladder/">Ladder</a></li>
			<li><a class="button nav-last" href="//pokemonshowdown.com/forums/">Forum</a></li>
			<li><a class="button greenbutton nav-first nav-last" href="//play.pokemonshowdown.com/">Play</a></li>
		</ul></div>
	</header>

	<div class="main" id="main">

		<noscript><section class="section">You need to enable JavaScript to use this page; sorry!</section></noscript>

	</div>

</div>

<script defer nomodule src="//play.pokemonshowdown.com/js/lib/ps-polyfill.js"></script>
<script defer src="//play.pokemonshowdown.com/js/lib/preact.min.js"></script>

<script defer src="//play.pokemonshowdown.com/config/config.js?2bddbc15"></script>
<script defer src="//play.pokemonshowdown.com/js/lib/jquery-1.11.0.min.js"></script>
<script defer src="//play.pokemonshowdown.com/js/lib/html-sanitizer-minified.js"></script>
<script defer src="//play.pokemonshowdown.com/js/battle-sound.js"></script>
<script defer src="//play.pokemonshowdown.com/js/battledata.js?0.7209276989879541"></script>
<script defer src="//play.pokemonshowdown.com/data/pokedex-mini.js?0.6111056340867951"></script>
<script defer src="//play.pokemonshowdown.com/data/pokedex-mini-bw.js?0.3532142036491459"></script>
<script defer src="//play.pokemonshowdown.com/data/graphics.js?0.24223875632456182"></script>
<script defer src="//play.pokemonshowdown.com/data/pokedex.js?0.38839984266356864"></script>
<script defer src="//play.pokemonshowdown.com/data/moves.js?0.21866028504024015"></script>
<script defer src="//play.pokemonshowdown.com/data/abilities.js?0.2005157953846628"></script>
<script defer src="//play.pokemonshowdown.com/data/items.js?0.9894211263848525"></script>
<script defer src="//play.pokemonshowdown.com/data/teambuilder-tables.js?0.6008791140282215"></script>
<script defer src="//play.pokemonshowdown.com/js/battle-tooltips.js?0.7580118955022959"></script>
<script defer src="//play.pokemonshowdown.com/js/battle.js?0.6057722274234274"></script>

<script defer src="js/utils.js?e31f9a17"></script>
<script defer src="js/replays-battle.js?7008c182"></script>

<!-- don't scrape this data! just add .json or .log after the URL!
Full API docs: https://github.com/smogon/pokemon-showdown-client/blob/master/WEB-API.md -->
<script type="text/plain" class="log" id="replaylog-smogtours-gen3ou-803481">
|inactive|Battle timer is ON: inactive players will automatically lose when time's up.
|t:|1730322797
|gametype|singles
|player|p1|Dhgss|ethan|
|player|p2|Team Constantin|hilbert-wonderlauncher|
|teamsize|p1|6
|teamsize|p2|6
|gen|3
|tier|[Gen 3] OU
|rule|Sleep Clause Mod: Limit one foe put to sleep
|rule|Switch Priority Clause Mod: Faster Pokémon switch first
|rule|Species Clause: Limit one of each Pokémon
|rule|OHKO Clause: OHKO moves are banned
|rule|Evasion Items Clause: Evasion items are banned
|rule|Evasion Moves Clause: Evasion moves are banned
|rule|Endless Battle Clause: Forcing endless battles is banned
|rule|HP Percentage Mod: HP is shown in percentages
|rule|One Boost Passer Clause: Limit one Baton Passer that has a way to boost its stats
|rule|Freeze Clause Mod: Limit one foe frozen
|
|t:|1730322797
|start
|switch|p1a: Skarmory|Skarmory, M|100/100
|switch|p2a: Salamence|Salamence, M|100/100
|-ability|p2a: Salamence|Intimidate|boost
|-unboost|p1a: Skarmory|atk|1
|turn|1
|c|☆Team Constantin|hf
|c|☆Dhgss|hf
|
|t:|1730322810
|move|p2a: Salamence|Fire Blast|p1a: Skarmory|[miss]
|-miss|p2a: Salamence|p1a: Skarmory
|move|p1a: Skarmory|Spikes|p2a: Salamence
|-sidestart|p2: Team Constantin|Spikes
|
|upkeep
|turn|2
|
|t:|1730322828
|switch|p1a: Aerodactyl|Aerodactyl, F|100/100
|move|p2a: Salamence|Fire Blast|p1a: Aerodactyl
|-resisted|p1a: Aerodactyl
|-damage|p1a: Aerodactyl|83/100
|
|upkeep
|turn|3
|
|t:|1730322841
|switch|p2a: Claydol|Claydol|100/100
|move|p1a: Aerodactyl|Rock Slide|p2a: Claydol|[miss]
|-miss|p1a: Aerodactyl|p2a: Claydol
|
|upkeep
|turn|4
|
|t:|1730322847
|switch|p1a: Skarmory|Skarmory, M|100/100
|move|p2a: Claydol|Rapid Spin|p1a: Skarmory
|-resisted|p1a: Skarmory
|-damage|p1a: Skarmory|99/100
|-sideend|p2: Team Constantin|Spikes|[from] move: Rapid Spin|[of] p2a: Claydol
|
|-heal|p1a: Skarmory|100/100|[from] item: Leftovers
|upkeep
|turn|5
|
|t:|1730322854
|switch|p2a: Magneton|Magneton|100/100
|move|p1a: Skarmory|Spikes|p2a: Magneton
|-sidestart|p2: Team Constantin|Spikes
|
|upkeep
|turn|6
|
|t:|1730322859
|move|p2a: Magneton|Thunderbolt|p1a: Skarmory
|-supereffective|p1a: Skarmory
|-crit|p1a: Skarmory
|-damage|p1a: Skarmory|0 fnt
|faint|p1a: Skarmory
|
|t:|1730322883
|switch|p1a: Jirachi|Jirachi|100/100
|
|upkeep
|turn|7
|
|t:|1730322886
|move|p1a: Jirachi|Calm Mind|p1a: Jirachi
|-boost|p1a: Jirachi|spa|1
|-boost|p1a: Jirachi|spd|1
|move|p2a: Magneton|Thunder Wave|p1a: Jirachi
|-status|p1a: Jirachi|par
|
|upkeep
|turn|8
|
|t:|1730322897
|move|p2a: Magneton|Thunderbolt|p1a: Jirachi
|-damage|p1a: Jirachi|73/100 par
|move|p1a: Jirachi|Ice Punch|p2a: Magneton
|-resisted|p2a: Magneton
|-damage|p2a: Magneton|81/100
|
|-heal|p2a: Magneton|87/100|[from] item: Leftovers
|-heal|p1a: Jirachi|79/100 par|[from] item: Leftovers
|upkeep
|turn|9
|
|t:|1730322905
|move|p2a: Magneton|Thunderbolt|p1a: Jirachi
|-damage|p1a: Jirachi|50/100 par
|move|p1a: Jirachi|Wish|p1a: Jirachi
|
|-heal|p2a: Magneton|93/100|[from] item: Leftovers
|-heal|p1a: Jirachi|56/100 par|[from] item: Leftovers
|upkeep
|turn|10
|
|t:|1730322913
|move|p2a: Magneton|Thunderbolt|p1a: Jirachi
|-damage|p1a: Jirachi|26/100 par
|cant|p1a: Jirachi|par
|
|-heal|p1a: Jirachi|76/100 par|[from] move: Wish|[wisher] Jirachi
|-heal|p2a: Magneton|99/100|[from] item: Leftovers
|-heal|p1a: Jirachi|83/100 par|[from] item: Leftovers
|upkeep
|turn|11
|
|t:|1730322922
|move|p2a: Magneton|Thunderbolt|p1a: Jirachi
|-damage|p1a: Jirachi|55/100 par
|move|p1a: Jirachi|Wish|p1a: Jirachi
|
|-heal|p2a: Magneton|100/100|[from] item: Leftovers
|-heal|p1a: Jirachi|61/100 par|[from] item: Leftovers
|upkeep
|turn|12
|
|t:|1730322930
|move|p2a: Magneton|Thunderbolt|p1a: Jirachi
|-damage|p1a: Jirachi|34/100 par
|move|p1a: Jirachi|Calm Mind|p1a: Jirachi
|-boost|p1a: Jirachi|spa|1
|-boost|p1a: Jirachi|spd|1
|
|-heal|p1a: Jirachi|84/100 par|[from] move: Wish|[wisher] Jirachi
|-heal|p1a: Jirachi|90/100 par|[from] item: Leftovers
|upkeep
|turn|13
|
|t:|1730322939
|switch|p2a: Claydol|Claydol|100/100
|move|p1a: Jirachi|Wish|p1a: Jirachi
|
|-heal|p1a: Jirachi|97/100 par|[from] item: Leftovers
|upkeep
|turn|14
|
|t:|1730322944
|move|p2a: Claydol|Earthquake|p1a: Jirachi
|-supereffective|p1a: Jirachi
|-crit|p1a: Jirachi
|-damage|p1a: Jirachi|3/100 par
|move|p1a: Jirachi|Ice Punch|p2a: Claydol
|-supereffective|p2a: Claydol
|-damage|p2a: Claydol|43/100
|
|-heal|p1a: Jirachi|53/100 par|[from] move: Wish|[wisher] Jirachi
|-heal|p2a: Claydol|50/100|[from] item: Leftovers
|-heal|p1a: Jirachi|60/100 par|[from] item: Leftovers
|upkeep
|turn|15
|
|t:|1730322960
|move|p2a: Claydol|Earthquake|p1a: Jirachi
|-supereffective|p1a: Jirachi
|-damage|p1a: Jirachi|11/100 par
|move|p1a: Jirachi|Ice Punch|p2a: Claydol
|-supereffective|p2a: Claydol
|-damage|p2a: Claydol|0 fnt
|faint|p2a: Claydol
|
|t:|1730322972
|switch|p2a: Magneton|Magneton|100/100
|-damage|p2a: Magneton|88/100|[from] Spikes
|
|-heal|p2a: Magneton|94/100|[from] item: Leftovers
|-heal|p1a: Jirachi|17/100 par|[from] item: Leftovers
|upkeep
|turn|16
|inactive|Dhgss disconnected and has 300 seconds to reconnect!
|player|p1|
|inactive|Dhgss reconnected and has 285 seconds left.
|player|p1|Dhgss|ethan|
|inactive|Dhgss has 270 seconds left.
|
|t:|1730323025
|move|p2a: Magneton|Thunderbolt|p1a: Jirachi
|-damage|p1a: Jirachi|0 fnt
|faint|p1a: Jirachi
|inactive|Dhgss has 270 seconds left.
|
|t:|1730323039
|switch|p1a: Swampert|Swampert, M|100/100
|
|-heal|p2a: Magneton|99/100|[from] item: Leftovers
|upkeep
|turn|17
|inactive|Dhgss has 270 seconds left.
|
|t:|1730323050
|switch|p2a: Celebi|Celebi|100/100
|-damage|p2a: Celebi|88/100|[from] Spikes
|move|p1a: Swampert|Hydro Pump|p2a: Celebi
|-resisted|p2a: Celebi
|-damage|p2a: Celebi|73/100
|
|-heal|p2a: Celebi|80/100|[from] item: Leftovers
|upkeep
|turn|18
|inactive|Dhgss has 270 seconds left.
|
|t:|1730323060
|switch|p1a: Tyranitar|Tyranitar, F|100/100
|-weather|Sandstorm|[from] ability: Sand Stream|[of] p1a: Tyranitar
|move|p2a: Celebi|Leech Seed|p1a: Tyranitar
|-start|p1a: Tyranitar|move: Leech Seed
|
|-weather|Sandstorm|[upkeep]
|-damage|p2a: Celebi|73/100|[from] Sandstorm
|-damage|p1a: Tyranitar|88/100|[from] Leech Seed|[of] p2a: Celebi
|-heal|p2a: Celebi|84/100|[silent]
|-heal|p2a: Celebi|90/100|[from] item: Leftovers
|upkeep
|turn|19
|inactive|Dhgss has 270 seconds left.
|
|t:|1730323079
|switch|p1a: Aerodactyl|Aerodactyl, F|83/100
|switch|p2a: Suicune|Suicune|100/100
|-damage|p2a: Suicune|88/100|[from] Spikes
|
|-weather|Sandstorm|[upkeep]
|-damage|p2a: Suicune|82/100|[from] Sandstorm
|-heal|p2a: Suicune|88/100|[from] item: Leftovers
|upkeep
|turn|20
|inactive|Dhgss has 270 seconds left.
|
|t:|1730323093
|switch|p1a: Gengar|Gengar, M, shiny|100/100
|move|p2a: Suicune|Surf|p1a: Gengar
|-damage|p1a: Gengar|61/100
|
|-weather|Sandstorm|[upkeep]
|-damage|p1a: Gengar|54/100|[from] Sandstorm
|-damage|p2a: Suicune|82/100|[from] Sandstorm
|-heal|p1a: Gengar|61/100|[from] item: Leftovers
|-heal|p2a: Suicune|88/100|[from] item: Leftovers
|upkeep
|turn|21
|inactive|Dhgss has 270 seconds left.
|
|t:|1730323115
|switch|p2a: Snorlax|Snorlax, M|100/100
|-damage|p2a: Snorlax|88/100|[from] Spikes
|move|p1a: Gengar|Thunderbolt|p2a: Snorlax
|-damage|p2a: Snorlax|72/100
|
|-weather|Sandstorm|[upkeep]
|-damage|p1a: Gengar|54/100|[from] Sandstorm
|-damage|p2a: Snorlax|66/100|[from] Sandstorm
|-heal|p1a: Gengar|61/100|[from] item: Leftovers
|-heal|p2a: Snorlax|72/100|[from] item: Leftovers
|upkeep
|turn|22
|inactive|Dhgss has 270 seconds left.
|
|t:|1730323129
|move|p1a: Gengar|Will-O-Wisp|p2a: Snorlax
|-status|p2a: Snorlax|brn
|move|p2a: Snorlax|Body Slam|p1a: Gengar
|-immune|p1a: Gengar
|
|-weather|Sandstorm|[upkeep]
|-damage|p1a: Gengar|54/100|[from] Sandstorm
|-damage|p2a: Snorlax|66/100 brn|[from] Sandstorm
|-heal|p1a: Gengar|61/100|[from] item: Leftovers
|-heal|p2a: Snorlax|72/100 brn|[from] item: Leftovers
|-damage|p2a: Snorlax|60/100 brn|[from] brn
|upkeep
|turn|23
|inactive|Dhgss has 270 seconds left.
|
|t:|1730323142
|switch|p1a: Swampert|Swampert, M|100/100
|move|p2a: Snorlax|Body Slam|p1a: Swampert
|-damage|p1a: Swampert|87/100
|
|-weather|Sandstorm|[upkeep]
|-damage|p2a: Snorlax|54/100 brn|[from] Sandstorm
|-heal|p1a: Swampert|94/100|[from] item: Leftovers
|-heal|p2a: Snorlax|60/100 brn|[from] item: Leftovers
|-damage|p2a: Snorlax|47/100 brn|[from] brn
|upkeep
|turn|24
|inactive|Dhgss has 270 seconds left.
|
|t:|1730323155
|move|p1a: Swampert|Ice Beam|p2a: Snorlax
|-damage|p2a: Snorlax|36/100 brn
|move|p2a: Snorlax|Rest|p2a: Snorlax
|-status|p2a: Snorlax|slp|[from] move: Rest
|-heal|p2a: Snorlax|100/100 slp|[silent]
|
|-weather|Sandstorm|[upkeep]
|-damage|p2a: Snorlax|94/100 slp|[from] Sandstorm
|-heal|p1a: Swampert|99/100|[from] item: Leftovers
|-heal|p2a: Snorlax|100/100 slp|[from] item: Leftovers
|upkeep
|turn|25
|inactive|Dhgss has 270 seconds left.
|
|t:|1730323174
|switch|p2a: Celebi|Celebi|90/100
|-damage|p2a: Celebi|78/100|[from] Spikes
|move|p1a: Swampert|Earthquake|p2a: Celebi
|-resisted|p2a: Celebi
|-damage|p2a: Celebi|65/100
|
|-weather|Sandstorm|[upkeep]
|-damage|p2a: Celebi|59/100|[from] Sandstorm
|-heal|p2a: Celebi|65/100|[from] item: Leftovers
|-heal|p1a: Swampert|100/100|[from] item: Leftovers
|upkeep
|turn|26
|
|t:|1730323189
|move|p1a: Swampert|Protect|p1a: Swampert
|-singleturn|p1a: Swampert|Protect
|move|p2a: Celebi|Hidden Power|p1a: Swampert
|-activate|p1a: Swampert|Protect
|
|-weather|Sandstorm|[upkeep]
|-damage|p2a: Celebi|59/100|[from] Sandstorm
|-heal|p2a: Celebi|65/100|[from] item: Leftovers
|upkeep
|turn|27
|inactive|Dhgss has 240 seconds left.
|
|t:|1730323220
|switch|p1a: Tyranitar|Tyranitar, F|88/100
|move|p2a: Celebi|Recover|p2a: Celebi
|-heal|p2a: Celebi|100/100
|
|-weather|Sandstorm|[upkeep]
|-damage|p2a: Celebi|94/100|[from] Sandstorm
|-heal|p1a: Tyranitar|94/100|[from] item: Leftovers
|-heal|p2a: Celebi|100/100|[from] item: Leftovers
|upkeep
|turn|28
|inactive|Dhgss has 240 seconds left.
|
|t:|1730323235
|move|p1a: Tyranitar|Fire Blast|p2a: Celebi
|-supereffective|p2a: Celebi
|-damage|p2a: Celebi|47/100
|move|p2a: Celebi|Hidden Power|p1a: Tyranitar
|-supereffective|p1a: Tyranitar
|-damage|p1a: Tyranitar|48/100
|
|-weather|Sandstorm|[upkeep]
|-damage|p2a: Celebi|41/100|[from] Sandstorm
|-heal|p1a: Tyranitar|54/100|[from] item: Leftovers
|-heal|p2a: Celebi|47/100|[from] item: Leftovers
|upkeep
|turn|29
|inactive|Dhgss has 240 seconds left.
|
|t:|1730323249
|switch|p2a: Salamence|Salamence, M|100/100
|-ability|p2a: Salamence|Intimidate|boost
|-unboost|p1a: Tyranitar|atk|1
|move|p1a: Tyranitar|Rock Slide|p2a: Salamence
|-supereffective|p2a: Salamence
|-damage|p2a: Salamence|43/100
|
|-weather|Sandstorm|[upkeep]
|-damage|p2a: Salamence|37/100|[from] Sandstorm
|-heal|p1a: Tyranitar|60/100|[from] item: Leftovers
|upkeep
|turn|30
|inactive|Dhgss has 240 seconds left.
|
|t:|1730323266
|move|p2a: Salamence|Hidden Power|p1a: Tyranitar
|-resisted|p1a: Tyranitar
|-damage|p1a: Tyranitar|33/100
|move|p1a: Tyranitar|Rock Slide|p2a: Salamence
|-supereffective|p2a: Salamence
|-damage|p2a: Salamence|0 fnt
|faint|p2a: Salamence
|
|t:|1730323270
|switch|p2a: Suicune|Suicune|88/100
|-damage|p2a: Suicune|76/100|[from] Spikes
|
|-weather|Sandstorm|[upkeep]
|-damage|p2a: Suicune|70/100|[from] Sandstorm
|-heal|p1a: Tyranitar|40/100|[from] item: Leftovers
|-heal|p2a: Suicune|76/100|[from] item: Leftovers
|upkeep
|turn|31
|inactive|Dhgss has 240 seconds left.
|
|t:|1730323282
|switch|p1a: Swampert|Swampert, M|100/100
|move|p2a: Suicune|Calm Mind|p2a: Suicune
|-boost|p2a: Suicune|spa|1
|-boost|p2a: Suicune|spd|1
|
|-weather|Sandstorm|[upkeep]
|-damage|p2a: Suicune|70/100|[from] Sandstorm
|-heal|p2a: Suicune|76/100|[from] item: Leftovers
|upkeep
|turn|32
|
|t:|1730323288
|move|p2a: Suicune|Surf|p1a: Swampert
|-damage|p1a: Swampert|60/100
|move|p1a: Swampert|Earthquake|p2a: Suicune
|-damage|p2a: Suicune|53/100
|
|-weather|Sandstorm|[upkeep]
|-damage|p2a: Suicune|47/100|[from] Sandstorm
|-heal|p2a: Suicune|53/100|[from] item: Leftovers
|-heal|p1a: Swampert|66/100|[from] item: Leftovers
|upkeep
|turn|33
|
|t:|1730323299
|move|p2a: Suicune|Calm Mind|p2a: Suicune
|-boost|p2a: Suicune|spa|1
|-boost|p2a: Suicune|spd|1
|move|p1a: Swampert|Earthquake|p2a: Suicune
|-crit|p2a: Suicune
|-damage|p2a: Suicune|13/100
|
|-weather|Sandstorm|[upkeep]
|-damage|p2a: Suicune|7/100|[from] Sandstorm
|-heal|p2a: Suicune|13/100|[from] item: Leftovers
|-heal|p1a: Swampert|72/100|[from] item: Leftovers
|upkeep
|turn|34
|inactive|Dhgss has 240 seconds left.
|
|t:|1730323323
|move|p2a: Suicune|Rest|p2a: Suicune
|-status|p2a: Suicune|slp|[from] move: Rest
|-heal|p2a: Suicune|100/100 slp|[silent]
|move|p1a: Swampert|Earthquake|p2a: Suicune
|-damage|p2a: Suicune|78/100 slp
|
|-weather|Sandstorm|[upkeep]
|-damage|p2a: Suicune|72/100 slp|[from] Sandstorm
|-heal|p2a: Suicune|78/100 slp|[from] item: Leftovers
|-heal|p1a: Swampert|79/100|[from] item: Leftovers
|upkeep
|turn|35
|inactive|Dhgss has 240 seconds left.
|
|t:|1730323334
|cant|p2a: Suicune|slp
|move|p1a: Swampert|Earthquake|p2a: Suicune
|-damage|p2a: Suicune|58/100 slp
|
|-weather|Sandstorm|[upkeep]
|-damage|p2a: Suicune|52/100 slp|[from] Sandstorm
|-heal|p2a: Suicune|58/100 slp|[from] item: Leftovers
|-heal|p1a: Swampert|85/100|[from] item: Leftovers
|upkeep
|turn|36
|
|t:|1730323342
|cant|p2a: Suicune|slp
|move|p1a: Swampert|Earthquake|p2a: Suicune
|-damage|p2a: Suicune|38/100 slp
|
|-weather|Sandstorm|[upkeep]
|-damage|p2a: Suicune|32/100 slp|[from] Sandstorm
|-heal|p2a: Suicune|38/100 slp|[from] item: Leftovers
|-heal|p1a: Swampert|91/100|[from] item: Leftovers
|upkeep
|turn|37
|
|t:|1730323356
|switch|p1a: Tyranitar|Tyranitar, F|40/100
|-curestatus|p2a: Suicune|slp|[msg]
|move|p2a: Suicune|Surf|p1a: Tyranitar
|-supereffective|p1a: Tyranitar
|-damage|p1a: Tyranitar|0 fnt
|faint|p1a: Tyranitar
|
|t:|1730323364
|switch|p1a: Aerodactyl|Aerodactyl, F|83/100
|
|-weather|Sandstorm|[upkeep]
|-damage|p2a: Suicune|32/100|[from] Sandstorm
|-heal|p2a: Suicune|38/100|[from] item: Leftovers
|upkeep
|turn|38
|inactive|Dhgss has 240 seconds left.
|inactive|Team Constantin has 270 seconds left.
|
|t:|1730323394
|move|p1a: Aerodactyl|Double-Edge|p2a: Suicune
|-damage|p2a: Suicune|9/100
|move|p2a: Suicune|Surf|p1a: Aerodactyl
|-supereffective|p1a: Aerodactyl
|-crit|p1a: Aerodactyl
|-damage|p1a: Aerodactyl|0 fnt
|faint|p1a: Aerodactyl
|
|t:|1730323401
|switch|p1a: Gengar|Gengar, M, shiny|61/100
|
|-weather|Sandstorm|[upkeep]
|-damage|p1a: Gengar|54/100|[from] Sandstorm
|-damage|p2a: Suicune|3/100|[from] Sandstorm
|-heal|p1a: Gengar|61/100|[from] item: Leftovers
|-heal|p2a: Suicune|9/100|[from] item: Leftovers
|upkeep
|turn|39
|
|t:|1730323406
|move|p1a: Gengar|Thunderbolt|p2a: Suicune
|-supereffective|p2a: Suicune
|-damage|p2a: Suicune|0 fnt
|faint|p2a: Suicune
|
|t:|1730323409
|switch|p2a: Magneton|Magneton|99/100
|-damage|p2a: Magneton|88/100|[from] Spikes
|
|-weather|Sandstorm|[upkeep]
|-damage|p1a: Gengar|54/100|[from] Sandstorm
|-heal|p1a: Gengar|61/100|[from] item: Leftovers
|-heal|p2a: Magneton|94/100|[from] item: Leftovers
|upkeep
|turn|40
|
|t:|1730323417
|switch|p1a: Swampert|Swampert, M|91/100
|move|p2a: Magneton|Thunderbolt|p1a: Swampert
|-immune|p1a: Swampert
|
|-weather|Sandstorm|[upkeep]
|-heal|p2a: Magneton|99/100|[from] item: Leftovers
|-heal|p1a: Swampert|97/100|[from] item: Leftovers
|upkeep
|turn|41
|
|t:|1730323426
|move|p2a: Magneton|Hidden Power|p1a: Swampert
|-supereffective|p1a: Swampert
|-damage|p1a: Swampert|7/100
|move|p1a: Swampert|Ice Beam|p2a: Magneton
|-resisted|p2a: Magneton
|-damage|p2a: Magneton|84/100
|
|-weather|Sandstorm|[upkeep]
|-heal|p2a: Magneton|90/100|[from] item: Leftovers
|-heal|p1a: Swampert|13/100|[from] item: Leftovers
|upkeep
|turn|42
|c|☆Dhgss|GG
|
|t:|1730323437
|move|p2a: Magneton|Hidden Power|p1a: Swampert
|-supereffective|p1a: Swampert
|-damage|p1a: Swampert|0 fnt
|faint|p1a: Swampert
|c|☆Team Constantin|gg
|
|t:|1730323442
|switch|p1a: Gengar|Gengar, M, shiny|61/100
|
|-weather|Sandstorm|[upkeep]
|-damage|p1a: Gengar|54/100|[from] Sandstorm
|-heal|p1a: Gengar|61/100|[from] item: Leftovers
|-heal|p2a: Magneton|96/100|[from] item: Leftovers
|upkeep
|turn|43
|
|t:|1730323450
|move|p1a: Gengar|Ice Punch|p2a: Magneton
|-resisted|p2a: Magneton
|-damage|p2a: Magneton|79/100
|move|p2a: Magneton|Thunder Wave|p1a: Gengar
|-status|p1a: Gengar|par
|
|-weather|Sandstorm|[upkeep]
|-damage|p1a: Gengar|54/100 par|[from] Sandstorm
|-heal|p2a: Magneton|85/100|[from] item: Leftovers
|-heal|p1a: Gengar|61/100 par|[from] item: Leftovers
|upkeep
|turn|44
|inactive|Dhgss has 270 seconds left.
|
|t:|1730323456
|move|p2a: Magneton|Thunderbolt|p1a: Gengar
|-damage|p1a: Gengar|0 fnt
|faint|p1a: Gengar
|
|win|Team Constantin

</script>
<script type="application/json" class="data" id="replaydata-smogtours-gen3ou-803481">
{"id":"smogtours-gen3ou-803481","format":"[Gen 3] OU","players":["Dhgss","Team Constantin"],"uploadtime":1730323456,"views":61,"formatid":"gen3ou","rating":null,"private":0,"password":null}
</script>

<script defer src="js/replays.js?9d40a366"></script>
