<!DOCTYPE html>
<meta charset="utf-8" />
<meta name="viewport" content="width=device-width" />

<title>[Gen 3] OU: TheLargestLad vs. xXEricXx - Replays - Pok&eacute;mon Showdown!</title>

<meta name="description" content="Watch a replay of a Pok&eacute;mon battle between TheLargestLad and xXEricXx! Format: [Gen 3] OU; Date: Oct 20, 2024" />
<!--

Hey, you! Looking in the source for the replay log?

You can find them in JSON format, just add `.json` at the end of a replay URL.

https://replay.pokemonshowdown.com/gen7randomdoublesbattle-865046831.json

Or, if you only need the log itself, add `.log` instead:

https://replay.pokemonshowdown.com/gen7randomdoublesbattle-865046831.log

-->

<link rel="stylesheet" href="//pokemonshowdown.com/style/global.css?0.023195364461161105" />
<link rel="stylesheet" href="//play.pokemonshowdown.com/style/font-awesome.css?0.13261647063804238" />
<link rel="stylesheet" href="//play.pokemonshowdown.com/style/battle.css?0.8753245789963631" />
<link rel="stylesheet" href="//play.pokemonshowdown.com/style/utilichart.css?0.8627959624976733" />

<!-- Global site tag (gtag.js) - Google Analytics -->
<script async src="https://www.googletagmanager.com/gtag/js?id=UA-26211653-1"></script>
<script>
  window.dataLayer = window.dataLayer || [];
  function gtag(){dataLayer.push(arguments);}
  gtag('js', new Date());

  gtag('config', 'UA-26211653-1');
</script>
<!-- End Google Analytics -->
<!-- Venatus Ad Manager - Install in <HEAD> of page -->
	<script src="https://hb.vntsm.com/v3/live/ad-manager.min.js" type="text/javascript" data-site-id="642aba63ec9a7b11c3c9c1be" data-mode="scan" async></script>
<!-- / Venatus Ad Manager -->

<style>
	@media (max-width:820px) {
		.battle {
			margin: 0 auto;
		}
		.battle-log {
			margin: 7px auto 0;
			max-width: 640px;
			height: 300px;
			position: static;
		}
	}
	.optgroup {
		display: inline-block;
		line-height: 22px;
		font-size: 10pt;
	}
	.optgroup .button {
		height: 25px;
		padding-top: 0;
		padding-bottom: 0;
	}
	.optgroup button.button {
		padding-left: 12px;
		padding-right: 12px;
	}
	.linklist {
		list-style: none;
		margin: 0.5em 0;
		padding: 0;
	}
	.linklist li {
		padding: 2px 0;
	}
	.sidebar {
		float: left;
		width: 320px;
	}
	.bar-wrapper {
		max-width: 1100px;
		margin: 0 auto;
	}
	.bar-wrapper.has-sidebar {
		max-width: 1430px;
	}
	.mainbar {
		margin: 0;
		padding-right: 1px;
	}
	.mainbar.has-sidebar {
		margin-left: 330px;
	}
	@media (min-width: 1511px) {
		.sidebar {
			width: 400px;
		}
		.bar-wrapper.has-sidebar {
			max-width: 1510px;
		}
		.mainbar.has-sidebar {
			margin-left: 410px;
		}
	}
	.section.first-section {
		margin-top: 9px;
	}
	.blocklink small {
		white-space: normal;
	}
	.button {
		vertical-align: middle;
	}
	.replay-controls {
		padding-top: 10px;
	}
	.replay-controls h1 {
		font-size: 16pt;
		font-weight: normal;
		color: #CCC;
	}
	.pagelink {
		text-align: center;
	}
	.pagelink a {
		width: 150px;
	}
	.textbox, .button {
		font-size: 11pt;
		vertical-align: middle;
	}
	@media (max-width: 450px) {
		.button {
			font-size: 9pt;
		}
	}
</style>

<div>

	<header>
		<div class="nav-wrapper"><ul class="nav">
			<li><a class="button nav-first" href="//pokemonshowdown.com/"><img src="//pokemonshowdown.com/images/pokemonshowdownbeta.png" srcset="//pokemonshowdown.com/images/pokemonshowdownbeta.png 1x, //pokemonshowdown.com/images/pokemonshowdownbeta@2x.png 2x" alt="Pok&eacute;mon Showdown" width="146" height="44" /> Home</a></li>
			<li><a class="button" href="//pokemonshowdown.com/dex/">Pok&eacute;dex</a></li>
			<li><a class="button cur" href="/">Replays</a></li>
			<li><a class="button" href="//pokemonshowdown.com/ladder/">Ladder</a></li>
			<li><a class="button nav-last" href="//pokemonshowdown.com/forums/">Forum</a></li>
			<li><a class="button greenbutton nav-first nav-last" href="//play.pokemonshowdown.com/">Play</a></li>
		</ul></div>
	</header>

	<div class="main" id="main">

		<noscript><section class="section">You need to enable JavaScript to use this page; sorry!</section></noscript>

	</div>

</div>

<script defer nomodule src="//play.pokemonshowdown.com/js/lib/ps-polyfill.js"></script>
<script defer src="//play.pokemonshowdown.com/js/lib/preact.min.js"></script>

<script defer src="//play.pokemonshowdown.com/config/config.js?2bddbc15"></script>
<script defer src="//play.pokemonshowdown.com/js/lib/jquery-1.11.0.min.js"></script>
<script defer src="//play.pokemonshowdown.com/js/lib/html-sanitizer-minified.js"></script>
<script defer src="//play.pokemonshowdown.com/js/battle-sound.js"></script>
<script defer src="//play.pokemonshowdown.com/js/battledata.js?0.7209276989879541"></script>
<script defer src="//play.pokemonshowdown.com/data/pokedex-mini.js?0.6111056340867951"></script>
<script defer src="//play.pokemonshowdown.com/data/pokedex-mini-bw.js?0.3532142036491459"></script>
<script defer src="//play.pokemonshowdown.com/data/graphics.js?0.24223875632456182"></script>
<script defer src="//play.pokemonshowdown.com/data/pokedex.js?0.38839984266356864"></script>
<script defer src="//play.pokemonshowdown.com/data/moves.js?0.21866028504024015"></script>
<script defer src="//play.pokemonshowdown.com/data/abilities.js?0.2005157953846628"></script>
<script defer src="//play.pokemonshowdown.com/data/items.js?0.9894211263848525"></script>
<script defer src="//play.pokemonshowdown.com/data/teambuilder-tables.js?0.6008791140282215"></script>
<script defer src="//play.pokemonshowdown.com/js/battle-tooltips.js?0.7580118955022959"></script>
<script defer src="//play.pokemonshowdown.com/js/battle.js?0.6057722274234274"></script>

<script defer src="js/utils.js?e31f9a17"></script>
<script defer src="js/replays-battle.js?7008c182"></script>

<!-- don't scrape this data! just add .json or .log after the URL!
Full API docs: https://github.com/smogon/pokemon-showdown-client/blob/master/WEB-API.md -->
<script type="text/plain" class="log" id="replaylog-smogtours-gen3ou-800493">
|inactive|Battle timer is ON: inactive players will automatically lose when time's up.
|t:|1729440390
|gametype|singles
|player|p1|TheLargestLad|wattson|
|player|p2|xXEricXx|red|
|teamsize|p1|6
|teamsize|p2|6
|gen|3
|tier|[Gen 3] OU
|rule|Sleep Clause Mod: Limit one foe put to sleep
|rule|Switch Priority Clause Mod: Faster Pokémon switch first
|rule|Species Clause: Limit one of each Pokémon
|rule|OHKO Clause: OHKO moves are banned
|rule|Evasion Items Clause: Evasion items are banned
|rule|Evasion Moves Clause: Evasion moves are banned
|rule|Endless Battle Clause: Forcing endless battles is banned
|rule|HP Percentage Mod: HP is shown in percentages
|rule|One Boost Passer Clause: Limit one Baton Passer that has a way to boost its stats
|rule|Freeze Clause Mod: Limit one foe frozen
|
|t:|1729440390
|start
|switch|p1a: SogDog|Suicune|100/100
|switch|p2a: Salamence|Salamence, M|100/100
|-ability|p2a: Salamence|Intimidate|boost
|-unboost|p1a: SogDog|atk|1
|turn|1
|c|☆xXEricXx|hf
|c|☆TheLargestLad|aye
|
|t:|1729440409
|switch|p2a: Snorlax|Snorlax, M, shiny|100/100
|move|p1a: SogDog|Roar|p2a: Snorlax
|drag|p2a: Houndoom|Houndoom, M|100/100
|
|upkeep
|turn|2
|
|t:|1729440415
|switch|p2a: Snorlax|Snorlax, M, shiny|100/100
|move|p1a: SogDog|Surf|p2a: Snorlax
|-crit|p2a: Snorlax
|-damage|p2a: Snorlax|47/100
|
|-heal|p2a: Snorlax|54/100|[from] item: Leftovers
|upkeep
|turn|3
|
|t:|1729440429
|switch|p1a: Venus|Cradily, F, shiny|100/100
|move|p2a: Snorlax|Return|p1a: Venus
|-resisted|p1a: Venus
|-crit|p1a: Venus
|-damage|p1a: Venus|55/100
|
|-heal|p1a: Venus|61/100|[from] item: Leftovers
|-heal|p2a: Snorlax|60/100|[from] item: Leftovers
|upkeep
|turn|4
|
|t:|1729440442
|switch|p2a: Metagross|Metagross|100/100
|move|p1a: Venus|Recover|p1a: Venus
|-heal|p1a: Venus|100/100
|
|upkeep
|turn|5
|
|t:|1729440449
|switch|p1a: Gamerchair|Swampert, F|100/100
|move|p2a: Metagross|Meteor Mash|p1a: Gamerchair
|-resisted|p1a: Gamerchair
|-damage|p1a: Gamerchair|80/100
|
|-heal|p1a: Gamerchair|86/100|[from] item: Leftovers
|upkeep
|turn|6
|
|t:|1729440461
|switch|p2a: Breloom|Breloom, F|100/100
|move|p1a: Gamerchair|Substitute|p1a: Gamerchair
|-start|p1a: Gamerchair|Substitute
|-damage|p1a: Gamerchair|61/100
|
|-heal|p1a: Gamerchair|68/100|[from] item: Leftovers
|upkeep
|turn|7
|
|t:|1729440466
|switch|p2a: Starmie|Starmie|100/100
|move|p1a: Gamerchair|Ice Beam|p2a: Starmie
|-resisted|p2a: Starmie
|-damage|p2a: Starmie|89/100
|
|-heal|p2a: Starmie|96/100|[from] item: Leftovers
|-heal|p1a: Gamerchair|74/100|[from] item: Leftovers
|upkeep
|turn|8
|
|t:|1729440471
|move|p2a: Starmie|Surf|p1a: Gamerchair
|-end|p1a: Gamerchair|Substitute
|move|p1a: Gamerchair|Hydro Pump|p2a: Starmie
|-resisted|p2a: Starmie
|-damage|p2a: Starmie|77/100
|
|-heal|p2a: Starmie|83/100|[from] item: Leftovers
|-heal|p1a: Gamerchair|80/100|[from] item: Leftovers
|upkeep
|turn|9
|
|t:|1729440480
|switch|p1a: Venus|Cradily, F, shiny|100/100
|move|p2a: Starmie|Thunder Wave|p1a: Venus
|-status|p1a: Venus|par
|
|-heal|p2a: Starmie|89/100|[from] item: Leftovers
|upkeep
|turn|10
|
|t:|1729440493
|switch|p2a: Metagross|Metagross|100/100
|move|p1a: Venus|Hidden Power|p2a: Metagross
|-supereffective|p2a: Metagross
|-damage|p2a: Metagross|64/100
|
|-heal|p2a: Metagross|70/100|[from] item: Leftovers
|upkeep
|turn|11
|
|t:|1729440507
|switch|p1a: Gamerchair|Swampert, F|80/100
|move|p2a: Metagross|Meteor Mash|p1a: Gamerchair|[miss]
|-miss|p2a: Metagross|p1a: Gamerchair
|
|-heal|p2a: Metagross|76/100|[from] item: Leftovers
|-heal|p1a: Gamerchair|86/100|[from] item: Leftovers
|upkeep
|turn|12
|
|t:|1729440513
|-singleturn|p1a: Gamerchair|move: Focus Punch
|switch|p2a: Starmie|Starmie|89/100
|move|p1a: Gamerchair|Focus Punch|p2a: Starmie
|-resisted|p2a: Starmie
|-damage|p2a: Starmie|70/100
|
|-heal|p2a: Starmie|76/100|[from] item: Leftovers
|-heal|p1a: Gamerchair|92/100|[from] item: Leftovers
|upkeep
|turn|13
|
|t:|1729440525
|switch|p2a: Breloom|Breloom, F|100/100
|switch|p1a: The Onyon|Celebi|100/100
|
|upkeep
|turn|14
|
|t:|1729440534
|switch|p2a: Houndoom|Houndoom, M|100/100
|move|p1a: The Onyon|Psychic|p2a: Houndoom
|-immune|p2a: Houndoom
|
|upkeep
|turn|15
|
|t:|1729440546
|-activate|p1a: The Onyon|move: Pursuit
|move|p2a: Houndoom|Pursuit|p1a: The Onyon|[from]Pursuit
|-supereffective|p1a: The Onyon
|-damage|p1a: The Onyon|27/100
|switch|p1a: Big Jimmy|Salamence, F|100/100
|-ability|p1a: Big Jimmy|Intimidate|boost
|-unboost|p2a: Houndoom|atk|1
|
|upkeep
|turn|16
|
|t:|1729440567
|switch|p2a: Salamence|Salamence, M|100/100
|-ability|p2a: Salamence|Intimidate|boost
|-unboost|p1a: Big Jimmy|atk|1
|move|p1a: Big Jimmy|Dragon Claw|p2a: Salamence
|-supereffective|p2a: Salamence
|-crit|p2a: Salamence
|-damage|p2a: Salamence|0 fnt
|faint|p2a: Salamence
|
|t:|1729440581
|switch|p2a: Snorlax|Snorlax, M, shiny|60/100
|
|-heal|p2a: Snorlax|66/100|[from] item: Leftovers
|upkeep
|turn|17
|
|t:|1729440586
|move|p1a: Big Jimmy|Dragon Claw|p2a: Snorlax
|-damage|p2a: Snorlax|40/100
|move|p2a: Snorlax|Return|p1a: Big Jimmy
|-damage|p1a: Big Jimmy|35/100
|
|-heal|p1a: Big Jimmy|41/100|[from] item: Leftovers
|-heal|p2a: Snorlax|46/100|[from] item: Leftovers
|upkeep
|turn|18
|
|t:|1729440593
|move|p1a: Big Jimmy|Dragon Claw|p2a: Snorlax
|-damage|p2a: Snorlax|20/100
|move|p2a: Snorlax|Return|p1a: Big Jimmy
|-damage|p1a: Big Jimmy|0 fnt
|faint|p1a: Big Jimmy
|
|t:|1729440599
|switch|p1a: Starbaby|Jirachi|100/100
|
|-heal|p2a: Snorlax|26/100|[from] item: Leftovers
|upkeep
|turn|19
|
|t:|1729440609
|move|p1a: Starbaby|Substitute|p1a: Starbaby
|-start|p1a: Starbaby|Substitute
|-damage|p1a: Starbaby|75/100
|move|p2a: Snorlax|Earthquake|p1a: Starbaby
|-supereffective|p1a: Starbaby
|-end|p1a: Starbaby|Substitute
|
|-heal|p1a: Starbaby|82/100|[from] item: Leftovers
|-heal|p2a: Snorlax|33/100|[from] item: Leftovers
|upkeep
|turn|20
|
|t:|1729440616
|move|p1a: Starbaby|Thunderbolt|p2a: Snorlax
|-damage|p2a: Snorlax|16/100
|move|p2a: Snorlax|Earthquake|p1a: Starbaby
|-supereffective|p1a: Starbaby
|-damage|p1a: Starbaby|29/100
|
|-heal|p1a: Starbaby|36/100|[from] item: Leftovers
|-heal|p2a: Snorlax|22/100|[from] item: Leftovers
|upkeep
|turn|21
|
|t:|1729440625
|move|p1a: Starbaby|Thunderbolt|p2a: Snorlax
|-damage|p2a: Snorlax|5/100
|move|p2a: Snorlax|Earthquake|p1a: Starbaby
|-supereffective|p1a: Starbaby
|-damage|p1a: Starbaby|0 fnt
|faint|p1a: Starbaby
|
|t:|1729440629
|switch|p1a: SogDog|Suicune|100/100
|
|-heal|p2a: Snorlax|11/100|[from] item: Leftovers
|upkeep
|turn|22
|
|t:|1729440633
|switch|p2a: Starmie|Starmie|76/100
|move|p1a: SogDog|Surf|p2a: Starmie
|-resisted|p2a: Starmie
|-damage|p2a: Starmie|51/100
|
|-heal|p2a: Starmie|57/100|[from] item: Leftovers
|upkeep
|turn|23
|
|t:|1729440639
|switch|p1a: The Onyon|Celebi|27/100
|move|p2a: Starmie|Recover|p2a: Starmie
|-heal|p2a: Starmie|100/100
|
|-heal|p1a: The Onyon|33/100|[from] item: Leftovers
|upkeep
|turn|24
|
|t:|1729440643
|switch|p2a: Houndoom|Houndoom, M|100/100
|move|p1a: The Onyon|Calm Mind|p1a: The Onyon
|-boost|p1a: The Onyon|spa|1
|-boost|p1a: The Onyon|spd|1
|
|-heal|p1a: The Onyon|39/100|[from] item: Leftovers
|upkeep
|turn|25
|
|t:|1729440654
|move|p1a: The Onyon|Baton Pass|p1a: The Onyon
|
|t:|1729440657
|switch|p1a: SogDog|Suicune|100/100|[from] Baton Pass
|move|p2a: Houndoom|Crunch|p1a: SogDog
|-damage|p1a: SogDog|78/100
|-unboost|p1a: SogDog|spd|1
|
|-heal|p1a: SogDog|84/100|[from] item: Leftovers
|upkeep
|turn|26
|
|t:|1729440663
|switch|p2a: Starmie|Starmie|100/100
|move|p1a: SogDog|Surf|p2a: Starmie
|-resisted|p2a: Starmie
|-damage|p2a: Starmie|62/100
|
|-heal|p2a: Starmie|68/100|[from] item: Leftovers
|-heal|p1a: SogDog|90/100|[from] item: Leftovers
|upkeep
|turn|27
|
|t:|1729440668
|switch|p1a: The Onyon|Celebi|39/100
|move|p2a: Starmie|Thunder Wave|p1a: The Onyon
|-status|p1a: The Onyon|par
|
|-heal|p2a: Starmie|74/100|[from] item: Leftovers
|-heal|p1a: The Onyon|45/100 par|[from] item: Leftovers
|upkeep
|turn|28
|
|t:|1729440672
|switch|p2a: Houndoom|Houndoom, M|100/100
|move|p1a: The Onyon|Baton Pass|p1a: The Onyon
|
|t:|1729440676
|-curestatus|p1a: The Onyon|par|[from] ability: Natural Cure
|switch|p1a: SogDog|Suicune|90/100|[from] Baton Pass
|
|-heal|p1a: SogDog|96/100|[from] item: Leftovers
|upkeep
|turn|29
|
|t:|1729440689
|switch|p2a: Starmie|Starmie|74/100
|move|p1a: SogDog|Calm Mind|p1a: SogDog
|-boost|p1a: SogDog|spa|1
|-boost|p1a: SogDog|spd|1
|
|-heal|p2a: Starmie|80/100|[from] item: Leftovers
|-heal|p1a: SogDog|100/100|[from] item: Leftovers
|upkeep
|turn|30
|
|t:|1729440699
|move|p2a: Starmie|Thunder Wave|p1a: SogDog
|-status|p1a: SogDog|par
|move|p1a: SogDog|Surf|p2a: Starmie
|-resisted|p2a: Starmie
|-damage|p2a: Starmie|48/100
|
|-heal|p2a: Starmie|54/100|[from] item: Leftovers
|upkeep
|turn|31
|
|t:|1729440704
|move|p2a: Starmie|Recover|p2a: Starmie
|-heal|p2a: Starmie|100/100
|move|p1a: SogDog|Calm Mind|p1a: SogDog
|-boost|p1a: SogDog|spa|1
|-boost|p1a: SogDog|spd|1
|
|upkeep
|turn|32
|
|t:|1729440719
|switch|p2a: Breloom|Breloom, F|100/100
|move|p1a: SogDog|Surf|p2a: Breloom
|-resisted|p2a: Breloom
|-damage|p2a: Breloom|12/100
|
|-heal|p2a: Breloom|18/100|[from] item: Leftovers
|upkeep
|turn|33
|
|t:|1729440726
|-singleturn|p2a: Breloom|move: Focus Punch
|cant|p1a: SogDog|par
|move|p2a: Breloom|Focus Punch|p1a: SogDog
|-damage|p1a: SogDog|25/100 par
|
|-heal|p2a: Breloom|24/100|[from] item: Leftovers
|-heal|p1a: SogDog|31/100 par|[from] item: Leftovers
|upkeep
|turn|34
|
|t:|1729440732
|move|p2a: Breloom|Sky Uppercut|p1a: SogDog
|-damage|p1a: SogDog|0 fnt
|faint|p1a: SogDog
|
|t:|1729440737
|switch|p1a: The Onyon|Celebi|45/100
|
|-heal|p1a: The Onyon|51/100|[from] item: Leftovers
|-heal|p2a: Breloom|30/100|[from] item: Leftovers
|upkeep
|turn|35
|
|t:|1729440743
|move|p1a: The Onyon|Calm Mind|p1a: The Onyon
|-boost|p1a: The Onyon|spa|1
|-boost|p1a: The Onyon|spd|1
|move|p2a: Breloom|Spore|p1a: The Onyon
|-status|p1a: The Onyon|slp|[from] move: Spore
|
|-heal|p1a: The Onyon|58/100 slp|[from] item: Leftovers
|-heal|p2a: Breloom|37/100|[from] item: Leftovers
|upkeep
|turn|36
|
|t:|1729440745
|-singleturn|p2a: Breloom|move: Focus Punch
|cant|p1a: The Onyon|slp
|move|p2a: Breloom|Focus Punch|p1a: The Onyon
|-resisted|p1a: The Onyon
|-damage|p1a: The Onyon|18/100 slp
|
|-heal|p1a: The Onyon|25/100 slp|[from] item: Leftovers
|-heal|p2a: Breloom|43/100|[from] item: Leftovers
|upkeep
|turn|37
|
|t:|1729440755
|-singleturn|p2a: Breloom|move: Focus Punch
|cant|p1a: The Onyon|slp
|move|p2a: Breloom|Focus Punch|p1a: The Onyon
|-resisted|p1a: The Onyon
|-damage|p1a: The Onyon|0 fnt
|faint|p1a: The Onyon
|
|t:|1729440757
|switch|p1a: Gamerchair|Swampert, F|92/100
|
|-heal|p2a: Breloom|49/100|[from] item: Leftovers
|-heal|p1a: Gamerchair|99/100|[from] item: Leftovers
|upkeep
|turn|38
|
|t:|1729440764
|switch|p1a: Venus|Cradily, F, shiny|100/100 par
|move|p2a: Breloom|Spore||[still]
|-fail|p2a: Breloom
|
|-heal|p2a: Breloom|55/100|[from] item: Leftovers
|upkeep
|turn|39
|
|t:|1729440767
|move|p2a: Breloom|Sky Uppercut|p1a: Venus
|-supereffective|p1a: Venus
|-damage|p1a: Venus|15/100 par
|move|p1a: Venus|Hidden Power|p2a: Breloom
|-supereffective|p2a: Breloom
|-damage|p2a: Breloom|0 fnt
|faint|p2a: Breloom
|
|t:|1729440775
|switch|p2a: Houndoom|Houndoom, M|100/100
|
|-heal|p1a: Venus|21/100 par|[from] item: Leftovers
|upkeep
|turn|40
|
|t:|1729440777
|move|p2a: Houndoom|Crunch|p1a: Venus
|-damage|p1a: Venus|0 fnt
|faint|p1a: Venus
|
|t:|1729440779
|switch|p1a: Gamerchair|Swampert, F|99/100
|
|-heal|p1a: Gamerchair|100/100|[from] item: Leftovers
|upkeep
|turn|41
|
|t:|1729440782
|move|p2a: Houndoom|Hidden Power|p1a: Gamerchair
|-supereffective|p1a: Gamerchair
|-damage|p1a: Gamerchair|9/100
|move|p1a: Gamerchair|Hydro Pump|p2a: Houndoom
|-supereffective|p2a: Houndoom
|-damage|p2a: Houndoom|0 fnt
|faint|p2a: Houndoom
|
|t:|1729440787
|switch|p2a: Starmie|Starmie|100/100
|
|-heal|p1a: Gamerchair|16/100|[from] item: Leftovers
|upkeep
|turn|42
|
|t:|1729440804
|move|p2a: Starmie|Surf|p1a: Gamerchair
|-damage|p1a: Gamerchair|0 fnt
|faint|p1a: Gamerchair
|
|win|xXEricXx
|c|☆TheLargestLad|gg
|c|☆xXEricXx|gg
|player|p1|
|player|p1|TheLargestLad|wattson|

</script>
<script type="application/json" class="data" id="replaydata-smogtours-gen3ou-800493">
{"id":"smogtours-gen3ou-800493","format":"[Gen 3] OU","players":["TheLargestLad","xXEricXx"],"uploadtime":1729440804,"views":93,"formatid":"gen3ou","rating":null,"private":0,"password":null}
</script>

<script defer src="js/replays.js?9d40a366"></script>
