<!DOCTYPE html>
<meta charset="utf-8" />
<meta name="viewport" content="width=device-width" />

<title>[Gen 3] OU: T1W1B vs. Biffo Banana - Replays - Pok&eacute;mon Showdown!</title>

<meta name="description" content="Watch a replay of a Pok&eacute;mon battle between T1W1B and Biffo Banana! Format: [Gen 3] OU; Date: Oct 2, 2024" />
<!--

Hey, you! Looking in the source for the replay log?

You can find them in JSON format, just add `.json` at the end of a replay URL.

https://replay.pokemonshowdown.com/gen7randomdoublesbattle-865046831.json

Or, if you only need the log itself, add `.log` instead:

https://replay.pokemonshowdown.com/gen7randomdoublesbattle-865046831.log

-->

<link rel="stylesheet" href="//pokemonshowdown.com/style/global.css?0.767286132409787" />
<link rel="stylesheet" href="//play.pokemonshowdown.com/style/font-awesome.css?0.9266228007934947" />
<link rel="stylesheet" href="//play.pokemonshowdown.com/style/battle.css?0.7924700842790926" />
<link rel="stylesheet" href="//play.pokemonshowdown.com/style/utilichart.css?0.8777417872839479" />

<!-- Global site tag (gtag.js) - Google Analytics -->
<script async src="https://www.googletagmanager.com/gtag/js?id=UA-26211653-1"></script>
<script>
  window.dataLayer = window.dataLayer || [];
  function gtag(){dataLayer.push(arguments);}
  gtag('js', new Date());

  gtag('config', 'UA-26211653-1');
</script>
<!-- End Google Analytics -->
<!-- Venatus Ad Manager - Install in <HEAD> of page -->
	<script src="https://hb.vntsm.com/v3/live/ad-manager.min.js" type="text/javascript" data-site-id="642aba63ec9a7b11c3c9c1be" data-mode="scan" async></script>
<!-- / Venatus Ad Manager -->

<style>
	@media (max-width:820px) {
		.battle {
			margin: 0 auto;
		}
		.battle-log {
			margin: 7px auto 0;
			max-width: 640px;
			height: 300px;
			position: static;
		}
	}
	.optgroup {
		display: inline-block;
		line-height: 22px;
		font-size: 10pt;
	}
	.optgroup .button {
		height: 25px;
		padding-top: 0;
		padding-bottom: 0;
	}
	.optgroup button.button {
		padding-left: 12px;
		padding-right: 12px;
	}
	.linklist {
		list-style: none;
		margin: 0.5em 0;
		padding: 0;
	}
	.linklist li {
		padding: 2px 0;
	}
	.sidebar {
		float: left;
		width: 320px;
	}
	.bar-wrapper {
		max-width: 1100px;
		margin: 0 auto;
	}
	.bar-wrapper.has-sidebar {
		max-width: 1430px;
	}
	.mainbar {
		margin: 0;
		padding-right: 1px;
	}
	.mainbar.has-sidebar {
		margin-left: 330px;
	}
	@media (min-width: 1511px) {
		.sidebar {
			width: 400px;
		}
		.bar-wrapper.has-sidebar {
			max-width: 1510px;
		}
		.mainbar.has-sidebar {
			margin-left: 410px;
		}
	}
	.section.first-section {
		margin-top: 9px;
	}
	.blocklink small {
		white-space: normal;
	}
	.button {
		vertical-align: middle;
	}
	.replay-controls {
		padding-top: 10px;
	}
	.replay-controls h1 {
		font-size: 16pt;
		font-weight: normal;
		color: #CCC;
	}
	.pagelink {
		text-align: center;
	}
	.pagelink a {
		width: 150px;
	}
	.textbox, .button {
		font-size: 11pt;
		vertical-align: middle;
	}
	@media (max-width: 450px) {
		.button {
			font-size: 9pt;
		}
	}
</style>

<div>

	<header>
		<div class="nav-wrapper"><ul class="nav">
			<li><a class="button nav-first" href="//pokemonshowdown.com/"><img src="//pokemonshowdown.com/images/pokemonshowdownbeta.png" srcset="//pokemonshowdown.com/images/pokemonshowdownbeta.png 1x, //pokemonshowdown.com/images/pokemonshowdownbeta@2x.png 2x" alt="Pok&eacute;mon Showdown" width="146" height="44" /> Home</a></li>
			<li><a class="button" href="//pokemonshowdown.com/dex/">Pok&eacute;dex</a></li>
			<li><a class="button cur" href="/">Replays</a></li>
			<li><a class="button" href="//pokemonshowdown.com/ladder/">Ladder</a></li>
			<li><a class="button nav-last" href="//pokemonshowdown.com/forums/">Forum</a></li>
			<li><a class="button greenbutton nav-first nav-last" href="//play.pokemonshowdown.com/">Play</a></li>
		</ul></div>
	</header>

	<div class="main" id="main">

		<noscript><section class="section">You need to enable JavaScript to use this page; sorry!</section></noscript>

	</div>

</div>

<script defer nomodule src="//play.pokemonshowdown.com/js/lib/ps-polyfill.js"></script>
<script defer src="//play.pokemonshowdown.com/js/lib/preact.min.js"></script>

<script defer src="//play.pokemonshowdown.com/config/config.js?6dec07f6"></script>
<script defer src="//play.pokemonshowdown.com/js/lib/jquery-1.11.0.min.js"></script>
<script defer src="//play.pokemonshowdown.com/js/lib/html-sanitizer-minified.js"></script>
<script defer src="//play.pokemonshowdown.com/js/battle-sound.js"></script>
<script defer src="//play.pokemonshowdown.com/js/battledata.js?0.6315294753075389"></script>
<script defer src="//play.pokemonshowdown.com/data/pokedex-mini.js?0.7603743185311358"></script>
<script defer src="//play.pokemonshowdown.com/data/pokedex-mini-bw.js?0.030888842834281283"></script>
<script defer src="//play.pokemonshowdown.com/data/graphics.js?0.05593094747507488"></script>
<script defer src="//play.pokemonshowdown.com/data/pokedex.js?0.47064822249611904"></script>
<script defer src="//play.pokemonshowdown.com/data/moves.js?0.8583693120512459"></script>
<script defer src="//play.pokemonshowdown.com/data/abilities.js?0.16017181182386842"></script>
<script defer src="//play.pokemonshowdown.com/data/items.js?0.4163379185673943"></script>
<script defer src="//play.pokemonshowdown.com/data/teambuilder-tables.js?0.31075597372830477"></script>
<script defer src="//play.pokemonshowdown.com/js/battle-tooltips.js?0.6536193500708172"></script>
<script defer src="//play.pokemonshowdown.com/js/battle.js?0.1916591943277901"></script>

<script defer src="js/utils.js?e31f9a17"></script>
<script defer src="js/replays-battle.js?7008c182"></script>

<!-- don't scrape this data! just add .json or .log after the URL!
Full API docs: https://github.com/smogon/pokemon-showdown-client/blob/master/WEB-API.md -->
<script type="text/plain" class="log" id="replaylog-smogtours-gen3ou-794031">
|inactive|Battle timer is ON: inactive players will automatically lose when time's up.
|t:|1727899708
|gametype|singles
|player|p1|T1W1B|whitney|
|player|p2|Biffo Banana|wally|
|teamsize|p1|6
|teamsize|p2|6
|gen|3
|tier|[Gen 3] OU
|rule|Sleep Clause Mod: Limit one foe put to sleep
|rule|Switch Priority Clause Mod: Faster Pokémon switch first
|rule|Species Clause: Limit one of each Pokémon
|rule|OHKO Clause: OHKO moves are banned
|rule|Evasion Items Clause: Evasion items are banned
|rule|Evasion Moves Clause: Evasion moves are banned
|rule|Endless Battle Clause: Forcing endless battles is banned
|rule|HP Percentage Mod: HP is shown in percentages
|rule|One Boost Passer Clause: Limit one Baton Passer that has a way to boost its stats
|rule|Freeze Clause Mod: Limit one foe frozen
|
|t:|1727899708
|start
|switch|p1a: Skarmory|Skarmory, F|100/100
|switch|p2a: Skarmory|Skarmory, M|100/100
|turn|1
|c|☆T1W1B|hf again
|c|☆Biffo Banana|hf :)
|
|t:|1727899737
|switch|p2a: Magneton|Magneton|100/100
|move|p1a: Skarmory|Spikes|p2a: Magneton
|-sidestart|p2: Biffo Banana|Spikes
|
|upkeep
|turn|2
|
|t:|1727899749
|move|p2a: Magneton|Substitute|p2a: Magneton
|-start|p2a: Magneton|Substitute
|-damage|p2a: Magneton|76/100
|move|p1a: Skarmory|Roar|p2a: Magneton
|drag|p2a: Blissey|Blissey, F|100/100
|-damage|p2a: Blissey|88/100|[from] Spikes
|
|-heal|p2a: Blissey|94/100|[from] item: Leftovers
|upkeep
|turn|3
|
|t:|1727899756
|move|p2a: Blissey|Thunder Wave|p1a: Skarmory
|-status|p1a: Skarmory|par
|move|p1a: Skarmory|Roar|p2a: Blissey
|drag|p2a: Aerodactyl|Aerodactyl, M|100/100
|
|upkeep
|turn|4
|
|t:|1727899766
|switch|p2a: Skarmory|Skarmory, M|100/100
|switch|p1a: Jirachi|Jirachi|100/100
|
|upkeep
|turn|5
|
|t:|1727899772
|switch|p1a: Jolteon|Jolteon, F|100/100
|move|p2a: Skarmory|Spikes|p1a: Jolteon
|-sidestart|p1: T1W1B|Spikes
|
|upkeep
|turn|6
|
|t:|1727899783
|move|p1a: Jolteon|Baton Pass|p1a: Jolteon
|
|t:|1727899787
|switch|p1a: Starmie|Starmie|100/100|[from] Baton Pass
|-damage|p1a: Starmie|88/100|[from] Spikes
|move|p2a: Skarmory|Spikes|p1a: Starmie
|-sidestart|p1: T1W1B|Spikes
|
|-heal|p1a: Starmie|94/100|[from] item: Leftovers
|upkeep
|turn|7
|
|t:|1727899795
|move|p1a: Starmie|Rapid Spin|p2a: Skarmory
|-resisted|p2a: Skarmory
|-damage|p2a: Skarmory|99/100
|-sideend|p1: T1W1B|Spikes|[from] move: Rapid Spin|[of] p1a: Starmie
|move|p2a: Skarmory|Roar|p1a: Starmie
|drag|p1a: Jirachi|Jirachi|100/100
|
|-heal|p2a: Skarmory|100/100|[from] item: Leftovers
|upkeep
|turn|8
|
|t:|1727899800
|switch|p1a: Jolteon|Jolteon, F|100/100
|move|p2a: Skarmory|Spikes|p1a: Jolteon
|-sidestart|p1: T1W1B|Spikes
|
|upkeep
|turn|9
|
|t:|1727899807
|switch|p2a: Blissey|Blissey, F|94/100
|-damage|p2a: Blissey|82/100|[from] Spikes
|move|p1a: Jolteon|Baton Pass|p1a: Jolteon
|
|t:|1727899820
|switch|p1a: Tyranitar|Tyranitar, F|100/100|[from] Baton Pass
|-damage|p1a: Tyranitar|88/100|[from] Spikes
|-weather|Sandstorm|[from] ability: Sand Stream|[of] p1a: Tyranitar
|
|-weather|Sandstorm|[upkeep]
|-damage|p2a: Blissey|76/100|[from] Sandstorm
|-heal|p2a: Blissey|82/100|[from] item: Leftovers
|upkeep
|turn|10
|
|t:|1727899831
|move|p1a: Tyranitar|Rock Slide|p2a: Blissey
|-crit|p2a: Blissey
|-damage|p2a: Blissey|0 fnt
|faint|p2a: Blissey
|inactive|Biffo Banana has 270 seconds left.
|inactive|Biffo Banana has 240 seconds left.
|
|t:|1727899899
|switch|p2a: Aerodactyl|Aerodactyl, M|100/100
|
|-weather|Sandstorm|[upkeep]
|upkeep
|turn|11
|
|t:|1727899905
|switch|p1a: Skarmory|Skarmory, F|100/100 par
|move|p2a: Aerodactyl|Earthquake|p1a: Skarmory
|-immune|p1a: Skarmory
|
|-weather|Sandstorm|[upkeep]
|upkeep
|turn|12
|
|t:|1727899919
|switch|p2a: Magneton|Magneton|76/100
|-damage|p2a: Magneton|63/100|[from] Spikes
|switch|p1a: Jirachi|Jirachi|100/100
|-damage|p1a: Jirachi|88/100|[from] Spikes
|
|-weather|Sandstorm|[upkeep]
|-heal|p1a: Jirachi|94/100|[from] item: Leftovers
|upkeep
|turn|13
|inactive|Biffo Banana has 240 seconds left.
|
|t:|1727899950
|move|p1a: Jirachi|Fire Punch|p2a: Magneton
|-supereffective|p2a: Magneton
|-damage|p2a: Magneton|0 fnt
|faint|p2a: Magneton
|
|t:|1727899958
|switch|p2a: Aerodactyl|Aerodactyl, M|100/100
|
|-weather|Sandstorm|[upkeep]
|-heal|p1a: Jirachi|100/100|[from] item: Leftovers
|upkeep
|turn|14
|
|t:|1727899966
|move|p2a: Aerodactyl|Rock Slide|p1a: Jirachi
|-resisted|p1a: Jirachi
|-damage|p1a: Jirachi|76/100
|move|p1a: Jirachi|Substitute|p1a: Jirachi
|-start|p1a: Jirachi|Substitute
|-damage|p1a: Jirachi|51/100
|
|-weather|Sandstorm|[upkeep]
|-heal|p1a: Jirachi|57/100|[from] item: Leftovers
|upkeep
|turn|15
|
|t:|1727899973
|switch|p2a: Swampert|Swampert, M|100/100
|-damage|p2a: Swampert|88/100|[from] Spikes
|move|p1a: Jirachi|Calm Mind|p1a: Jirachi
|-boost|p1a: Jirachi|spa|1
|-boost|p1a: Jirachi|spd|1
|
|-weather|Sandstorm|[upkeep]
|-heal|p1a: Jirachi|63/100|[from] item: Leftovers
|-heal|p2a: Swampert|94/100|[from] item: Leftovers
|upkeep
|turn|16
|inactive|Biffo Banana has 240 seconds left.
|
|t:|1727899998
|move|p1a: Jirachi|Psychic|p2a: Swampert
|-damage|p2a: Swampert|42/100
|move|p2a: Swampert|Curse|p2a: Swampert
|-unboost|p2a: Swampert|spe|1
|-boost|p2a: Swampert|atk|1
|-boost|p2a: Swampert|def|1
|
|-weather|Sandstorm|[upkeep]
|-heal|p1a: Jirachi|70/100|[from] item: Leftovers
|-heal|p2a: Swampert|48/100|[from] item: Leftovers
|upkeep
|turn|17
|
|t:|1727900006
|move|p1a: Jirachi|Psychic|p2a: Swampert
|-crit|p2a: Swampert
|-damage|p2a: Swampert|0 fnt
|faint|p2a: Swampert
|
|t:|1727900013
|switch|p2a: Celebi|Celebi|100/100
|-damage|p2a: Celebi|88/100|[from] Spikes
|
|-weather|Sandstorm|[upkeep]
|-damage|p2a: Celebi|82/100|[from] Sandstorm
|-heal|p1a: Jirachi|76/100|[from] item: Leftovers
|-heal|p2a: Celebi|88/100|[from] item: Leftovers
|upkeep
|turn|18
|
|t:|1727900022
|move|p1a: Jirachi|Calm Mind|p1a: Jirachi
|-boost|p1a: Jirachi|spa|1
|-boost|p1a: Jirachi|spd|1
|move|p2a: Celebi|Perish Song|p2a: Celebi
|-start|p1a: Jirachi|perish3|[silent]
|-start|p2a: Celebi|perish3|[silent]
|-fieldactivate|move: Perish Song
|
|-weather|Sandstorm|[upkeep]
|-damage|p2a: Celebi|82/100|[from] Sandstorm
|-heal|p1a: Jirachi|82/100|[from] item: Leftovers
|-heal|p2a: Celebi|88/100|[from] item: Leftovers
|-start|p1a: Jirachi|perish3
|-start|p2a: Celebi|perish3
|upkeep
|turn|19
|
|t:|1727900030
|switch|p2a: Skarmory|Skarmory, M|100/100
|move|p1a: Jirachi|Fire Punch|p2a: Skarmory
|-supereffective|p2a: Skarmory
|-damage|p2a: Skarmory|19/100
|
|-weather|Sandstorm|[upkeep]
|-heal|p1a: Jirachi|88/100|[from] item: Leftovers
|-heal|p2a: Skarmory|25/100|[from] item: Leftovers
|-start|p1a: Jirachi|perish2
|upkeep
|turn|20
|
|t:|1727900036
|move|p2a: Skarmory|Protect|p2a: Skarmory
|-singleturn|p2a: Skarmory|Protect
|move|p1a: Jirachi|Psychic|p2a: Skarmory
|-activate|p2a: Skarmory|Protect
|
|-weather|Sandstorm|[upkeep]
|-heal|p1a: Jirachi|94/100|[from] item: Leftovers
|-heal|p2a: Skarmory|31/100|[from] item: Leftovers
|-start|p1a: Jirachi|perish1
|upkeep
|turn|21
|
|t:|1727900051
|switch|p1a: Jolteon|Jolteon, F|100/100
|-damage|p1a: Jolteon|88/100|[from] Spikes
|switch|p2a: Celebi|Celebi|88/100
|-damage|p2a: Celebi|76/100|[from] Spikes
|
|-weather|Sandstorm|[upkeep]
|-damage|p1a: Jolteon|82/100|[from] Sandstorm
|-damage|p2a: Celebi|70/100|[from] Sandstorm
|-heal|p1a: Jolteon|88/100|[from] item: Leftovers
|-heal|p2a: Celebi|76/100|[from] item: Leftovers
|upkeep
|turn|22
|
|t:|1727900057
|move|p1a: Jolteon|Baton Pass|p1a: Jolteon
|
|t:|1727900074
|switch|p1a: Tyranitar|Tyranitar, F|88/100|[from] Baton Pass
|-damage|p1a: Tyranitar|76/100|[from] Spikes
|move|p2a: Celebi|Leech Seed|p1a: Tyranitar
|-start|p1a: Tyranitar|move: Leech Seed
|
|-weather|Sandstorm|[upkeep]
|-damage|p2a: Celebi|70/100|[from] Sandstorm
|-heal|p2a: Celebi|76/100|[from] item: Leftovers
|-damage|p1a: Tyranitar|63/100|[from] Leech Seed|[of] p2a: Celebi
|-heal|p2a: Celebi|87/100|[silent]
|upkeep
|turn|23
|inactive|Biffo Banana has 270 seconds left.
|
|t:|1727900084
|move|p2a: Celebi|Hidden Power|p1a: Tyranitar
|-supereffective|p1a: Tyranitar
|-damage|p1a: Tyranitar|16/100
|move|p1a: Tyranitar|Hidden Power|p2a: Celebi
|-supereffective|p2a: Celebi
|-damage|p2a: Celebi|0 fnt
|faint|p2a: Celebi
|
|t:|1727900093
|switch|p2a: Skarmory|Skarmory, M|31/100
|
|-weather|Sandstorm|[upkeep]
|-damage|p1a: Tyranitar|3/100|[from] Leech Seed|[of] p2a: Skarmory
|-heal|p2a: Skarmory|44/100|[silent]
|-heal|p2a: Skarmory|50/100|[from] item: Leftovers
|upkeep
|turn|24
|inactive|Biffo Banana has 270 seconds left.
|
|t:|1727900101
|switch|p1a: Jolteon|Jolteon, F|88/100
|-damage|p1a: Jolteon|76/100|[from] Spikes
|move|p2a: Skarmory|Protect||[still]
|-fail|p2a: Skarmory
|
|-weather|Sandstorm|[upkeep]
|-damage|p1a: Jolteon|70/100|[from] Sandstorm
|-heal|p1a: Jolteon|76/100|[from] item: Leftovers
|-heal|p2a: Skarmory|56/100|[from] item: Leftovers
|upkeep
|turn|25
|
|t:|1727900108
|move|p2a: Skarmory|Protect|p2a: Skarmory
|-singleturn|p2a: Skarmory|Protect
|move|p1a: Jolteon|Thunderbolt|p2a: Skarmory
|-activate|p2a: Skarmory|Protect
|
|-weather|Sandstorm|[upkeep]
|-damage|p1a: Jolteon|70/100|[from] Sandstorm
|-heal|p1a: Jolteon|76/100|[from] item: Leftovers
|-heal|p2a: Skarmory|62/100|[from] item: Leftovers
|upkeep
|turn|26
|
|t:|1727900114
|move|p1a: Jolteon|Thunderbolt|p2a: Skarmory
|-supereffective|p2a: Skarmory
|-damage|p2a: Skarmory|0 fnt
|faint|p2a: Skarmory
|
|t:|1727900116
|switch|p2a: Aerodactyl|Aerodactyl, M|100/100
|
|-weather|Sandstorm|[upkeep]
|-damage|p1a: Jolteon|70/100|[from] Sandstorm
|-heal|p1a: Jolteon|76/100|[from] item: Leftovers
|upkeep
|turn|27
|
|t:|1727900123
|switch|p1a: Skarmory|Skarmory, F|100/100 par
|move|p2a: Aerodactyl|Rock Slide|p1a: Skarmory
|-damage|p1a: Skarmory|63/100 par
|
|-weather|Sandstorm|[upkeep]
|-heal|p1a: Skarmory|69/100 par|[from] item: Leftovers
|upkeep
|turn|28
|
|t:|1727900128
|move|p2a: Aerodactyl|Rock Slide|p1a: Skarmory|[miss]
|-miss|p2a: Aerodactyl|p1a: Skarmory
|move|p1a: Skarmory|Toxic|p2a: Aerodactyl
|-status|p2a: Aerodactyl|tox
|
|-weather|Sandstorm|[upkeep]
|-damage|p2a: Aerodactyl|95/100 tox|[from] psn
|-heal|p1a: Skarmory|75/100 par|[from] item: Leftovers
|upkeep
|turn|29
|c|☆Biffo Banana|gg lol
|
|t:|1727900132
|switch|p1a: Jirachi|Jirachi|94/100
|-damage|p1a: Jirachi|82/100|[from] Spikes
|move|p2a: Aerodactyl|Rock Slide|p1a: Jirachi
|-resisted|p1a: Jirachi
|-damage|p1a: Jirachi|58/100
|
|-weather|Sandstorm|[upkeep]
|-damage|p2a: Aerodactyl|83/100 tox|[from] psn
|-heal|p1a: Jirachi|64/100|[from] item: Leftovers
|upkeep
|turn|30
|c|☆T1W1B|gg
|
|t:|1727900137
|move|p2a: Aerodactyl|Rock Slide|p1a: Jirachi
|-resisted|p1a: Jirachi
|-damage|p1a: Jirachi|40/100
|cant|p1a: Jirachi|flinch
|
|-weather|Sandstorm|[upkeep]
|-damage|p2a: Aerodactyl|65/100 tox|[from] psn
|-heal|p1a: Jirachi|46/100|[from] item: Leftovers
|upkeep
|turn|31
|
|t:|1727900149
|move|p2a: Aerodactyl|Rock Slide|p1a: Jirachi
|-resisted|p1a: Jirachi
|-damage|p1a: Jirachi|22/100
|move|p1a: Jirachi|Psychic|p2a: Aerodactyl
|-damage|p2a: Aerodactyl|9/100 tox
|
|-weather|Sandstorm|[upkeep]
|-damage|p2a: Aerodactyl|0 fnt|[from] psn
|faint|p2a: Aerodactyl
|
|win|T1W1B
|upkeep

</script>
<script type="application/json" class="data" id="replaydata-smogtours-gen3ou-794031">
{"id":"smogtours-gen3ou-794031","format":"[Gen 3] OU","players":["T1W1B","Biffo Banana"],"uploadtime":1727900149,"views":98,"formatid":"gen3ou","rating":null,"private":0,"password":null}
</script>

<script defer src="js/replays.js?9d40a366"></script>
