<!DOCTYPE html>
<meta charset="utf-8" />
<meta name="viewport" content="width=device-width" />

<title>[Gen 3] OU: SBMalus vs. CHICKENB00B - Replays - Pok&eacute;mon Showdown!</title>

<meta name="description" content="Watch a replay of a Pok&eacute;mon battle between SBMalus and CHICKENB00B! Format: [Gen 3] OU; Date: Oct 2, 2024" />
<!--

Hey, you! Looking in the source for the replay log?

You can find them in JSON format, just add `.json` at the end of a replay URL.

https://replay.pokemonshowdown.com/gen7randomdoublesbattle-865046831.json

Or, if you only need the log itself, add `.log` instead:

https://replay.pokemonshowdown.com/gen7randomdoublesbattle-865046831.log

-->

<link rel="stylesheet" href="//pokemonshowdown.com/style/global.css?0.023195364461161105" />
<link rel="stylesheet" href="//play.pokemonshowdown.com/style/font-awesome.css?0.13261647063804238" />
<link rel="stylesheet" href="//play.pokemonshowdown.com/style/battle.css?0.8753245789963631" />
<link rel="stylesheet" href="//play.pokemonshowdown.com/style/utilichart.css?0.8627959624976733" />

<!-- Global site tag (gtag.js) - Google Analytics -->
<script async src="https://www.googletagmanager.com/gtag/js?id=UA-26211653-1"></script>
<script>
  window.dataLayer = window.dataLayer || [];
  function gtag(){dataLayer.push(arguments);}
  gtag('js', new Date());

  gtag('config', 'UA-26211653-1');
</script>
<!-- End Google Analytics -->
<!-- Venatus Ad Manager - Install in <HEAD> of page -->
	<script src="https://hb.vntsm.com/v3/live/ad-manager.min.js" type="text/javascript" data-site-id="642aba63ec9a7b11c3c9c1be" data-mode="scan" async></script>
<!-- / Venatus Ad Manager -->

<style>
	@media (max-width:820px) {
		.battle {
			margin: 0 auto;
		}
		.battle-log {
			margin: 7px auto 0;
			max-width: 640px;
			height: 300px;
			position: static;
		}
	}
	.optgroup {
		display: inline-block;
		line-height: 22px;
		font-size: 10pt;
	}
	.optgroup .button {
		height: 25px;
		padding-top: 0;
		padding-bottom: 0;
	}
	.optgroup button.button {
		padding-left: 12px;
		padding-right: 12px;
	}
	.linklist {
		list-style: none;
		margin: 0.5em 0;
		padding: 0;
	}
	.linklist li {
		padding: 2px 0;
	}
	.sidebar {
		float: left;
		width: 320px;
	}
	.bar-wrapper {
		max-width: 1100px;
		margin: 0 auto;
	}
	.bar-wrapper.has-sidebar {
		max-width: 1430px;
	}
	.mainbar {
		margin: 0;
		padding-right: 1px;
	}
	.mainbar.has-sidebar {
		margin-left: 330px;
	}
	@media (min-width: 1511px) {
		.sidebar {
			width: 400px;
		}
		.bar-wrapper.has-sidebar {
			max-width: 1510px;
		}
		.mainbar.has-sidebar {
			margin-left: 410px;
		}
	}
	.section.first-section {
		margin-top: 9px;
	}
	.blocklink small {
		white-space: normal;
	}
	.button {
		vertical-align: middle;
	}
	.replay-controls {
		padding-top: 10px;
	}
	.replay-controls h1 {
		font-size: 16pt;
		font-weight: normal;
		color: #CCC;
	}
	.pagelink {
		text-align: center;
	}
	.pagelink a {
		width: 150px;
	}
	.textbox, .button {
		font-size: 11pt;
		vertical-align: middle;
	}
	@media (max-width: 450px) {
		.button {
			font-size: 9pt;
		}
	}
</style>

<div>

	<header>
		<div class="nav-wrapper"><ul class="nav">
			<li><a class="button nav-first" href="//pokemonshowdown.com/"><img src="//pokemonshowdown.com/images/pokemonshowdownbeta.png" srcset="//pokemonshowdown.com/images/pokemonshowdownbeta.png 1x, //pokemonshowdown.com/images/pokemonshowdownbeta@2x.png 2x" alt="Pok&eacute;mon Showdown" width="146" height="44" /> Home</a></li>
			<li><a class="button" href="//pokemonshowdown.com/dex/">Pok&eacute;dex</a></li>
			<li><a class="button cur" href="/">Replays</a></li>
			<li><a class="button" href="//pokemonshowdown.com/ladder/">Ladder</a></li>
			<li><a class="button nav-last" href="//pokemonshowdown.com/forums/">Forum</a></li>
			<li><a class="button greenbutton nav-first nav-last" href="//play.pokemonshowdown.com/">Play</a></li>
		</ul></div>
	</header>

	<div class="main" id="main">

		<noscript><section class="section">You need to enable JavaScript to use this page; sorry!</section></noscript>

	</div>

</div>

<script defer nomodule src="//play.pokemonshowdown.com/js/lib/ps-polyfill.js"></script>
<script defer src="//play.pokemonshowdown.com/js/lib/preact.min.js"></script>

<script defer src="//play.pokemonshowdown.com/config/config.js?2bddbc15"></script>
<script defer src="//play.pokemonshowdown.com/js/lib/jquery-1.11.0.min.js"></script>
<script defer src="//play.pokemonshowdown.com/js/lib/html-sanitizer-minified.js"></script>
<script defer src="//play.pokemonshowdown.com/js/battle-sound.js"></script>
<script defer src="//play.pokemonshowdown.com/js/battledata.js?0.7209276989879541"></script>
<script defer src="//play.pokemonshowdown.com/data/pokedex-mini.js?0.6111056340867951"></script>
<script defer src="//play.pokemonshowdown.com/data/pokedex-mini-bw.js?0.3532142036491459"></script>
<script defer src="//play.pokemonshowdown.com/data/graphics.js?0.24223875632456182"></script>
<script defer src="//play.pokemonshowdown.com/data/pokedex.js?0.38839984266356864"></script>
<script defer src="//play.pokemonshowdown.com/data/moves.js?0.21866028504024015"></script>
<script defer src="//play.pokemonshowdown.com/data/abilities.js?0.2005157953846628"></script>
<script defer src="//play.pokemonshowdown.com/data/items.js?0.9894211263848525"></script>
<script defer src="//play.pokemonshowdown.com/data/teambuilder-tables.js?0.6008791140282215"></script>
<script defer src="//play.pokemonshowdown.com/js/battle-tooltips.js?0.7580118955022959"></script>
<script defer src="//play.pokemonshowdown.com/js/battle.js?0.6057722274234274"></script>

<script defer src="js/utils.js?e31f9a17"></script>
<script defer src="js/replays-battle.js?7008c182"></script>

<!-- don't scrape this data! just add .json or .log after the URL!
Full API docs: https://github.com/smogon/pokemon-showdown-client/blob/master/WEB-API.md -->
<script type="text/plain" class="log" id="replaylog-smogtours-gen3ou-793893">
|inactive|Battle timer is ON: inactive players will automatically lose when time's up.
|t:|1727836122
|gametype|singles
|player|p1|SBMalus|hiker-gen4|
|player|p2|CHICKENB00B|102|
|teamsize|p1|6
|teamsize|p2|6
|gen|3
|tier|[Gen 3] OU
|rule|Sleep Clause Mod: Limit one foe put to sleep
|rule|Switch Priority Clause Mod: Faster Pokémon switch first
|rule|Species Clause: Limit one of each Pokémon
|rule|OHKO Clause: OHKO moves are banned
|rule|Evasion Items Clause: Evasion items are banned
|rule|Evasion Moves Clause: Evasion moves are banned
|rule|Endless Battle Clause: Forcing endless battles is banned
|rule|HP Percentage Mod: HP is shown in percentages
|rule|One Boost Passer Clause: Limit one Baton Passer that has a way to boost its stats
|rule|Freeze Clause Mod: Limit one foe frozen
|
|t:|1727836122
|start
|switch|p1a: Tyranitar|Tyranitar, M, shiny|100/100
|switch|p2a: Magneton|Magneton|100/100
|-weather|Sandstorm|[from] ability: Sand Stream|[of] p1a: Tyranitar
|turn|1
|
|t:|1727836129
|move|p2a: Magneton|Substitute|p2a: Magneton
|-start|p2a: Magneton|Substitute
|-damage|p2a: Magneton|76/100
|move|p1a: Tyranitar|Earthquake|p2a: Magneton
|-supereffective|p2a: Magneton
|-end|p2a: Magneton|Substitute
|
|-weather|Sandstorm|[upkeep]
|-heal|p2a: Magneton|82/100|[from] item: Leftovers
|upkeep
|turn|2
|
|t:|1727836132
|-singleturn|p1a: Tyranitar|move: Focus Punch
|switch|p2a: Skarmory|Skarmory, F|100/100
|move|p1a: Tyranitar|Focus Punch|p2a: Skarmory
|-damage|p2a: Skarmory|57/100
|
|-weather|Sandstorm|[upkeep]
|-heal|p2a: Skarmory|63/100|[from] item: Leftovers
|upkeep
|turn|3
|
|t:|1727836137
|move|p2a: Skarmory|Protect|p2a: Skarmory
|-singleturn|p2a: Skarmory|Protect
|move|p1a: Tyranitar|Thunder Wave|p2a: Skarmory
|-activate|p2a: Skarmory|Protect
|
|-weather|Sandstorm|[upkeep]
|-heal|p2a: Skarmory|69/100|[from] item: Leftovers
|upkeep
|turn|4
|
|t:|1727836140
|switch|p2a: Blissey|Blissey, F|100/100
|move|p1a: Tyranitar|Thunder Wave|p2a: Blissey
|-status|p2a: Blissey|par
|
|-weather|Sandstorm|[upkeep]
|-damage|p2a: Blissey|94/100 par|[from] Sandstorm
|-heal|p2a: Blissey|100/100 par|[from] item: Leftovers
|upkeep
|turn|5
|
|t:|1727836143
|-singleturn|p1a: Tyranitar|move: Focus Punch
|-curestatus|p2a: Blissey|par|[from] ability: Natural Cure
|switch|p2a: Gengar|Gengar, F|100/100
|move|p1a: Tyranitar|Focus Punch|p2a: Gengar
|-immune|p2a: Gengar
|
|-weather|Sandstorm|[upkeep]
|-damage|p2a: Gengar|94/100|[from] Sandstorm
|-heal|p2a: Gengar|100/100|[from] item: Leftovers
|upkeep
|turn|6
|
|t:|1727836151
|switch|p1a: Blissey|Blissey, F|100/100
|move|p2a: Gengar|Thunderbolt|p1a: Blissey
|-damage|p1a: Blissey|86/100
|
|-weather|Sandstorm|[upkeep]
|-damage|p2a: Gengar|94/100|[from] Sandstorm
|-damage|p1a: Blissey|80/100|[from] Sandstorm
|-heal|p2a: Gengar|100/100|[from] item: Leftovers
|-heal|p1a: Blissey|86/100|[from] item: Leftovers
|upkeep
|turn|7
|
|t:|1727836153
|move|p2a: Gengar|Hypnosis|p1a: Blissey
|-status|p1a: Blissey|slp|[from] move: Hypnosis
|cant|p1a: Blissey|slp
|
|-weather|Sandstorm|[upkeep]
|-damage|p2a: Gengar|94/100|[from] Sandstorm
|-damage|p1a: Blissey|80/100 slp|[from] Sandstorm
|-heal|p2a: Gengar|100/100|[from] item: Leftovers
|-heal|p1a: Blissey|86/100 slp|[from] item: Leftovers
|upkeep
|turn|8
|
|t:|1727836158
|switch|p2a: Hitmontop|Hitmontop, M|100/100
|-ability|p2a: Hitmontop|Intimidate|boost
|-unboost|p1a: Blissey|atk|1
|cant|p1a: Blissey|slp
|
|-weather|Sandstorm|[upkeep]
|-damage|p2a: Hitmontop|94/100|[from] Sandstorm
|-damage|p1a: Blissey|80/100 slp|[from] Sandstorm
|-heal|p1a: Blissey|86/100 slp|[from] item: Leftovers
|upkeep
|turn|9
|
|t:|1727836161
|-curestatus|p1a: Blissey|slp|[from] ability: Natural Cure
|switch|p1a: Skarmory|Skarmory, M|100/100
|move|p2a: Hitmontop|Brick Break|p1a: Skarmory
|-damage|p1a: Skarmory|67/100
|
|-weather|Sandstorm|[upkeep]
|-damage|p2a: Hitmontop|88/100|[from] Sandstorm
|-heal|p1a: Skarmory|73/100|[from] item: Leftovers
|upkeep
|turn|10
|
|t:|1727836168
|switch|p2a: Gengar|Gengar, F|100/100
|switch|p1a: Tyranitar|Tyranitar, M, shiny|100/100
|
|-weather|Sandstorm|[upkeep]
|-damage|p2a: Gengar|94/100|[from] Sandstorm
|-heal|p2a: Gengar|100/100|[from] item: Leftovers
|upkeep
|turn|11
|
|t:|1727836172
|move|p2a: Gengar|Hypnosis|p1a: Tyranitar
|-status|p1a: Tyranitar|slp|[from] move: Hypnosis
|cant|p1a: Tyranitar|slp
|
|-weather|Sandstorm|[upkeep]
|-damage|p2a: Gengar|94/100|[from] Sandstorm
|-heal|p2a: Gengar|100/100|[from] item: Leftovers
|upkeep
|turn|12
|
|t:|1727836176
|move|p2a: Gengar|Thunderbolt|p1a: Tyranitar
|-damage|p1a: Tyranitar|70/100 slp
|cant|p1a: Tyranitar|slp
|
|-weather|Sandstorm|[upkeep]
|-damage|p2a: Gengar|94/100|[from] Sandstorm
|-heal|p2a: Gengar|100/100|[from] item: Leftovers
|-heal|p1a: Tyranitar|77/100 slp|[from] item: Leftovers
|upkeep
|turn|13
|
|t:|1727836178
|switch|p2a: Hitmontop|Hitmontop, M|88/100
|-ability|p2a: Hitmontop|Intimidate|boost
|-unboost|p1a: Tyranitar|atk|1
|-curestatus|p1a: Tyranitar|slp|[msg]
|move|p1a: Tyranitar|Thunder Wave|p2a: Hitmontop
|-status|p2a: Hitmontop|par
|
|-weather|Sandstorm|[upkeep]
|-damage|p2a: Hitmontop|82/100 par|[from] Sandstorm
|-heal|p1a: Tyranitar|83/100|[from] item: Leftovers
|upkeep
|turn|14
|
|t:|1727836181
|switch|p1a: Starmie|Starmie, shiny|100/100
|cant|p2a: Hitmontop|par
|
|-weather|Sandstorm|[upkeep]
|-damage|p1a: Starmie|94/100|[from] Sandstorm
|-damage|p2a: Hitmontop|76/100 par|[from] Sandstorm
|-heal|p1a: Starmie|100/100|[from] item: Leftovers
|upkeep
|turn|15
|
|t:|1727836187
|switch|p2a: Blissey|Blissey, F|100/100
|move|p1a: Starmie|Surf|p2a: Blissey
|-damage|p2a: Blissey|88/100
|
|-weather|Sandstorm|[upkeep]
|-damage|p1a: Starmie|94/100|[from] Sandstorm
|-damage|p2a: Blissey|82/100|[from] Sandstorm
|-heal|p1a: Starmie|100/100|[from] item: Leftovers
|-heal|p2a: Blissey|88/100|[from] item: Leftovers
|upkeep
|turn|16
|
|t:|1727836191
|switch|p1a: Tyranitar|Tyranitar, M, shiny|83/100
|move|p2a: Blissey|Thunder Wave|p1a: Tyranitar
|-status|p1a: Tyranitar|par
|
|-weather|Sandstorm|[upkeep]
|-damage|p2a: Blissey|82/100|[from] Sandstorm
|-heal|p2a: Blissey|88/100|[from] item: Leftovers
|-heal|p1a: Tyranitar|89/100 par|[from] item: Leftovers
|upkeep
|turn|17
|
|t:|1727836197
|switch|p2a: Gengar|Gengar, F|100/100
|cant|p1a: Tyranitar|par
|
|-weather|Sandstorm|[upkeep]
|-damage|p2a: Gengar|94/100|[from] Sandstorm
|-heal|p2a: Gengar|100/100|[from] item: Leftovers
|-heal|p1a: Tyranitar|95/100 par|[from] item: Leftovers
|upkeep
|turn|18
|
|t:|1727836201
|move|p2a: Gengar|Fire Punch|p1a: Tyranitar
|-resisted|p1a: Tyranitar
|-damage|p1a: Tyranitar|84/100 par
|move|p1a: Tyranitar|Thunder Wave|p2a: Gengar
|-status|p2a: Gengar|par
|
|-weather|Sandstorm|[upkeep]
|-damage|p2a: Gengar|94/100 par|[from] Sandstorm
|-heal|p2a: Gengar|100/100 par|[from] item: Leftovers
|-heal|p1a: Tyranitar|91/100 par|[from] item: Leftovers
|upkeep
|turn|19
|
|t:|1727836204
|move|p2a: Gengar|Hidden Power|p1a: Tyranitar
|-supereffective|p1a: Tyranitar
|-damage|p1a: Tyranitar|49/100 par
|cant|p1a: Tyranitar|par
|
|-weather|Sandstorm|[upkeep]
|-damage|p2a: Gengar|94/100 par|[from] Sandstorm
|-heal|p2a: Gengar|100/100 par|[from] item: Leftovers
|-heal|p1a: Tyranitar|55/100 par|[from] item: Leftovers
|upkeep
|turn|20
|
|t:|1727836209
|move|p2a: Gengar|Hidden Power|p1a: Tyranitar
|-supereffective|p1a: Tyranitar
|-damage|p1a: Tyranitar|17/100 par
|move|p1a: Tyranitar|Rock Slide|p2a: Gengar
|-damage|p2a: Gengar|18/100 par
|
|-weather|Sandstorm|[upkeep]
|-damage|p2a: Gengar|12/100 par|[from] Sandstorm
|-heal|p2a: Gengar|18/100 par|[from] item: Leftovers
|-heal|p1a: Tyranitar|23/100 par|[from] item: Leftovers
|upkeep
|turn|21
|
|t:|1727836215
|cant|p2a: Gengar|par
|move|p1a: Tyranitar|Rock Slide|p2a: Gengar
|-damage|p2a: Gengar|0 fnt
|faint|p2a: Gengar
|
|t:|1727836220
|switch|p2a: Hitmontop|Hitmontop, M|76/100 par
|-ability|p2a: Hitmontop|Intimidate|boost
|-unboost|p1a: Tyranitar|atk|1
|
|-weather|Sandstorm|[upkeep]
|-damage|p2a: Hitmontop|70/100 par|[from] Sandstorm
|-heal|p1a: Tyranitar|29/100 par|[from] item: Leftovers
|upkeep
|turn|22
|
|t:|1727836224
|move|p2a: Hitmontop|Mach Punch|p1a: Tyranitar
|-supereffective|p1a: Tyranitar
|-damage|p1a: Tyranitar|0 fnt
|faint|p1a: Tyranitar
|
|t:|1727836233
|switch|p1a: Aerodactyl|Aerodactyl, M|100/100
|
|-weather|Sandstorm|[upkeep]
|-damage|p2a: Hitmontop|63/100 par|[from] Sandstorm
|upkeep
|turn|23
|
|t:|1727836239
|move|p2a: Hitmontop|Mach Punch|p1a: Aerodactyl
|-damage|p1a: Aerodactyl|58/100
|move|p1a: Aerodactyl|Rock Slide|p2a: Hitmontop
|-resisted|p2a: Hitmontop
|-damage|p2a: Hitmontop|26/100 par
|
|-weather|Sandstorm|[upkeep]
|-damage|p2a: Hitmontop|20/100 par|[from] Sandstorm
|upkeep
|turn|24
|
|t:|1727836242
|switch|p1a: Starmie|Starmie, shiny|100/100
|move|p2a: Hitmontop|Mach Punch|p1a: Starmie
|-resisted|p1a: Starmie
|-damage|p1a: Starmie|86/100
|
|-weather|Sandstorm|[upkeep]
|-damage|p1a: Starmie|80/100|[from] Sandstorm
|-damage|p2a: Hitmontop|14/100 par|[from] Sandstorm
|-heal|p1a: Starmie|86/100|[from] item: Leftovers
|upkeep
|turn|25
|
|t:|1727836245
|switch|p2a: Blissey|Blissey, F|88/100
|move|p1a: Starmie|Surf|p2a: Blissey
|-damage|p2a: Blissey|75/100
|
|-weather|Sandstorm|[upkeep]
|-damage|p1a: Starmie|80/100|[from] Sandstorm
|-damage|p2a: Blissey|69/100|[from] Sandstorm
|-heal|p1a: Starmie|86/100|[from] item: Leftovers
|-heal|p2a: Blissey|75/100|[from] item: Leftovers
|upkeep
|turn|26
|
|t:|1727836247
|move|p1a: Starmie|Thunder Wave|p2a: Blissey
|-status|p2a: Blissey|par
|move|p2a: Blissey|Thunder Wave|p1a: Starmie
|-status|p1a: Starmie|par
|
|-weather|Sandstorm|[upkeep]
|-damage|p1a: Starmie|80/100 par|[from] Sandstorm
|-damage|p2a: Blissey|69/100 par|[from] Sandstorm
|-heal|p1a: Starmie|86/100 par|[from] item: Leftovers
|-heal|p2a: Blissey|75/100 par|[from] item: Leftovers
|upkeep
|turn|27
|
|t:|1727836250
|-curestatus|p1a: Starmie|par|[from] ability: Natural Cure
|switch|p1a: Rhydon|Rhydon, M, shiny|100/100
|cant|p2a: Blissey|par
|
|-weather|Sandstorm|[upkeep]
|-damage|p2a: Blissey|69/100 par|[from] Sandstorm
|-heal|p2a: Blissey|75/100 par|[from] item: Leftovers
|upkeep
|turn|28
|
|t:|1727836252
|-curestatus|p2a: Blissey|par|[from] ability: Natural Cure
|switch|p2a: Hitmontop|Hitmontop, M|14/100 par
|-ability|p2a: Hitmontop|Intimidate|boost
|-unboost|p1a: Rhydon|atk|1
|move|p1a: Rhydon|Substitute|p1a: Rhydon
|-start|p1a: Rhydon|Substitute
|-damage|p1a: Rhydon|76/100
|
|-weather|Sandstorm|[upkeep]
|-damage|p2a: Hitmontop|7/100 par|[from] Sandstorm
|-heal|p1a: Rhydon|82/100|[from] item: Leftovers
|upkeep
|turn|29
|
|t:|1727836256
|cant|p2a: Hitmontop|par
|move|p1a: Rhydon|Earthquake|p2a: Hitmontop
|-crit|p2a: Hitmontop
|-damage|p2a: Hitmontop|0 fnt
|faint|p2a: Hitmontop
|
|t:|1727836260
|switch|p2a: Skarmory|Skarmory, F|69/100
|
|-weather|Sandstorm|[upkeep]
|-heal|p2a: Skarmory|75/100|[from] item: Leftovers
|-heal|p1a: Rhydon|88/100|[from] item: Leftovers
|upkeep
|turn|30
|
|t:|1727836262
|switch|p1a: Starmie|Starmie, shiny|86/100
|move|p2a: Skarmory|Roar|p1a: Starmie
|drag|p1a: Blissey|Blissey, F|86/100
|
|-weather|Sandstorm|[upkeep]
|-damage|p1a: Blissey|80/100|[from] Sandstorm
|-heal|p2a: Skarmory|81/100|[from] item: Leftovers
|-heal|p1a: Blissey|86/100|[from] item: Leftovers
|upkeep
|turn|31
|
|t:|1727836264
|move|p2a: Skarmory|Spikes|p1a: Blissey
|-sidestart|p1: SBMalus|Spikes
|move|p1a: Blissey|Thunder Wave|p2a: Skarmory
|-status|p2a: Skarmory|par
|
|-weather|Sandstorm|[upkeep]
|-damage|p1a: Blissey|80/100|[from] Sandstorm
|-heal|p1a: Blissey|86/100|[from] item: Leftovers
|-heal|p2a: Skarmory|87/100 par|[from] item: Leftovers
|upkeep
|turn|32
|
|t:|1727836266
|switch|p1a: Starmie|Starmie, shiny|86/100
|-damage|p1a: Starmie|74/100|[from] Spikes
|cant|p2a: Skarmory|par
|
|-weather|Sandstorm|[upkeep]
|-damage|p1a: Starmie|68/100|[from] Sandstorm
|-heal|p1a: Starmie|74/100|[from] item: Leftovers
|-heal|p2a: Skarmory|93/100 par|[from] item: Leftovers
|upkeep
|turn|33
|
|t:|1727836270
|switch|p2a: Magneton|Magneton|82/100
|move|p1a: Starmie|Rapid Spin|p2a: Magneton
|-resisted|p2a: Magneton
|-damage|p2a: Magneton|80/100
|-sideend|p1: SBMalus|Spikes|[from] move: Rapid Spin|[of] p1a: Starmie
|
|-weather|Sandstorm|[upkeep]
|-damage|p1a: Starmie|68/100|[from] Sandstorm
|-heal|p1a: Starmie|74/100|[from] item: Leftovers
|-heal|p2a: Magneton|86/100|[from] item: Leftovers
|upkeep
|turn|34
|
|t:|1727836273
|switch|p1a: Blissey|Blissey, F|86/100
|move|p2a: Magneton|Substitute|p2a: Magneton
|-start|p2a: Magneton|Substitute
|-damage|p2a: Magneton|61/100
|
|-weather|Sandstorm|[upkeep]
|-damage|p1a: Blissey|80/100|[from] Sandstorm
|-heal|p2a: Magneton|67/100|[from] item: Leftovers
|-heal|p1a: Blissey|86/100|[from] item: Leftovers
|upkeep
|turn|35
|
|t:|1727836276
|move|p2a: Magneton|Thunder Wave|p1a: Blissey
|-status|p1a: Blissey|par
|cant|p1a: Blissey|par
|
|-weather|Sandstorm|[upkeep]
|-damage|p1a: Blissey|80/100 par|[from] Sandstorm
|-heal|p2a: Magneton|74/100|[from] item: Leftovers
|-heal|p1a: Blissey|86/100 par|[from] item: Leftovers
|upkeep
|turn|36
|
|t:|1727836279
|move|p2a: Magneton|Thunderbolt|p1a: Blissey
|-crit|p1a: Blissey
|-damage|p1a: Blissey|49/100 par
|move|p1a: Blissey|Seismic Toss|p2a: Magneton
|-end|p2a: Magneton|Substitute
|
|-weather|Sandstorm|[upkeep]
|-damage|p1a: Blissey|43/100 par|[from] Sandstorm
|-heal|p2a: Magneton|80/100|[from] item: Leftovers
|-heal|p1a: Blissey|49/100 par|[from] item: Leftovers
|upkeep
|turn|37
|
|t:|1727836281
|move|p2a: Magneton|Thunderbolt|p1a: Blissey
|-damage|p1a: Blissey|30/100 par
|move|p1a: Blissey|Soft-Boiled|p1a: Blissey
|-heal|p1a: Blissey|80/100 par
|
|-weather|Sandstorm|[upkeep]
|-damage|p1a: Blissey|74/100 par|[from] Sandstorm
|-heal|p2a: Magneton|86/100|[from] item: Leftovers
|-heal|p1a: Blissey|80/100 par|[from] item: Leftovers
|upkeep
|turn|38
|
|t:|1727836288
|switch|p2a: Skarmory|Skarmory, F|93/100 par
|move|p1a: Blissey|Seismic Toss|p2a: Skarmory
|-damage|p2a: Skarmory|63/100 par
|
|-weather|Sandstorm|[upkeep]
|-damage|p1a: Blissey|74/100 par|[from] Sandstorm
|-heal|p2a: Skarmory|69/100 par|[from] item: Leftovers
|-heal|p1a: Blissey|80/100 par|[from] item: Leftovers
|upkeep
|turn|39
|
|t:|1727836292
|-curestatus|p1a: Blissey|par|[from] ability: Natural Cure
|switch|p1a: Starmie|Starmie, shiny|74/100
|move|p2a: Skarmory|Drill Peck|p1a: Starmie
|-crit|p1a: Starmie
|-damage|p1a: Starmie|29/100
|
|-weather|Sandstorm|[upkeep]
|-damage|p1a: Starmie|22/100|[from] Sandstorm
|-heal|p1a: Starmie|29/100|[from] item: Leftovers
|-heal|p2a: Skarmory|75/100 par|[from] item: Leftovers
|upkeep
|turn|40
|
|t:|1727836294
|move|p1a: Starmie|Recover|p1a: Starmie
|-heal|p1a: Starmie|79/100
|move|p2a: Skarmory|Drill Peck|p1a: Starmie
|-crit|p1a: Starmie
|-damage|p1a: Starmie|29/100
|
|-weather|Sandstorm|[upkeep]
|-damage|p1a: Starmie|23/100|[from] Sandstorm
|-heal|p1a: Starmie|29/100|[from] item: Leftovers
|-heal|p2a: Skarmory|81/100 par|[from] item: Leftovers
|upkeep
|turn|41
|
|t:|1727836297
|move|p1a: Starmie|Recover|p1a: Starmie
|-heal|p1a: Starmie|79/100
|move|p2a: Skarmory|Spikes|p1a: Starmie
|-sidestart|p1: SBMalus|Spikes
|
|-weather|Sandstorm|[upkeep]
|-damage|p1a: Starmie|73/100|[from] Sandstorm
|-heal|p1a: Starmie|79/100|[from] item: Leftovers
|-heal|p2a: Skarmory|87/100 par|[from] item: Leftovers
|upkeep
|turn|42
|
|t:|1727836299
|move|p1a: Starmie|Rapid Spin|p2a: Skarmory
|-resisted|p2a: Skarmory
|-damage|p2a: Skarmory|86/100 par
|-sideend|p1: SBMalus|Spikes|[from] move: Rapid Spin|[of] p1a: Starmie
|cant|p2a: Skarmory|par
|
|-weather|Sandstorm|[upkeep]
|-damage|p1a: Starmie|73/100|[from] Sandstorm
|-heal|p1a: Starmie|79/100|[from] item: Leftovers
|-heal|p2a: Skarmory|92/100 par|[from] item: Leftovers
|upkeep
|turn|43
|
|t:|1727836303
|switch|p2a: Blissey|Blissey, F|75/100
|move|p1a: Starmie|Surf|p2a: Blissey
|-damage|p2a: Blissey|63/100
|
|-weather|Sandstorm|[upkeep]
|-damage|p1a: Starmie|73/100|[from] Sandstorm
|-damage|p2a: Blissey|57/100|[from] Sandstorm
|-heal|p1a: Starmie|79/100|[from] item: Leftovers
|-heal|p2a: Blissey|63/100|[from] item: Leftovers
|upkeep
|turn|44
|
|t:|1727836307
|move|p1a: Starmie|Thunder Wave|p2a: Blissey
|-status|p2a: Blissey|par
|move|p2a: Blissey|Seismic Toss|p1a: Starmie
|-damage|p1a: Starmie|48/100
|
|-weather|Sandstorm|[upkeep]
|-damage|p1a: Starmie|42/100|[from] Sandstorm
|-damage|p2a: Blissey|57/100 par|[from] Sandstorm
|-heal|p1a: Starmie|48/100|[from] item: Leftovers
|-heal|p2a: Blissey|63/100 par|[from] item: Leftovers
|upkeep
|turn|45
|
|t:|1727836309
|move|p1a: Starmie|Recover|p1a: Starmie
|-heal|p1a: Starmie|98/100
|move|p2a: Blissey|Seismic Toss|p1a: Starmie
|-damage|p1a: Starmie|67/100
|
|-weather|Sandstorm|[upkeep]
|-damage|p1a: Starmie|61/100|[from] Sandstorm
|-damage|p2a: Blissey|57/100 par|[from] Sandstorm
|-heal|p1a: Starmie|67/100|[from] item: Leftovers
|-heal|p2a: Blissey|63/100 par|[from] item: Leftovers
|upkeep
|turn|46
|
|t:|1727836312
|switch|p1a: Rhydon|Rhydon, M, shiny|88/100
|cant|p2a: Blissey|par
|
|-weather|Sandstorm|[upkeep]
|-damage|p2a: Blissey|57/100 par|[from] Sandstorm
|-heal|p1a: Rhydon|94/100|[from] item: Leftovers
|-heal|p2a: Blissey|63/100 par|[from] item: Leftovers
|upkeep
|turn|47
|
|t:|1727836316
|move|p1a: Rhydon|Substitute|p1a: Rhydon
|-start|p1a: Rhydon|Substitute
|-damage|p1a: Rhydon|69/100
|cant|p2a: Blissey|par
|
|-weather|Sandstorm|[upkeep]
|-damage|p2a: Blissey|57/100 par|[from] Sandstorm
|-heal|p1a: Rhydon|75/100|[from] item: Leftovers
|-heal|p2a: Blissey|63/100 par|[from] item: Leftovers
|upkeep
|turn|48
|
|t:|1727836320
|move|p1a: Rhydon|Rock Slide|p2a: Blissey
|-damage|p2a: Blissey|25/100 par
|cant|p2a: Blissey|par
|
|-weather|Sandstorm|[upkeep]
|-damage|p2a: Blissey|19/100 par|[from] Sandstorm
|-heal|p1a: Rhydon|81/100|[from] item: Leftovers
|-heal|p2a: Blissey|25/100 par|[from] item: Leftovers
|upkeep
|turn|49
|
|t:|1727836326
|move|p2a: Blissey|Protect|p2a: Blissey
|-singleturn|p2a: Blissey|Protect
|move|p1a: Rhydon|Earthquake|p2a: Blissey
|-activate|p2a: Blissey|Protect
|
|-weather|Sandstorm|[upkeep]
|-damage|p2a: Blissey|19/100 par|[from] Sandstorm
|-heal|p1a: Rhydon|87/100|[from] item: Leftovers
|-heal|p2a: Blissey|25/100 par|[from] item: Leftovers
|upkeep
|turn|50
|
|t:|1727836328
|move|p1a: Rhydon|Rock Slide|p2a: Blissey|[miss]
|-miss|p1a: Rhydon|p2a: Blissey
|move|p2a: Blissey|Wish|p2a: Blissey
|
|-weather|Sandstorm|[upkeep]
|-damage|p2a: Blissey|19/100 par|[from] Sandstorm
|-heal|p1a: Rhydon|93/100|[from] item: Leftovers
|-heal|p2a: Blissey|25/100 par|[from] item: Leftovers
|upkeep
|turn|51
|
|t:|1727836333
|move|p2a: Blissey|Protect|p2a: Blissey
|-singleturn|p2a: Blissey|Protect
|move|p1a: Rhydon|Rock Slide|p2a: Blissey
|-activate|p2a: Blissey|Protect
|
|-heal|p2a: Blissey|75/100 par|[from] move: Wish|[wisher] Blissey
|-weather|Sandstorm|[upkeep]
|-damage|p2a: Blissey|69/100 par|[from] Sandstorm
|-heal|p1a: Rhydon|99/100|[from] item: Leftovers
|-heal|p2a: Blissey|75/100 par|[from] item: Leftovers
|upkeep
|turn|52
|
|t:|1727836335
|move|p1a: Rhydon|Rock Slide|p2a: Blissey
|-damage|p2a: Blissey|41/100 par
|move|p2a: Blissey|Seismic Toss|p1a: Rhydon
|-activate|p1a: Rhydon|Substitute|[damage]
|
|-weather|Sandstorm|[upkeep]
|-damage|p2a: Blissey|35/100 par|[from] Sandstorm
|-heal|p1a: Rhydon|100/100|[from] item: Leftovers
|-heal|p2a: Blissey|41/100 par|[from] item: Leftovers
|upkeep
|turn|53
|
|t:|1727836341
|move|p2a: Blissey|Protect|p2a: Blissey
|-singleturn|p2a: Blissey|Protect
|move|p1a: Rhydon|Earthquake|p2a: Blissey
|-activate|p2a: Blissey|Protect
|
|-weather|Sandstorm|[upkeep]
|-damage|p2a: Blissey|35/100 par|[from] Sandstorm
|-heal|p2a: Blissey|41/100 par|[from] item: Leftovers
|upkeep
|turn|54
|
|t:|1727836343
|move|p1a: Rhydon|Rock Slide|p2a: Blissey
|-damage|p2a: Blissey|5/100 par
|move|p2a: Blissey|Wish|p2a: Blissey
|
|-weather|Sandstorm|[upkeep]
|-damage|p2a: Blissey|0 fnt|[from] Sandstorm
|faint|p2a: Blissey
|upkeep
|
|t:|1727836351
|switch|p2a: Skarmory|Skarmory, F|92/100 par
|turn|55
|
|t:|1727836354
|move|p1a: Rhydon|Rock Slide|p2a: Skarmory|[miss]
|-miss|p1a: Rhydon|p2a: Skarmory
|cant|p2a: Skarmory|par
|
|-heal|p2a: Skarmory|100/100 par|[from] move: Wish|[wisher] Blissey
|-weather|Sandstorm|[upkeep]
|upkeep
|turn|56
|
|t:|1727836357
|move|p1a: Rhydon|Rock Slide|p2a: Skarmory
|-damage|p2a: Skarmory|70/100 par
|move|p2a: Skarmory|Roar|p1a: Rhydon
|drag|p1a: Skarmory|Skarmory, M|73/100
|
|-weather|Sandstorm|[upkeep]
|-heal|p1a: Skarmory|79/100|[from] item: Leftovers
|-heal|p2a: Skarmory|76/100 par|[from] item: Leftovers
|upkeep
|turn|57
|
|t:|1727836365
|switch|p2a: Tyranitar|Tyranitar, F|100/100
|move|p1a: Skarmory|Spikes|p2a: Tyranitar
|-sidestart|p2: CHICKENB00B|Spikes
|
|-weather|Sandstorm|[upkeep]
|-heal|p1a: Skarmory|85/100|[from] item: Leftovers
|upkeep
|turn|58
|
|t:|1727836367
|move|p2a: Tyranitar|Dragon Dance|p2a: Tyranitar
|-boost|p2a: Tyranitar|atk|1
|-boost|p2a: Tyranitar|spe|1
|move|p1a: Skarmory|Roar|p2a: Tyranitar
|drag|p2a: Skarmory|Skarmory, F|76/100 par
|
|-weather|Sandstorm|[upkeep]
|-heal|p1a: Skarmory|91/100|[from] item: Leftovers
|-heal|p2a: Skarmory|82/100 par|[from] item: Leftovers
|upkeep
|turn|59
|
|t:|1727836371
|move|p1a: Skarmory|Spikes|p2a: Skarmory
|-sidestart|p2: CHICKENB00B|Spikes
|move|p2a: Skarmory|Spikes|p1a: Skarmory
|-sidestart|p1: SBMalus|Spikes
|
|-weather|Sandstorm|[upkeep]
|-heal|p1a: Skarmory|97/100|[from] item: Leftovers
|-heal|p2a: Skarmory|88/100 par|[from] item: Leftovers
|upkeep
|turn|60
|
|t:|1727836373
|move|p1a: Skarmory|Spikes|p2a: Skarmory
|-sidestart|p2: CHICKENB00B|Spikes
|move|p2a: Skarmory|Roar|p1a: Skarmory
|drag|p1a: Starmie|Starmie, shiny|67/100
|-damage|p1a: Starmie|55/100|[from] Spikes
|
|-weather|Sandstorm|[upkeep]
|-damage|p1a: Starmie|49/100|[from] Sandstorm
|-heal|p1a: Starmie|55/100|[from] item: Leftovers
|-heal|p2a: Skarmory|94/100 par|[from] item: Leftovers
|upkeep
|turn|61
|
|t:|1727836377
|move|p1a: Starmie|Recover|p1a: Starmie
|-heal|p1a: Starmie|100/100
|move|p2a: Skarmory|Spikes|p1a: Starmie
|-sidestart|p1: SBMalus|Spikes
|
|-weather|Sandstorm|[upkeep]
|-damage|p1a: Starmie|94/100|[from] Sandstorm
|-heal|p1a: Starmie|100/100|[from] item: Leftovers
|-heal|p2a: Skarmory|99/100 par|[from] item: Leftovers
|upkeep
|turn|62
|
|t:|1727836380
|move|p1a: Starmie|Rapid Spin|p2a: Skarmory
|-resisted|p2a: Skarmory
|-damage|p2a: Skarmory|99/100 par
|-sideend|p1: SBMalus|Spikes|[from] move: Rapid Spin|[of] p1a: Starmie
|move|p2a: Skarmory|Drill Peck|p1a: Starmie
|-damage|p1a: Starmie|78/100
|
|-weather|Sandstorm|[upkeep]
|-damage|p1a: Starmie|72/100|[from] Sandstorm
|-heal|p1a: Starmie|78/100|[from] item: Leftovers
|-heal|p2a: Skarmory|100/100 par|[from] item: Leftovers
|upkeep
|turn|63
|
|t:|1727836381
|move|p1a: Starmie|Surf|p2a: Skarmory
|-damage|p2a: Skarmory|66/100 par
|move|p2a: Skarmory|Drill Peck|p1a: Starmie
|-damage|p1a: Starmie|52/100
|
|-weather|Sandstorm|[upkeep]
|-damage|p1a: Starmie|46/100|[from] Sandstorm
|-heal|p1a: Starmie|52/100|[from] item: Leftovers
|-heal|p2a: Skarmory|72/100 par|[from] item: Leftovers
|upkeep
|turn|64
|
|t:|1727836384
|move|p1a: Starmie|Recover|p1a: Starmie
|-heal|p1a: Starmie|100/100
|move|p2a: Skarmory|Drill Peck|p1a: Starmie
|-damage|p1a: Starmie|77/100
|
|-weather|Sandstorm|[upkeep]
|-damage|p1a: Starmie|71/100|[from] Sandstorm
|-heal|p1a: Starmie|77/100|[from] item: Leftovers
|-heal|p2a: Skarmory|78/100 par|[from] item: Leftovers
|upkeep
|turn|65
|
|t:|1727836386
|move|p1a: Starmie|Surf|p2a: Skarmory
|-damage|p2a: Skarmory|50/100 par
|cant|p2a: Skarmory|par
|
|-weather|Sandstorm|[upkeep]
|-damage|p1a: Starmie|71/100|[from] Sandstorm
|-heal|p1a: Starmie|77/100|[from] item: Leftovers
|-heal|p2a: Skarmory|56/100 par|[from] item: Leftovers
|upkeep
|turn|66
|
|t:|1727836388
|move|p1a: Starmie|Surf|p2a: Skarmory
|-damage|p2a: Skarmory|25/100 par
|move|p2a: Skarmory|Drill Peck|p1a: Starmie
|-damage|p1a: Starmie|55/100
|
|-weather|Sandstorm|[upkeep]
|-damage|p1a: Starmie|49/100|[from] Sandstorm
|-heal|p1a: Starmie|55/100|[from] item: Leftovers
|-heal|p2a: Skarmory|31/100 par|[from] item: Leftovers
|upkeep
|turn|67
|
|t:|1727836390
|move|p2a: Skarmory|Protect|p2a: Skarmory
|-singleturn|p2a: Skarmory|Protect
|move|p1a: Starmie|Recover|p1a: Starmie
|-heal|p1a: Starmie|100/100
|
|-weather|Sandstorm|[upkeep]
|-damage|p1a: Starmie|94/100|[from] Sandstorm
|-heal|p1a: Starmie|100/100|[from] item: Leftovers
|-heal|p2a: Skarmory|37/100 par|[from] item: Leftovers
|upkeep
|turn|68
|
|t:|1727836393
|move|p1a: Starmie|Surf|p2a: Skarmory
|-damage|p2a: Skarmory|8/100 par
|cant|p2a: Skarmory|par
|
|-weather|Sandstorm|[upkeep]
|-damage|p1a: Starmie|94/100|[from] Sandstorm
|-heal|p1a: Starmie|100/100|[from] item: Leftovers
|-heal|p2a: Skarmory|14/100 par|[from] item: Leftovers
|upkeep
|turn|69
|
|t:|1727836395
|switch|p2a: Magneton|Magneton|86/100
|-damage|p2a: Magneton|61/100|[from] Spikes
|move|p1a: Starmie|Surf|p2a: Magneton
|-damage|p2a: Magneton|0 fnt
|faint|p2a: Magneton
|
|t:|1727836398
|switch|p2a: Tyranitar|Tyranitar, F|100/100
|-damage|p2a: Tyranitar|76/100|[from] Spikes
|
|-weather|Sandstorm|[upkeep]
|-damage|p1a: Starmie|94/100|[from] Sandstorm
|-heal|p1a: Starmie|100/100|[from] item: Leftovers
|upkeep
|turn|70
|
|t:|1727836401
|switch|p2a: Skarmory|Skarmory, F|14/100 par
|move|p1a: Starmie|Surf|p2a: Skarmory
|-damage|p2a: Skarmory|0 fnt
|faint|p2a: Skarmory
|
|t:|1727836402
|switch|p2a: Tyranitar|Tyranitar, F|76/100
|-damage|p2a: Tyranitar|51/100|[from] Spikes
|
|-weather|Sandstorm|[upkeep]
|-damage|p1a: Starmie|94/100|[from] Sandstorm
|-heal|p1a: Starmie|100/100|[from] item: Leftovers
|upkeep
|turn|71
|
|t:|1727836406
|move|p1a: Starmie|Surf|p2a: Tyranitar
|-supereffective|p2a: Tyranitar
|-damage|p2a: Tyranitar|0 fnt
|faint|p2a: Tyranitar
|
|win|SBMalus
|c|☆CHICKENB00B|gg

</script>
<script type="application/json" class="data" id="replaydata-smogtours-gen3ou-793893">
{"id":"smogtours-gen3ou-793893","format":"[Gen 3] OU","players":["SBMalus","CHICKENB00B"],"uploadtime":1727836406,"views":127,"formatid":"gen3ou","rating":null,"private":0,"password":null}
</script>

<script defer src="js/replays.js?9d40a366"></script>
