<!DOCTYPE html>
<meta charset="utf-8" />
<meta name="viewport" content="width=device-width" />

<title>[Gen 3] OU: legoerofeggos vs. Kollin7 - Replays - Pok&eacute;mon Showdown!</title>

<meta name="description" content="Watch a replay of a Pok&eacute;mon battle between legoerofeggos and Kollin7! Format: [Gen 3] OU; Date: Oct 7, 2024" />
<!--

Hey, you! Looking in the source for the replay log?

You can find them in JSON format, just add `.json` at the end of a replay URL.

https://replay.pokemonshowdown.com/gen7randomdoublesbattle-865046831.json

Or, if you only need the log itself, add `.log` instead:

https://replay.pokemonshowdown.com/gen7randomdoublesbattle-865046831.log

-->

<link rel="stylesheet" href="//pokemonshowdown.com/style/global.css?0.023195364461161105" />
<link rel="stylesheet" href="//play.pokemonshowdown.com/style/font-awesome.css?0.13261647063804238" />
<link rel="stylesheet" href="//play.pokemonshowdown.com/style/battle.css?0.8753245789963631" />
<link rel="stylesheet" href="//play.pokemonshowdown.com/style/utilichart.css?0.8627959624976733" />

<!-- Global site tag (gtag.js) - Google Analytics -->
<script async src="https://www.googletagmanager.com/gtag/js?id=UA-26211653-1"></script>
<script>
  window.dataLayer = window.dataLayer || [];
  function gtag(){dataLayer.push(arguments);}
  gtag('js', new Date());

  gtag('config', 'UA-26211653-1');
</script>
<!-- End Google Analytics -->
<!-- Venatus Ad Manager - Install in <HEAD> of page -->
	<script src="https://hb.vntsm.com/v3/live/ad-manager.min.js" type="text/javascript" data-site-id="642aba63ec9a7b11c3c9c1be" data-mode="scan" async></script>
<!-- / Venatus Ad Manager -->

<style>
	@media (max-width:820px) {
		.battle {
			margin: 0 auto;
		}
		.battle-log {
			margin: 7px auto 0;
			max-width: 640px;
			height: 300px;
			position: static;
		}
	}
	.optgroup {
		display: inline-block;
		line-height: 22px;
		font-size: 10pt;
	}
	.optgroup .button {
		height: 25px;
		padding-top: 0;
		padding-bottom: 0;
	}
	.optgroup button.button {
		padding-left: 12px;
		padding-right: 12px;
	}
	.linklist {
		list-style: none;
		margin: 0.5em 0;
		padding: 0;
	}
	.linklist li {
		padding: 2px 0;
	}
	.sidebar {
		float: left;
		width: 320px;
	}
	.bar-wrapper {
		max-width: 1100px;
		margin: 0 auto;
	}
	.bar-wrapper.has-sidebar {
		max-width: 1430px;
	}
	.mainbar {
		margin: 0;
		padding-right: 1px;
	}
	.mainbar.has-sidebar {
		margin-left: 330px;
	}
	@media (min-width: 1511px) {
		.sidebar {
			width: 400px;
		}
		.bar-wrapper.has-sidebar {
			max-width: 1510px;
		}
		.mainbar.has-sidebar {
			margin-left: 410px;
		}
	}
	.section.first-section {
		margin-top: 9px;
	}
	.blocklink small {
		white-space: normal;
	}
	.button {
		vertical-align: middle;
	}
	.replay-controls {
		padding-top: 10px;
	}
	.replay-controls h1 {
		font-size: 16pt;
		font-weight: normal;
		color: #CCC;
	}
	.pagelink {
		text-align: center;
	}
	.pagelink a {
		width: 150px;
	}
	.textbox, .button {
		font-size: 11pt;
		vertical-align: middle;
	}
	@media (max-width: 450px) {
		.button {
			font-size: 9pt;
		}
	}
</style>

<div>

	<header>
		<div class="nav-wrapper"><ul class="nav">
			<li><a class="button nav-first" href="//pokemonshowdown.com/"><img src="//pokemonshowdown.com/images/pokemonshowdownbeta.png" srcset="//pokemonshowdown.com/images/pokemonshowdownbeta.png 1x, //pokemonshowdown.com/images/pokemonshowdownbeta@2x.png 2x" alt="Pok&eacute;mon Showdown" width="146" height="44" /> Home</a></li>
			<li><a class="button" href="//pokemonshowdown.com/dex/">Pok&eacute;dex</a></li>
			<li><a class="button cur" href="/">Replays</a></li>
			<li><a class="button" href="//pokemonshowdown.com/ladder/">Ladder</a></li>
			<li><a class="button nav-last" href="//pokemonshowdown.com/forums/">Forum</a></li>
			<li><a class="button greenbutton nav-first nav-last" href="//play.pokemonshowdown.com/">Play</a></li>
		</ul></div>
	</header>

	<div class="main" id="main">

		<noscript><section class="section">You need to enable JavaScript to use this page; sorry!</section></noscript>

	</div>

</div>

<script defer nomodule src="//play.pokemonshowdown.com/js/lib/ps-polyfill.js"></script>
<script defer src="//play.pokemonshowdown.com/js/lib/preact.min.js"></script>

<script defer src="//play.pokemonshowdown.com/config/config.js?2bddbc15"></script>
<script defer src="//play.pokemonshowdown.com/js/lib/jquery-1.11.0.min.js"></script>
<script defer src="//play.pokemonshowdown.com/js/lib/html-sanitizer-minified.js"></script>
<script defer src="//play.pokemonshowdown.com/js/battle-sound.js"></script>
<script defer src="//play.pokemonshowdown.com/js/battledata.js?0.7209276989879541"></script>
<script defer src="//play.pokemonshowdown.com/data/pokedex-mini.js?0.6111056340867951"></script>
<script defer src="//play.pokemonshowdown.com/data/pokedex-mini-bw.js?0.3532142036491459"></script>
<script defer src="//play.pokemonshowdown.com/data/graphics.js?0.24223875632456182"></script>
<script defer src="//play.pokemonshowdown.com/data/pokedex.js?0.38839984266356864"></script>
<script defer src="//play.pokemonshowdown.com/data/moves.js?0.21866028504024015"></script>
<script defer src="//play.pokemonshowdown.com/data/abilities.js?0.2005157953846628"></script>
<script defer src="//play.pokemonshowdown.com/data/items.js?0.9894211263848525"></script>
<script defer src="//play.pokemonshowdown.com/data/teambuilder-tables.js?0.6008791140282215"></script>
<script defer src="//play.pokemonshowdown.com/js/battle-tooltips.js?0.7580118955022959"></script>
<script defer src="//play.pokemonshowdown.com/js/battle.js?0.6057722274234274"></script>

<script defer src="js/utils.js?e31f9a17"></script>
<script defer src="js/replays-battle.js?7008c182"></script>

<!-- don't scrape this data! just add .json or .log after the URL!
Full API docs: https://github.com/smogon/pokemon-showdown-client/blob/master/WEB-API.md -->
<script type="text/plain" class="log" id="replaylog-smogtours-gen3ou-796169">
|inactive|Battle timer is ON: inactive players will automatically lose when time's up.
|t:|1728320070
|gametype|singles
|player|p1|legoerofeggos|170|
|player|p2|Kollin7|hiker-gen2|
|teamsize|p1|6
|teamsize|p2|6
|gen|3
|tier|[Gen 3] OU
|rule|Sleep Clause Mod: Limit one foe put to sleep
|rule|Switch Priority Clause Mod: Faster Pokémon switch first
|rule|Species Clause: Limit one of each Pokémon
|rule|OHKO Clause: OHKO moves are banned
|rule|Evasion Items Clause: Evasion items are banned
|rule|Evasion Moves Clause: Evasion moves are banned
|rule|Endless Battle Clause: Forcing endless battles is banned
|rule|HP Percentage Mod: HP is shown in percentages
|rule|One Boost Passer Clause: Limit one Baton Passer that has a way to boost its stats
|rule|Freeze Clause Mod: Limit one foe frozen
|
|t:|1728320070
|start
|switch|p1a: Hariyama|Hariyama, M|100/100
|switch|p2a: Tyranitar|Tyranitar, F|100/100
|-weather|Sandstorm|[from] ability: Sand Stream|[of] p2a: Tyranitar
|turn|1
|inactive|Kollin7 also wants the timer to be on.
|
|t:|1728320082
|switch|p2a: Skarmory|Skarmory, M|100/100
|move|p1a: Hariyama|Knock Off|p2a: Skarmory
|-resisted|p2a: Skarmory
|-damage|p2a: Skarmory|99/100
|-enditem|p2a: Skarmory|Leftovers|[from] move: Knock Off|[of] p1a: Hariyama
|-hint|In Gens 3-4, Knock Off only makes the target's item unusable; it cannot obtain a new item.
|
|-weather|Sandstorm|[upkeep]
|-damage|p1a: Hariyama|94/100|[from] Sandstorm
|-heal|p1a: Hariyama|100/100|[from] item: Leftovers
|upkeep
|turn|2
|
|t:|1728320090
|-singleturn|p1a: Hariyama|move: Focus Punch
|move|p2a: Skarmory|Drill Peck|p1a: Hariyama
|-supereffective|p1a: Hariyama
|-damage|p1a: Hariyama|55/100
|move|p1a: Hariyama|Focus Punch||[still]
|cant|p1a: Hariyama|Focus Punch|Focus Punch
|
|-weather|Sandstorm|[upkeep]
|-damage|p1a: Hariyama|49/100|[from] Sandstorm
|-heal|p1a: Hariyama|55/100|[from] item: Leftovers
|upkeep
|turn|3
|
|t:|1728320097
|switch|p1a: Jirachi|Jirachi|100/100
|move|p2a: Skarmory|Spikes|p1a: Jirachi
|-sidestart|p1: legoerofeggos|Spikes
|
|-weather|Sandstorm|[upkeep]
|upkeep
|turn|4
|
|t:|1728320105
|switch|p2a: Tyranitar|Tyranitar, F|100/100
|move|p1a: Jirachi|Fire Punch|p2a: Tyranitar
|-resisted|p2a: Tyranitar
|-damage|p2a: Tyranitar|94/100
|
|-weather|Sandstorm|[upkeep]
|-heal|p2a: Tyranitar|99/100|[from] item: Leftovers
|upkeep
|turn|5
|
|t:|1728320119
|switch|p1a: Ramón|Salamence, M|100/100
|-ability|p1a: Ramón|Intimidate|boost
|-unboost|p2a: Tyranitar|atk|1
|move|p2a: Tyranitar|Earthquake|p1a: Ramón
|-immune|p1a: Ramón
|
|-weather|Sandstorm|[upkeep]
|-damage|p1a: Ramón|94/100|[from] Sandstorm
|-heal|p1a: Ramón|100/100|[from] item: Leftovers
|-heal|p2a: Tyranitar|100/100|[from] item: Leftovers
|upkeep
|turn|6
|
|t:|1728320130
|switch|p1a: Hariyama|Hariyama, M|55/100
|-damage|p1a: Hariyama|43/100|[from] Spikes
|switch|p2a: Blissey|Blissey, F|100/100
|
|-weather|Sandstorm|[upkeep]
|-damage|p2a: Blissey|94/100|[from] Sandstorm
|-damage|p1a: Hariyama|37/100|[from] Sandstorm
|-heal|p2a: Blissey|100/100|[from] item: Leftovers
|-heal|p1a: Hariyama|43/100|[from] item: Leftovers
|upkeep
|turn|7
|
|t:|1728320142
|switch|p2a: Skarmory|Skarmory, M|99/100
|move|p1a: Hariyama|Brick Break|p2a: Skarmory
|-crit|p2a: Skarmory
|-damage|p2a: Skarmory|43/100
|
|-weather|Sandstorm|[upkeep]
|-damage|p1a: Hariyama|37/100|[from] Sandstorm
|-heal|p1a: Hariyama|43/100|[from] item: Leftovers
|upkeep
|turn|8
|
|t:|1728320157
|switch|p2a: Tyranitar|Tyranitar, F|100/100
|switch|p1a: Ramón|Salamence, M|100/100
|-ability|p1a: Ramón|Intimidate|boost
|-unboost|p2a: Tyranitar|atk|1
|
|-weather|Sandstorm|[upkeep]
|-damage|p1a: Ramón|94/100|[from] Sandstorm
|-heal|p1a: Ramón|100/100|[from] item: Leftovers
|upkeep
|turn|9
|
|t:|1728320184
|switch|p2a: Swampert|Swampert, M|100/100
|move|p1a: Ramón|Toxic|p2a: Swampert
|-status|p2a: Swampert|tox
|
|-weather|Sandstorm|[upkeep]
|-damage|p1a: Ramón|94/100|[from] Sandstorm
|-heal|p1a: Ramón|100/100|[from] item: Leftovers
|-damage|p2a: Swampert|94/100 tox|[from] psn
|upkeep
|turn|10
|
|t:|1728320190
|switch|p1a: Celebi|Celebi|100/100
|-damage|p1a: Celebi|88/100|[from] Spikes
|move|p2a: Swampert|Refresh|p2a: Swampert
|-curestatus|p2a: Swampert|tox|[msg]
|
|-weather|Sandstorm|[upkeep]
|-damage|p1a: Celebi|82/100|[from] Sandstorm
|-heal|p1a: Celebi|88/100|[from] item: Leftovers
|-heal|p2a: Swampert|100/100|[from] item: Leftovers
|upkeep
|turn|11
|inactive|Kollin7 has 270 seconds left.
|inactive|Kollin7 has 240 seconds left.
|
|t:|1728320260
|switch|p2a: Blissey|Blissey, F|100/100
|move|p1a: Celebi|Leech Seed|p2a: Blissey
|-start|p2a: Blissey|move: Leech Seed
|
|-weather|Sandstorm|[upkeep]
|-damage|p1a: Celebi|82/100|[from] Sandstorm
|-damage|p2a: Blissey|94/100|[from] Sandstorm
|-heal|p1a: Celebi|88/100|[from] item: Leftovers
|-heal|p2a: Blissey|100/100|[from] item: Leftovers
|-damage|p2a: Blissey|88/100|[from] Leech Seed|[of] p1a: Celebi
|-heal|p1a: Celebi|100/100|[silent]
|upkeep
|turn|12
|
|t:|1728320275
|switch|p1a: Starmie|Starmie|100/100
|-damage|p1a: Starmie|88/100|[from] Spikes
|move|p2a: Blissey|Ice Beam|p1a: Starmie
|-resisted|p1a: Starmie
|-damage|p1a: Starmie|73/100
|
|-weather|Sandstorm|[upkeep]
|-damage|p1a: Starmie|67/100|[from] Sandstorm
|-damage|p2a: Blissey|82/100|[from] Sandstorm
|-heal|p1a: Starmie|73/100|[from] item: Leftovers
|-heal|p2a: Blissey|88/100|[from] item: Leftovers
|-damage|p2a: Blissey|76/100|[from] Leech Seed|[of] p1a: Starmie
|-heal|p1a: Starmie|98/100|[silent]
|upkeep
|turn|13
|
|t:|1728320281
|move|p1a: Starmie|Thunder Wave|p2a: Blissey
|-status|p2a: Blissey|par
|move|p2a: Blissey|Thunderbolt|p1a: Starmie
|-supereffective|p1a: Starmie
|-damage|p1a: Starmie|43/100
|
|-weather|Sandstorm|[upkeep]
|-damage|p1a: Starmie|37/100|[from] Sandstorm
|-damage|p2a: Blissey|69/100 par|[from] Sandstorm
|-heal|p1a: Starmie|43/100|[from] item: Leftovers
|-heal|p2a: Blissey|76/100 par|[from] item: Leftovers
|-damage|p2a: Blissey|63/100 par|[from] Leech Seed|[of] p1a: Starmie
|-heal|p1a: Starmie|68/100|[silent]
|upkeep
|turn|14
|inactive|Kollin7 has 240 seconds left.
|
|t:|1728320307
|move|p1a: Starmie|Rapid Spin|p2a: Blissey
|-damage|p2a: Blissey|60/100 par
|-sideend|p1: legoerofeggos|Spikes|[from] move: Rapid Spin|[of] p1a: Starmie
|move|p2a: Blissey|Thunderbolt|p1a: Starmie
|-supereffective|p1a: Starmie
|-damage|p1a: Starmie|14/100
|
|-weather|Sandstorm|[upkeep]
|-damage|p1a: Starmie|8/100|[from] Sandstorm
|-damage|p2a: Blissey|54/100 par|[from] Sandstorm
|-heal|p1a: Starmie|14/100|[from] item: Leftovers
|-heal|p2a: Blissey|60/100 par|[from] item: Leftovers
|-damage|p2a: Blissey|48/100 par|[from] Leech Seed|[of] p1a: Starmie
|-heal|p1a: Starmie|39/100|[silent]
|upkeep
|turn|15
|
|t:|1728320323
|move|p1a: Starmie|Recover|p1a: Starmie
|-heal|p1a: Starmie|89/100
|cant|p2a: Blissey|par
|
|-weather|Sandstorm|[upkeep]
|-damage|p1a: Starmie|83/100|[from] Sandstorm
|-damage|p2a: Blissey|42/100 par|[from] Sandstorm
|-heal|p1a: Starmie|89/100|[from] item: Leftovers
|-heal|p2a: Blissey|48/100 par|[from] item: Leftovers
|-damage|p2a: Blissey|35/100 par|[from] Leech Seed|[of] p1a: Starmie
|-heal|p1a: Starmie|100/100|[silent]
|upkeep
|turn|16
|
|t:|1728320327
|switch|p1a: Hariyama|Hariyama, M|43/100
|move|p2a: Blissey|Soft-Boiled|p2a: Blissey
|-heal|p2a: Blissey|85/100 par
|
|-weather|Sandstorm|[upkeep]
|-damage|p1a: Hariyama|37/100|[from] Sandstorm
|-damage|p2a: Blissey|79/100 par|[from] Sandstorm
|-heal|p1a: Hariyama|43/100|[from] item: Leftovers
|-heal|p2a: Blissey|85/100 par|[from] item: Leftovers
|-damage|p2a: Blissey|73/100 par|[from] Leech Seed|[of] p1a: Hariyama
|-heal|p1a: Hariyama|62/100|[silent]
|upkeep
|turn|17
|
|t:|1728320340
|-singleturn|p1a: Hariyama|move: Focus Punch
|-curestatus|p2a: Blissey|par|[from] ability: Natural Cure
|switch|p2a: Swampert|Swampert, M|100/100
|move|p1a: Hariyama|Focus Punch|p2a: Swampert
|-damage|p2a: Swampert|48/100
|
|-weather|Sandstorm|[upkeep]
|-damage|p1a: Hariyama|56/100|[from] Sandstorm
|-heal|p2a: Swampert|54/100|[from] item: Leftovers
|-heal|p1a: Hariyama|62/100|[from] item: Leftovers
|upkeep
|turn|18
|
|t:|1728320351
|move|p2a: Swampert|Protect|p2a: Swampert
|-singleturn|p2a: Swampert|Protect
|move|p1a: Hariyama|Knock Off|p2a: Swampert
|-activate|p2a: Swampert|Protect
|
|-weather|Sandstorm|[upkeep]
|-damage|p1a: Hariyama|56/100|[from] Sandstorm
|-heal|p2a: Swampert|61/100|[from] item: Leftovers
|-heal|p1a: Hariyama|62/100|[from] item: Leftovers
|upkeep
|turn|19
|inactive|Kollin7 has 210 seconds left.
|
|t:|1728320401
|-singleturn|p1a: Hariyama|move: Focus Punch
|move|p2a: Swampert|Surf|p1a: Hariyama
|-damage|p1a: Hariyama|32/100
|move|p1a: Hariyama|Focus Punch||[still]
|cant|p1a: Hariyama|Focus Punch|Focus Punch
|
|-weather|Sandstorm|[upkeep]
|-damage|p1a: Hariyama|26/100|[from] Sandstorm
|-heal|p2a: Swampert|67/100|[from] item: Leftovers
|-heal|p1a: Hariyama|32/100|[from] item: Leftovers
|upkeep
|turn|20
|
|t:|1728320411
|switch|p1a: Celebi|Celebi|100/100
|move|p2a: Swampert|Protect||[still]
|-fail|p2a: Swampert
|
|-weather|Sandstorm|[upkeep]
|-damage|p1a: Celebi|94/100|[from] Sandstorm
|-heal|p1a: Celebi|100/100|[from] item: Leftovers
|-heal|p2a: Swampert|73/100|[from] item: Leftovers
|upkeep
|turn|21
|
|t:|1728320416
|move|p2a: Swampert|Protect|p2a: Swampert
|-singleturn|p2a: Swampert|Protect
|move|p1a: Celebi|Leech Seed|p2a: Swampert
|-activate|p2a: Swampert|Protect
|
|-weather|Sandstorm|[upkeep]
|-damage|p1a: Celebi|94/100|[from] Sandstorm
|-heal|p1a: Celebi|100/100|[from] item: Leftovers
|-heal|p2a: Swampert|79/100|[from] item: Leftovers
|upkeep
|turn|22
|
|t:|1728320420
|switch|p2a: Blissey|Blissey, F|73/100
|move|p1a: Celebi|Leech Seed|p2a: Blissey
|-start|p2a: Blissey|move: Leech Seed
|
|-weather|Sandstorm|[upkeep]
|-damage|p1a: Celebi|94/100|[from] Sandstorm
|-damage|p2a: Blissey|67/100|[from] Sandstorm
|-heal|p1a: Celebi|100/100|[from] item: Leftovers
|-heal|p2a: Blissey|73/100|[from] item: Leftovers
|-damage|p2a: Blissey|60/100|[from] Leech Seed|[of] p1a: Celebi
|upkeep
|turn|23
|
|t:|1728320444
|switch|p1a: Jirachi|Jirachi|100/100
|switch|p2a: Skarmory|Skarmory, M|43/100
|
|-weather|Sandstorm|[upkeep]
|upkeep
|turn|24
|
|t:|1728320452
|switch|p2a: Swampert|Swampert, M|79/100
|move|p1a: Jirachi|Fire Punch|p2a: Swampert
|-resisted|p2a: Swampert
|-damage|p2a: Swampert|71/100
|-status|p2a: Swampert|brn
|
|-weather|Sandstorm|[upkeep]
|-heal|p2a: Swampert|77/100 brn|[from] item: Leftovers
|-damage|p2a: Swampert|65/100 brn|[from] brn
|upkeep
|turn|25
|
|t:|1728320472
|move|p1a: Jirachi|Protect|p1a: Jirachi
|-singleturn|p1a: Jirachi|Protect
|move|p2a: Swampert|Refresh|p2a: Swampert
|-curestatus|p2a: Swampert|brn|[msg]
|
|-weather|Sandstorm|[upkeep]
|-heal|p2a: Swampert|71/100|[from] item: Leftovers
|upkeep
|turn|26
|inactive|Kollin7 has 240 seconds left.
|
|t:|1728320494
|switch|p1a: Celebi|Celebi|100/100
|move|p2a: Swampert|Surf|p1a: Celebi
|-resisted|p1a: Celebi
|-damage|p1a: Celebi|89/100
|
|-weather|Sandstorm|[upkeep]
|-damage|p1a: Celebi|83/100|[from] Sandstorm
|-heal|p1a: Celebi|89/100|[from] item: Leftovers
|-heal|p2a: Swampert|77/100|[from] item: Leftovers
|upkeep
|turn|27
|
|t:|1728320507
|move|p2a: Swampert|Protect|p2a: Swampert
|-singleturn|p2a: Swampert|Protect
|move|p1a: Celebi|Hidden Power|p2a: Swampert
|-activate|p2a: Swampert|Protect
|
|-weather|Sandstorm|[upkeep]
|-damage|p1a: Celebi|83/100|[from] Sandstorm
|-heal|p1a: Celebi|89/100|[from] item: Leftovers
|-heal|p2a: Swampert|84/100|[from] item: Leftovers
|upkeep
|turn|28
|inactive|Kollin7 has 240 seconds left.
|inactive|Kollin7 has 210 seconds left.
|
|t:|1728320542
|switch|p2a: Blissey|Blissey, F|60/100
|move|p1a: Celebi|Leech Seed|p2a: Blissey
|-start|p2a: Blissey|move: Leech Seed
|
|-weather|Sandstorm|[upkeep]
|-damage|p1a: Celebi|83/100|[from] Sandstorm
|-damage|p2a: Blissey|54/100|[from] Sandstorm
|-heal|p1a: Celebi|89/100|[from] item: Leftovers
|-heal|p2a: Blissey|60/100|[from] item: Leftovers
|-damage|p2a: Blissey|48/100|[from] Leech Seed|[of] p1a: Celebi
|-heal|p1a: Celebi|100/100|[silent]
|upkeep
|turn|29
|inactive|Kollin7 has 210 seconds left.
|inactive|legoerofeggos has 270 seconds left.
|inactive|Kollin7 has 180 seconds left.
|
|t:|1728320593
|switch|p1a: Hariyama|Hariyama, M|32/100
|move|p2a: Blissey|Soft-Boiled|p2a: Blissey
|-heal|p2a: Blissey|98/100
|
|-weather|Sandstorm|[upkeep]
|-damage|p2a: Blissey|92/100|[from] Sandstorm
|-damage|p1a: Hariyama|26/100|[from] Sandstorm
|-heal|p2a: Blissey|98/100|[from] item: Leftovers
|-damage|p2a: Blissey|85/100|[from] Leech Seed|[of] p1a: Hariyama
|-heal|p1a: Hariyama|45/100|[silent]
|-heal|p1a: Hariyama|51/100|[from] item: Leftovers
|upkeep
|turn|30
|
|t:|1728320603
|switch|p2a: Skarmory|Skarmory, M|43/100
|move|p1a: Hariyama|Knock Off|p2a: Skarmory
|-resisted|p2a: Skarmory
|-damage|p2a: Skarmory|42/100
|
|-weather|Sandstorm|[upkeep]
|-damage|p1a: Hariyama|45/100|[from] Sandstorm
|-heal|p1a: Hariyama|51/100|[from] item: Leftovers
|upkeep
|turn|31
|
|t:|1728320616
|switch|p1a: Jirachi|Jirachi|100/100
|move|p2a: Skarmory|Drill Peck|p1a: Jirachi
|-resisted|p1a: Jirachi
|-damage|p1a: Jirachi|92/100
|
|-weather|Sandstorm|[upkeep]
|-heal|p1a: Jirachi|98/100|[from] item: Leftovers
|upkeep
|turn|32
|
|t:|1728320623
|switch|p2a: Swampert|Swampert, M|84/100
|move|p1a: Jirachi|Fire Punch|p2a: Swampert
|-resisted|p2a: Swampert
|-damage|p2a: Swampert|77/100
|
|-weather|Sandstorm|[upkeep]
|-heal|p1a: Jirachi|100/100|[from] item: Leftovers
|-heal|p2a: Swampert|83/100|[from] item: Leftovers
|upkeep
|turn|33
|
|t:|1728320633
|switch|p1a: Celebi|Celebi|100/100
|move|p2a: Swampert|Surf|p1a: Celebi
|-resisted|p1a: Celebi
|-damage|p1a: Celebi|88/100
|
|-weather|Sandstorm|[upkeep]
|-damage|p1a: Celebi|82/100|[from] Sandstorm
|-heal|p1a: Celebi|88/100|[from] item: Leftovers
|-heal|p2a: Swampert|89/100|[from] item: Leftovers
|upkeep
|turn|34
|
|t:|1728320637
|switch|p2a: Blissey|Blissey, F|85/100
|move|p1a: Celebi|Hidden Power|p2a: Blissey
|-crit|p2a: Blissey
|-damage|p2a: Blissey|63/100
|
|-weather|Sandstorm|[upkeep]
|-damage|p1a: Celebi|82/100|[from] Sandstorm
|-damage|p2a: Blissey|57/100|[from] Sandstorm
|-heal|p1a: Celebi|88/100|[from] item: Leftovers
|-heal|p2a: Blissey|63/100|[from] item: Leftovers
|upkeep
|turn|35
|
|t:|1728320646
|move|p1a: Celebi|Leech Seed|p2a: Blissey
|-start|p2a: Blissey|move: Leech Seed
|move|p2a: Blissey|Ice Beam|p1a: Celebi
|-supereffective|p1a: Celebi
|-damage|p1a: Celebi|49/100
|
|-weather|Sandstorm|[upkeep]
|-damage|p1a: Celebi|43/100|[from] Sandstorm
|-damage|p2a: Blissey|57/100|[from] Sandstorm
|-heal|p1a: Celebi|49/100|[from] item: Leftovers
|-heal|p2a: Blissey|63/100|[from] item: Leftovers
|-damage|p2a: Blissey|50/100|[from] Leech Seed|[of] p1a: Celebi
|-heal|p1a: Celebi|69/100|[silent]
|upkeep
|turn|36
|
|t:|1728320656
|switch|p1a: Hariyama|Hariyama, M|51/100
|switch|p2a: Dugtrio|Dugtrio, F|100/100
|
|-weather|Sandstorm|[upkeep]
|-damage|p1a: Hariyama|45/100|[from] Sandstorm
|-heal|p1a: Hariyama|51/100|[from] item: Leftovers
|upkeep
|turn|37
|
|t:|1728320670
|move|p2a: Dugtrio|Earthquake|p1a: Hariyama
|-damage|p1a: Hariyama|0 fnt
|faint|p1a: Hariyama
|
|t:|1728320685
|switch|p1a: Ramón|Salamence, M|100/100
|-ability|p1a: Ramón|Intimidate|boost
|-unboost|p2a: Dugtrio|atk|1
|
|-weather|Sandstorm|[upkeep]
|-damage|p1a: Ramón|94/100|[from] Sandstorm
|-heal|p1a: Ramón|100/100|[from] item: Leftovers
|upkeep
|turn|38
|inactive|Kollin7 has 240 seconds left.
|
|t:|1728320691
|switch|p2a: Swampert|Swampert, M|89/100
|move|p1a: Ramón|Toxic|p2a: Swampert
|-status|p2a: Swampert|tox
|
|-weather|Sandstorm|[upkeep]
|-damage|p1a: Ramón|94/100|[from] Sandstorm
|-heal|p1a: Ramón|100/100|[from] item: Leftovers
|-heal|p2a: Swampert|95/100 tox|[from] item: Leftovers
|-damage|p2a: Swampert|89/100 tox|[from] psn
|upkeep
|turn|39
|inactive|Kollin7 has 240 seconds left.
|
|t:|1728320701
|switch|p1a: Celebi|Celebi|69/100
|move|p2a: Swampert|Toxic|p1a: Celebi
|-status|p1a: Celebi|tox
|
|-weather|Sandstorm|[upkeep]
|-damage|p1a: Celebi|63/100 tox|[from] Sandstorm
|-heal|p1a: Celebi|69/100 tox|[from] item: Leftovers
|-damage|p1a: Celebi|63/100 tox|[from] psn
|-heal|p2a: Swampert|95/100 tox|[from] item: Leftovers
|-damage|p2a: Swampert|83/100 tox|[from] psn
|upkeep
|turn|40
|inactive|Kollin7 has 240 seconds left.
|
|t:|1728320718
|-curestatus|p1a: Celebi|tox|[from] ability: Natural Cure
|switch|p1a: Jirachi|Jirachi|100/100
|switch|p2a: Blissey|Blissey, F|50/100
|
|-weather|Sandstorm|[upkeep]
|-damage|p2a: Blissey|44/100|[from] Sandstorm
|-heal|p2a: Blissey|50/100|[from] item: Leftovers
|upkeep
|turn|41
|
|t:|1728320727
|move|p1a: Jirachi|Body Slam|p2a: Blissey
|-damage|p2a: Blissey|30/100
|move|p2a: Blissey|Soft-Boiled|p2a: Blissey
|-heal|p2a: Blissey|80/100
|
|-weather|Sandstorm|[upkeep]
|-damage|p2a: Blissey|74/100|[from] Sandstorm
|-heal|p2a: Blissey|80/100|[from] item: Leftovers
|upkeep
|turn|42
|
|t:|1728320734
|switch|p2a: Swampert|Swampert, M|83/100 tox
|move|p1a: Jirachi|Body Slam|p2a: Swampert
|-damage|p2a: Swampert|70/100 tox
|
|-weather|Sandstorm|[upkeep]
|-heal|p2a: Swampert|76/100 tox|[from] item: Leftovers
|-damage|p2a: Swampert|70/100 tox|[from] psn
|upkeep
|turn|43
|
|t:|1728320736
|switch|p1a: Celebi|Celebi|63/100
|move|p2a: Swampert|Refresh|p2a: Swampert
|-curestatus|p2a: Swampert|tox|[msg]
|
|-weather|Sandstorm|[upkeep]
|-damage|p1a: Celebi|57/100|[from] Sandstorm
|-heal|p1a: Celebi|63/100|[from] item: Leftovers
|-heal|p2a: Swampert|76/100|[from] item: Leftovers
|upkeep
|turn|44
|
|t:|1728320759
|switch|p2a: Tyranitar|Tyranitar, F|100/100
|move|p1a: Celebi|Recover|p1a: Celebi
|-heal|p1a: Celebi|100/100
|
|-weather|Sandstorm|[upkeep]
|-damage|p1a: Celebi|94/100|[from] Sandstorm
|-heal|p1a: Celebi|100/100|[from] item: Leftovers
|upkeep
|turn|45
|
|t:|1728320780
|switch|p1a: Ramón|Salamence, M|100/100
|-ability|p1a: Ramón|Intimidate|boost
|-unboost|p2a: Tyranitar|atk|1
|move|p2a: Tyranitar|Hidden Power|p1a: Ramón
|-resisted|p1a: Ramón
|-damage|p1a: Ramón|94/100
|
|-weather|Sandstorm|[upkeep]
|-damage|p1a: Ramón|88/100|[from] Sandstorm
|-heal|p1a: Ramón|94/100|[from] item: Leftovers
|upkeep
|turn|46
|
|t:|1728320790
|switch|p2a: Blissey|Blissey, F|80/100
|move|p1a: Ramón|Toxic|p2a: Blissey|[miss]
|-miss|p1a: Ramón|p2a: Blissey
|
|-weather|Sandstorm|[upkeep]
|-damage|p1a: Ramón|88/100|[from] Sandstorm
|-damage|p2a: Blissey|74/100|[from] Sandstorm
|-heal|p1a: Ramón|94/100|[from] item: Leftovers
|-heal|p2a: Blissey|80/100|[from] item: Leftovers
|upkeep
|turn|47
|
|t:|1728320800
|switch|p1a: Celebi|Celebi|100/100
|move|p2a: Blissey|Calm Mind|p2a: Blissey
|-boost|p2a: Blissey|spa|1
|-boost|p2a: Blissey|spd|1
|
|-weather|Sandstorm|[upkeep]
|-damage|p1a: Celebi|94/100|[from] Sandstorm
|-damage|p2a: Blissey|74/100|[from] Sandstorm
|-heal|p1a: Celebi|100/100|[from] item: Leftovers
|-heal|p2a: Blissey|80/100|[from] item: Leftovers
|upkeep
|turn|48
|
|t:|1728320802
|move|p1a: Celebi|Leech Seed|p2a: Blissey
|-start|p2a: Blissey|move: Leech Seed
|move|p2a: Blissey|Ice Beam|p1a: Celebi
|-supereffective|p1a: Celebi
|-damage|p1a: Celebi|34/100
|
|-weather|Sandstorm|[upkeep]
|-damage|p1a: Celebi|28/100|[from] Sandstorm
|-damage|p2a: Blissey|74/100|[from] Sandstorm
|-heal|p1a: Celebi|34/100|[from] item: Leftovers
|-heal|p2a: Blissey|80/100|[from] item: Leftovers
|-damage|p2a: Blissey|67/100|[from] Leech Seed|[of] p1a: Celebi
|-heal|p1a: Celebi|54/100|[silent]
|upkeep
|turn|49
|inactive|Kollin7 has 270 seconds left.
|
|t:|1728320813
|move|p1a: Celebi|Recover|p1a: Celebi
|-heal|p1a: Celebi|100/100
|move|p2a: Blissey|Thunderbolt|p1a: Celebi
|-resisted|p1a: Celebi
|-damage|p1a: Celebi|86/100
|-status|p1a: Celebi|par
|
|-weather|Sandstorm|[upkeep]
|-damage|p2a: Blissey|61/100|[from] Sandstorm
|-damage|p1a: Celebi|80/100 par|[from] Sandstorm
|-heal|p2a: Blissey|67/100|[from] item: Leftovers
|-damage|p2a: Blissey|55/100|[from] Leech Seed|[of] p1a: Celebi
|-heal|p1a: Celebi|99/100 par|[silent]
|-heal|p1a: Celebi|100/100 par|[from] item: Leftovers
|upkeep
|turn|50
|inactive|Kollin7 has 270 seconds left.
|
|t:|1728320823
|-curestatus|p1a: Celebi|par|[from] ability: Natural Cure
|switch|p1a: Jirachi|Jirachi|100/100
|move|p2a: Blissey|Soft-Boiled|p2a: Blissey
|-heal|p2a: Blissey|100/100
|
|-weather|Sandstorm|[upkeep]
|-damage|p2a: Blissey|94/100|[from] Sandstorm
|-heal|p2a: Blissey|100/100|[from] item: Leftovers
|-damage|p2a: Blissey|88/100|[from] Leech Seed|[of] p1a: Jirachi
|upkeep
|turn|51
|
|t:|1728320832
|move|p1a: Jirachi|Body Slam|p2a: Blissey
|-damage|p2a: Blissey|67/100
|-status|p2a: Blissey|par
|cant|p2a: Blissey|par
|
|-weather|Sandstorm|[upkeep]
|-damage|p2a: Blissey|61/100 par|[from] Sandstorm
|-heal|p2a: Blissey|67/100 par|[from] item: Leftovers
|-damage|p2a: Blissey|54/100 par|[from] Leech Seed|[of] p1a: Jirachi
|upkeep
|turn|52
|
|t:|1728320837
|-curestatus|p2a: Blissey|par|[from] ability: Natural Cure
|switch|p2a: Swampert|Swampert, M|76/100
|move|p1a: Jirachi|Wish|p1a: Jirachi
|
|-weather|Sandstorm|[upkeep]
|-heal|p2a: Swampert|82/100|[from] item: Leftovers
|upkeep
|turn|53
|
|t:|1728320844
|switch|p1a: Celebi|Celebi|100/100
|move|p2a: Swampert|Surf|p1a: Celebi
|-resisted|p1a: Celebi
|-damage|p1a: Celebi|89/100
|
|-heal|p1a: Celebi|100/100|[from] move: Wish|[wisher] Jirachi
|-weather|Sandstorm|[upkeep]
|-damage|p1a: Celebi|94/100|[from] Sandstorm
|-heal|p1a: Celebi|100/100|[from] item: Leftovers
|-heal|p2a: Swampert|89/100|[from] item: Leftovers
|upkeep
|turn|54
|
|t:|1728320856
|switch|p1a: Sofía|Marowak, F|100/100
|switch|p2a: Blissey|Blissey, F|54/100
|
|-weather|Sandstorm|[upkeep]
|-damage|p2a: Blissey|48/100|[from] Sandstorm
|-heal|p2a: Blissey|54/100|[from] item: Leftovers
|upkeep
|turn|55
|
|t:|1728320871
|-singleturn|p1a: Sofía|move: Focus Punch
|switch|p2a: Swampert|Swampert, M|89/100
|move|p1a: Sofía|Focus Punch|p2a: Swampert
|-damage|p2a: Swampert|31/100
|
|-weather|Sandstorm|[upkeep]
|-heal|p2a: Swampert|37/100|[from] item: Leftovers
|upkeep
|turn|56
|
|t:|1728320884
|move|p2a: Swampert|Protect|p2a: Swampert
|-singleturn|p2a: Swampert|Protect
|move|p1a: Sofía|Earthquake|p2a: Swampert
|-activate|p2a: Swampert|Protect
|
|-weather|Sandstorm|[upkeep]
|-heal|p2a: Swampert|43/100|[from] item: Leftovers
|upkeep
|turn|57
|inactive|Kollin7 has 270 seconds left.
|inactive|Kollin7 has 240 seconds left.
|inactive|Kollin7 has 210 seconds left.
|
|t:|1728320981
|switch|p1a: Celebi|Celebi|100/100
|switch|p2a: Skarmory|Skarmory, M|42/100
|
|-weather|Sandstorm|[upkeep]
|-damage|p1a: Celebi|94/100|[from] Sandstorm
|-heal|p1a: Celebi|100/100|[from] item: Leftovers
|upkeep
|turn|58
|inactive|Kollin7 has 210 seconds left.
|
|t:|1728321000
|switch|p1a: Ramón|Salamence, M|94/100
|-ability|p1a: Ramón|Intimidate|boost
|-unboost|p2a: Skarmory|atk|1
|move|p2a: Skarmory|Spikes|p1a: Ramón
|-sidestart|p1: legoerofeggos|Spikes
|
|-weather|Sandstorm|[upkeep]
|-damage|p1a: Ramón|88/100|[from] Sandstorm
|-heal|p1a: Ramón|94/100|[from] item: Leftovers
|upkeep
|turn|59
|inactive|Kollin7 has 210 seconds left.
|
|t:|1728321013
|switch|p2a: Swampert|Swampert, M|43/100
|move|p1a: Ramón|Toxic|p2a: Swampert
|-status|p2a: Swampert|tox
|
|-weather|Sandstorm|[upkeep]
|-damage|p1a: Ramón|88/100|[from] Sandstorm
|-heal|p1a: Ramón|94/100|[from] item: Leftovers
|-heal|p2a: Swampert|50/100 tox|[from] item: Leftovers
|-damage|p2a: Swampert|43/100 tox|[from] psn
|upkeep
|turn|60
|
|t:|1728321027
|switch|p1a: Celebi|Celebi|100/100
|-damage|p1a: Celebi|88/100|[from] Spikes
|move|p2a: Swampert|Refresh|p2a: Swampert
|-curestatus|p2a: Swampert|tox|[msg]
|
|-weather|Sandstorm|[upkeep]
|-damage|p1a: Celebi|82/100|[from] Sandstorm
|-heal|p1a: Celebi|88/100|[from] item: Leftovers
|-heal|p2a: Swampert|50/100|[from] item: Leftovers
|upkeep
|turn|61
|inactive|Kollin7 has 210 seconds left.
|
|t:|1728321051
|switch|p2a: Blissey|Blissey, F|54/100
|move|p1a: Celebi|Leech Seed|p2a: Blissey|[miss]
|-miss|p1a: Celebi|p2a: Blissey
|
|-weather|Sandstorm|[upkeep]
|-damage|p1a: Celebi|82/100|[from] Sandstorm
|-damage|p2a: Blissey|48/100|[from] Sandstorm
|-heal|p1a: Celebi|88/100|[from] item: Leftovers
|-heal|p2a: Blissey|54/100|[from] item: Leftovers
|upkeep
|turn|62
|
|t:|1728321061
|move|p1a: Celebi|Leech Seed|p2a: Blissey
|-start|p2a: Blissey|move: Leech Seed
|move|p2a: Blissey|Soft-Boiled|p2a: Blissey
|-heal|p2a: Blissey|100/100
|
|-weather|Sandstorm|[upkeep]
|-damage|p1a: Celebi|82/100|[from] Sandstorm
|-damage|p2a: Blissey|94/100|[from] Sandstorm
|-heal|p1a: Celebi|88/100|[from] item: Leftovers
|-heal|p2a: Blissey|100/100|[from] item: Leftovers
|-damage|p2a: Blissey|88/100|[from] Leech Seed|[of] p1a: Celebi
|-heal|p1a: Celebi|100/100|[silent]
|upkeep
|turn|63
|inactive|Kollin7 has 210 seconds left.
|inactive|legoerofeggos has 270 seconds left.
|
|t:|1728321100
|switch|p1a: Starmie|Starmie|100/100
|-damage|p1a: Starmie|88/100|[from] Spikes
|switch|p2a: Skarmory|Skarmory, M|42/100
|
|-weather|Sandstorm|[upkeep]
|-damage|p1a: Starmie|82/100|[from] Sandstorm
|-heal|p1a: Starmie|88/100|[from] item: Leftovers
|upkeep
|turn|64
|inactive|Kollin7 has 180 seconds left.
|
|t:|1728321127
|move|p1a: Starmie|Surf|p2a: Skarmory
|-damage|p2a: Skarmory|14/100
|move|p2a: Skarmory|Drill Peck|p1a: Starmie
|-damage|p1a: Starmie|63/100
|
|-weather|Sandstorm|[upkeep]
|-damage|p1a: Starmie|56/100|[from] Sandstorm
|-heal|p1a: Starmie|63/100|[from] item: Leftovers
|upkeep
|turn|65
|inactive|Kollin7 has 180 seconds left.
|
|t:|1728321141
|switch|p2a: Blissey|Blissey, F|88/100
|move|p1a: Starmie|Recover|p1a: Starmie
|-heal|p1a: Starmie|100/100
|
|-weather|Sandstorm|[upkeep]
|-damage|p1a: Starmie|94/100|[from] Sandstorm
|-damage|p2a: Blissey|82/100|[from] Sandstorm
|-heal|p1a: Starmie|100/100|[from] item: Leftovers
|-heal|p2a: Blissey|88/100|[from] item: Leftovers
|upkeep
|turn|66
|
|t:|1728321149
|move|p1a: Starmie|Rapid Spin|p2a: Blissey
|-damage|p2a: Blissey|85/100
|-sideend|p1: legoerofeggos|Spikes|[from] move: Rapid Spin|[of] p1a: Starmie
|move|p2a: Blissey|Calm Mind|p2a: Blissey
|-boost|p2a: Blissey|spa|1
|-boost|p2a: Blissey|spd|1
|
|-weather|Sandstorm|[upkeep]
|-damage|p1a: Starmie|94/100|[from] Sandstorm
|-damage|p2a: Blissey|79/100|[from] Sandstorm
|-heal|p1a: Starmie|100/100|[from] item: Leftovers
|-heal|p2a: Blissey|85/100|[from] item: Leftovers
|upkeep
|turn|67
|inactive|Kollin7 has 180 seconds left.
|inactive|legoerofeggos has 270 seconds left.
|
|t:|1728321185
|move|p1a: Starmie|Thunder Wave|p2a: Blissey
|-status|p2a: Blissey|par
|move|p2a: Blissey|Calm Mind|p2a: Blissey
|-boost|p2a: Blissey|spa|1
|-boost|p2a: Blissey|spd|1
|
|-weather|Sandstorm|[upkeep]
|-damage|p1a: Starmie|94/100|[from] Sandstorm
|-damage|p2a: Blissey|79/100 par|[from] Sandstorm
|-heal|p1a: Starmie|100/100|[from] item: Leftovers
|-heal|p2a: Blissey|85/100 par|[from] item: Leftovers
|upkeep
|turn|68
|inactive|legoerofeggos has 270 seconds left.
|
|t:|1728321210
|move|p1a: Starmie|Surf|p2a: Blissey
|-crit|p2a: Blissey
|-damage|p2a: Blissey|56/100 par
|move|p2a: Blissey|Soft-Boiled|p2a: Blissey
|-heal|p2a: Blissey|100/100 par
|
|-weather|Sandstorm|[upkeep]
|-damage|p1a: Starmie|94/100|[from] Sandstorm
|-damage|p2a: Blissey|94/100 par|[from] Sandstorm
|-heal|p1a: Starmie|100/100|[from] item: Leftovers
|-heal|p2a: Blissey|100/100 par|[from] item: Leftovers
|upkeep
|turn|69
|
|t:|1728321219
|switch|p1a: Celebi|Celebi|100/100
|move|p2a: Blissey|Thunderbolt|p1a: Celebi
|-resisted|p1a: Celebi
|-damage|p1a: Celebi|78/100
|-status|p1a: Celebi|par
|
|-weather|Sandstorm|[upkeep]
|-damage|p1a: Celebi|72/100 par|[from] Sandstorm
|-damage|p2a: Blissey|94/100 par|[from] Sandstorm
|-heal|p1a: Celebi|78/100 par|[from] item: Leftovers
|-heal|p2a: Blissey|100/100 par|[from] item: Leftovers
|upkeep
|turn|70
|
|t:|1728321240
|move|p1a: Celebi|Leech Seed|p2a: Blissey
|-start|p2a: Blissey|move: Leech Seed
|move|p2a: Blissey|Ice Beam|p1a: Celebi
|-supereffective|p1a: Celebi
|-crit|p1a: Celebi
|-damage|p1a: Celebi|0 fnt
|faint|p1a: Celebi
|
|t:|1728321253
|switch|p1a: Sofía|Marowak, F|100/100
|
|-weather|Sandstorm|[upkeep]
|-damage|p2a: Blissey|94/100 par|[from] Sandstorm
|-heal|p2a: Blissey|100/100 par|[from] item: Leftovers
|-damage|p2a: Blissey|88/100 par|[from] Leech Seed|[of] p1a: Sofía
|upkeep
|turn|71
|inactive|Kollin7 has 210 seconds left.
|inactive|legoerofeggos has 240 seconds left.
|inactive|Kollin7 has 180 seconds left.
|inactive|Kollin7 has 150 seconds left.
|
|t:|1728321342
|-curestatus|p2a: Blissey|par|[from] ability: Natural Cure
|switch|p2a: Skarmory|Skarmory, M|14/100
|move|p1a: Sofía|Earthquake|p2a: Skarmory
|-immune|p2a: Skarmory
|
|-weather|Sandstorm|[upkeep]
|upkeep
|turn|72
|
|t:|1728321355
|move|p1a: Sofía|Rock Slide|p2a: Skarmory
|-damage|p2a: Skarmory|0 fnt
|faint|p2a: Skarmory
|inactive|Kollin7 has 120 seconds left.
|
|t:|1728321372
|switch|p2a: Swampert|Swampert, M|50/100
|
|-weather|Sandstorm|[upkeep]
|-heal|p2a: Swampert|56/100|[from] item: Leftovers
|upkeep
|turn|73
|inactive|Kollin7 has 120 seconds left.
|inactive|legoerofeggos has 240 seconds left.
|
|t:|1728321402
|switch|p1a: Starmie|Starmie|100/100
|move|p2a: Swampert|Protect||[still]
|-fail|p2a: Swampert
|
|-weather|Sandstorm|[upkeep]
|-damage|p1a: Starmie|94/100|[from] Sandstorm
|-heal|p1a: Starmie|100/100|[from] item: Leftovers
|-heal|p2a: Swampert|62/100|[from] item: Leftovers
|upkeep
|turn|74
|inactive|Kollin7 has 120 seconds left.
|inactive|legoerofeggos has 240 seconds left.
|
|t:|1728321421
|move|p2a: Swampert|Protect|p2a: Swampert
|-singleturn|p2a: Swampert|Protect
|move|p1a: Starmie|Thunder Wave|p2a: Swampert
|-activate|p2a: Swampert|Protect
|
|-weather|Sandstorm|[upkeep]
|-damage|p1a: Starmie|94/100|[from] Sandstorm
|-heal|p1a: Starmie|100/100|[from] item: Leftovers
|-heal|p2a: Swampert|68/100|[from] item: Leftovers
|upkeep
|turn|75
|
|t:|1728321430
|move|p1a: Starmie|Surf|p2a: Swampert
|-damage|p2a: Swampert|41/100
|move|p2a: Swampert|Toxic|p1a: Starmie|[miss]
|-miss|p2a: Swampert|p1a: Starmie
|
|-weather|Sandstorm|[upkeep]
|-damage|p1a: Starmie|94/100|[from] Sandstorm
|-heal|p1a: Starmie|100/100|[from] item: Leftovers
|-heal|p2a: Swampert|47/100|[from] item: Leftovers
|upkeep
|turn|76
|inactive|Kollin7 has 120 seconds left.
|
|t:|1728321442
|switch|p1a: Jirachi|Jirachi|100/100
|move|p2a: Swampert|Protect||[still]
|-fail|p2a: Swampert
|
|-weather|Sandstorm|[upkeep]
|-heal|p2a: Swampert|53/100|[from] item: Leftovers
|upkeep
|turn|77
|
|t:|1728321449
|move|p1a: Jirachi|Body Slam|p2a: Swampert
|-damage|p2a: Swampert|40/100
|move|p2a: Swampert|Surf|p1a: Jirachi
|-damage|p1a: Jirachi|81/100
|
|-weather|Sandstorm|[upkeep]
|-heal|p1a: Jirachi|87/100|[from] item: Leftovers
|-heal|p2a: Swampert|46/100|[from] item: Leftovers
|upkeep
|turn|78
|
|t:|1728321461
|move|p1a: Jirachi|Wish|p1a: Jirachi
|move|p2a: Swampert|Surf|p1a: Jirachi
|-damage|p1a: Jirachi|69/100
|
|-weather|Sandstorm|[upkeep]
|-heal|p1a: Jirachi|75/100|[from] item: Leftovers
|-heal|p2a: Swampert|53/100|[from] item: Leftovers
|upkeep
|turn|79
|
|t:|1728321473
|move|p1a: Jirachi|Body Slam|p2a: Swampert
|-damage|p2a: Swampert|39/100
|move|p2a: Swampert|Refresh||[still]
|-fail|p2a: Swampert
|
|-heal|p1a: Jirachi|100/100|[from] move: Wish|[wisher] Jirachi
|-weather|Sandstorm|[upkeep]
|-heal|p2a: Swampert|45/100|[from] item: Leftovers
|upkeep
|turn|80
|
|t:|1728321488
|move|p1a: Jirachi|Body Slam|p2a: Swampert
|-damage|p2a: Swampert|31/100
|-status|p2a: Swampert|par
|move|p2a: Swampert|Surf|p1a: Jirachi
|-damage|p1a: Jirachi|72/100
|
|-weather|Sandstorm|[upkeep]
|-heal|p1a: Jirachi|78/100|[from] item: Leftovers
|-heal|p2a: Swampert|37/100 par|[from] item: Leftovers
|upkeep
|turn|81
|
|t:|1728321494
|move|p1a: Jirachi|Wish|p1a: Jirachi
|cant|p2a: Swampert|par
|
|-weather|Sandstorm|[upkeep]
|-heal|p1a: Jirachi|84/100|[from] item: Leftovers
|-heal|p2a: Swampert|43/100 par|[from] item: Leftovers
|upkeep
|turn|82
|
|t:|1728321500
|move|p1a: Jirachi|Body Slam|p2a: Swampert
|-damage|p2a: Swampert|31/100 par
|move|p2a: Swampert|Refresh|p2a: Swampert
|-curestatus|p2a: Swampert|par|[msg]
|
|-heal|p1a: Jirachi|100/100|[from] move: Wish|[wisher] Jirachi
|-weather|Sandstorm|[upkeep]
|-heal|p2a: Swampert|37/100|[from] item: Leftovers
|upkeep
|turn|83
|
|t:|1728321512
|move|p2a: Swampert|Protect|p2a: Swampert
|-singleturn|p2a: Swampert|Protect
|move|p1a: Jirachi|Body Slam|p2a: Swampert
|-activate|p2a: Swampert|Protect
|
|-weather|Sandstorm|[upkeep]
|-heal|p2a: Swampert|43/100|[from] item: Leftovers
|upkeep
|turn|84
|
|t:|1728321518
|switch|p2a: Blissey|Blissey, F|88/100
|move|p1a: Jirachi|Fire Punch|p2a: Blissey
|-crit|p2a: Blissey
|-damage|p2a: Blissey|74/100
|
|-weather|Sandstorm|[upkeep]
|-damage|p2a: Blissey|68/100|[from] Sandstorm
|-heal|p2a: Blissey|74/100|[from] item: Leftovers
|upkeep
|turn|85
|
|t:|1728321523
|move|p1a: Jirachi|Body Slam|p2a: Blissey
|-damage|p2a: Blissey|55/100
|move|p2a: Blissey|Soft-Boiled|p2a: Blissey
|-heal|p2a: Blissey|100/100
|
|-weather|Sandstorm|[upkeep]
|-damage|p2a: Blissey|94/100|[from] Sandstorm
|-heal|p2a: Blissey|100/100|[from] item: Leftovers
|upkeep
|turn|86
|
|t:|1728321528
|move|p1a: Jirachi|Body Slam|p2a: Blissey
|-damage|p2a: Blissey|81/100
|-status|p2a: Blissey|par
|cant|p2a: Blissey|par
|
|-weather|Sandstorm|[upkeep]
|-damage|p2a: Blissey|75/100 par|[from] Sandstorm
|-heal|p2a: Blissey|81/100 par|[from] item: Leftovers
|upkeep
|turn|87
|
|t:|1728321535
|-curestatus|p2a: Blissey|par|[from] ability: Natural Cure
|switch|p2a: Swampert|Swampert, M|43/100
|move|p1a: Jirachi|Wish|p1a: Jirachi
|
|-weather|Sandstorm|[upkeep]
|-heal|p2a: Swampert|49/100|[from] item: Leftovers
|upkeep
|turn|88
|
|t:|1728321542
|switch|p2a: Blissey|Blissey, F|81/100
|move|p1a: Jirachi|Fire Punch|p2a: Blissey
|-damage|p2a: Blissey|74/100
|-status|p2a: Blissey|brn
|
|-weather|Sandstorm|[upkeep]
|-damage|p2a: Blissey|68/100 brn|[from] Sandstorm
|-heal|p2a: Blissey|74/100 brn|[from] item: Leftovers
|-damage|p2a: Blissey|61/100 brn|[from] brn
|upkeep
|turn|89
|inactive|Kollin7 has 180 seconds left.
|
|t:|1728321575
|move|p1a: Jirachi|Fire Punch|p2a: Blissey
|-damage|p2a: Blissey|54/100 brn
|move|p2a: Blissey|Ice Beam|p1a: Jirachi
|-resisted|p1a: Jirachi
|-damage|p1a: Jirachi|92/100
|
|-weather|Sandstorm|[upkeep]
|-damage|p2a: Blissey|48/100 brn|[from] Sandstorm
|-heal|p1a: Jirachi|98/100|[from] item: Leftovers
|-heal|p2a: Blissey|54/100 brn|[from] item: Leftovers
|-damage|p2a: Blissey|42/100 brn|[from] brn
|upkeep
|turn|90
|inactive|legoerofeggos has 270 seconds left.
|
|t:|1728321601
|switch|p1a: Starmie|Starmie|100/100
|move|p2a: Blissey|Soft-Boiled|p2a: Blissey
|-heal|p2a: Blissey|92/100 brn
|
|-weather|Sandstorm|[upkeep]
|-damage|p1a: Starmie|94/100|[from] Sandstorm
|-damage|p2a: Blissey|86/100 brn|[from] Sandstorm
|-heal|p1a: Starmie|100/100|[from] item: Leftovers
|-heal|p2a: Blissey|92/100 brn|[from] item: Leftovers
|-damage|p2a: Blissey|79/100 brn|[from] brn
|upkeep
|turn|91
|inactive|legoerofeggos has 270 seconds left.
|
|t:|1728321614
|move|p1a: Starmie|Surf|p2a: Blissey
|-damage|p2a: Blissey|65/100 brn
|move|p2a: Blissey|Ice Beam|p1a: Starmie
|-resisted|p1a: Starmie
|-damage|p1a: Starmie|87/100
|
|-weather|Sandstorm|[upkeep]
|-damage|p1a: Starmie|81/100|[from] Sandstorm
|-damage|p2a: Blissey|58/100 brn|[from] Sandstorm
|-heal|p1a: Starmie|87/100|[from] item: Leftovers
|-heal|p2a: Blissey|65/100 brn|[from] item: Leftovers
|-damage|p2a: Blissey|52/100 brn|[from] brn
|upkeep
|turn|92
|inactive|legoerofeggos has 270 seconds left.
|
|t:|1728321638
|move|p1a: Starmie|Surf|p2a: Blissey
|-damage|p2a: Blissey|38/100 brn
|move|p2a: Blissey|Ice Beam|p1a: Starmie
|-resisted|p1a: Starmie
|-damage|p1a: Starmie|74/100
|-status|p1a: Starmie|frz
|
|-weather|Sandstorm|[upkeep]
|-damage|p1a: Starmie|67/100 frz|[from] Sandstorm
|-damage|p2a: Blissey|32/100 brn|[from] Sandstorm
|-heal|p1a: Starmie|74/100 frz|[from] item: Leftovers
|-heal|p2a: Blissey|38/100 brn|[from] item: Leftovers
|-damage|p2a: Blissey|26/100 brn|[from] brn
|upkeep
|turn|93
|inactive|Kollin7 has 180 seconds left.
|
|t:|1728321656
|-curestatus|p1a: Starmie|frz|[from] ability: Natural Cure
|switch|p1a: Sofía|Marowak, F|100/100
|-curestatus|p2a: Blissey|brn|[from] ability: Natural Cure
|switch|p2a: Swampert|Swampert, M|49/100
|
|-weather|Sandstorm|[upkeep]
|-heal|p2a: Swampert|56/100|[from] item: Leftovers
|upkeep
|turn|94
|inactive|legoerofeggos has 270 seconds left.
|
|t:|1728321669
|switch|p1a: Jirachi|Jirachi|98/100
|move|p2a: Swampert|Toxic|p1a: Jirachi
|-immune|p1a: Jirachi
|
|-weather|Sandstorm|[upkeep]
|-heal|p1a: Jirachi|100/100|[from] item: Leftovers
|-heal|p2a: Swampert|62/100|[from] item: Leftovers
|upkeep
|turn|95
|
|t:|1728321680
|switch|p2a: Tyranitar|Tyranitar, F|100/100
|move|p1a: Jirachi|Fire Punch|p2a: Tyranitar
|-resisted|p2a: Tyranitar
|-damage|p2a: Tyranitar|93/100
|
|-weather|Sandstorm|[upkeep]
|-heal|p2a: Tyranitar|99/100|[from] item: Leftovers
|upkeep
|turn|96
|
|t:|1728321694
|move|p1a: Jirachi|Wish|p1a: Jirachi
|move|p2a: Tyranitar|Earthquake|p1a: Jirachi
|-supereffective|p1a: Jirachi
|-damage|p1a: Jirachi|46/100
|
|-weather|Sandstorm|[upkeep]
|-heal|p1a: Jirachi|52/100|[from] item: Leftovers
|-heal|p2a: Tyranitar|100/100|[from] item: Leftovers
|upkeep
|turn|97
|inactive|Kollin7 has 180 seconds left.
|
|t:|1728321724
|switch|p2a: Blissey|Blissey, F|26/100
|move|p1a: Jirachi|Protect||[still]
|-fail|p1a: Jirachi
|
|-heal|p1a: Jirachi|100/100|[from] move: Wish|[wisher] Jirachi
|-weather|Sandstorm|[upkeep]
|-damage|p2a: Blissey|20/100|[from] Sandstorm
|-heal|p2a: Blissey|26/100|[from] item: Leftovers
|upkeep
|turn|98
|
|t:|1728321730
|switch|p1a: Sofía|Marowak, F|100/100
|move|p2a: Blissey|Soft-Boiled|p2a: Blissey
|-heal|p2a: Blissey|76/100
|
|-weather|Sandstorm|[upkeep]
|-damage|p2a: Blissey|70/100|[from] Sandstorm
|-heal|p2a: Blissey|76/100|[from] item: Leftovers
|upkeep
|turn|99
|
|t:|1728321755
|switch|p2a: Swampert|Swampert, M|62/100
|move|p1a: Sofía|Earthquake|p2a: Swampert
|-damage|p2a: Swampert|3/100
|
|-weather|Sandstorm|[upkeep]
|-heal|p2a: Swampert|10/100|[from] item: Leftovers
|upkeep
|turn|100
|
|t:|1728321766
|move|p1a: Sofía|Earthquake|p2a: Swampert
|-damage|p2a: Swampert|0 fnt
|faint|p2a: Swampert
|
|t:|1728321768
|switch|p2a: Starmie|Starmie|100/100
|
|-weather|Sandstorm|[upkeep]
|-damage|p2a: Starmie|94/100|[from] Sandstorm
|-heal|p2a: Starmie|100/100|[from] item: Leftovers
|upkeep
|turn|101
|
|t:|1728321777
|switch|p2a: Dugtrio|Dugtrio, F|100/100
|switch|p1a: Jirachi|Jirachi|100/100
|
|-weather|Sandstorm|[upkeep]
|upkeep
|turn|102
|
|t:|1728321791
|move|p2a: Dugtrio|Earthquake|p1a: Jirachi
|-supereffective|p1a: Jirachi
|-crit|p1a: Jirachi
|-damage|p1a: Jirachi|0 fnt
|faint|p1a: Jirachi
|
|t:|1728321799
|switch|p1a: Ramón|Salamence, M|94/100
|-ability|p1a: Ramón|Intimidate|boost
|-unboost|p2a: Dugtrio|atk|1
|
|-weather|Sandstorm|[upkeep]
|-damage|p1a: Ramón|88/100|[from] Sandstorm
|-heal|p1a: Ramón|94/100|[from] item: Leftovers
|upkeep
|turn|103
|inactive|Kollin7 has 180 seconds left.
|
|t:|1728321837
|switch|p2a: Starmie|Starmie|100/100
|move|p1a: Ramón|Toxic|p2a: Starmie
|-status|p2a: Starmie|tox
|
|-weather|Sandstorm|[upkeep]
|-damage|p2a: Starmie|94/100 tox|[from] Sandstorm
|-damage|p1a: Ramón|88/100|[from] Sandstorm
|-heal|p2a: Starmie|100/100 tox|[from] item: Leftovers
|-damage|p2a: Starmie|94/100 tox|[from] psn
|-heal|p1a: Ramón|94/100|[from] item: Leftovers
|upkeep
|turn|104
|inactive|Kollin7 has 150 seconds left.
|
|t:|1728321857
|move|p1a: Ramón|Protect|p1a: Ramón
|-singleturn|p1a: Ramón|Protect
|move|p2a: Starmie|Ice Beam|p1a: Ramón
|-activate|p1a: Ramón|Protect
|
|-weather|Sandstorm|[upkeep]
|-damage|p2a: Starmie|88/100 tox|[from] Sandstorm
|-damage|p1a: Ramón|88/100|[from] Sandstorm
|-heal|p2a: Starmie|94/100 tox|[from] item: Leftovers
|-damage|p2a: Starmie|82/100 tox|[from] psn
|-heal|p1a: Ramón|94/100|[from] item: Leftovers
|upkeep
|turn|105
|
|t:|1728321865
|-curestatus|p2a: Starmie|tox|[from] ability: Natural Cure
|switch|p2a: Blissey|Blissey, F|76/100
|move|p1a: Ramón|Wish|p1a: Ramón
|
|-weather|Sandstorm|[upkeep]
|-damage|p1a: Ramón|88/100|[from] Sandstorm
|-damage|p2a: Blissey|70/100|[from] Sandstorm
|-heal|p1a: Ramón|94/100|[from] item: Leftovers
|-heal|p2a: Blissey|76/100|[from] item: Leftovers
|upkeep
|turn|106
|
|t:|1728321879
|switch|p1a: Sofía|Marowak, F|100/100
|move|p2a: Blissey|Soft-Boiled|p2a: Blissey
|-heal|p2a: Blissey|100/100
|
|-weather|Sandstorm|[upkeep]
|-damage|p2a: Blissey|94/100|[from] Sandstorm
|-heal|p2a: Blissey|100/100|[from] item: Leftovers
|upkeep
|turn|107
|inactive|Kollin7 has 150 seconds left.
|
|t:|1728321923
|move|p1a: Sofía|Earthquake|p2a: Blissey
|-damage|p2a: Blissey|16/100
|move|p2a: Blissey|Ice Beam|p1a: Sofía
|-supereffective|p1a: Sofía
|-damage|p1a: Sofía|23/100
|
|-weather|Sandstorm|[upkeep]
|-damage|p2a: Blissey|10/100|[from] Sandstorm
|-heal|p2a: Blissey|16/100|[from] item: Leftovers
|upkeep
|turn|108
|inactive|legoerofeggos has 270 seconds left.
|inactive|legoerofeggos has 240 seconds left.
|
|t:|1728321977
|move|p1a: Sofía|Earthquake|p2a: Blissey
|-damage|p2a: Blissey|0 fnt
|faint|p2a: Blissey
|
|t:|1728321984
|switch|p2a: Dugtrio|Dugtrio, F|100/100
|
|-weather|Sandstorm|[upkeep]
|upkeep
|turn|109
|c|☆legoerofeggos|gg
|
|t:|1728321990
|move|p2a: Dugtrio|Earthquake|p1a: Sofía
|-damage|p1a: Sofía|0 fnt
|faint|p1a: Sofía
|
|t:|1728321993
|switch|p1a: Ramón|Salamence, M|94/100
|-ability|p1a: Ramón|Intimidate|boost
|-unboost|p2a: Dugtrio|atk|1
|
|-weather|Sandstorm|[upkeep]
|-damage|p1a: Ramón|88/100|[from] Sandstorm
|-heal|p1a: Ramón|94/100|[from] item: Leftovers
|upkeep
|turn|110
|
|t:|1728322009
|switch|p2a: Starmie|Starmie|82/100
|move|p1a: Ramón|Toxic|p2a: Starmie
|-status|p2a: Starmie|tox
|
|-weather|Sandstorm|[upkeep]
|-damage|p2a: Starmie|76/100 tox|[from] Sandstorm
|-damage|p1a: Ramón|88/100|[from] Sandstorm
|-heal|p2a: Starmie|82/100 tox|[from] item: Leftovers
|-damage|p2a: Starmie|76/100 tox|[from] psn
|-heal|p1a: Ramón|94/100|[from] item: Leftovers
|upkeep
|turn|111
|
|t:|1728322021
|move|p1a: Ramón|Protect|p1a: Ramón
|-singleturn|p1a: Ramón|Protect
|move|p2a: Starmie|Recover|p2a: Starmie
|-heal|p2a: Starmie|100/100 tox
|
|-weather|Sandstorm|[upkeep]
|-damage|p2a: Starmie|94/100 tox|[from] Sandstorm
|-damage|p1a: Ramón|88/100|[from] Sandstorm
|-heal|p2a: Starmie|100/100 tox|[from] item: Leftovers
|-damage|p2a: Starmie|88/100 tox|[from] psn
|-heal|p1a: Ramón|94/100|[from] item: Leftovers
|upkeep
|turn|112
|
|t:|1728322025
|-curestatus|p2a: Starmie|tox|[from] ability: Natural Cure
|switch|p2a: Tyranitar|Tyranitar, F|100/100
|switch|p1a: Starmie|Starmie|74/100
|
|-weather|Sandstorm|[upkeep]
|-damage|p1a: Starmie|67/100|[from] Sandstorm
|-heal|p1a: Starmie|74/100|[from] item: Leftovers
|upkeep
|turn|113
|inactive|Kollin7 has 150 seconds left.
|
|t:|1728322043
|move|p1a: Starmie|Recover|p1a: Starmie
|-heal|p1a: Starmie|100/100
|move|p2a: Tyranitar|Hidden Power|p1a: Starmie
|-supereffective|p1a: Starmie
|-damage|p1a: Starmie|42/100
|
|-weather|Sandstorm|[upkeep]
|-damage|p1a: Starmie|36/100|[from] Sandstorm
|-heal|p1a: Starmie|42/100|[from] item: Leftovers
|upkeep
|turn|114
|
|t:|1728322046
|move|p1a: Starmie|Recover|p1a: Starmie
|-heal|p1a: Starmie|92/100
|move|p2a: Tyranitar|Hidden Power|p1a: Starmie
|-supereffective|p1a: Starmie
|-damage|p1a: Starmie|35/100
|
|-weather|Sandstorm|[upkeep]
|-damage|p1a: Starmie|29/100|[from] Sandstorm
|-heal|p1a: Starmie|35/100|[from] item: Leftovers
|upkeep
|turn|115
|
|t:|1728322050
|switch|p1a: Ramón|Salamence, M|94/100
|-ability|p1a: Ramón|Intimidate|boost
|-unboost|p2a: Tyranitar|atk|1
|move|p2a: Tyranitar|Hidden Power|p1a: Ramón
|-resisted|p1a: Ramón
|-damage|p1a: Ramón|89/100
|
|-weather|Sandstorm|[upkeep]
|-damage|p1a: Ramón|82/100|[from] Sandstorm
|-heal|p1a: Ramón|89/100|[from] item: Leftovers
|upkeep
|turn|116
|
|t:|1728322056
|switch|p2a: Starmie|Starmie|88/100
|move|p1a: Ramón|Toxic|p2a: Starmie|[miss]
|-miss|p1a: Ramón|p2a: Starmie
|
|-weather|Sandstorm|[upkeep]
|-damage|p2a: Starmie|82/100|[from] Sandstorm
|-damage|p1a: Ramón|82/100|[from] Sandstorm
|-heal|p2a: Starmie|88/100|[from] item: Leftovers
|-heal|p1a: Ramón|89/100|[from] item: Leftovers
|upkeep
|turn|117
|
|t:|1728322062
|switch|p1a: Starmie|Starmie|35/100
|move|p2a: Starmie|Ice Beam|p1a: Starmie
|-resisted|p1a: Starmie
|-damage|p1a: Starmie|19/100
|
|-weather|Sandstorm|[upkeep]
|-damage|p2a: Starmie|82/100|[from] Sandstorm
|-damage|p1a: Starmie|13/100|[from] Sandstorm
|-heal|p2a: Starmie|88/100|[from] item: Leftovers
|-heal|p1a: Starmie|19/100|[from] item: Leftovers
|upkeep
|turn|118
|
|t:|1728322064
|move|p2a: Starmie|Surf|p1a: Starmie
|-resisted|p1a: Starmie
|-damage|p1a: Starmie|0 fnt
|faint|p1a: Starmie
|c|☆Kollin7|gg
|
|t:|1728322065
|switch|p1a: Ramón|Salamence, M|89/100
|-ability|p1a: Ramón|Intimidate|boost
|-unboost|p2a: Starmie|atk|1
|
|-weather|Sandstorm|[upkeep]
|-damage|p2a: Starmie|82/100|[from] Sandstorm
|-damage|p1a: Ramón|82/100|[from] Sandstorm
|-heal|p2a: Starmie|88/100|[from] item: Leftovers
|-heal|p1a: Ramón|89/100|[from] item: Leftovers
|upkeep
|turn|119
|
|t:|1728322066
|move|p2a: Starmie|Ice Beam|p1a: Ramón
|-supereffective|p1a: Ramón
|-damage|p1a: Ramón|0 fnt
|faint|p1a: Ramón
|
|win|Kollin7
|player|p2|

</script>
<script type="application/json" class="data" id="replaydata-smogtours-gen3ou-796169">
{"id":"smogtours-gen3ou-796169","format":"[Gen 3] OU","players":["legoerofeggos","Kollin7"],"uploadtime":1728322066,"views":133,"formatid":"gen3ou","rating":null,"private":0,"password":null}
</script>

<script defer src="js/replays.js?9d40a366"></script>
