<!DOCTYPE html>
<meta charset="utf-8" />
<meta name="viewport" content="width=device-width" />

<title>[Gen 3] OU: JoaF vs. Big John Green - Replays - Pok&eacute;mon Showdown!</title>

<meta name="description" content="Watch a replay of a Pok&eacute;mon battle between JoaF and Big John Green! Format: [Gen 3] OU; Date: Oct 24, 2024" />
<!--

Hey, you! Looking in the source for the replay log?

You can find them in JSON format, just add `.json` at the end of a replay URL.

https://replay.pokemonshowdown.com/gen7randomdoublesbattle-865046831.json

Or, if you only need the log itself, add `.log` instead:

https://replay.pokemonshowdown.com/gen7randomdoublesbattle-865046831.log

-->

<link rel="stylesheet" href="//pokemonshowdown.com/style/global.css?0.023195364461161105" />
<link rel="stylesheet" href="//play.pokemonshowdown.com/style/font-awesome.css?0.13261647063804238" />
<link rel="stylesheet" href="//play.pokemonshowdown.com/style/battle.css?0.8753245789963631" />
<link rel="stylesheet" href="//play.pokemonshowdown.com/style/utilichart.css?0.8627959624976733" />

<!-- Global site tag (gtag.js) - Google Analytics -->
<script async src="https://www.googletagmanager.com/gtag/js?id=UA-26211653-1"></script>
<script>
  window.dataLayer = window.dataLayer || [];
  function gtag(){dataLayer.push(arguments);}
  gtag('js', new Date());

  gtag('config', 'UA-26211653-1');
</script>
<!-- End Google Analytics -->
<!-- Venatus Ad Manager - Install in <HEAD> of page -->
	<script src="https://hb.vntsm.com/v3/live/ad-manager.min.js" type="text/javascript" data-site-id="642aba63ec9a7b11c3c9c1be" data-mode="scan" async></script>
<!-- / Venatus Ad Manager -->

<style>
	@media (max-width:820px) {
		.battle {
			margin: 0 auto;
		}
		.battle-log {
			margin: 7px auto 0;
			max-width: 640px;
			height: 300px;
			position: static;
		}
	}
	.optgroup {
		display: inline-block;
		line-height: 22px;
		font-size: 10pt;
	}
	.optgroup .button {
		height: 25px;
		padding-top: 0;
		padding-bottom: 0;
	}
	.optgroup button.button {
		padding-left: 12px;
		padding-right: 12px;
	}
	.linklist {
		list-style: none;
		margin: 0.5em 0;
		padding: 0;
	}
	.linklist li {
		padding: 2px 0;
	}
	.sidebar {
		float: left;
		width: 320px;
	}
	.bar-wrapper {
		max-width: 1100px;
		margin: 0 auto;
	}
	.bar-wrapper.has-sidebar {
		max-width: 1430px;
	}
	.mainbar {
		margin: 0;
		padding-right: 1px;
	}
	.mainbar.has-sidebar {
		margin-left: 330px;
	}
	@media (min-width: 1511px) {
		.sidebar {
			width: 400px;
		}
		.bar-wrapper.has-sidebar {
			max-width: 1510px;
		}
		.mainbar.has-sidebar {
			margin-left: 410px;
		}
	}
	.section.first-section {
		margin-top: 9px;
	}
	.blocklink small {
		white-space: normal;
	}
	.button {
		vertical-align: middle;
	}
	.replay-controls {
		padding-top: 10px;
	}
	.replay-controls h1 {
		font-size: 16pt;
		font-weight: normal;
		color: #CCC;
	}
	.pagelink {
		text-align: center;
	}
	.pagelink a {
		width: 150px;
	}
	.textbox, .button {
		font-size: 11pt;
		vertical-align: middle;
	}
	@media (max-width: 450px) {
		.button {
			font-size: 9pt;
		}
	}
</style>

<div>

	<header>
		<div class="nav-wrapper"><ul class="nav">
			<li><a class="button nav-first" href="//pokemonshowdown.com/"><img src="//pokemonshowdown.com/images/pokemonshowdownbeta.png" srcset="//pokemonshowdown.com/images/pokemonshowdownbeta.png 1x, //pokemonshowdown.com/images/pokemonshowdownbeta@2x.png 2x" alt="Pok&eacute;mon Showdown" width="146" height="44" /> Home</a></li>
			<li><a class="button" href="//pokemonshowdown.com/dex/">Pok&eacute;dex</a></li>
			<li><a class="button cur" href="/">Replays</a></li>
			<li><a class="button" href="//pokemonshowdown.com/ladder/">Ladder</a></li>
			<li><a class="button nav-last" href="//pokemonshowdown.com/forums/">Forum</a></li>
			<li><a class="button greenbutton nav-first nav-last" href="//play.pokemonshowdown.com/">Play</a></li>
		</ul></div>
	</header>

	<div class="main" id="main">

		<noscript><section class="section">You need to enable JavaScript to use this page; sorry!</section></noscript>

	</div>

</div>

<script defer nomodule src="//play.pokemonshowdown.com/js/lib/ps-polyfill.js"></script>
<script defer src="//play.pokemonshowdown.com/js/lib/preact.min.js"></script>

<script defer src="//play.pokemonshowdown.com/config/config.js?2bddbc15"></script>
<script defer src="//play.pokemonshowdown.com/js/lib/jquery-1.11.0.min.js"></script>
<script defer src="//play.pokemonshowdown.com/js/lib/html-sanitizer-minified.js"></script>
<script defer src="//play.pokemonshowdown.com/js/battle-sound.js"></script>
<script defer src="//play.pokemonshowdown.com/js/battledata.js?0.7209276989879541"></script>
<script defer src="//play.pokemonshowdown.com/data/pokedex-mini.js?0.6111056340867951"></script>
<script defer src="//play.pokemonshowdown.com/data/pokedex-mini-bw.js?0.3532142036491459"></script>
<script defer src="//play.pokemonshowdown.com/data/graphics.js?0.24223875632456182"></script>
<script defer src="//play.pokemonshowdown.com/data/pokedex.js?0.38839984266356864"></script>
<script defer src="//play.pokemonshowdown.com/data/moves.js?0.21866028504024015"></script>
<script defer src="//play.pokemonshowdown.com/data/abilities.js?0.2005157953846628"></script>
<script defer src="//play.pokemonshowdown.com/data/items.js?0.9894211263848525"></script>
<script defer src="//play.pokemonshowdown.com/data/teambuilder-tables.js?0.6008791140282215"></script>
<script defer src="//play.pokemonshowdown.com/js/battle-tooltips.js?0.7580118955022959"></script>
<script defer src="//play.pokemonshowdown.com/js/battle.js?0.6057722274234274"></script>

<script defer src="js/utils.js?e31f9a17"></script>
<script defer src="js/replays-battle.js?7008c182"></script>

<!-- don't scrape this data! just add .json or .log after the URL!
Full API docs: https://github.com/smogon/pokemon-showdown-client/blob/master/WEB-API.md -->
<script type="text/plain" class="log" id="replaylog-smogtours-gen3ou-801671">
|inactive|Battle timer is ON: inactive players will automatically lose when time's up.
|t:|1729807315
|gametype|singles
|player|p1|JoaF|turo-ai|
|player|p2|Big John Green|byron|
|teamsize|p1|6
|teamsize|p2|6
|gen|3
|tier|[Gen 3] OU
|rule|Sleep Clause Mod: Limit one foe put to sleep
|rule|Switch Priority Clause Mod: Faster Pokémon switch first
|rule|Species Clause: Limit one of each Pokémon
|rule|OHKO Clause: OHKO moves are banned
|rule|Evasion Items Clause: Evasion items are banned
|rule|Evasion Moves Clause: Evasion moves are banned
|rule|Endless Battle Clause: Forcing endless battles is banned
|rule|HP Percentage Mod: HP is shown in percentages
|rule|One Boost Passer Clause: Limit one Baton Passer that has a way to boost its stats
|rule|Freeze Clause Mod: Limit one foe frozen
|
|t:|1729807315
|start
|switch|p1a: Zapdos|Zapdos|100/100
|switch|p2a: Zapdos|Zapdos|100/100
|turn|1
|c|☆Big John Green|glhf
|c|☆JoaF|u2!
|inactive|JoaF has 270 seconds left.
|inactive|JoaF has 240 seconds left.
|
|t:|1729807380
|move|p1a: Zapdos|Substitute|p1a: Zapdos
|-start|p1a: Zapdos|Substitute
|-damage|p1a: Zapdos|76/100
|move|p2a: Zapdos|Thunder Wave||[still]
|-fail|p2a: Zapdos
|
|-heal|p1a: Zapdos|82/100|[from] item: Leftovers
|upkeep
|turn|2
|
|t:|1729807390
|move|p1a: Zapdos|Thunderbolt|p2a: Zapdos
|-damage|p2a: Zapdos|46/100
|move|p2a: Zapdos|Roar|p1a: Zapdos
|drag|p1a: Dugtrio|Dugtrio, F|100/100
|
|-heal|p2a: Zapdos|52/100|[from] item: Leftovers
|upkeep
|turn|3
|
|t:|1729807417
|switch|p2a: Skarmory|Skarmory, M|100/100
|move|p1a: Dugtrio|Earthquake|p2a: Skarmory
|-immune|p2a: Skarmory
|
|upkeep
|turn|4
|
|t:|1729807421
|switch|p1a: Zapdos|Zapdos|82/100
|move|p2a: Skarmory|Roar|p1a: Zapdos
|drag|p1a: Kingdra|Kingdra, M|100/100
|
|upkeep
|turn|5
|
|t:|1729807440
|move|p1a: Kingdra|Rain Dance|p1a: Kingdra
|-weather|RainDance
|move|p2a: Skarmory|Roar|p1a: Kingdra
|drag|p1a: Jirachi|Jirachi|100/100
|
|-weather|RainDance|[upkeep]
|upkeep
|turn|6
|
|t:|1729807454
|switch|p2a: Blissey|Blissey, F|100/100
|move|p1a: Jirachi|Calm Mind|p1a: Jirachi
|-boost|p1a: Jirachi|spa|1
|-boost|p1a: Jirachi|spd|1
|
|-weather|RainDance|[upkeep]
|upkeep
|turn|7
|
|t:|1729807482
|switch|p2a: Zapdos|Zapdos|52/100
|move|p1a: Jirachi|Calm Mind|p1a: Jirachi
|-boost|p1a: Jirachi|spa|1
|-boost|p1a: Jirachi|spd|1
|
|-weather|RainDance|[upkeep]
|-heal|p2a: Zapdos|59/100|[from] item: Leftovers
|upkeep
|turn|8
|
|t:|1729807489
|move|p2a: Zapdos|Thunder Wave|p1a: Jirachi
|-status|p1a: Jirachi|par
|cant|p1a: Jirachi|par
|
|-weather|RainDance|[upkeep]
|-heal|p2a: Zapdos|65/100|[from] item: Leftovers
|upkeep
|turn|9
|c|+zacpz|revival gaming?
|
|t:|1729807506
|switch|p2a: Blissey|Blissey, F|100/100
|move|p1a: Jirachi|Ice Punch|p2a: Blissey
|-damage|p2a: Blissey|83/100
|
|-weather|none
|-heal|p2a: Blissey|89/100|[from] item: Leftovers
|upkeep
|turn|10
|c|☆JoaF|ye
|
|t:|1729807516
|move|p2a: Blissey|Seismic Toss|p1a: Jirachi
|-damage|p1a: Jirachi|71/100 par
|move|p1a: Jirachi|Water Pulse|p2a: Blissey
|-damage|p2a: Blissey|75/100
|-start|p2a: Blissey|confusion
|
|-heal|p2a: Blissey|81/100|[from] item: Leftovers
|-heal|p1a: Jirachi|77/100 par|[from] item: Leftovers
|upkeep
|turn|11
|
|t:|1729807526
|-activate|p2a: Blissey|confusion
|move|p2a: Blissey|Seismic Toss|p1a: Jirachi
|-damage|p1a: Jirachi|48/100 par
|move|p1a: Jirachi|Psychic|p2a: Blissey
|-damage|p2a: Blissey|48/100
|-unboost|p2a: Blissey|spd|1
|
|-heal|p2a: Blissey|54/100|[from] item: Leftovers
|-heal|p1a: Jirachi|54/100 par|[from] item: Leftovers
|upkeep
|turn|12
|inactive|Big John Green has 270 seconds left.
|
|t:|1729807546
|switch|p2a: Tyranitar|Tyranitar, M|100/100
|-weather|Sandstorm|[from] ability: Sand Stream|[of] p2a: Tyranitar
|move|p1a: Jirachi|Water Pulse|p2a: Tyranitar
|-supereffective|p2a: Tyranitar
|-damage|p2a: Tyranitar|46/100
|-start|p2a: Tyranitar|confusion
|
|-weather|Sandstorm|[upkeep]
|-heal|p2a: Tyranitar|52/100|[from] item: Leftovers
|-heal|p1a: Jirachi|60/100 par|[from] item: Leftovers
|upkeep
|turn|13
|inactive|Big John Green has 270 seconds left.
|c|+zacpz|EL DEMON
|
|t:|1729807567
|-activate|p2a: Tyranitar|confusion
|move|p2a: Tyranitar|Earthquake|p1a: Jirachi
|-supereffective|p1a: Jirachi
|-damage|p1a: Jirachi|0 fnt
|faint|p1a: Jirachi
|c|+zacpz|:fuego:
|
|t:|1729807573
|switch|p1a: Dugtrio|Dugtrio, F|100/100
|
|-weather|Sandstorm|[upkeep]
|-heal|p2a: Tyranitar|59/100|[from] item: Leftovers
|upkeep
|turn|14
|
|t:|1729807577
|move|p1a: Dugtrio|Earthquake|p2a: Tyranitar
|-supereffective|p2a: Tyranitar
|-damage|p2a: Tyranitar|0 fnt
|faint|p2a: Tyranitar
|
|t:|1729807584
|switch|p2a: Zapdos|Zapdos|65/100
|
|-weather|Sandstorm|[upkeep]
|-damage|p2a: Zapdos|59/100|[from] Sandstorm
|-heal|p2a: Zapdos|65/100|[from] item: Leftovers
|upkeep
|turn|15
|
|t:|1729807588
|switch|p1a: Celebi|Celebi|100/100
|move|p2a: Zapdos|Thunder Wave|p1a: Celebi
|-status|p1a: Celebi|par
|
|-weather|Sandstorm|[upkeep]
|-damage|p2a: Zapdos|59/100|[from] Sandstorm
|-damage|p1a: Celebi|94/100 par|[from] Sandstorm
|-heal|p2a: Zapdos|65/100|[from] item: Leftovers
|-heal|p1a: Celebi|100/100 par|[from] item: Leftovers
|upkeep
|turn|16
|
|t:|1729807596
|switch|p2a: Skarmory|Skarmory, M|100/100
|move|p1a: Celebi|Calm Mind|p1a: Celebi
|-boost|p1a: Celebi|spa|1
|-boost|p1a: Celebi|spd|1
|
|-weather|Sandstorm|[upkeep]
|-damage|p1a: Celebi|94/100 par|[from] Sandstorm
|-heal|p1a: Celebi|100/100 par|[from] item: Leftovers
|upkeep
|turn|17
|
|t:|1729807601
|move|p1a: Celebi|Hidden Power|p2a: Skarmory
|-supereffective|p2a: Skarmory
|-damage|p2a: Skarmory|34/100
|move|p2a: Skarmory|Roar|p1a: Celebi
|-curestatus|p1a: Celebi|par|[from] ability: Natural Cure
|drag|p1a: Zapdos|Zapdos|82/100
|
|-weather|Sandstorm|[upkeep]
|-damage|p1a: Zapdos|76/100|[from] Sandstorm
|-heal|p1a: Zapdos|82/100|[from] item: Leftovers
|-heal|p2a: Skarmory|40/100|[from] item: Leftovers
|upkeep
|turn|18
|
|t:|1729807613
|move|p2a: Skarmory|Protect|p2a: Skarmory
|-singleturn|p2a: Skarmory|Protect
|move|p1a: Zapdos|Baton Pass|p1a: Zapdos
|
|t:|1729807618
|switch|p1a: Tyranitar|Tyranitar, F|100/100|[from] Baton Pass
|
|-weather|Sandstorm|[upkeep]
|-heal|p2a: Skarmory|46/100|[from] item: Leftovers
|upkeep
|turn|19
|
|t:|1729807624
|switch|p2a: Swampert|Swampert, M|100/100
|move|p1a: Tyranitar|Dragon Dance|p1a: Tyranitar
|-boost|p1a: Tyranitar|atk|1
|-boost|p1a: Tyranitar|spe|1
|
|-weather|Sandstorm|[upkeep]
|upkeep
|turn|20
|
|t:|1729807634
|switch|p1a: Zapdos|Zapdos|82/100
|move|p2a: Swampert|Hydro Pump|p1a: Zapdos
|-damage|p1a: Zapdos|43/100
|
|-weather|Sandstorm|[upkeep]
|-damage|p1a: Zapdos|37/100|[from] Sandstorm
|-heal|p1a: Zapdos|43/100|[from] item: Leftovers
|upkeep
|turn|21
|
|t:|1729807651
|switch|p2a: Blissey|Blissey, F|54/100
|move|p1a: Zapdos|Substitute|p1a: Zapdos
|-start|p1a: Zapdos|Substitute
|-damage|p1a: Zapdos|19/100
|
|-weather|Sandstorm|[upkeep]
|-damage|p1a: Zapdos|12/100|[from] Sandstorm
|-damage|p2a: Blissey|48/100|[from] Sandstorm
|-heal|p1a: Zapdos|19/100|[from] item: Leftovers
|-heal|p2a: Blissey|54/100|[from] item: Leftovers
|upkeep
|turn|22
|
|t:|1729807657
|switch|p2a: Skarmory|Skarmory, M|46/100
|move|p1a: Zapdos|Baton Pass|p1a: Zapdos
|
|t:|1729807662
|switch|p1a: Tyranitar|Tyranitar, F|100/100|[from] Baton Pass
|
|-weather|Sandstorm|[upkeep]
|-heal|p2a: Skarmory|52/100|[from] item: Leftovers
|upkeep
|turn|23
|
|t:|1729807667
|move|p1a: Tyranitar|Taunt|p2a: Skarmory
|-start|p2a: Skarmory|move: Taunt
|cant|p2a: Skarmory|move: Taunt|Roar
|
|-weather|Sandstorm|[upkeep]
|-heal|p2a: Skarmory|58/100|[from] item: Leftovers
|upkeep
|turn|24
|
|t:|1729807671
|switch|p2a: Swampert|Swampert, M|100/100
|move|p1a: Tyranitar|Dragon Dance|p1a: Tyranitar
|-boost|p1a: Tyranitar|atk|1
|-boost|p1a: Tyranitar|spe|1
|
|-weather|Sandstorm|[upkeep]
|upkeep
|turn|25
|
|t:|1729807676
|move|p1a: Tyranitar|Earthquake|p2a: Swampert
|-damage|p2a: Swampert|65/100
|move|p2a: Swampert|Earthquake|p1a: Tyranitar
|-supereffective|p1a: Tyranitar
|-crit|p1a: Tyranitar
|-end|p1a: Tyranitar|Substitute
|
|-weather|Sandstorm|[upkeep]
|-heal|p2a: Swampert|71/100|[from] item: Leftovers
|upkeep
|turn|26
|
|t:|1729807685
|switch|p1a: Celebi|Celebi|100/100
|move|p2a: Swampert|Ice Beam|p1a: Celebi
|-supereffective|p1a: Celebi
|-damage|p1a: Celebi|68/100
|
|-weather|Sandstorm|[upkeep]
|-damage|p1a: Celebi|62/100|[from] Sandstorm
|-heal|p1a: Celebi|68/100|[from] item: Leftovers
|-heal|p2a: Swampert|77/100|[from] item: Leftovers
|upkeep
|turn|27
|
|t:|1729807710
|switch|p2a: Zapdos|Zapdos|65/100
|move|p1a: Celebi|Baton Pass|p1a: Celebi
|
|t:|1729807718
|switch|p1a: Zapdos|Zapdos|19/100|[from] Baton Pass
|
|-weather|Sandstorm|[upkeep]
|-damage|p1a: Zapdos|12/100|[from] Sandstorm
|-damage|p2a: Zapdos|59/100|[from] Sandstorm
|-heal|p1a: Zapdos|19/100|[from] item: Leftovers
|-heal|p2a: Zapdos|65/100|[from] item: Leftovers
|upkeep
|turn|28
|
|t:|1729807720
|move|p2a: Zapdos|Thunderbolt|p1a: Zapdos
|-damage|p1a: Zapdos|0 fnt
|faint|p1a: Zapdos
|
|t:|1729807735
|switch|p1a: Dugtrio|Dugtrio, F|100/100
|
|-weather|Sandstorm|[upkeep]
|-damage|p2a: Zapdos|59/100|[from] Sandstorm
|-heal|p2a: Zapdos|65/100|[from] item: Leftovers
|upkeep
|turn|29
|
|t:|1729807742
|switch|p2a: Skarmory|Skarmory, M|58/100
|move|p1a: Dugtrio|Rock Slide|p2a: Skarmory
|-damage|p2a: Skarmory|35/100
|
|-weather|Sandstorm|[upkeep]
|-heal|p2a: Skarmory|41/100|[from] item: Leftovers
|upkeep
|turn|30
|
|t:|1729807753
|switch|p1a: Celebi|Celebi|68/100
|move|p2a: Skarmory|Spikes|p1a: Celebi
|-sidestart|p1: JoaF|Spikes
|
|-weather|Sandstorm|[upkeep]
|-damage|p1a: Celebi|62/100|[from] Sandstorm
|-heal|p1a: Celebi|68/100|[from] item: Leftovers
|-heal|p2a: Skarmory|47/100|[from] item: Leftovers
|upkeep
|turn|31
|
|t:|1729807764
|move|p1a: Celebi|Calm Mind|p1a: Celebi
|-boost|p1a: Celebi|spa|1
|-boost|p1a: Celebi|spd|1
|move|p2a: Skarmory|Roar|p1a: Celebi
|drag|p1a: Tyranitar|Tyranitar, F|100/100
|-damage|p1a: Tyranitar|88/100|[from] Spikes
|
|-weather|Sandstorm|[upkeep]
|-heal|p1a: Tyranitar|94/100|[from] item: Leftovers
|-heal|p2a: Skarmory|53/100|[from] item: Leftovers
|upkeep
|turn|32
|
|t:|1729807775
|switch|p2a: Swampert|Swampert, M|77/100
|move|p1a: Tyranitar|Rock Slide|p2a: Swampert
|-resisted|p2a: Swampert
|-damage|p2a: Swampert|64/100
|
|-weather|Sandstorm|[upkeep]
|-heal|p1a: Tyranitar|100/100|[from] item: Leftovers
|-heal|p2a: Swampert|70/100|[from] item: Leftovers
|upkeep
|turn|33
|
|t:|1729807788
|switch|p1a: Celebi|Celebi|68/100
|-damage|p1a: Celebi|56/100|[from] Spikes
|move|p2a: Swampert|Ice Beam|p1a: Celebi
|-supereffective|p1a: Celebi
|-crit|p1a: Celebi
|-damage|p1a: Celebi|0 fnt
|faint|p1a: Celebi
|
|t:|1729807791
|switch|p1a: Kingdra|Kingdra, M|100/100
|-damage|p1a: Kingdra|88/100|[from] Spikes
|
|-weather|Sandstorm|[upkeep]
|-damage|p1a: Kingdra|82/100|[from] Sandstorm
|-heal|p2a: Swampert|76/100|[from] item: Leftovers
|upkeep
|turn|34
|c|☆Big John Green|Unfort crit
|
|t:|1729807807
|switch|p1a: Dugtrio|Dugtrio, F|100/100
|-damage|p1a: Dugtrio|88/100|[from] Spikes
|move|p2a: Swampert|Earthquake|p1a: Dugtrio
|-crit|p1a: Dugtrio
|-damage|p1a: Dugtrio|0 fnt
|faint|p1a: Dugtrio
|
|t:|1729807812
|switch|p1a: Kingdra|Kingdra, M|82/100
|-damage|p1a: Kingdra|70/100|[from] Spikes
|
|-weather|Sandstorm|[upkeep]
|-damage|p1a: Kingdra|64/100|[from] Sandstorm
|-heal|p2a: Swampert|82/100|[from] item: Leftovers
|upkeep
|turn|35
|c|☆Big John Green|Holy I am so sorry
|
|t:|1729807818
|move|p1a: Kingdra|Hidden Power|p2a: Swampert
|-supereffective|p2a: Swampert
|-damage|p2a: Swampert|11/100
|move|p2a: Swampert|Earthquake|p1a: Kingdra
|-damage|p1a: Kingdra|22/100
|
|-weather|Sandstorm|[upkeep]
|-damage|p1a: Kingdra|16/100|[from] Sandstorm
|-heal|p2a: Swampert|17/100|[from] item: Leftovers
|upkeep
|turn|36
|
|t:|1729807835
|move|p1a: Kingdra|Surf|p2a: Swampert
|-damage|p2a: Swampert|0 fnt
|faint|p2a: Swampert
|
|t:|1729807837
|switch|p2a: Starmie|Starmie|100/100
|
|-weather|Sandstorm|[upkeep]
|-damage|p2a: Starmie|94/100|[from] Sandstorm
|-damage|p1a: Kingdra|10/100|[from] Sandstorm
|-heal|p2a: Starmie|100/100|[from] item: Leftovers
|upkeep
|turn|37
|c|☆JoaF|idt that one mattered
|
|t:|1729807866
|switch|p2a: Zapdos|Zapdos|65/100
|move|p1a: Kingdra|Rain Dance|p1a: Kingdra
|-weather|RainDance
|
|-weather|RainDance|[upkeep]
|-heal|p2a: Zapdos|71/100|[from] item: Leftovers
|upkeep
|turn|38
|
|t:|1729807877
|move|p1a: Kingdra|Surf|p2a: Zapdos
|-damage|p2a: Zapdos|0 fnt
|faint|p2a: Zapdos
|
|t:|1729807880
|switch|p2a: Starmie|Starmie|100/100
|
|-weather|RainDance|[upkeep]
|upkeep
|turn|39
|
|t:|1729807885
|move|p1a: Kingdra|Hidden Power|p2a: Starmie
|-supereffective|p2a: Starmie
|-damage|p2a: Starmie|48/100
|move|p2a: Starmie|Surf|p1a: Kingdra
|-resisted|p1a: Kingdra
|-damage|p1a: Kingdra|0 fnt
|faint|p1a: Kingdra
|
|t:|1729807890
|switch|p1a: Tyranitar|Tyranitar, F|100/100
|-damage|p1a: Tyranitar|88/100|[from] Spikes
|-weather|Sandstorm|[from] ability: Sand Stream|[of] p1a: Tyranitar
|
|-weather|Sandstorm|[upkeep]
|-damage|p2a: Starmie|42/100|[from] Sandstorm
|-heal|p2a: Starmie|48/100|[from] item: Leftovers
|-heal|p1a: Tyranitar|94/100|[from] item: Leftovers
|upkeep
|turn|40
|
|t:|1729807897
|move|p2a: Starmie|Thunder Wave|p1a: Tyranitar
|-status|p1a: Tyranitar|par
|move|p1a: Tyranitar|Dragon Dance|p1a: Tyranitar
|-boost|p1a: Tyranitar|atk|1
|-boost|p1a: Tyranitar|spe|1
|
|-weather|Sandstorm|[upkeep]
|-damage|p2a: Starmie|42/100|[from] Sandstorm
|-heal|p2a: Starmie|48/100|[from] item: Leftovers
|-heal|p1a: Tyranitar|100/100 par|[from] item: Leftovers
|upkeep
|turn|41
|
|t:|1729807904
|move|p2a: Starmie|Surf|p1a: Tyranitar
|-supereffective|p1a: Tyranitar
|-damage|p1a: Tyranitar|37/100 par
|move|p1a: Tyranitar|Earthquake|p2a: Starmie
|-damage|p2a: Starmie|0 fnt
|faint|p2a: Starmie
|
|t:|1729807910
|switch|p2a: Blissey|Blissey, F|54/100
|
|-weather|Sandstorm|[upkeep]
|-damage|p2a: Blissey|48/100|[from] Sandstorm
|-heal|p2a: Blissey|54/100|[from] item: Leftovers
|-heal|p1a: Tyranitar|43/100 par|[from] item: Leftovers
|upkeep
|turn|42
|c|☆Big John Green|I think I threw
|
|t:|1729807937
|move|p2a: Blissey|Seismic Toss|p1a: Tyranitar
|-damage|p1a: Tyranitar|17/100 par
|move|p1a: Tyranitar|Rock Slide|p2a: Blissey
|-damage|p2a: Blissey|0 fnt
|faint|p2a: Blissey
|
|t:|1729807941
|switch|p2a: Skarmory|Skarmory, M|53/100
|
|-weather|Sandstorm|[upkeep]
|-heal|p2a: Skarmory|59/100|[from] item: Leftovers
|-heal|p1a: Tyranitar|23/100 par|[from] item: Leftovers
|upkeep
|turn|43
|
|t:|1729807946
|move|p2a: Skarmory|Drill Peck|p1a: Tyranitar
|-resisted|p1a: Tyranitar
|-damage|p1a: Tyranitar|13/100 par
|move|p1a: Tyranitar|Rock Slide|p2a: Skarmory
|-damage|p2a: Skarmory|17/100
|
|-weather|Sandstorm|[upkeep]
|-heal|p2a: Skarmory|23/100|[from] item: Leftovers
|-heal|p1a: Tyranitar|20/100 par|[from] item: Leftovers
|upkeep
|turn|44
|
|t:|1729807953
|move|p2a: Skarmory|Drill Peck|p1a: Tyranitar
|-resisted|p1a: Tyranitar
|-damage|p1a: Tyranitar|10/100 par
|move|p1a: Tyranitar|Rock Slide|p2a: Skarmory
|-damage|p2a: Skarmory|0 fnt
|faint|p2a: Skarmory
|
|win|JoaF
|c|☆JoaF|wow
|c|☆Big John Green|gg
|c|☆JoaF|gg
|c|☆Big John Green|I wasted zap for no reason
|c|☆JoaF|happens..
|c|☆Big John Green|Experience tho
|c|☆JoaF|just happened to me in my bw tour
|c|☆JoaF|yea exactly

</script>
<script type="application/json" class="data" id="replaydata-smogtours-gen3ou-801671">
{"id":"smogtours-gen3ou-801671","format":"[Gen 3] OU","players":["JoaF","Big John Green"],"uploadtime":1729807953,"views":88,"formatid":"gen3ou","rating":null,"private":0,"password":null}
</script>

<script defer src="js/replays.js?9d40a366"></script>
