<!DOCTYPE html>
<meta charset="utf-8" />
<meta name="viewport" content="width=device-width" />

<title>[Gen 3] OU: Zpanther vs. almarkowbender - Replays - Pok&eacute;mon Showdown!</title>

<meta name="description" content="Watch a replay of a Pok&eacute;mon battle between Zpanther and almarkowbender! Format: [Gen 3] OU; Date: Oct 18, 2024" />
<!--

Hey, you! Looking in the source for the replay log?

You can find them in JSON format, just add `.json` at the end of a replay URL.

https://replay.pokemonshowdown.com/gen7randomdoublesbattle-865046831.json

Or, if you only need the log itself, add `.log` instead:

https://replay.pokemonshowdown.com/gen7randomdoublesbattle-865046831.log

-->

<link rel="stylesheet" href="//pokemonshowdown.com/style/global.css?0.023195364461161105" />
<link rel="stylesheet" href="//play.pokemonshowdown.com/style/font-awesome.css?0.13261647063804238" />
<link rel="stylesheet" href="//play.pokemonshowdown.com/style/battle.css?0.8753245789963631" />
<link rel="stylesheet" href="//play.pokemonshowdown.com/style/utilichart.css?0.8627959624976733" />

<!-- Global site tag (gtag.js) - Google Analytics -->
<script async src="https://www.googletagmanager.com/gtag/js?id=UA-26211653-1"></script>
<script>
  window.dataLayer = window.dataLayer || [];
  function gtag(){dataLayer.push(arguments);}
  gtag('js', new Date());

  gtag('config', 'UA-26211653-1');
</script>
<!-- End Google Analytics -->
<!-- Venatus Ad Manager - Install in <HEAD> of page -->
	<script src="https://hb.vntsm.com/v3/live/ad-manager.min.js" type="text/javascript" data-site-id="642aba63ec9a7b11c3c9c1be" data-mode="scan" async></script>
<!-- / Venatus Ad Manager -->

<style>
	@media (max-width:820px) {
		.battle {
			margin: 0 auto;
		}
		.battle-log {
			margin: 7px auto 0;
			max-width: 640px;
			height: 300px;
			position: static;
		}
	}
	.optgroup {
		display: inline-block;
		line-height: 22px;
		font-size: 10pt;
	}
	.optgroup .button {
		height: 25px;
		padding-top: 0;
		padding-bottom: 0;
	}
	.optgroup button.button {
		padding-left: 12px;
		padding-right: 12px;
	}
	.linklist {
		list-style: none;
		margin: 0.5em 0;
		padding: 0;
	}
	.linklist li {
		padding: 2px 0;
	}
	.sidebar {
		float: left;
		width: 320px;
	}
	.bar-wrapper {
		max-width: 1100px;
		margin: 0 auto;
	}
	.bar-wrapper.has-sidebar {
		max-width: 1430px;
	}
	.mainbar {
		margin: 0;
		padding-right: 1px;
	}
	.mainbar.has-sidebar {
		margin-left: 330px;
	}
	@media (min-width: 1511px) {
		.sidebar {
			width: 400px;
		}
		.bar-wrapper.has-sidebar {
			max-width: 1510px;
		}
		.mainbar.has-sidebar {
			margin-left: 410px;
		}
	}
	.section.first-section {
		margin-top: 9px;
	}
	.blocklink small {
		white-space: normal;
	}
	.button {
		vertical-align: middle;
	}
	.replay-controls {
		padding-top: 10px;
	}
	.replay-controls h1 {
		font-size: 16pt;
		font-weight: normal;
		color: #CCC;
	}
	.pagelink {
		text-align: center;
	}
	.pagelink a {
		width: 150px;
	}
	.textbox, .button {
		font-size: 11pt;
		vertical-align: middle;
	}
	@media (max-width: 450px) {
		.button {
			font-size: 9pt;
		}
	}
</style>

<div>

	<header>
		<div class="nav-wrapper"><ul class="nav">
			<li><a class="button nav-first" href="//pokemonshowdown.com/"><img src="//pokemonshowdown.com/images/pokemonshowdownbeta.png" srcset="//pokemonshowdown.com/images/pokemonshowdownbeta.png 1x, //pokemonshowdown.com/images/pokemonshowdownbeta@2x.png 2x" alt="Pok&eacute;mon Showdown" width="146" height="44" /> Home</a></li>
			<li><a class="button" href="//pokemonshowdown.com/dex/">Pok&eacute;dex</a></li>
			<li><a class="button cur" href="/">Replays</a></li>
			<li><a class="button" href="//pokemonshowdown.com/ladder/">Ladder</a></li>
			<li><a class="button nav-last" href="//pokemonshowdown.com/forums/">Forum</a></li>
			<li><a class="button greenbutton nav-first nav-last" href="//play.pokemonshowdown.com/">Play</a></li>
		</ul></div>
	</header>

	<div class="main" id="main">

		<noscript><section class="section">You need to enable JavaScript to use this page; sorry!</section></noscript>

	</div>

</div>

<script defer nomodule src="//play.pokemonshowdown.com/js/lib/ps-polyfill.js"></script>
<script defer src="//play.pokemonshowdown.com/js/lib/preact.min.js"></script>

<script defer src="//play.pokemonshowdown.com/config/config.js?2bddbc15"></script>
<script defer src="//play.pokemonshowdown.com/js/lib/jquery-1.11.0.min.js"></script>
<script defer src="//play.pokemonshowdown.com/js/lib/html-sanitizer-minified.js"></script>
<script defer src="//play.pokemonshowdown.com/js/battle-sound.js"></script>
<script defer src="//play.pokemonshowdown.com/js/battledata.js?0.7209276989879541"></script>
<script defer src="//play.pokemonshowdown.com/data/pokedex-mini.js?0.6111056340867951"></script>
<script defer src="//play.pokemonshowdown.com/data/pokedex-mini-bw.js?0.3532142036491459"></script>
<script defer src="//play.pokemonshowdown.com/data/graphics.js?0.24223875632456182"></script>
<script defer src="//play.pokemonshowdown.com/data/pokedex.js?0.38839984266356864"></script>
<script defer src="//play.pokemonshowdown.com/data/moves.js?0.21866028504024015"></script>
<script defer src="//play.pokemonshowdown.com/data/abilities.js?0.2005157953846628"></script>
<script defer src="//play.pokemonshowdown.com/data/items.js?0.9894211263848525"></script>
<script defer src="//play.pokemonshowdown.com/data/teambuilder-tables.js?0.6008791140282215"></script>
<script defer src="//play.pokemonshowdown.com/js/battle-tooltips.js?0.7580118955022959"></script>
<script defer src="//play.pokemonshowdown.com/js/battle.js?0.6057722274234274"></script>

<script defer src="js/utils.js?e31f9a17"></script>
<script defer src="js/replays-battle.js?7008c182"></script>

<!-- don't scrape this data! just add .json or .log after the URL!
Full API docs: https://github.com/smogon/pokemon-showdown-client/blob/master/WEB-API.md -->
<script type="text/plain" class="log" id="replaylog-smogtours-gen3ou-799444">
|inactive|Battle timer is ON: inactive players will automatically lose when time's up.
|t:|1729213067
|gametype|singles
|player|p1|Zpanther|rose-zerosuit|
|player|p2|almarkowbender|170|
|teamsize|p1|6
|teamsize|p2|6
|gen|3
|tier|[Gen 3] OU
|rule|Sleep Clause Mod: Limit one foe put to sleep
|rule|Switch Priority Clause Mod: Faster Pokémon switch first
|rule|Species Clause: Limit one of each Pokémon
|rule|OHKO Clause: OHKO moves are banned
|rule|Evasion Items Clause: Evasion items are banned
|rule|Evasion Moves Clause: Evasion moves are banned
|rule|Endless Battle Clause: Forcing endless battles is banned
|rule|HP Percentage Mod: HP is shown in percentages
|rule|One Boost Passer Clause: Limit one Baton Passer that has a way to boost its stats
|rule|Freeze Clause Mod: Limit one foe frozen
|
|t:|1729213067
|start
|switch|p1a: Tyranitar|Tyranitar, F|100/100
|switch|p2a: Moon Rock|Metagross, shiny|100/100
|-weather|Sandstorm|[from] ability: Sand Stream|[of] p1a: Tyranitar
|turn|1
|c|☆Zpanther|hf
|c|☆almarkowbender|u 2
|
|t:|1729213082
|switch|p1a: Skarmory|Skarmory, M|100/100
|move|p2a: Moon Rock|Brick Break|p1a: Skarmory
|-damage|p1a: Skarmory|64/100
|
|-weather|Sandstorm|[upkeep]
|-heal|p1a: Skarmory|70/100|[from] item: Leftovers
|upkeep
|turn|2
|
|t:|1729213086
|switch|p2a: Breloom|Breloom, F, shiny|100/100
|move|p1a: Skarmory|Spikes|p2a: Breloom
|-sidestart|p2: almarkowbender|Spikes
|
|-weather|Sandstorm|[upkeep]
|-damage|p2a: Breloom|94/100|[from] Sandstorm
|-heal|p2a: Breloom|100/100|[from] item: Leftovers
|-heal|p1a: Skarmory|76/100|[from] item: Leftovers
|upkeep
|turn|3
|
|t:|1729213090
|move|p2a: Breloom|Spore|p1a: Skarmory
|-status|p1a: Skarmory|slp|[from] move: Spore
|cant|p1a: Skarmory|slp
|
|-weather|Sandstorm|[upkeep]
|-damage|p2a: Breloom|94/100|[from] Sandstorm
|-heal|p2a: Breloom|100/100|[from] item: Leftovers
|-heal|p1a: Skarmory|82/100 slp|[from] item: Leftovers
|upkeep
|turn|4
|
|t:|1729213101
|-singleturn|p2a: Breloom|move: Focus Punch
|switch|p1a: Gengar|Gengar, F|100/100
|move|p2a: Breloom|Focus Punch|p1a: Gengar
|-immune|p1a: Gengar
|
|-weather|Sandstorm|[upkeep]
|-damage|p1a: Gengar|94/100|[from] Sandstorm
|-damage|p2a: Breloom|94/100|[from] Sandstorm
|-heal|p1a: Gengar|100/100|[from] item: Leftovers
|-heal|p2a: Breloom|100/100|[from] item: Leftovers
|upkeep
|turn|5
|
|t:|1729213109
|switch|p1a: Tyranitar|Tyranitar, F|100/100
|switch|p2a: Electric Guitar|Tyranitar, M, shiny|100/100
|-damage|p2a: Electric Guitar|88/100|[from] Spikes
|
|-weather|Sandstorm|[upkeep]
|-heal|p2a: Electric Guitar|94/100|[from] item: Leftovers
|upkeep
|turn|6
|
|t:|1729213117
|-singleturn|p1a: Tyranitar|move: Focus Punch
|switch|p2a: Moon Rock|Metagross, shiny|100/100
|-damage|p2a: Moon Rock|88/100|[from] Spikes
|move|p1a: Tyranitar|Focus Punch|p2a: Moon Rock
|-damage|p2a: Moon Rock|36/100
|
|-weather|Sandstorm|[upkeep]
|upkeep
|turn|7
|
|t:|1729213155
|switch|p1a: Skarmory|Skarmory, M|82/100 slp
|move|p2a: Moon Rock|Meteor Mash|p1a: Skarmory
|-resisted|p1a: Skarmory
|-damage|p1a: Skarmory|48/100 slp
|
|-weather|Sandstorm|[upkeep]
|-heal|p1a: Skarmory|54/100 slp|[from] item: Leftovers
|upkeep
|turn|8
|
|t:|1729213163
|move|p2a: Moon Rock|Meteor Mash|p1a: Skarmory
|-resisted|p1a: Skarmory
|-damage|p1a: Skarmory|18/100 slp
|-curestatus|p1a: Skarmory|slp|[msg]
|move|p1a: Skarmory|Roar|p2a: Moon Rock
|drag|p2a: Snorlax|Snorlax, F, shiny|100/100
|-damage|p2a: Snorlax|88/100|[from] Spikes
|
|-weather|Sandstorm|[upkeep]
|-damage|p2a: Snorlax|82/100|[from] Sandstorm
|-heal|p1a: Skarmory|24/100|[from] item: Leftovers
|-heal|p2a: Snorlax|88/100|[from] item: Leftovers
|upkeep
|turn|9
|
|t:|1729213167
|-singleturn|p2a: Snorlax|move: Focus Punch
|move|p1a: Skarmory|Spikes|p2a: Snorlax
|-sidestart|p2: almarkowbender|Spikes
|move|p2a: Snorlax|Focus Punch|p1a: Skarmory
|-damage|p1a: Skarmory|0 fnt
|faint|p1a: Skarmory
|
|t:|1729213175
|switch|p1a: Tyranitar|Tyranitar, F|100/100
|
|-weather|Sandstorm|[upkeep]
|-damage|p2a: Snorlax|82/100|[from] Sandstorm
|-heal|p2a: Snorlax|88/100|[from] item: Leftovers
|upkeep
|turn|10
|
|t:|1729213184
|move|p1a: Tyranitar|Rock Slide|p2a: Snorlax
|-damage|p2a: Snorlax|49/100
|move|p2a: Snorlax|Body Slam|p1a: Tyranitar
|-resisted|p1a: Tyranitar
|-damage|p1a: Tyranitar|85/100
|
|-weather|Sandstorm|[upkeep]
|-damage|p2a: Snorlax|43/100|[from] Sandstorm
|-heal|p1a: Tyranitar|91/100|[from] item: Leftovers
|-heal|p2a: Snorlax|49/100|[from] item: Leftovers
|upkeep
|turn|11
|
|t:|1729213195
|move|p1a: Tyranitar|Rock Slide|p2a: Snorlax
|-damage|p2a: Snorlax|10/100
|cant|p2a: Snorlax|flinch
|
|-weather|Sandstorm|[upkeep]
|-damage|p2a: Snorlax|4/100|[from] Sandstorm
|-heal|p1a: Tyranitar|97/100|[from] item: Leftovers
|-heal|p2a: Snorlax|10/100|[from] item: Leftovers
|upkeep
|turn|12
|
|t:|1729213203
|move|p1a: Tyranitar|Hidden Power|p2a: Snorlax
|-damage|p2a: Snorlax|0 fnt
|faint|p2a: Snorlax
|
|t:|1729213205
|switch|p2a: Moon Rock|Metagross, shiny|36/100
|-damage|p2a: Moon Rock|20/100|[from] Spikes
|
|-weather|Sandstorm|[upkeep]
|-heal|p1a: Tyranitar|100/100|[from] item: Leftovers
|upkeep
|turn|13
|
|t:|1729213222
|switch|p1a: Charizard|Charizard, F|100/100
|move|p2a: Moon Rock|Meteor Mash|p1a: Charizard
|-resisted|p1a: Charizard
|-damage|p1a: Charizard|26/100
|
|-weather|Sandstorm|[upkeep]
|-damage|p1a: Charizard|20/100|[from] Sandstorm
|-heal|p1a: Charizard|26/100|[from] item: Leftovers
|upkeep
|turn|14
|
|t:|1729213227
|move|p1a: Charizard|Flamethrower|p2a: Moon Rock
|-supereffective|p2a: Moon Rock
|-damage|p2a: Moon Rock|0 fnt
|faint|p2a: Moon Rock
|
|t:|1729213253
|switch|p2a: Electric Guitar|Tyranitar, M, shiny|94/100
|-damage|p2a: Electric Guitar|78/100|[from] Spikes
|
|-weather|Sandstorm|[upkeep]
|-damage|p1a: Charizard|20/100|[from] Sandstorm
|-heal|p1a: Charizard|26/100|[from] item: Leftovers
|-heal|p2a: Electric Guitar|84/100|[from] item: Leftovers
|upkeep
|turn|15
|
|t:|1729213258
|move|p1a: Charizard|Toxic|p2a: Electric Guitar
|-status|p2a: Electric Guitar|tox
|move|p2a: Electric Guitar|Pursuit|p1a: Charizard
|-damage|p1a: Charizard|3/100
|
|-weather|Sandstorm|[upkeep]
|-damage|p1a: Charizard|0 fnt|[from] Sandstorm
|faint|p1a: Charizard
|-heal|p2a: Electric Guitar|90/100 tox|[from] item: Leftovers
|-damage|p2a: Electric Guitar|84/100 tox|[from] psn
|upkeep
|
|t:|1729213267
|switch|p1a: Tyranitar|Tyranitar, F|100/100
|turn|16
|inactive|almarkowbender has 270 seconds left.
|
|t:|1729213303
|-singleturn|p1a: Tyranitar|move: Focus Punch
|switch|p2a: Breloom|Breloom, F, shiny|100/100
|-damage|p2a: Breloom|84/100|[from] Spikes
|move|p1a: Tyranitar|Focus Punch|p2a: Breloom
|-damage|p2a: Breloom|0 fnt
|faint|p2a: Breloom
|
|t:|1729213312
|switch|p2a: Claydol|Claydol, shiny|100/100
|
|-weather|Sandstorm|[upkeep]
|upkeep
|turn|17
|
|t:|1729213320
|switch|p1a: Gengar|Gengar, F|100/100
|move|p2a: Claydol|Earthquake|p1a: Gengar
|-immune|p1a: Gengar
|
|-weather|Sandstorm|[upkeep]
|-damage|p1a: Gengar|94/100|[from] Sandstorm
|-heal|p1a: Gengar|100/100|[from] item: Leftovers
|upkeep
|turn|18
|
|t:|1729213331
|move|p1a: Gengar|Giga Drain|p2a: Claydol
|-supereffective|p2a: Claydol
|-damage|p2a: Claydol|66/100
|move|p2a: Claydol|Ice Beam|p1a: Gengar
|-damage|p1a: Gengar|80/100
|
|-weather|Sandstorm|[upkeep]
|-damage|p1a: Gengar|73/100|[from] Sandstorm
|-heal|p1a: Gengar|80/100|[from] item: Leftovers
|-heal|p2a: Claydol|72/100|[from] item: Leftovers
|upkeep
|turn|19
|
|t:|1729213334
|move|p1a: Gengar|Giga Drain|p2a: Claydol
|-supereffective|p2a: Claydol
|-damage|p2a: Claydol|35/100
|-heal|p1a: Gengar|100/100|[from] drain|[of] p2a: Claydol
|move|p2a: Claydol|Ice Beam|p1a: Gengar
|-damage|p1a: Gengar|81/100
|-status|p1a: Gengar|frz
|
|-weather|Sandstorm|[upkeep]
|-damage|p1a: Gengar|75/100 frz|[from] Sandstorm
|-heal|p1a: Gengar|81/100 frz|[from] item: Leftovers
|-heal|p2a: Claydol|41/100|[from] item: Leftovers
|upkeep
|turn|20
|
|t:|1729213366
|switch|p2a: Electric Guitar|Tyranitar, M, shiny|84/100 tox
|-damage|p2a: Electric Guitar|67/100 tox|[from] Spikes
|cant|p1a: Gengar|frz
|
|-weather|Sandstorm|[upkeep]
|-damage|p1a: Gengar|75/100 frz|[from] Sandstorm
|-heal|p1a: Gengar|81/100 frz|[from] item: Leftovers
|-heal|p2a: Electric Guitar|74/100 tox|[from] item: Leftovers
|-damage|p2a: Electric Guitar|67/100 tox|[from] psn
|upkeep
|turn|21
|
|t:|1729213370
|-curestatus|p1a: Gengar|frz|[msg]
|move|p1a: Gengar|Giga Drain|p2a: Electric Guitar
|-supereffective|p2a: Electric Guitar
|-damage|p2a: Electric Guitar|32/100 tox
|-heal|p1a: Gengar|100/100|[from] drain|[of] p2a: Electric Guitar
|move|p2a: Electric Guitar|Crunch|p1a: Gengar
|-supereffective|p1a: Gengar
|-damage|p1a: Gengar|17/100
|
|-weather|Sandstorm|[upkeep]
|-damage|p1a: Gengar|11/100|[from] Sandstorm
|-heal|p1a: Gengar|17/100|[from] item: Leftovers
|-heal|p2a: Electric Guitar|39/100 tox|[from] item: Leftovers
|-damage|p2a: Electric Guitar|26/100 tox|[from] psn
|upkeep
|turn|22
|
|t:|1729213375
|move|p1a: Gengar|Giga Drain|p2a: Electric Guitar
|-supereffective|p2a: Electric Guitar
|-damage|p2a: Electric Guitar|0 fnt
|-heal|p1a: Gengar|36/100|[from] drain|[of] p2a: Electric Guitar
|faint|p2a: Electric Guitar
|
|t:|1729213377
|switch|p2a: Claydol|Claydol, shiny|41/100
|
|-weather|Sandstorm|[upkeep]
|-damage|p1a: Gengar|30/100|[from] Sandstorm
|-heal|p1a: Gengar|36/100|[from] item: Leftovers
|-heal|p2a: Claydol|47/100|[from] item: Leftovers
|upkeep
|turn|23
|
|t:|1729213380
|move|p1a: Gengar|Giga Drain|p2a: Claydol
|-supereffective|p2a: Claydol
|-damage|p2a: Claydol|15/100
|-heal|p1a: Gengar|55/100|[from] drain|[of] p2a: Claydol
|move|p2a: Claydol|Ice Beam|p1a: Gengar
|-damage|p1a: Gengar|34/100
|
|-weather|Sandstorm|[upkeep]
|-damage|p1a: Gengar|28/100|[from] Sandstorm
|-heal|p1a: Gengar|34/100|[from] item: Leftovers
|-heal|p2a: Claydol|21/100|[from] item: Leftovers
|upkeep
|turn|24
|
|t:|1729213386
|move|p1a: Gengar|Giga Drain|p2a: Claydol
|-supereffective|p2a: Claydol
|-damage|p2a: Claydol|0 fnt
|-heal|p1a: Gengar|46/100|[from] drain|[of] p2a: Claydol
|faint|p2a: Claydol
|
|t:|1729213387
|switch|p2a: Gyarados|Gyarados, F, shiny|100/100
|-ability|p2a: Gyarados|Intimidate|boost
|-unboost|p1a: Gengar|atk|1
|
|-weather|Sandstorm|[upkeep]
|-damage|p1a: Gengar|40/100|[from] Sandstorm
|-damage|p2a: Gyarados|94/100|[from] Sandstorm
|-heal|p1a: Gengar|46/100|[from] item: Leftovers
|-heal|p2a: Gyarados|100/100|[from] item: Leftovers
|upkeep
|turn|25
|
|t:|1729213390
|move|p1a: Gengar|Taunt|p2a: Gyarados
|-start|p2a: Gyarados|move: Taunt
|cant|p2a: Gyarados|move: Taunt|Dragon Dance
|
|-weather|Sandstorm|[upkeep]
|-damage|p1a: Gengar|40/100|[from] Sandstorm
|-damage|p2a: Gyarados|94/100|[from] Sandstorm
|-heal|p1a: Gengar|46/100|[from] item: Leftovers
|-heal|p2a: Gyarados|100/100|[from] item: Leftovers
|upkeep
|turn|26
|
|t:|1729213394
|move|p1a: Gengar|Thunderbolt|p2a: Gyarados
|-supereffective|p2a: Gyarados
|-damage|p2a: Gyarados|0 fnt
|faint|p2a: Gyarados
|
|win|Zpanther
|c|☆almarkowbender|gg
|c|☆Zpanther|gg

</script>
<script type="application/json" class="data" id="replaydata-smogtours-gen3ou-799444">
{"id":"smogtours-gen3ou-799444","format":"[Gen 3] OU","players":["Zpanther","almarkowbender"],"uploadtime":1729213394,"views":105,"formatid":"gen3ou","rating":null,"private":0,"password":null}
</script>

<script defer src="js/replays.js?9d40a366"></script>
