<!DOCTYPE html>
<meta charset="utf-8" />
<meta name="viewport" content="width=device-width" />

<title>[Gen 3] OU: Nardgo vs. Elian - Replays - Pok&eacute;mon Showdown!</title>

<meta name="description" content="Watch a replay of a Pok&eacute;mon battle between Nardgo and Elian! Format: [Gen 3] OU; Date: Nov 1, 2024" />
<!--

Hey, you! Looking in the source for the replay log?

You can find them in JSON format, just add `.json` at the end of a replay URL.

https://replay.pokemonshowdown.com/gen7randomdoublesbattle-865046831.json

Or, if you only need the log itself, add `.log` instead:

https://replay.pokemonshowdown.com/gen7randomdoublesbattle-865046831.log

-->

<link rel="stylesheet" href="//pokemonshowdown.com/style/global.css?0.023195364461161105" />
<link rel="stylesheet" href="//play.pokemonshowdown.com/style/font-awesome.css?0.13261647063804238" />
<link rel="stylesheet" href="//play.pokemonshowdown.com/style/battle.css?0.8753245789963631" />
<link rel="stylesheet" href="//play.pokemonshowdown.com/style/utilichart.css?0.8627959624976733" />

<!-- Global site tag (gtag.js) - Google Analytics -->
<script async src="https://www.googletagmanager.com/gtag/js?id=UA-26211653-1"></script>
<script>
  window.dataLayer = window.dataLayer || [];
  function gtag(){dataLayer.push(arguments);}
  gtag('js', new Date());

  gtag('config', 'UA-26211653-1');
</script>
<!-- End Google Analytics -->
<!-- Venatus Ad Manager - Install in <HEAD> of page -->
	<script src="https://hb.vntsm.com/v3/live/ad-manager.min.js" type="text/javascript" data-site-id="642aba63ec9a7b11c3c9c1be" data-mode="scan" async></script>
<!-- / Venatus Ad Manager -->

<style>
	@media (max-width:820px) {
		.battle {
			margin: 0 auto;
		}
		.battle-log {
			margin: 7px auto 0;
			max-width: 640px;
			height: 300px;
			position: static;
		}
	}
	.optgroup {
		display: inline-block;
		line-height: 22px;
		font-size: 10pt;
	}
	.optgroup .button {
		height: 25px;
		padding-top: 0;
		padding-bottom: 0;
	}
	.optgroup button.button {
		padding-left: 12px;
		padding-right: 12px;
	}
	.linklist {
		list-style: none;
		margin: 0.5em 0;
		padding: 0;
	}
	.linklist li {
		padding: 2px 0;
	}
	.sidebar {
		float: left;
		width: 320px;
	}
	.bar-wrapper {
		max-width: 1100px;
		margin: 0 auto;
	}
	.bar-wrapper.has-sidebar {
		max-width: 1430px;
	}
	.mainbar {
		margin: 0;
		padding-right: 1px;
	}
	.mainbar.has-sidebar {
		margin-left: 330px;
	}
	@media (min-width: 1511px) {
		.sidebar {
			width: 400px;
		}
		.bar-wrapper.has-sidebar {
			max-width: 1510px;
		}
		.mainbar.has-sidebar {
			margin-left: 410px;
		}
	}
	.section.first-section {
		margin-top: 9px;
	}
	.blocklink small {
		white-space: normal;
	}
	.button {
		vertical-align: middle;
	}
	.replay-controls {
		padding-top: 10px;
	}
	.replay-controls h1 {
		font-size: 16pt;
		font-weight: normal;
		color: #CCC;
	}
	.pagelink {
		text-align: center;
	}
	.pagelink a {
		width: 150px;
	}
	.textbox, .button {
		font-size: 11pt;
		vertical-align: middle;
	}
	@media (max-width: 450px) {
		.button {
			font-size: 9pt;
		}
	}
</style>

<div>

	<header>
		<div class="nav-wrapper"><ul class="nav">
			<li><a class="button nav-first" href="//pokemonshowdown.com/"><img src="//pokemonshowdown.com/images/pokemonshowdownbeta.png" srcset="//pokemonshowdown.com/images/pokemonshowdownbeta.png 1x, //pokemonshowdown.com/images/pokemonshowdownbeta@2x.png 2x" alt="Pok&eacute;mon Showdown" width="146" height="44" /> Home</a></li>
			<li><a class="button" href="//pokemonshowdown.com/dex/">Pok&eacute;dex</a></li>
			<li><a class="button cur" href="/">Replays</a></li>
			<li><a class="button" href="//pokemonshowdown.com/ladder/">Ladder</a></li>
			<li><a class="button nav-last" href="//pokemonshowdown.com/forums/">Forum</a></li>
			<li><a class="button greenbutton nav-first nav-last" href="//play.pokemonshowdown.com/">Play</a></li>
		</ul></div>
	</header>

	<div class="main" id="main">

		<noscript><section class="section">You need to enable JavaScript to use this page; sorry!</section></noscript>

	</div>

</div>

<script defer nomodule src="//play.pokemonshowdown.com/js/lib/ps-polyfill.js"></script>
<script defer src="//play.pokemonshowdown.com/js/lib/preact.min.js"></script>

<script defer src="//play.pokemonshowdown.com/config/config.js?2bddbc15"></script>
<script defer src="//play.pokemonshowdown.com/js/lib/jquery-1.11.0.min.js"></script>
<script defer src="//play.pokemonshowdown.com/js/lib/html-sanitizer-minified.js"></script>
<script defer src="//play.pokemonshowdown.com/js/battle-sound.js"></script>
<script defer src="//play.pokemonshowdown.com/js/battledata.js?0.7209276989879541"></script>
<script defer src="//play.pokemonshowdown.com/data/pokedex-mini.js?0.6111056340867951"></script>
<script defer src="//play.pokemonshowdown.com/data/pokedex-mini-bw.js?0.3532142036491459"></script>
<script defer src="//play.pokemonshowdown.com/data/graphics.js?0.24223875632456182"></script>
<script defer src="//play.pokemonshowdown.com/data/pokedex.js?0.38839984266356864"></script>
<script defer src="//play.pokemonshowdown.com/data/moves.js?0.21866028504024015"></script>
<script defer src="//play.pokemonshowdown.com/data/abilities.js?0.2005157953846628"></script>
<script defer src="//play.pokemonshowdown.com/data/items.js?0.9894211263848525"></script>
<script defer src="//play.pokemonshowdown.com/data/teambuilder-tables.js?0.6008791140282215"></script>
<script defer src="//play.pokemonshowdown.com/js/battle-tooltips.js?0.7580118955022959"></script>
<script defer src="//play.pokemonshowdown.com/js/battle.js?0.6057722274234274"></script>

<script defer src="js/utils.js?e31f9a17"></script>
<script defer src="js/replays-battle.js?7008c182"></script>

<!-- don't scrape this data! just add .json or .log after the URL!
Full API docs: https://github.com/smogon/pokemon-showdown-client/blob/master/WEB-API.md -->
<script type="text/plain" class="log" id="replaylog-smogtours-gen3ou-803799">
|inactive|Battle timer is ON: inactive players will automatically lose when time's up.
|t:|1730492861
|gametype|singles
|player|p1|Nardgo|steven|
|player|p2|Elian|erika-gen2|
|teamsize|p1|6
|teamsize|p2|6
|gen|3
|tier|[Gen 3] OU
|rule|Sleep Clause Mod: Limit one foe put to sleep
|rule|Switch Priority Clause Mod: Faster Pokémon switch first
|rule|Species Clause: Limit one of each Pokémon
|rule|OHKO Clause: OHKO moves are banned
|rule|Evasion Items Clause: Evasion items are banned
|rule|Evasion Moves Clause: Evasion moves are banned
|rule|Endless Battle Clause: Forcing endless battles is banned
|rule|HP Percentage Mod: HP is shown in percentages
|rule|One Boost Passer Clause: Limit one Baton Passer that has a way to boost its stats
|rule|Freeze Clause Mod: Limit one foe frozen
|
|t:|1730492861
|start
|switch|p1a: Tyranitar|Tyranitar, M|100/100
|switch|p2a: Swampert|Swampert, F|100/100
|-weather|Sandstorm|[from] ability: Sand Stream|[of] p1a: Tyranitar
|turn|1
|c|☆Elian|hf
|
|t:|1730492884
|switch|p1a: Skarmory|Skarmory, M|100/100
|move|p2a: Swampert|Earthquake|p1a: Skarmory
|-immune|p1a: Skarmory
|
|-weather|Sandstorm|[upkeep]
|upkeep
|turn|2
|
|t:|1730492894
|switch|p1a: Tyranitar|Tyranitar, M|100/100
|switch|p2a: Magneton|Magneton|100/100
|
|-weather|Sandstorm|[upkeep]
|upkeep
|turn|3
|
|t:|1730492901
|-singleturn|p1a: Tyranitar|move: Focus Punch
|switch|p2a: Skarmory|Skarmory, M|100/100
|move|p1a: Tyranitar|Focus Punch|p2a: Skarmory
|-damage|p2a: Skarmory|38/100
|
|-weather|Sandstorm|[upkeep]
|-heal|p2a: Skarmory|44/100|[from] item: Leftovers
|upkeep
|turn|4
|
|t:|1730492907
|-singleturn|p1a: Tyranitar|move: Focus Punch
|switch|p2a: Zapdos|Zapdos|100/100
|move|p1a: Tyranitar|Focus Punch|p2a: Zapdos
|-resisted|p2a: Zapdos
|-damage|p2a: Zapdos|58/100
|
|-weather|Sandstorm|[upkeep]
|-damage|p2a: Zapdos|52/100|[from] Sandstorm
|-heal|p2a: Zapdos|58/100|[from] item: Leftovers
|upkeep
|turn|5
|
|t:|1730492912
|switch|p1a: Blissey|Blissey, F|100/100
|move|p2a: Zapdos|Thunderbolt|p1a: Blissey
|-damage|p1a: Blissey|85/100
|
|-weather|Sandstorm|[upkeep]
|-damage|p2a: Zapdos|52/100|[from] Sandstorm
|-damage|p1a: Blissey|79/100|[from] Sandstorm
|-heal|p2a: Zapdos|58/100|[from] item: Leftovers
|-heal|p1a: Blissey|85/100|[from] item: Leftovers
|upkeep
|turn|6
|
|t:|1730492917
|switch|p2a: Skarmory|Skarmory, M|44/100
|move|p1a: Blissey|Wish|p1a: Blissey
|
|-weather|Sandstorm|[upkeep]
|-damage|p1a: Blissey|79/100|[from] Sandstorm
|-heal|p2a: Skarmory|50/100|[from] item: Leftovers
|-heal|p1a: Blissey|85/100|[from] item: Leftovers
|upkeep
|turn|7
|
|t:|1730492926
|move|p2a: Skarmory|Spikes|p1a: Blissey
|-sidestart|p1: Nardgo|Spikes
|move|p1a: Blissey|Seismic Toss|p2a: Skarmory
|-damage|p2a: Skarmory|20/100
|
|-heal|p1a: Blissey|100/100|[from] move: Wish|[wisher] Blissey
|-weather|Sandstorm|[upkeep]
|-damage|p1a: Blissey|94/100|[from] Sandstorm
|-heal|p2a: Skarmory|26/100|[from] item: Leftovers
|-heal|p1a: Blissey|100/100|[from] item: Leftovers
|upkeep
|turn|8
|
|t:|1730492931
|switch|p1a: Starmie|Starmie|100/100
|-damage|p1a: Starmie|88/100|[from] Spikes
|move|p2a: Skarmory|Rest|p2a: Skarmory
|-status|p2a: Skarmory|slp|[from] move: Rest
|-heal|p2a: Skarmory|100/100 slp|[silent]
|
|-weather|Sandstorm|[upkeep]
|-damage|p1a: Starmie|82/100|[from] Sandstorm
|-heal|p1a: Starmie|88/100|[from] item: Leftovers
|upkeep
|turn|9
|
|t:|1730492936
|switch|p2a: Zapdos|Zapdos|58/100
|move|p1a: Starmie|Rapid Spin|p2a: Zapdos
|-damage|p2a: Zapdos|55/100
|-sideend|p1: Nardgo|Spikes|[from] move: Rapid Spin|[of] p1a: Starmie
|
|-weather|Sandstorm|[upkeep]
|-damage|p1a: Starmie|82/100|[from] Sandstorm
|-damage|p2a: Zapdos|49/100|[from] Sandstorm
|-heal|p1a: Starmie|88/100|[from] item: Leftovers
|-heal|p2a: Zapdos|55/100|[from] item: Leftovers
|upkeep
|turn|10
|
|t:|1730492942
|switch|p1a: Blissey|Blissey, F|100/100
|move|p2a: Zapdos|Thunderbolt|p1a: Blissey
|-damage|p1a: Blissey|84/100
|
|-weather|Sandstorm|[upkeep]
|-damage|p2a: Zapdos|49/100|[from] Sandstorm
|-damage|p1a: Blissey|78/100|[from] Sandstorm
|-heal|p2a: Zapdos|55/100|[from] item: Leftovers
|-heal|p1a: Blissey|84/100|[from] item: Leftovers
|upkeep
|turn|11
|
|t:|1730492946
|move|p2a: Zapdos|Toxic|p1a: Blissey
|-status|p1a: Blissey|tox
|move|p1a: Blissey|Ice Beam|p2a: Zapdos
|-supereffective|p2a: Zapdos
|-damage|p2a: Zapdos|19/100
|-status|p2a: Zapdos|frz
|
|-weather|Sandstorm|[upkeep]
|-damage|p2a: Zapdos|13/100 frz|[from] Sandstorm
|-damage|p1a: Blissey|78/100 tox|[from] Sandstorm
|-heal|p2a: Zapdos|19/100 frz|[from] item: Leftovers
|-heal|p1a: Blissey|84/100 tox|[from] item: Leftovers
|-damage|p1a: Blissey|78/100 tox|[from] psn
|upkeep
|turn|12
|c|☆Nardgo|sorry
|c|☆Elian|.
|
|t:|1730492955
|switch|p2a: Swampert|Swampert, F|100/100
|move|p1a: Blissey|Seismic Toss|p2a: Swampert
|-damage|p2a: Swampert|76/100
|
|-weather|Sandstorm|[upkeep]
|-damage|p1a: Blissey|72/100 tox|[from] Sandstorm
|-heal|p1a: Blissey|78/100 tox|[from] item: Leftovers
|-damage|p1a: Blissey|66/100 tox|[from] psn
|-heal|p2a: Swampert|82/100|[from] item: Leftovers
|upkeep
|turn|13
|
|t:|1730492962
|-curestatus|p1a: Blissey|tox|[from] ability: Natural Cure
|switch|p1a: Gengar|Gengar, F|100/100
|switch|p2a: Magneton|Magneton|100/100
|
|-weather|Sandstorm|[upkeep]
|-damage|p1a: Gengar|94/100|[from] Sandstorm
|-heal|p1a: Gengar|100/100|[from] item: Leftovers
|upkeep
|turn|14
|
|t:|1730492966
|switch|p1a: Blissey|Blissey, F|66/100
|move|p2a: Magneton|Thunderbolt|p1a: Blissey
|-damage|p1a: Blissey|44/100
|
|-weather|Sandstorm|[upkeep]
|-damage|p1a: Blissey|38/100|[from] Sandstorm
|-heal|p1a: Blissey|44/100|[from] item: Leftovers
|upkeep
|turn|15
|
|t:|1730492969
|move|p2a: Magneton|Toxic|p1a: Blissey
|-status|p1a: Blissey|tox
|move|p1a: Blissey|Soft-Boiled|p1a: Blissey
|-heal|p1a: Blissey|94/100 tox
|
|-weather|Sandstorm|[upkeep]
|-damage|p1a: Blissey|88/100 tox|[from] Sandstorm
|-heal|p1a: Blissey|94/100 tox|[from] item: Leftovers
|-damage|p1a: Blissey|88/100 tox|[from] psn
|upkeep
|turn|16
|
|t:|1730492978
|-curestatus|p1a: Blissey|tox|[from] ability: Natural Cure
|switch|p1a: Tyranitar|Tyranitar, M|100/100
|move|p2a: Magneton|Thunderbolt|p1a: Tyranitar
|-damage|p1a: Tyranitar|48/100
|
|-weather|Sandstorm|[upkeep]
|upkeep
|turn|17
|
|t:|1730492983
|move|p2a: Magneton|Thunderbolt|p1a: Tyranitar
|-damage|p1a: Tyranitar|0 fnt
|faint|p1a: Tyranitar
|
|t:|1730492989
|switch|p1a: Blissey|Blissey, F|88/100
|
|-weather|Sandstorm|[upkeep]
|-damage|p1a: Blissey|81/100|[from] Sandstorm
|-heal|p1a: Blissey|88/100|[from] item: Leftovers
|upkeep
|turn|18
|
|t:|1730492993
|switch|p2a: Blissey|Blissey, F|100/100
|move|p1a: Blissey|Seismic Toss|p2a: Blissey
|-damage|p2a: Blissey|85/100
|
|-weather|Sandstorm|[upkeep]
|-damage|p2a: Blissey|79/100|[from] Sandstorm
|-damage|p1a: Blissey|81/100|[from] Sandstorm
|-heal|p2a: Blissey|85/100|[from] item: Leftovers
|-heal|p1a: Blissey|88/100|[from] item: Leftovers
|upkeep
|turn|19
|
|t:|1730493003
|switch|p1a: Swampert|Swampert, M|100/100
|move|p2a: Blissey|Aromatherapy|p2a: Blissey
|-cureteam|p2a: Blissey|[from] move: Aromatherapy
|
|-weather|Sandstorm|[upkeep]
|-damage|p2a: Blissey|79/100|[from] Sandstorm
|-heal|p2a: Blissey|85/100|[from] item: Leftovers
|upkeep
|turn|20
|
|t:|1730493008
|switch|p2a: Skarmory|Skarmory, M|100/100
|move|p1a: Swampert|Ice Beam|p2a: Skarmory
|-damage|p2a: Skarmory|83/100
|-status|p2a: Skarmory|frz
|
|-weather|Sandstorm|[upkeep]
|-heal|p2a: Skarmory|89/100 frz|[from] item: Leftovers
|upkeep
|turn|21
|c|☆Elian|dude
|c|☆Nardgo|sorry
|c|☆Nardgo|at least you have aroma
|
|t:|1730493024
|switch|p2a: Swampert|Swampert, F|82/100
|move|p1a: Swampert|Curse|p1a: Swampert
|-unboost|p1a: Swampert|spe|1
|-boost|p1a: Swampert|atk|1
|-boost|p1a: Swampert|def|1
|
|-weather|Sandstorm|[upkeep]
|-heal|p2a: Swampert|88/100|[from] item: Leftovers
|upkeep
|turn|22
|c|☆Elian|that freeze
|c|☆Elian|is more important
|c|☆Elian|lol
|
|t:|1730493035
|switch|p2a: Zapdos|Zapdos|19/100
|move|p1a: Swampert|Earthquake|p2a: Zapdos
|-immune|p2a: Zapdos
|
|-weather|Sandstorm|[upkeep]
|-damage|p2a: Zapdos|13/100|[from] Sandstorm
|-heal|p2a: Zapdos|19/100|[from] item: Leftovers
|upkeep
|turn|23
|
|t:|1730493039
|move|p2a: Zapdos|Toxic|p1a: Swampert|[miss]
|-miss|p2a: Zapdos|p1a: Swampert
|move|p1a: Swampert|Ice Beam|p2a: Zapdos
|-supereffective|p2a: Zapdos
|-damage|p2a: Zapdos|0 fnt
|faint|p2a: Zapdos
|c|☆Elian|dud
|
|t:|1730493049
|switch|p2a: Swampert|Swampert, F|88/100
|
|-weather|Sandstorm|[upkeep]
|-heal|p2a: Swampert|94/100|[from] item: Leftovers
|upkeep
|turn|24
|c|☆Nardgo|sorry
|
|t:|1730493055
|move|p2a: Swampert|Curse|p2a: Swampert
|-unboost|p2a: Swampert|spe|1
|-boost|p2a: Swampert|atk|1
|-boost|p2a: Swampert|def|1
|move|p1a: Swampert|Earthquake|p2a: Swampert
|-damage|p2a: Swampert|68/100
|
|-weather|Sandstorm|[upkeep]
|-heal|p2a: Swampert|74/100|[from] item: Leftovers
|upkeep
|turn|25
|
|t:|1730493058
|move|p1a: Swampert|Earthquake|p2a: Swampert
|-damage|p2a: Swampert|46/100
|move|p2a: Swampert|Earthquake|p1a: Swampert
|-damage|p1a: Swampert|68/100
|
|-weather|Sandstorm|[upkeep]
|-heal|p2a: Swampert|52/100|[from] item: Leftovers
|-heal|p1a: Swampert|75/100|[from] item: Leftovers
|upkeep
|turn|26
|
|t:|1730493064
|switch|p1a: Gengar|Gengar, F|100/100
|move|p2a: Swampert|Earthquake|p1a: Gengar
|-immune|p1a: Gengar
|
|-weather|Sandstorm|[upkeep]
|-damage|p1a: Gengar|94/100|[from] Sandstorm
|-heal|p1a: Gengar|100/100|[from] item: Leftovers
|-heal|p2a: Swampert|58/100|[from] item: Leftovers
|upkeep
|turn|27
|
|t:|1730493077
|switch|p2a: Magneton|Magneton|100/100
|move|p1a: Gengar|Giga Drain|p2a: Magneton
|-resisted|p2a: Magneton
|-damage|p2a: Magneton|82/100
|
|-weather|Sandstorm|[upkeep]
|-damage|p1a: Gengar|94/100|[from] Sandstorm
|-heal|p1a: Gengar|100/100|[from] item: Leftovers
|upkeep
|turn|28
|
|t:|1730493083
|switch|p1a: Blissey|Blissey, F|88/100
|move|p2a: Magneton|Thunderbolt|p1a: Blissey
|-damage|p1a: Blissey|68/100
|
|-weather|Sandstorm|[upkeep]
|-damage|p1a: Blissey|62/100|[from] Sandstorm
|-heal|p1a: Blissey|68/100|[from] item: Leftovers
|upkeep
|turn|29
|
|t:|1730493087
|switch|p2a: Blissey|Blissey, F|85/100
|move|p1a: Blissey|Seismic Toss|p2a: Blissey
|-damage|p2a: Blissey|70/100
|
|-weather|Sandstorm|[upkeep]
|-damage|p2a: Blissey|64/100|[from] Sandstorm
|-damage|p1a: Blissey|62/100|[from] Sandstorm
|-heal|p2a: Blissey|70/100|[from] item: Leftovers
|-heal|p1a: Blissey|68/100|[from] item: Leftovers
|upkeep
|turn|30
|
|t:|1730493094
|move|p2a: Blissey|Aromatherapy|p2a: Blissey
|-cureteam|p2a: Blissey|[from] move: Aromatherapy
|move|p1a: Blissey|Wish|p1a: Blissey
|
|-weather|Sandstorm|[upkeep]
|-damage|p2a: Blissey|64/100|[from] Sandstorm
|-damage|p1a: Blissey|62/100|[from] Sandstorm
|-heal|p2a: Blissey|70/100|[from] item: Leftovers
|-heal|p1a: Blissey|68/100|[from] item: Leftovers
|upkeep
|turn|31
|c|☆Elian|are you going to freeze me again?
|
|t:|1730493108
|switch|p2a: Skarmory|Skarmory, M|89/100
|switch|p1a: Swampert|Swampert, M|75/100
|
|-heal|p1a: Swampert|100/100|[from] move: Wish|[wisher] Blissey
|-weather|Sandstorm|[upkeep]
|-heal|p2a: Skarmory|95/100|[from] item: Leftovers
|upkeep
|turn|32
|
|t:|1730493113
|switch|p1a: Starmie|Starmie|88/100
|move|p2a: Skarmory|Spikes|p1a: Starmie
|-sidestart|p1: Nardgo|Spikes
|
|-weather|Sandstorm|[upkeep]
|-damage|p1a: Starmie|82/100|[from] Sandstorm
|-heal|p1a: Starmie|88/100|[from] item: Leftovers
|-heal|p2a: Skarmory|100/100|[from] item: Leftovers
|upkeep
|turn|33
|
|t:|1730493117
|switch|p2a: Magneton|Magneton|82/100
|move|p1a: Starmie|Thunderbolt|p2a: Magneton
|-resisted|p2a: Magneton
|-damage|p2a: Magneton|56/100
|
|-weather|Sandstorm|[upkeep]
|-damage|p1a: Starmie|82/100|[from] Sandstorm
|-heal|p1a: Starmie|88/100|[from] item: Leftovers
|upkeep
|turn|34
|
|t:|1730493122
|move|p1a: Starmie|Hydro Pump|p2a: Magneton
|-damage|p2a: Magneton|0 fnt
|faint|p2a: Magneton
|inactive|Elian has 270 seconds left.
|
|t:|1730493173
|switch|p2a: Blissey|Blissey, F|70/100
|
|-weather|Sandstorm|[upkeep]
|-damage|p1a: Starmie|82/100|[from] Sandstorm
|-damage|p2a: Blissey|64/100|[from] Sandstorm
|-heal|p1a: Starmie|88/100|[from] item: Leftovers
|-heal|p2a: Blissey|70/100|[from] item: Leftovers
|upkeep
|turn|35
|
|t:|1730493180
|move|p1a: Starmie|Rapid Spin|p2a: Blissey
|-damage|p2a: Blissey|67/100
|-sideend|p1: Nardgo|Spikes|[from] move: Rapid Spin|[of] p1a: Starmie
|move|p2a: Blissey|Ice Beam|p1a: Starmie
|-resisted|p1a: Starmie
|-damage|p1a: Starmie|69/100
|
|-weather|Sandstorm|[upkeep]
|-damage|p1a: Starmie|63/100|[from] Sandstorm
|-damage|p2a: Blissey|60/100|[from] Sandstorm
|-heal|p1a: Starmie|69/100|[from] item: Leftovers
|-heal|p2a: Blissey|67/100|[from] item: Leftovers
|upkeep
|turn|36
|
|t:|1730493185
|switch|p1a: Blissey|Blissey, F|68/100
|move|p2a: Blissey|Seismic Toss|p1a: Blissey
|-damage|p1a: Blissey|53/100
|
|-weather|Sandstorm|[upkeep]
|-damage|p2a: Blissey|60/100|[from] Sandstorm
|-damage|p1a: Blissey|47/100|[from] Sandstorm
|-heal|p2a: Blissey|67/100|[from] item: Leftovers
|-heal|p1a: Blissey|53/100|[from] item: Leftovers
|upkeep
|turn|37
|
|t:|1730493191
|switch|p2a: Skarmory|Skarmory, M|100/100
|move|p1a: Blissey|Soft-Boiled|p1a: Blissey
|-heal|p1a: Blissey|100/100
|
|-weather|Sandstorm|[upkeep]
|-damage|p1a: Blissey|94/100|[from] Sandstorm
|-heal|p1a: Blissey|100/100|[from] item: Leftovers
|upkeep
|turn|38
|
|t:|1730493193
|switch|p1a: Starmie|Starmie|69/100
|move|p2a: Skarmory|Spikes|p1a: Starmie
|-sidestart|p1: Nardgo|Spikes
|
|-weather|Sandstorm|[upkeep]
|-damage|p1a: Starmie|63/100|[from] Sandstorm
|-heal|p1a: Starmie|69/100|[from] item: Leftovers
|upkeep
|turn|39
|
|t:|1730493199
|switch|p2a: Blissey|Blissey, F|67/100
|move|p1a: Starmie|Rapid Spin|p2a: Blissey
|-damage|p2a: Blissey|63/100
|-sideend|p1: Nardgo|Spikes|[from] move: Rapid Spin|[of] p1a: Starmie
|
|-weather|Sandstorm|[upkeep]
|-damage|p1a: Starmie|63/100|[from] Sandstorm
|-damage|p2a: Blissey|57/100|[from] Sandstorm
|-heal|p1a: Starmie|69/100|[from] item: Leftovers
|-heal|p2a: Blissey|63/100|[from] item: Leftovers
|upkeep
|turn|40
|
|t:|1730493205
|switch|p1a: Skarmory|Skarmory, M|100/100
|move|p2a: Blissey|Soft-Boiled|p2a: Blissey
|-heal|p2a: Blissey|100/100
|
|-weather|Sandstorm|[upkeep]
|-damage|p2a: Blissey|94/100|[from] Sandstorm
|-heal|p2a: Blissey|100/100|[from] item: Leftovers
|upkeep
|turn|41
|
|t:|1730493210
|switch|p2a: Skarmory|Skarmory, M|100/100
|move|p1a: Skarmory|Spikes|p2a: Skarmory
|-sidestart|p2: Elian|Spikes
|
|-weather|Sandstorm|[upkeep]
|upkeep
|turn|42
|
|t:|1730493212
|switch|p1a: Starmie|Starmie|69/100
|move|p2a: Skarmory|Spikes|p1a: Starmie
|-sidestart|p1: Nardgo|Spikes
|
|-weather|Sandstorm|[upkeep]
|-damage|p1a: Starmie|63/100|[from] Sandstorm
|-heal|p1a: Starmie|69/100|[from] item: Leftovers
|upkeep
|turn|43
|
|t:|1730493214
|move|p1a: Starmie|Rapid Spin|p2a: Skarmory
|-resisted|p2a: Skarmory
|-damage|p2a: Skarmory|99/100
|-sideend|p1: Nardgo|Spikes|[from] move: Rapid Spin|[of] p1a: Starmie
|move|p2a: Skarmory|Toxic|p1a: Starmie
|-status|p1a: Starmie|tox
|
|-weather|Sandstorm|[upkeep]
|-damage|p1a: Starmie|63/100 tox|[from] Sandstorm
|-heal|p1a: Starmie|69/100 tox|[from] item: Leftovers
|-damage|p1a: Starmie|63/100 tox|[from] psn
|-heal|p2a: Skarmory|100/100|[from] item: Leftovers
|upkeep
|turn|44
|
|t:|1730493223
|-curestatus|p1a: Starmie|tox|[from] ability: Natural Cure
|switch|p1a: Gengar|Gengar, F|100/100
|switch|p2a: Blissey|Blissey, F|100/100
|-damage|p2a: Blissey|88/100|[from] Spikes
|
|-weather|Sandstorm|[upkeep]
|-damage|p1a: Gengar|94/100|[from] Sandstorm
|-damage|p2a: Blissey|82/100|[from] Sandstorm
|-heal|p1a: Gengar|100/100|[from] item: Leftovers
|-heal|p2a: Blissey|88/100|[from] item: Leftovers
|upkeep
|turn|45
|
|t:|1730493228
|switch|p1a: Blissey|Blissey, F|100/100
|move|p2a: Blissey|Ice Beam|p1a: Blissey
|-damage|p1a: Blissey|91/100
|
|-weather|Sandstorm|[upkeep]
|-damage|p2a: Blissey|82/100|[from] Sandstorm
|-damage|p1a: Blissey|85/100|[from] Sandstorm
|-heal|p2a: Blissey|88/100|[from] item: Leftovers
|-heal|p1a: Blissey|91/100|[from] item: Leftovers
|upkeep
|turn|46
|
|t:|1730493232
|move|p2a: Blissey|Ice Beam|p1a: Blissey
|-damage|p1a: Blissey|80/100
|move|p1a: Blissey|Wish|p1a: Blissey
|
|-weather|Sandstorm|[upkeep]
|-damage|p2a: Blissey|82/100|[from] Sandstorm
|-damage|p1a: Blissey|74/100|[from] Sandstorm
|-heal|p2a: Blissey|88/100|[from] item: Leftovers
|-heal|p1a: Blissey|80/100|[from] item: Leftovers
|upkeep
|turn|47
|
|t:|1730493235
|switch|p1a: Starmie|Starmie|63/100
|move|p2a: Blissey|Seismic Toss|p1a: Starmie
|-damage|p1a: Starmie|25/100
|
|-heal|p1a: Starmie|75/100|[from] move: Wish|[wisher] Blissey
|-weather|Sandstorm|[upkeep]
|-damage|p1a: Starmie|68/100|[from] Sandstorm
|-damage|p2a: Blissey|82/100|[from] Sandstorm
|-heal|p1a: Starmie|75/100|[from] item: Leftovers
|-heal|p2a: Blissey|88/100|[from] item: Leftovers
|upkeep
|turn|48
|
|t:|1730493239
|switch|p1a: Blissey|Blissey, F|80/100
|move|p2a: Blissey|Seismic Toss|p1a: Blissey
|-damage|p1a: Blissey|65/100
|
|-weather|Sandstorm|[upkeep]
|-damage|p2a: Blissey|82/100|[from] Sandstorm
|-damage|p1a: Blissey|59/100|[from] Sandstorm
|-heal|p2a: Blissey|88/100|[from] item: Leftovers
|-heal|p1a: Blissey|65/100|[from] item: Leftovers
|upkeep
|turn|49
|
|t:|1730493247
|move|p2a: Blissey|Ice Beam|p1a: Blissey
|-damage|p1a: Blissey|54/100
|move|p1a: Blissey|Soft-Boiled|p1a: Blissey
|-heal|p1a: Blissey|100/100
|
|-weather|Sandstorm|[upkeep]
|-damage|p2a: Blissey|82/100|[from] Sandstorm
|-damage|p1a: Blissey|94/100|[from] Sandstorm
|-heal|p2a: Blissey|88/100|[from] item: Leftovers
|-heal|p1a: Blissey|100/100|[from] item: Leftovers
|upkeep
|turn|50
|c|☆Elian|do you know what is funny?
|c|☆Elian|I can't win now
|
|t:|1730493263
|move|p2a: Blissey|Seismic Toss|p1a: Blissey
|-damage|p1a: Blissey|85/100
|move|p1a: Blissey|Wish|p1a: Blissey
|
|-weather|Sandstorm|[upkeep]
|-damage|p2a: Blissey|82/100|[from] Sandstorm
|-damage|p1a: Blissey|79/100|[from] Sandstorm
|-heal|p2a: Blissey|88/100|[from] item: Leftovers
|-heal|p1a: Blissey|85/100|[from] item: Leftovers
|upkeep
|turn|51
|c|☆Nardgo|im sorry mate
|
|t:|1730493269
|switch|p1a: Starmie|Starmie|75/100
|move|p2a: Blissey|Seismic Toss|p1a: Starmie
|-damage|p1a: Starmie|36/100
|
|-heal|p1a: Starmie|86/100|[from] move: Wish|[wisher] Blissey
|-weather|Sandstorm|[upkeep]
|-damage|p1a: Starmie|80/100|[from] Sandstorm
|-damage|p2a: Blissey|82/100|[from] Sandstorm
|-heal|p1a: Starmie|86/100|[from] item: Leftovers
|-heal|p2a: Blissey|88/100|[from] item: Leftovers
|upkeep
|turn|52
|
|t:|1730493273
|switch|p1a: Blissey|Blissey, F|85/100
|move|p2a: Blissey|Ice Beam|p1a: Blissey
|-damage|p1a: Blissey|75/100
|
|-weather|Sandstorm|[upkeep]
|-damage|p2a: Blissey|82/100|[from] Sandstorm
|-damage|p1a: Blissey|69/100|[from] Sandstorm
|-heal|p2a: Blissey|88/100|[from] item: Leftovers
|-heal|p1a: Blissey|75/100|[from] item: Leftovers
|upkeep
|turn|53
|
|t:|1730493281
|move|p2a: Blissey|Seismic Toss|p1a: Blissey
|-damage|p1a: Blissey|60/100
|move|p1a: Blissey|Wish|p1a: Blissey
|
|-weather|Sandstorm|[upkeep]
|-damage|p2a: Blissey|82/100|[from] Sandstorm
|-damage|p1a: Blissey|53/100|[from] Sandstorm
|-heal|p2a: Blissey|88/100|[from] item: Leftovers
|-heal|p1a: Blissey|60/100|[from] item: Leftovers
|upkeep
|turn|54
|
|t:|1730493289
|switch|p1a: Skarmory|Skarmory, M|100/100
|move|p2a: Blissey|Seismic Toss|p1a: Skarmory
|-damage|p1a: Skarmory|71/100
|
|-heal|p1a: Skarmory|100/100|[from] move: Wish|[wisher] Blissey
|-weather|Sandstorm|[upkeep]
|-damage|p2a: Blissey|82/100|[from] Sandstorm
|-heal|p2a: Blissey|88/100|[from] item: Leftovers
|upkeep
|turn|55
|c|☆Elian|see?
|
|t:|1730493295
|move|p1a: Skarmory|Spikes|p2a: Blissey
|-sidestart|p2: Elian|Spikes
|move|p2a: Blissey|Ice Beam|p1a: Skarmory
|-damage|p1a: Skarmory|79/100
|
|-weather|Sandstorm|[upkeep]
|-damage|p2a: Blissey|82/100|[from] Sandstorm
|-heal|p1a: Skarmory|85/100|[from] item: Leftovers
|-heal|p2a: Blissey|88/100|[from] item: Leftovers
|upkeep
|turn|56
|c|☆Nardgo|yeah, I cant really accelerate it too much
|c|☆Nardgo|its gonna be a long one
|c|☆Nardgo|sorry
|
|t:|1730493311
|move|p1a: Skarmory|Spikes|p2a: Blissey
|-sidestart|p2: Elian|Spikes
|move|p2a: Blissey|Ice Beam|p1a: Skarmory
|-damage|p1a: Skarmory|60/100
|
|-weather|Sandstorm|[upkeep]
|-damage|p2a: Blissey|82/100|[from] Sandstorm
|-heal|p1a: Skarmory|66/100|[from] item: Leftovers
|-heal|p2a: Blissey|88/100|[from] item: Leftovers
|upkeep
|turn|57
|
|t:|1730493320
|switch|p1a: Blissey|Blissey, F|60/100
|move|p2a: Blissey|Ice Beam|p1a: Blissey
|-damage|p1a: Blissey|50/100
|
|-weather|Sandstorm|[upkeep]
|-damage|p2a: Blissey|82/100|[from] Sandstorm
|-damage|p1a: Blissey|43/100|[from] Sandstorm
|-heal|p2a: Blissey|88/100|[from] item: Leftovers
|-heal|p1a: Blissey|50/100|[from] item: Leftovers
|upkeep
|turn|58
|
|t:|1730493324
|move|p2a: Blissey|Seismic Toss|p1a: Blissey
|-damage|p1a: Blissey|34/100
|move|p1a: Blissey|Soft-Boiled|p1a: Blissey
|-heal|p1a: Blissey|84/100
|
|-weather|Sandstorm|[upkeep]
|-damage|p2a: Blissey|82/100|[from] Sandstorm
|-damage|p1a: Blissey|78/100|[from] Sandstorm
|-heal|p2a: Blissey|88/100|[from] item: Leftovers
|-heal|p1a: Blissey|84/100|[from] item: Leftovers
|upkeep
|turn|59
|
|t:|1730493331
|move|p2a: Blissey|Ice Beam|p1a: Blissey
|-damage|p1a: Blissey|73/100
|move|p1a: Blissey|Seismic Toss|p2a: Blissey
|-damage|p2a: Blissey|73/100
|
|-weather|Sandstorm|[upkeep]
|-damage|p2a: Blissey|67/100|[from] Sandstorm
|-damage|p1a: Blissey|67/100|[from] Sandstorm
|-heal|p2a: Blissey|73/100|[from] item: Leftovers
|-heal|p1a: Blissey|73/100|[from] item: Leftovers
|upkeep
|turn|60
|
|t:|1730493334
|move|p2a: Blissey|Seismic Toss|p1a: Blissey
|-damage|p1a: Blissey|58/100
|move|p1a: Blissey|Seismic Toss|p2a: Blissey
|-damage|p2a: Blissey|57/100
|
|-weather|Sandstorm|[upkeep]
|-damage|p2a: Blissey|51/100|[from] Sandstorm
|-damage|p1a: Blissey|52/100|[from] Sandstorm
|-heal|p2a: Blissey|57/100|[from] item: Leftovers
|-heal|p1a: Blissey|58/100|[from] item: Leftovers
|upkeep
|turn|61
|
|t:|1730493336
|move|p2a: Blissey|Soft-Boiled|p2a: Blissey
|-heal|p2a: Blissey|100/100
|move|p1a: Blissey|Soft-Boiled|p1a: Blissey
|-heal|p1a: Blissey|100/100
|
|-weather|Sandstorm|[upkeep]
|-damage|p2a: Blissey|94/100|[from] Sandstorm
|-damage|p1a: Blissey|94/100|[from] Sandstorm
|-heal|p2a: Blissey|100/100|[from] item: Leftovers
|-heal|p1a: Blissey|100/100|[from] item: Leftovers
|upkeep
|turn|62
|
|t:|1730493343
|move|p2a: Blissey|Seismic Toss|p1a: Blissey
|-damage|p1a: Blissey|85/100
|move|p1a: Blissey|Wish|p1a: Blissey
|
|-weather|Sandstorm|[upkeep]
|-damage|p2a: Blissey|94/100|[from] Sandstorm
|-damage|p1a: Blissey|79/100|[from] Sandstorm
|-heal|p2a: Blissey|100/100|[from] item: Leftovers
|-heal|p1a: Blissey|85/100|[from] item: Leftovers
|upkeep
|turn|63
|
|t:|1730493346
|switch|p1a: Skarmory|Skarmory, M|66/100
|move|p2a: Blissey|Seismic Toss|p1a: Skarmory
|-damage|p1a: Skarmory|36/100
|
|-heal|p1a: Skarmory|86/100|[from] move: Wish|[wisher] Blissey
|-weather|Sandstorm|[upkeep]
|-damage|p2a: Blissey|94/100|[from] Sandstorm
|-heal|p1a: Skarmory|92/100|[from] item: Leftovers
|-heal|p2a: Blissey|100/100|[from] item: Leftovers
|upkeep
|turn|64
|
|t:|1730493349
|move|p1a: Skarmory|Toxic|p2a: Blissey
|-status|p2a: Blissey|tox
|move|p2a: Blissey|Ice Beam|p1a: Skarmory
|-damage|p1a: Skarmory|69/100
|
|-weather|Sandstorm|[upkeep]
|-damage|p2a: Blissey|94/100 tox|[from] Sandstorm
|-heal|p1a: Skarmory|75/100|[from] item: Leftovers
|-heal|p2a: Blissey|100/100 tox|[from] item: Leftovers
|-damage|p2a: Blissey|94/100 tox|[from] psn
|upkeep
|turn|65
|c|☆Elian|give me a freeze
|c|☆Elian|lol
|
|t:|1730493358
|switch|p1a: Blissey|Blissey, F|85/100
|move|p2a: Blissey|Ice Beam|p1a: Blissey
|-damage|p1a: Blissey|75/100
|
|-weather|Sandstorm|[upkeep]
|-damage|p2a: Blissey|88/100 tox|[from] Sandstorm
|-damage|p1a: Blissey|69/100|[from] Sandstorm
|-heal|p2a: Blissey|94/100 tox|[from] item: Leftovers
|-damage|p2a: Blissey|82/100 tox|[from] psn
|-heal|p1a: Blissey|75/100|[from] item: Leftovers
|upkeep
|turn|66
|
|t:|1730493363
|-curestatus|p2a: Blissey|tox|[from] ability: Natural Cure
|switch|p2a: Skarmory|Skarmory, M|100/100
|move|p1a: Blissey|Seismic Toss|p2a: Skarmory
|-damage|p2a: Skarmory|71/100
|
|-weather|Sandstorm|[upkeep]
|-damage|p1a: Blissey|69/100|[from] Sandstorm
|-heal|p2a: Skarmory|77/100|[from] item: Leftovers
|-heal|p1a: Blissey|75/100|[from] item: Leftovers
|upkeep
|turn|67
|
|t:|1730493368
|switch|p1a: Starmie|Starmie|86/100
|move|p2a: Skarmory|Spikes|p1a: Starmie
|-sidestart|p1: Nardgo|Spikes
|
|-weather|Sandstorm|[upkeep]
|-damage|p1a: Starmie|80/100|[from] Sandstorm
|-heal|p1a: Starmie|86/100|[from] item: Leftovers
|-heal|p2a: Skarmory|83/100|[from] item: Leftovers
|upkeep
|turn|68
|
|t:|1730493370
|move|p1a: Starmie|Thunderbolt|p2a: Skarmory
|-supereffective|p2a: Skarmory
|-crit|p2a: Skarmory
|-damage|p2a: Skarmory|0 fnt
|faint|p2a: Skarmory
|c|☆Elian|yeah
|c|☆Elian|supper funnt
|c|☆Nardgo|that's probably it
|c|☆Elian|I play better
|c|☆Nardgo|though I think it was already cooked
|c|☆Elian|and I get this
|
|t:|1730493388
|switch|p2a: Aerodactyl|Aerodactyl, M|100/100
|
|-weather|Sandstorm|[upkeep]
|-damage|p1a: Starmie|80/100|[from] Sandstorm
|-heal|p1a: Starmie|86/100|[from] item: Leftovers
|upkeep
|turn|69
|
|t:|1730493393
|switch|p1a: Skarmory|Skarmory, M|75/100
|move|p2a: Aerodactyl|Rock Slide|p1a: Skarmory|[miss]
|-miss|p2a: Aerodactyl|p1a: Skarmory
|
|-weather|Sandstorm|[upkeep]
|-heal|p1a: Skarmory|81/100|[from] item: Leftovers
|upkeep
|turn|70
|c|☆Elian|yup
|
|t:|1730493398
|move|p2a: Aerodactyl|Rock Slide|p1a: Skarmory
|-damage|p1a: Skarmory|39/100
|move|p1a: Skarmory|Toxic|p2a: Aerodactyl
|-status|p2a: Aerodactyl|tox
|
|-weather|Sandstorm|[upkeep]
|-damage|p2a: Aerodactyl|95/100 tox|[from] psn
|-heal|p1a: Skarmory|45/100|[from] item: Leftovers
|upkeep
|turn|71
|
|t:|1730493403
|switch|p1a: Swampert|Swampert, M|100/100
|-damage|p1a: Swampert|88/100|[from] Spikes
|move|p2a: Aerodactyl|Rock Slide|p1a: Swampert
|-resisted|p1a: Swampert
|-damage|p1a: Swampert|70/100
|
|-weather|Sandstorm|[upkeep]
|-damage|p2a: Aerodactyl|83/100 tox|[from] psn
|-heal|p1a: Swampert|76/100|[from] item: Leftovers
|upkeep
|turn|72
|c|☆Elian|that slide kills
|c|☆Elian|but nah
|c|☆Elian|miss is better
|c|☆Elian|right?
|
|t:|1730493417
|switch|p2a: Swampert|Swampert, F|58/100
|-damage|p2a: Swampert|33/100|[from] Spikes
|move|p1a: Swampert|Curse|p1a: Swampert
|-unboost|p1a: Swampert|spe|1
|-boost|p1a: Swampert|atk|1
|-boost|p1a: Swampert|def|1
|
|-weather|Sandstorm|[upkeep]
|-heal|p2a: Swampert|40/100|[from] item: Leftovers
|-heal|p1a: Swampert|82/100|[from] item: Leftovers
|upkeep
|turn|73
|
|t:|1730493420
|move|p2a: Swampert|Curse|p2a: Swampert
|-unboost|p2a: Swampert|spe|1
|-boost|p2a: Swampert|atk|1
|-boost|p2a: Swampert|def|1
|move|p1a: Swampert|Earthquake|p2a: Swampert
|-damage|p2a: Swampert|11/100
|
|-weather|Sandstorm|[upkeep]
|-heal|p2a: Swampert|17/100|[from] item: Leftovers
|-heal|p1a: Swampert|88/100|[from] item: Leftovers
|upkeep
|turn|74
|
|t:|1730493423
|move|p1a: Swampert|Earthquake|p2a: Swampert
|-damage|p2a: Swampert|0 fnt
|faint|p2a: Swampert
|c|☆Elian|and a speed tie
|c|☆Elian|bg
|-message|Elian forfeited.
|
|win|Nardgo
|c|☆Nardgo|still hard for you to break through pert
|c|☆Elian|i'm mad
|c|☆Nardgo|I know
|c|☆Nardgo|GG
|c|☆Elian|bg
|c|☆Elian|you literally won because the game said that
|c|☆Elian|MU was hard
|c|☆Elian|and all misses
|c|☆Elian|was really stupid
|c|☆Nardgo|Idk man, if you have a bad matchup into big 5 starmie, i think the team is bad.  That's like the most common team
|c|☆Elian|the team is good
|c|☆Elian|we can rematch if you want
|c|☆Elian|you already won
|c|☆Elian|so it won't affect
|c|☆Nardgo|I gotta get back to work unfort
|c|☆Nardgo|If you want, you can add me and we can maybe play another time
|c|☆Elian|then don't try to justifiy your win
|c|☆Elian|it 's not your fault get lucky
|c|+Gallinova|,
|c|☆Elian|but the game would change
|c|+Gallinova|ya dejalo
|c|☆Elian|CALLATE
|c|☆Elian|ESTOY ENOJADO
|c|+Gallinova|ik
|c|+Gallinova|pero no hables aqui
|c|☆Elian|que
|c|☆Elian|te
|c|☆Elian|calles
|c|+Gallinova|no ganas nada aparte igual
|c|☆Elian|que
|c|☆Elian|te
|c|☆Elian|vayas
|c|☆Elian|dejame
|c|☆Elian|desahogarme
|c|+Gallinova|vamos a ver monas chinas mejor amigo elian
|c|☆Elian|largo
|c|☆Elian|anyway nardgo
|c|☆Elian|all the hax against zapdos
|c|☆Elian|was really important
|c|☆Elian|you threw your ttar
|c|☆Elian|after that
|c|☆Elian|you can't kill zap without luck
|c|☆Nardgo|Yeah, I agree I got lucky against zap, but I am saying a lot of the stuff after didnt matter
|c|☆Nardgo|I think you were cooked once zap was down
|c|☆Elian|ik
|c|☆Nardgo|even if Aero slides hit, it wasnt getting past pert
|c|☆Elian|but I had a chance
|c|☆Elian|skarm is rest
|c|☆Elian|I can keep it healthy
|c|☆Elian|but the game decide you deserve another crit
|c|☆Nardgo|sure but gengar and starmie both threaten it, and you run out of aroma eventually
|c|☆Elian|I'm sure
|c|☆Elian|but still being unfair
|c|☆Elian|cause eventually
|c|☆Elian|you lose skarm
|c|☆Elian|and then aero can clutch
|c|☆Nardgo|anyhow, hope your luck improves in the future and you can make the knockout round
|c|☆Elian|I will probably
|c|☆Elian|if I don't get unlucky
|c|☆Elian|as always
|c|☆Elian|but btw
|c|☆Elian|I'm not blaiming you
|c|☆Elian|just tu be clear
|c|☆Elian|not your fault again
|c|☆Nardgo|I know, it's frustrating when you get unlucky, especially with high stakes
|c|☆Elian|this is not high
|c|☆Nardgo|higher stakes than ladder i guess is all I mean
|c|☆Elian|I don't think this is higher than ladder
|c|☆Nardgo|That's fair too, I really gotta sign out tho.  See you around
|c|☆Elian|cya
|player|p1|

</script>
<script type="application/json" class="data" id="replaydata-smogtours-gen3ou-803799">
{"id":"smogtours-gen3ou-803799","format":"[Gen 3] OU","players":["Nardgo","Elian"],"uploadtime":1730493431,"views":76,"formatid":"gen3ou","rating":null,"private":0,"password":null}
</script>

<script defer src="js/replays.js?9d40a366"></script>
