<!DOCTYPE html>
<meta charset="utf-8" />
<meta name="viewport" content="width=device-width" />

<title>[Gen 3] OU: Caloominum vs. singingcrow - Replays - Pok&eacute;mon Showdown!</title>

<meta name="description" content="Watch a replay of a Pok&eacute;mon battle between Caloominum and singingcrow! Format: [Gen 3] OU; Date: Oct 15, 2024" />
<!--

Hey, you! Looking in the source for the replay log?

You can find them in JSON format, just add `.json` at the end of a replay URL.

https://replay.pokemonshowdown.com/gen7randomdoublesbattle-865046831.json

Or, if you only need the log itself, add `.log` instead:

https://replay.pokemonshowdown.com/gen7randomdoublesbattle-865046831.log

-->

<link rel="stylesheet" href="//pokemonshowdown.com/style/global.css?0.767286132409787" />
<link rel="stylesheet" href="//play.pokemonshowdown.com/style/font-awesome.css?0.9266228007934947" />
<link rel="stylesheet" href="//play.pokemonshowdown.com/style/battle.css?0.7924700842790926" />
<link rel="stylesheet" href="//play.pokemonshowdown.com/style/utilichart.css?0.8777417872839479" />

<!-- Global site tag (gtag.js) - Google Analytics -->
<script async src="https://www.googletagmanager.com/gtag/js?id=UA-26211653-1"></script>
<script>
  window.dataLayer = window.dataLayer || [];
  function gtag(){dataLayer.push(arguments);}
  gtag('js', new Date());

  gtag('config', 'UA-26211653-1');
</script>
<!-- End Google Analytics -->
<!-- Venatus Ad Manager - Install in <HEAD> of page -->
	<script src="https://hb.vntsm.com/v3/live/ad-manager.min.js" type="text/javascript" data-site-id="642aba63ec9a7b11c3c9c1be" data-mode="scan" async></script>
<!-- / Venatus Ad Manager -->

<style>
	@media (max-width:820px) {
		.battle {
			margin: 0 auto;
		}
		.battle-log {
			margin: 7px auto 0;
			max-width: 640px;
			height: 300px;
			position: static;
		}
	}
	.optgroup {
		display: inline-block;
		line-height: 22px;
		font-size: 10pt;
	}
	.optgroup .button {
		height: 25px;
		padding-top: 0;
		padding-bottom: 0;
	}
	.optgroup button.button {
		padding-left: 12px;
		padding-right: 12px;
	}
	.linklist {
		list-style: none;
		margin: 0.5em 0;
		padding: 0;
	}
	.linklist li {
		padding: 2px 0;
	}
	.sidebar {
		float: left;
		width: 320px;
	}
	.bar-wrapper {
		max-width: 1100px;
		margin: 0 auto;
	}
	.bar-wrapper.has-sidebar {
		max-width: 1430px;
	}
	.mainbar {
		margin: 0;
		padding-right: 1px;
	}
	.mainbar.has-sidebar {
		margin-left: 330px;
	}
	@media (min-width: 1511px) {
		.sidebar {
			width: 400px;
		}
		.bar-wrapper.has-sidebar {
			max-width: 1510px;
		}
		.mainbar.has-sidebar {
			margin-left: 410px;
		}
	}
	.section.first-section {
		margin-top: 9px;
	}
	.blocklink small {
		white-space: normal;
	}
	.button {
		vertical-align: middle;
	}
	.replay-controls {
		padding-top: 10px;
	}
	.replay-controls h1 {
		font-size: 16pt;
		font-weight: normal;
		color: #CCC;
	}
	.pagelink {
		text-align: center;
	}
	.pagelink a {
		width: 150px;
	}
	.textbox, .button {
		font-size: 11pt;
		vertical-align: middle;
	}
	@media (max-width: 450px) {
		.button {
			font-size: 9pt;
		}
	}
</style>

<div>

	<header>
		<div class="nav-wrapper"><ul class="nav">
			<li><a class="button nav-first" href="//pokemonshowdown.com/"><img src="//pokemonshowdown.com/images/pokemonshowdownbeta.png" srcset="//pokemonshowdown.com/images/pokemonshowdownbeta.png 1x, //pokemonshowdown.com/images/pokemonshowdownbeta@2x.png 2x" alt="Pok&eacute;mon Showdown" width="146" height="44" /> Home</a></li>
			<li><a class="button" href="//pokemonshowdown.com/dex/">Pok&eacute;dex</a></li>
			<li><a class="button cur" href="/">Replays</a></li>
			<li><a class="button" href="//pokemonshowdown.com/ladder/">Ladder</a></li>
			<li><a class="button nav-last" href="//pokemonshowdown.com/forums/">Forum</a></li>
			<li><a class="button greenbutton nav-first nav-last" href="//play.pokemonshowdown.com/">Play</a></li>
		</ul></div>
	</header>

	<div class="main" id="main">

		<noscript><section class="section">You need to enable JavaScript to use this page; sorry!</section></noscript>

	</div>

</div>

<script defer nomodule src="//play.pokemonshowdown.com/js/lib/ps-polyfill.js"></script>
<script defer src="//play.pokemonshowdown.com/js/lib/preact.min.js"></script>

<script defer src="//play.pokemonshowdown.com/config/config.js?6dec07f6"></script>
<script defer src="//play.pokemonshowdown.com/js/lib/jquery-1.11.0.min.js"></script>
<script defer src="//play.pokemonshowdown.com/js/lib/html-sanitizer-minified.js"></script>
<script defer src="//play.pokemonshowdown.com/js/battle-sound.js"></script>
<script defer src="//play.pokemonshowdown.com/js/battledata.js?0.6315294753075389"></script>
<script defer src="//play.pokemonshowdown.com/data/pokedex-mini.js?0.7603743185311358"></script>
<script defer src="//play.pokemonshowdown.com/data/pokedex-mini-bw.js?0.030888842834281283"></script>
<script defer src="//play.pokemonshowdown.com/data/graphics.js?0.05593094747507488"></script>
<script defer src="//play.pokemonshowdown.com/data/pokedex.js?0.47064822249611904"></script>
<script defer src="//play.pokemonshowdown.com/data/moves.js?0.8583693120512459"></script>
<script defer src="//play.pokemonshowdown.com/data/abilities.js?0.16017181182386842"></script>
<script defer src="//play.pokemonshowdown.com/data/items.js?0.4163379185673943"></script>
<script defer src="//play.pokemonshowdown.com/data/teambuilder-tables.js?0.31075597372830477"></script>
<script defer src="//play.pokemonshowdown.com/js/battle-tooltips.js?0.6536193500708172"></script>
<script defer src="//play.pokemonshowdown.com/js/battle.js?0.1916591943277901"></script>

<script defer src="js/utils.js?e31f9a17"></script>
<script defer src="js/replays-battle.js?7008c182"></script>

<!-- don't scrape this data! just add .json or .log after the URL!
Full API docs: https://github.com/smogon/pokemon-showdown-client/blob/master/WEB-API.md -->
<script type="text/plain" class="log" id="replaylog-smogtours-gen3ou-798938">
|inactive|Battle timer is ON: inactive players will automatically lose when time's up.
|t:|1729016099
|gametype|singles
|player|p1|Caloominum|#advpliii|
|player|p2|singingcrow|hiker-gen4|
|teamsize|p1|6
|teamsize|p2|6
|gen|3
|tier|[Gen 3] OU
|rule|Sleep Clause Mod: Limit one foe put to sleep
|rule|Switch Priority Clause Mod: Faster Pokémon switch first
|rule|Species Clause: Limit one of each Pokémon
|rule|OHKO Clause: OHKO moves are banned
|rule|Evasion Items Clause: Evasion items are banned
|rule|Evasion Moves Clause: Evasion moves are banned
|rule|Endless Battle Clause: Forcing endless battles is banned
|rule|HP Percentage Mod: HP is shown in percentages
|rule|One Boost Passer Clause: Limit one Baton Passer that has a way to boost its stats
|rule|Freeze Clause Mod: Limit one foe frozen
|
|t:|1729016099
|start
|switch|p1a: Skarmory|Skarmory, M|100/100
|switch|p2a: Tyranitar|Tyranitar, M|100/100
|-weather|Sandstorm|[from] ability: Sand Stream|[of] p2a: Tyranitar
|turn|1
|
|t:|1729016114
|move|p2a: Tyranitar|Fire Blast|p1a: Skarmory|[miss]
|-miss|p2a: Tyranitar|p1a: Skarmory
|move|p1a: Skarmory|Spikes|p2a: Tyranitar
|-sidestart|p2: singingcrow|Spikes
|
|-weather|Sandstorm|[upkeep]
|upkeep
|turn|2
|
|t:|1729016120
|move|p2a: Tyranitar|Fire Blast|p1a: Skarmory
|-supereffective|p1a: Skarmory
|-damage|p1a: Skarmory|39/100
|move|p1a: Skarmory|Toxic|p2a: Tyranitar
|-status|p2a: Tyranitar|tox
|
|-weather|Sandstorm|[upkeep]
|-damage|p2a: Tyranitar|94/100 tox|[from] psn
|-heal|p1a: Skarmory|45/100|[from] item: Leftovers
|upkeep
|turn|3
|
|t:|1729016126
|switch|p2a: Forretress|Forretress, F|100/100
|-damage|p2a: Forretress|88/100|[from] Spikes
|move|p1a: Skarmory|Protect||[still]
|-fail|p1a: Skarmory
|
|-weather|Sandstorm|[upkeep]
|-heal|p1a: Skarmory|51/100|[from] item: Leftovers
|-heal|p2a: Forretress|94/100|[from] item: Leftovers
|upkeep
|turn|4
|
|t:|1729016129
|switch|p1a: Magneton|Magneton|100/100
|move|p2a: Forretress|Spikes|p1a: Magneton
|-sidestart|p1: Caloominum|Spikes
|
|-weather|Sandstorm|[upkeep]
|-heal|p2a: Forretress|100/100|[from] item: Leftovers
|upkeep
|turn|5
|
|t:|1729016132
|move|p1a: Magneton|Hidden Power|p2a: Forretress
|-supereffective|p2a: Forretress
|-damage|p2a: Forretress|9/100
|move|p2a: Forretress|Counter|p1a: Magneton
|-damage|p1a: Magneton|0 fnt
|faint|p1a: Magneton
|
|t:|1729016137
|switch|p1a: Tyranitar|Tyranitar, F|100/100
|-damage|p1a: Tyranitar|88/100|[from] Spikes
|
|-weather|Sandstorm|[upkeep]
|-heal|p1a: Tyranitar|94/100|[from] item: Leftovers
|-heal|p2a: Forretress|15/100|[from] item: Leftovers
|upkeep
|turn|6
|
|t:|1729016142
|switch|p2a: Dugtrio|Dugtrio, F|100/100
|-damage|p2a: Dugtrio|88/100|[from] Spikes
|move|p1a: Tyranitar|Crunch|p2a: Dugtrio
|-damage|p2a: Dugtrio|22/100
|
|-weather|Sandstorm|[upkeep]
|-heal|p1a: Tyranitar|100/100|[from] item: Leftovers
|upkeep
|turn|7
|
|t:|1729016145
|move|p2a: Dugtrio|Earthquake|p1a: Tyranitar
|-supereffective|p1a: Tyranitar
|-crit|p1a: Tyranitar
|-damage|p1a: Tyranitar|0 fnt
|faint|p1a: Tyranitar
|
|t:|1729016148
|switch|p1a: Skarmory|Skarmory, M|51/100
|
|-weather|Sandstorm|[upkeep]
|-heal|p1a: Skarmory|57/100|[from] item: Leftovers
|upkeep
|turn|8
|
|t:|1729016152
|switch|p2a: Tyranitar|Tyranitar, M|94/100 tox
|-damage|p2a: Tyranitar|82/100 tox|[from] Spikes
|move|p1a: Skarmory|Spikes|p2a: Tyranitar
|-sidestart|p2: singingcrow|Spikes
|
|-weather|Sandstorm|[upkeep]
|-heal|p2a: Tyranitar|88/100 tox|[from] item: Leftovers
|-damage|p2a: Tyranitar|82/100 tox|[from] psn
|-heal|p1a: Skarmory|63/100|[from] item: Leftovers
|upkeep
|turn|9
|
|t:|1729016155
|move|p1a: Skarmory|Protect|p1a: Skarmory
|-singleturn|p1a: Skarmory|Protect
|move|p2a: Tyranitar|Fire Blast|p1a: Skarmory
|-activate|p1a: Skarmory|Protect
|
|-weather|Sandstorm|[upkeep]
|-heal|p2a: Tyranitar|88/100 tox|[from] item: Leftovers
|-damage|p2a: Tyranitar|76/100 tox|[from] psn
|-heal|p1a: Skarmory|69/100|[from] item: Leftovers
|upkeep
|turn|10
|
|t:|1729016157
|switch|p1a: Blissey|Blissey, F|100/100
|-damage|p1a: Blissey|88/100|[from] Spikes
|move|p2a: Tyranitar|Fire Blast|p1a: Blissey|[miss]
|-miss|p2a: Tyranitar|p1a: Blissey
|
|-weather|Sandstorm|[upkeep]
|-damage|p1a: Blissey|82/100|[from] Sandstorm
|-heal|p2a: Tyranitar|82/100 tox|[from] item: Leftovers
|-damage|p2a: Tyranitar|63/100 tox|[from] psn
|-heal|p1a: Blissey|88/100|[from] item: Leftovers
|upkeep
|turn|11
|
|t:|1729016161
|switch|p2a: Snorlax|Snorlax, F|100/100
|-damage|p2a: Snorlax|84/100|[from] Spikes
|move|p1a: Blissey|Wish|p1a: Blissey
|
|-weather|Sandstorm|[upkeep]
|-damage|p1a: Blissey|82/100|[from] Sandstorm
|-damage|p2a: Snorlax|78/100|[from] Sandstorm
|-heal|p1a: Blissey|88/100|[from] item: Leftovers
|-heal|p2a: Snorlax|84/100|[from] item: Leftovers
|upkeep
|turn|12
|
|t:|1729016171
|switch|p1a: Skarmory|Skarmory, M|69/100
|move|p2a: Snorlax|Curse|p2a: Snorlax
|-unboost|p2a: Snorlax|spe|1
|-boost|p2a: Snorlax|atk|1
|-boost|p2a: Snorlax|def|1
|
|-heal|p1a: Skarmory|100/100|[from] move: Wish|[wisher] Blissey
|-weather|Sandstorm|[upkeep]
|-damage|p2a: Snorlax|78/100|[from] Sandstorm
|-heal|p2a: Snorlax|84/100|[from] item: Leftovers
|upkeep
|turn|13
|
|t:|1729016175
|move|p1a: Skarmory|Spikes|p2a: Snorlax
|-sidestart|p2: singingcrow|Spikes
|move|p2a: Snorlax|Return|p1a: Skarmory
|-resisted|p1a: Skarmory
|-damage|p1a: Skarmory|77/100
|
|-weather|Sandstorm|[upkeep]
|-damage|p2a: Snorlax|78/100|[from] Sandstorm
|-heal|p1a: Skarmory|83/100|[from] item: Leftovers
|-heal|p2a: Snorlax|84/100|[from] item: Leftovers
|upkeep
|turn|14
|
|t:|1729016179
|move|p1a: Skarmory|Protect|p1a: Skarmory
|-singleturn|p1a: Skarmory|Protect
|move|p2a: Snorlax|Return|p1a: Skarmory
|-activate|p1a: Skarmory|Protect
|
|-weather|Sandstorm|[upkeep]
|-damage|p2a: Snorlax|78/100|[from] Sandstorm
|-heal|p1a: Skarmory|89/100|[from] item: Leftovers
|-heal|p2a: Snorlax|84/100|[from] item: Leftovers
|upkeep
|turn|15
|
|t:|1729016181
|move|p2a: Snorlax|Return|p1a: Skarmory
|-resisted|p1a: Skarmory
|-damage|p1a: Skarmory|65/100
|move|p1a: Skarmory|Roar|p2a: Snorlax
|drag|p2a: Aerodactyl|Aerodactyl, F|100/100
|
|-weather|Sandstorm|[upkeep]
|-heal|p1a: Skarmory|71/100|[from] item: Leftovers
|upkeep
|turn|16
|
|t:|1729016185
|move|p1a: Skarmory|Protect|p1a: Skarmory
|-singleturn|p1a: Skarmory|Protect
|move|p2a: Aerodactyl|Substitute|p2a: Aerodactyl
|-start|p2a: Aerodactyl|Substitute
|-damage|p2a: Aerodactyl|76/100
|
|-weather|Sandstorm|[upkeep]
|-heal|p2a: Aerodactyl|82/100|[from] item: Leftovers
|-heal|p1a: Skarmory|77/100|[from] item: Leftovers
|upkeep
|turn|17
|
|t:|1729016190
|move|p2a: Aerodactyl|Rock Slide|p1a: Skarmory|[miss]
|-miss|p2a: Aerodactyl|p1a: Skarmory
|move|p1a: Skarmory|Roar|p2a: Aerodactyl
|drag|p2a: Forretress|Forretress, F|15/100
|-damage|p2a: Forretress|0 fnt|[from] Spikes
|faint|p2a: Forretress
|
|t:|1729016201
|switch|p2a: Tyranitar|Tyranitar, M|63/100 tox
|-damage|p2a: Tyranitar|38/100 tox|[from] Spikes
|
|-weather|Sandstorm|[upkeep]
|-heal|p2a: Tyranitar|44/100 tox|[from] item: Leftovers
|-damage|p2a: Tyranitar|38/100 tox|[from] psn
|-heal|p1a: Skarmory|83/100|[from] item: Leftovers
|upkeep
|turn|18
|
|t:|1729016204
|move|p1a: Skarmory|Protect|p1a: Skarmory
|-singleturn|p1a: Skarmory|Protect
|move|p2a: Tyranitar|Fire Blast|p1a: Skarmory
|-activate|p1a: Skarmory|Protect
|
|-weather|Sandstorm|[upkeep]
|-heal|p2a: Tyranitar|44/100 tox|[from] item: Leftovers
|-damage|p2a: Tyranitar|32/100 tox|[from] psn
|-heal|p1a: Skarmory|89/100|[from] item: Leftovers
|upkeep
|turn|19
|
|t:|1729016206
|-activate|p1a: Skarmory|move: Pursuit
|move|p2a: Tyranitar|Pursuit|p1a: Skarmory|[from]Pursuit
|-resisted|p1a: Skarmory
|-damage|p1a: Skarmory|73/100
|switch|p1a: Blissey|Blissey, F|88/100
|-damage|p1a: Blissey|76/100|[from] Spikes
|
|-weather|Sandstorm|[upkeep]
|-damage|p1a: Blissey|69/100|[from] Sandstorm
|-heal|p2a: Tyranitar|38/100 tox|[from] item: Leftovers
|-damage|p2a: Tyranitar|19/100 tox|[from] psn
|-heal|p1a: Blissey|76/100|[from] item: Leftovers
|upkeep
|turn|20
|
|t:|1729016209
|move|p2a: Tyranitar|Crunch|p1a: Blissey
|-damage|p1a: Blissey|62/100
|move|p1a: Blissey|Soft-Boiled|p1a: Blissey
|-heal|p1a: Blissey|100/100
|
|-weather|Sandstorm|[upkeep]
|-damage|p1a: Blissey|94/100|[from] Sandstorm
|-heal|p2a: Tyranitar|26/100 tox|[from] item: Leftovers
|-damage|p2a: Tyranitar|1/100 tox|[from] psn
|-heal|p1a: Blissey|100/100|[from] item: Leftovers
|upkeep
|turn|21
|
|t:|1729016216
|switch|p2a: Snorlax|Snorlax, F|84/100
|-damage|p2a: Snorlax|59/100|[from] Spikes
|move|p1a: Blissey|Wish|p1a: Blissey
|
|-weather|Sandstorm|[upkeep]
|-damage|p1a: Blissey|94/100|[from] Sandstorm
|-damage|p2a: Snorlax|53/100|[from] Sandstorm
|-heal|p1a: Blissey|100/100|[from] item: Leftovers
|-heal|p2a: Snorlax|59/100|[from] item: Leftovers
|upkeep
|turn|22
|
|t:|1729016221
|switch|p1a: Skarmory|Skarmory, M|73/100
|move|p2a: Snorlax|Curse|p2a: Snorlax
|-unboost|p2a: Snorlax|spe|1
|-boost|p2a: Snorlax|atk|1
|-boost|p2a: Snorlax|def|1
|
|-heal|p1a: Skarmory|100/100|[from] move: Wish|[wisher] Blissey
|-weather|Sandstorm|[upkeep]
|-damage|p2a: Snorlax|53/100|[from] Sandstorm
|-heal|p2a: Snorlax|59/100|[from] item: Leftovers
|upkeep
|turn|23
|
|t:|1729016225
|move|p2a: Snorlax|Return|p1a: Skarmory
|-resisted|p1a: Skarmory
|-damage|p1a: Skarmory|75/100
|move|p1a: Skarmory|Roar|p2a: Snorlax
|drag|p2a: Tyranitar|Tyranitar, M|1/100 tox
|-damage|p2a: Tyranitar|0 fnt|[from] Spikes
|faint|p2a: Tyranitar
|
|t:|1729016232
|switch|p2a: Suicune|Suicune|100/100
|-damage|p2a: Suicune|76/100|[from] Spikes
|
|-weather|Sandstorm|[upkeep]
|-damage|p2a: Suicune|69/100|[from] Sandstorm
|-heal|p2a: Suicune|76/100|[from] item: Leftovers
|-heal|p1a: Skarmory|81/100|[from] item: Leftovers
|upkeep
|turn|24
|
|t:|1729016236
|move|p2a: Suicune|Roar|p1a: Skarmory
|drag|p1a: Metagross|Metagross|100/100
|-damage|p1a: Metagross|88/100|[from] Spikes
|
|-weather|Sandstorm|[upkeep]
|-damage|p2a: Suicune|69/100|[from] Sandstorm
|-heal|p2a: Suicune|76/100|[from] item: Leftovers
|-heal|p1a: Metagross|94/100|[from] item: Leftovers
|upkeep
|turn|25
|
|t:|1729016241
|switch|p2a: Dugtrio|Dugtrio, F|22/100
|-damage|p2a: Dugtrio|0 fnt|[from] Spikes
|faint|p2a: Dugtrio
|
|t:|1729016242
|switch|p2a: Aerodactyl|Aerodactyl, F|82/100
|
|-weather|Sandstorm|[upkeep]
|-heal|p2a: Aerodactyl|88/100|[from] item: Leftovers
|-heal|p1a: Metagross|99/100|[from] item: Leftovers
|upkeep
|turn|26
|
|t:|1729016246
|switch|p1a: Skarmory|Skarmory, M|81/100
|move|p2a: Aerodactyl|Substitute|p2a: Aerodactyl
|-start|p2a: Aerodactyl|Substitute
|-damage|p2a: Aerodactyl|63/100
|
|-weather|Sandstorm|[upkeep]
|-heal|p2a: Aerodactyl|69/100|[from] item: Leftovers
|-heal|p1a: Skarmory|87/100|[from] item: Leftovers
|upkeep
|turn|27
|
|t:|1729016248
|move|p2a: Aerodactyl|Rock Slide|p1a: Skarmory
|-damage|p1a: Skarmory|59/100
|cant|p1a: Skarmory|flinch
|
|-weather|Sandstorm|[upkeep]
|-heal|p2a: Aerodactyl|75/100|[from] item: Leftovers
|-heal|p1a: Skarmory|65/100|[from] item: Leftovers
|upkeep
|turn|28
|
|t:|1729016253
|move|p2a: Aerodactyl|Rock Slide|p1a: Skarmory
|-crit|p1a: Skarmory
|-damage|p1a: Skarmory|12/100
|move|p1a: Skarmory|Roar|p2a: Aerodactyl
|drag|p2a: Suicune|Suicune|76/100
|-damage|p2a: Suicune|51/100|[from] Spikes
|
|-weather|Sandstorm|[upkeep]
|-damage|p2a: Suicune|44/100|[from] Sandstorm
|-heal|p2a: Suicune|51/100|[from] item: Leftovers
|-heal|p1a: Skarmory|18/100|[from] item: Leftovers
|upkeep
|turn|29
|
|t:|1729016261
|switch|p1a: Blissey|Blissey, F|100/100
|-damage|p1a: Blissey|88/100|[from] Spikes
|move|p2a: Suicune|Calm Mind|p2a: Suicune
|-boost|p2a: Suicune|spa|1
|-boost|p2a: Suicune|spd|1
|
|-weather|Sandstorm|[upkeep]
|-damage|p2a: Suicune|44/100|[from] Sandstorm
|-damage|p1a: Blissey|82/100|[from] Sandstorm
|-heal|p2a: Suicune|51/100|[from] item: Leftovers
|-heal|p1a: Blissey|88/100|[from] item: Leftovers
|upkeep
|turn|30
|
|t:|1729016263
|move|p1a: Blissey|Seismic Toss|p2a: Suicune
|-damage|p2a: Suicune|26/100
|move|p2a: Suicune|Roar|p1a: Blissey
|drag|p1a: Metagross|Metagross|99/100
|-damage|p1a: Metagross|88/100|[from] Spikes
|
|-weather|Sandstorm|[upkeep]
|-damage|p2a: Suicune|19/100|[from] Sandstorm
|-heal|p2a: Suicune|26/100|[from] item: Leftovers
|-heal|p1a: Metagross|94/100|[from] item: Leftovers
|upkeep
|turn|31
|
|t:|1729016268
|switch|p1a: Flygon|Flygon, F|100/100
|move|p2a: Suicune|Rest|p2a: Suicune
|-status|p2a: Suicune|slp|[from] move: Rest
|-heal|p2a: Suicune|100/100 slp|[silent]
|
|-weather|Sandstorm|[upkeep]
|-damage|p2a: Suicune|94/100 slp|[from] Sandstorm
|-heal|p2a: Suicune|100/100 slp|[from] item: Leftovers
|upkeep
|turn|32
|
|t:|1729016272
|move|p1a: Flygon|Earthquake|p2a: Suicune
|-damage|p2a: Suicune|62/100 slp
|cant|p2a: Suicune|slp
|
|-weather|Sandstorm|[upkeep]
|-damage|p2a: Suicune|56/100 slp|[from] Sandstorm
|-heal|p2a: Suicune|62/100 slp|[from] item: Leftovers
|upkeep
|turn|33
|
|t:|1729016278
|move|p1a: Flygon|Earthquake|p2a: Suicune
|-damage|p2a: Suicune|25/100 slp
|cant|p2a: Suicune|slp
|
|-weather|Sandstorm|[upkeep]
|-damage|p2a: Suicune|19/100 slp|[from] Sandstorm
|-heal|p2a: Suicune|25/100 slp|[from] item: Leftovers
|upkeep
|turn|34
|
|t:|1729016282
|switch|p2a: Aerodactyl|Aerodactyl, F|75/100
|move|p1a: Flygon|Earthquake|p2a: Aerodactyl
|-immune|p2a: Aerodactyl
|
|-weather|Sandstorm|[upkeep]
|-heal|p2a: Aerodactyl|81/100|[from] item: Leftovers
|upkeep
|turn|35
|
|t:|1729016286
|switch|p2a: Snorlax|Snorlax, F|59/100
|-damage|p2a: Snorlax|34/100|[from] Spikes
|switch|p1a: Skarmory|Skarmory, M|18/100
|
|-weather|Sandstorm|[upkeep]
|-damage|p2a: Snorlax|28/100|[from] Sandstorm
|-heal|p1a: Skarmory|24/100|[from] item: Leftovers
|-heal|p2a: Snorlax|34/100|[from] item: Leftovers
|upkeep
|turn|36
|
|t:|1729016296
|switch|p1a: Metagross|Metagross|94/100
|-damage|p1a: Metagross|81/100|[from] Spikes
|move|p2a: Snorlax|Return|p1a: Metagross
|-resisted|p1a: Metagross
|-damage|p1a: Metagross|67/100
|
|-weather|Sandstorm|[upkeep]
|-damage|p2a: Snorlax|28/100|[from] Sandstorm
|-heal|p1a: Metagross|73/100|[from] item: Leftovers
|-heal|p2a: Snorlax|34/100|[from] item: Leftovers
|upkeep
|turn|37
|
|t:|1729016314
|move|p1a: Metagross|Meteor Mash|p2a: Snorlax
|-damage|p2a: Snorlax|0 fnt
|faint|p2a: Snorlax
|c|☆singingcrow|gg
|-message|singingcrow forfeited.
|
|win|Caloominum

</script>
<script type="application/json" class="data" id="replaydata-smogtours-gen3ou-798938">
{"id":"smogtours-gen3ou-798938","format":"[Gen 3] OU","players":["Caloominum","singingcrow"],"uploadtime":1729016322,"views":122,"formatid":"gen3ou","rating":null,"private":0,"password":null}
</script>

<script defer src="js/replays.js?9d40a366"></script>
