<!DOCTYPE html>
<meta charset="utf-8" />
<meta name="viewport" content="width=device-width" />

<title>[Gen 3] OU: Elian vs. ccczzx - Replays - Pok&eacute;mon Showdown!</title>

<meta name="description" content="Watch a replay of a Pok&eacute;mon battle between Elian and ccczzx! Format: [Gen 3] OU; Date: Oct 23, 2024" />
<!--

Hey, you! Looking in the source for the replay log?

You can find them in JSON format, just add `.json` at the end of a replay URL.

https://replay.pokemonshowdown.com/gen7randomdoublesbattle-865046831.json

Or, if you only need the log itself, add `.log` instead:

https://replay.pokemonshowdown.com/gen7randomdoublesbattle-865046831.log

-->

<link rel="stylesheet" href="//pokemonshowdown.com/style/global.css?0.023195364461161105" />
<link rel="stylesheet" href="//play.pokemonshowdown.com/style/font-awesome.css?0.13261647063804238" />
<link rel="stylesheet" href="//play.pokemonshowdown.com/style/battle.css?0.8753245789963631" />
<link rel="stylesheet" href="//play.pokemonshowdown.com/style/utilichart.css?0.8627959624976733" />

<!-- Global site tag (gtag.js) - Google Analytics -->
<script async src="https://www.googletagmanager.com/gtag/js?id=UA-26211653-1"></script>
<script>
  window.dataLayer = window.dataLayer || [];
  function gtag(){dataLayer.push(arguments);}
  gtag('js', new Date());

  gtag('config', 'UA-26211653-1');
</script>
<!-- End Google Analytics -->
<!-- Venatus Ad Manager - Install in <HEAD> of page -->
	<script src="https://hb.vntsm.com/v3/live/ad-manager.min.js" type="text/javascript" data-site-id="642aba63ec9a7b11c3c9c1be" data-mode="scan" async></script>
<!-- / Venatus Ad Manager -->

<style>
	@media (max-width:820px) {
		.battle {
			margin: 0 auto;
		}
		.battle-log {
			margin: 7px auto 0;
			max-width: 640px;
			height: 300px;
			position: static;
		}
	}
	.optgroup {
		display: inline-block;
		line-height: 22px;
		font-size: 10pt;
	}
	.optgroup .button {
		height: 25px;
		padding-top: 0;
		padding-bottom: 0;
	}
	.optgroup button.button {
		padding-left: 12px;
		padding-right: 12px;
	}
	.linklist {
		list-style: none;
		margin: 0.5em 0;
		padding: 0;
	}
	.linklist li {
		padding: 2px 0;
	}
	.sidebar {
		float: left;
		width: 320px;
	}
	.bar-wrapper {
		max-width: 1100px;
		margin: 0 auto;
	}
	.bar-wrapper.has-sidebar {
		max-width: 1430px;
	}
	.mainbar {
		margin: 0;
		padding-right: 1px;
	}
	.mainbar.has-sidebar {
		margin-left: 330px;
	}
	@media (min-width: 1511px) {
		.sidebar {
			width: 400px;
		}
		.bar-wrapper.has-sidebar {
			max-width: 1510px;
		}
		.mainbar.has-sidebar {
			margin-left: 410px;
		}
	}
	.section.first-section {
		margin-top: 9px;
	}
	.blocklink small {
		white-space: normal;
	}
	.button {
		vertical-align: middle;
	}
	.replay-controls {
		padding-top: 10px;
	}
	.replay-controls h1 {
		font-size: 16pt;
		font-weight: normal;
		color: #CCC;
	}
	.pagelink {
		text-align: center;
	}
	.pagelink a {
		width: 150px;
	}
	.textbox, .button {
		font-size: 11pt;
		vertical-align: middle;
	}
	@media (max-width: 450px) {
		.button {
			font-size: 9pt;
		}
	}
</style>

<div>

	<header>
		<div class="nav-wrapper"><ul class="nav">
			<li><a class="button nav-first" href="//pokemonshowdown.com/"><img src="//pokemonshowdown.com/images/pokemonshowdownbeta.png" srcset="//pokemonshowdown.com/images/pokemonshowdownbeta.png 1x, //pokemonshowdown.com/images/pokemonshowdownbeta@2x.png 2x" alt="Pok&eacute;mon Showdown" width="146" height="44" /> Home</a></li>
			<li><a class="button" href="//pokemonshowdown.com/dex/">Pok&eacute;dex</a></li>
			<li><a class="button cur" href="/">Replays</a></li>
			<li><a class="button" href="//pokemonshowdown.com/ladder/">Ladder</a></li>
			<li><a class="button nav-last" href="//pokemonshowdown.com/forums/">Forum</a></li>
			<li><a class="button greenbutton nav-first nav-last" href="//play.pokemonshowdown.com/">Play</a></li>
		</ul></div>
	</header>

	<div class="main" id="main">

		<noscript><section class="section">You need to enable JavaScript to use this page; sorry!</section></noscript>

	</div>

</div>

<script defer nomodule src="//play.pokemonshowdown.com/js/lib/ps-polyfill.js"></script>
<script defer src="//play.pokemonshowdown.com/js/lib/preact.min.js"></script>

<script defer src="//play.pokemonshowdown.com/config/config.js?2bddbc15"></script>
<script defer src="//play.pokemonshowdown.com/js/lib/jquery-1.11.0.min.js"></script>
<script defer src="//play.pokemonshowdown.com/js/lib/html-sanitizer-minified.js"></script>
<script defer src="//play.pokemonshowdown.com/js/battle-sound.js"></script>
<script defer src="//play.pokemonshowdown.com/js/battledata.js?0.7209276989879541"></script>
<script defer src="//play.pokemonshowdown.com/data/pokedex-mini.js?0.6111056340867951"></script>
<script defer src="//play.pokemonshowdown.com/data/pokedex-mini-bw.js?0.3532142036491459"></script>
<script defer src="//play.pokemonshowdown.com/data/graphics.js?0.24223875632456182"></script>
<script defer src="//play.pokemonshowdown.com/data/pokedex.js?0.38839984266356864"></script>
<script defer src="//play.pokemonshowdown.com/data/moves.js?0.21866028504024015"></script>
<script defer src="//play.pokemonshowdown.com/data/abilities.js?0.2005157953846628"></script>
<script defer src="//play.pokemonshowdown.com/data/items.js?0.9894211263848525"></script>
<script defer src="//play.pokemonshowdown.com/data/teambuilder-tables.js?0.6008791140282215"></script>
<script defer src="//play.pokemonshowdown.com/js/battle-tooltips.js?0.7580118955022959"></script>
<script defer src="//play.pokemonshowdown.com/js/battle.js?0.6057722274234274"></script>

<script defer src="js/utils.js?e31f9a17"></script>
<script defer src="js/replays-battle.js?7008c182"></script>

<!-- don't scrape this data! just add .json or .log after the URL!
Full API docs: https://github.com/smogon/pokemon-showdown-client/blob/master/WEB-API.md -->
<script type="text/plain" class="log" id="replaylog-smogtours-gen3ou-801427">
|inactive|Battle timer is ON: inactive players will automatically lose when time's up.
|t:|1729718216
|gametype|singles
|player|p1|Elian|erika-gen2|
|player|p2|ccczzx|266|
|teamsize|p1|6
|teamsize|p2|6
|gen|3
|tier|[Gen 3] OU
|rule|Sleep Clause Mod: Limit one foe put to sleep
|rule|Switch Priority Clause Mod: Faster Pokémon switch first
|rule|Species Clause: Limit one of each Pokémon
|rule|OHKO Clause: OHKO moves are banned
|rule|Evasion Items Clause: Evasion items are banned
|rule|Evasion Moves Clause: Evasion moves are banned
|rule|Endless Battle Clause: Forcing endless battles is banned
|rule|HP Percentage Mod: HP is shown in percentages
|rule|One Boost Passer Clause: Limit one Baton Passer that has a way to boost its stats
|rule|Freeze Clause Mod: Limit one foe frozen
|
|t:|1729718216
|start
|switch|p1a: Suicune|Suicune, shiny|100/100
|switch|p2a: RAN IT ar|Tyranitar, F|100/100
|-weather|Sandstorm|[from] ability: Sand Stream|[of] p2a: RAN IT ar
|turn|1
|c|☆Elian|hf
|c|☆ccczzx|glhf
|
|t:|1729718236
|switch|p2a: zepzy|Zapdos|100/100
|move|p1a: Suicune|Calm Mind|p1a: Suicune
|-boost|p1a: Suicune|spa|1
|-boost|p1a: Suicune|spd|1
|
|-weather|Sandstorm|[upkeep]
|-damage|p2a: zepzy|94/100|[from] Sandstorm
|-damage|p1a: Suicune|94/100|[from] Sandstorm
|-heal|p2a: zepzy|100/100|[from] item: Leftovers
|-heal|p1a: Suicune|100/100|[from] item: Leftovers
|upkeep
|turn|2
|
|t:|1729718244
|switch|p1a: Claydol|Claydol|100/100
|move|p2a: zepzy|Toxic|p1a: Claydol
|-status|p1a: Claydol|tox
|
|-weather|Sandstorm|[upkeep]
|-damage|p2a: zepzy|94/100|[from] Sandstorm
|-heal|p2a: zepzy|100/100|[from] item: Leftovers
|-damage|p1a: Claydol|94/100 tox|[from] psn
|upkeep
|turn|3
|
|t:|1729718257
|switch|p2a: RAN IT ar|Tyranitar, F|100/100
|move|p1a: Claydol|Psychic|p2a: RAN IT ar
|-immune|p2a: RAN IT ar
|
|-weather|Sandstorm|[upkeep]
|-heal|p1a: Claydol|100/100 tox|[from] item: Leftovers
|-damage|p1a: Claydol|88/100 tox|[from] psn
|upkeep
|turn|4
|
|t:|1729718268
|move|p2a: RAN IT ar|Crunch|p1a: Claydol
|-supereffective|p1a: Claydol
|-damage|p1a: Claydol|33/100 tox
|move|p1a: Claydol|Earthquake|p2a: RAN IT ar
|-supereffective|p2a: RAN IT ar
|-damage|p2a: RAN IT ar|46/100
|
|-weather|Sandstorm|[upkeep]
|-heal|p2a: RAN IT ar|52/100|[from] item: Leftovers
|-heal|p1a: Claydol|39/100 tox|[from] item: Leftovers
|-damage|p1a: Claydol|20/100 tox|[from] psn
|upkeep
|turn|5
|
|t:|1729718276
|move|p2a: RAN IT ar|Pursuit|p1a: Claydol
|-supereffective|p1a: Claydol
|-damage|p1a: Claydol|0 fnt
|faint|p1a: Claydol
|
|t:|1729718278
|switch|p1a: Suicune|Suicune, shiny|100/100
|
|-weather|Sandstorm|[upkeep]
|-damage|p1a: Suicune|94/100|[from] Sandstorm
|-heal|p1a: Suicune|100/100|[from] item: Leftovers
|-heal|p2a: RAN IT ar|58/100|[from] item: Leftovers
|upkeep
|turn|6
|
|t:|1729718294
|switch|p2a: zepzy|Zapdos|100/100
|move|p1a: Suicune|Calm Mind|p1a: Suicune
|-boost|p1a: Suicune|spa|1
|-boost|p1a: Suicune|spd|1
|
|-weather|Sandstorm|[upkeep]
|-damage|p2a: zepzy|94/100|[from] Sandstorm
|-damage|p1a: Suicune|94/100|[from] Sandstorm
|-heal|p2a: zepzy|100/100|[from] item: Leftovers
|-heal|p1a: Suicune|100/100|[from] item: Leftovers
|upkeep
|turn|7
|
|t:|1729718299
|move|p2a: zepzy|Toxic|p1a: Suicune
|-status|p1a: Suicune|tox
|move|p1a: Suicune|Calm Mind|p1a: Suicune
|-boost|p1a: Suicune|spa|1
|-boost|p1a: Suicune|spd|1
|
|-weather|Sandstorm|[upkeep]
|-damage|p2a: zepzy|94/100|[from] Sandstorm
|-damage|p1a: Suicune|94/100 tox|[from] Sandstorm
|-heal|p2a: zepzy|100/100|[from] item: Leftovers
|-heal|p1a: Suicune|100/100 tox|[from] item: Leftovers
|-damage|p1a: Suicune|94/100 tox|[from] psn
|upkeep
|turn|8
|
|t:|1729718307
|move|p2a: zepzy|Thunderbolt|p1a: Suicune
|-supereffective|p1a: Suicune
|-damage|p1a: Suicune|57/100 tox
|move|p1a: Suicune|Surf|p2a: zepzy
|-damage|p2a: zepzy|24/100
|
|-weather|Sandstorm|[upkeep]
|-damage|p2a: zepzy|18/100|[from] Sandstorm
|-damage|p1a: Suicune|51/100 tox|[from] Sandstorm
|-heal|p2a: zepzy|24/100|[from] item: Leftovers
|-heal|p1a: Suicune|57/100 tox|[from] item: Leftovers
|-damage|p1a: Suicune|45/100 tox|[from] psn
|upkeep
|turn|9
|
|t:|1729718315
|move|p2a: zepzy|Thunderbolt|p1a: Suicune
|-supereffective|p1a: Suicune
|-damage|p1a: Suicune|5/100 tox
|move|p1a: Suicune|Rest|p1a: Suicune
|-status|p1a: Suicune|slp|[from] move: Rest
|-heal|p1a: Suicune|100/100 slp|[silent]
|
|-weather|Sandstorm|[upkeep]
|-damage|p2a: zepzy|18/100|[from] Sandstorm
|-damage|p1a: Suicune|94/100 slp|[from] Sandstorm
|-heal|p2a: zepzy|24/100|[from] item: Leftovers
|-heal|p1a: Suicune|100/100 slp|[from] item: Leftovers
|upkeep
|turn|10
|
|t:|1729718335
|switch|p1a: Blissey|Blissey, F|100/100
|move|p2a: zepzy|Thunderbolt|p1a: Blissey
|-damage|p1a: Blissey|80/100
|
|-weather|Sandstorm|[upkeep]
|-damage|p2a: zepzy|18/100|[from] Sandstorm
|-damage|p1a: Blissey|74/100|[from] Sandstorm
|-heal|p2a: zepzy|24/100|[from] item: Leftovers
|-heal|p1a: Blissey|80/100|[from] item: Leftovers
|upkeep
|turn|11
|
|t:|1729718342
|move|p2a: zepzy|Protect|p2a: zepzy
|-singleturn|p2a: zepzy|Protect
|move|p1a: Blissey|Ice Beam|p2a: zepzy
|-activate|p2a: zepzy|Protect
|
|-weather|Sandstorm|[upkeep]
|-damage|p2a: zepzy|18/100|[from] Sandstorm
|-damage|p1a: Blissey|74/100|[from] Sandstorm
|-heal|p2a: zepzy|24/100|[from] item: Leftovers
|-heal|p1a: Blissey|80/100|[from] item: Leftovers
|upkeep
|turn|12
|
|t:|1729718348
|switch|p2a: billiards|Blissey, F|100/100
|move|p1a: Blissey|Seismic Toss|p2a: billiards
|-damage|p2a: billiards|85/100
|
|-weather|Sandstorm|[upkeep]
|-damage|p1a: Blissey|74/100|[from] Sandstorm
|-damage|p2a: billiards|79/100|[from] Sandstorm
|-heal|p2a: billiards|85/100|[from] item: Leftovers
|-heal|p1a: Blissey|80/100|[from] item: Leftovers
|upkeep
|turn|13
|
|t:|1729718354
|switch|p1a: Ballislife|Dusclops, M|100/100
|move|p2a: billiards|Wish|p2a: billiards
|
|-weather|Sandstorm|[upkeep]
|-damage|p2a: billiards|79/100|[from] Sandstorm
|-damage|p1a: Ballislife|95/100|[from] Sandstorm
|-heal|p2a: billiards|85/100|[from] item: Leftovers
|-heal|p1a: Ballislife|100/100|[from] item: Leftovers
|upkeep
|turn|14
|
|t:|1729718369
|switch|p2a: goldbo|Swampert, M|100/100
|move|p1a: Ballislife|Will-O-Wisp|p2a: goldbo
|-status|p2a: goldbo|brn
|
|-weather|Sandstorm|[upkeep]
|-damage|p1a: Ballislife|95/100|[from] Sandstorm
|-damage|p2a: goldbo|88/100 brn|[from] brn
|-heal|p1a: Ballislife|100/100|[from] item: Leftovers
|upkeep
|turn|15
|
|t:|1729718379
|move|p2a: goldbo|Refresh|p2a: goldbo
|-curestatus|p2a: goldbo|brn|[msg]
|move|p1a: Ballislife|Mean Look|p2a: goldbo
|-activate|p2a: goldbo|trapped
|
|-weather|Sandstorm|[upkeep]
|-damage|p1a: Ballislife|95/100|[from] Sandstorm
|-heal|p2a: goldbo|94/100|[from] item: Leftovers
|-heal|p1a: Ballislife|100/100|[from] item: Leftovers
|upkeep
|turn|16
|
|t:|1729718389
|move|p2a: goldbo|Toxic|p1a: Ballislife
|-status|p1a: Ballislife|tox
|move|p1a: Ballislife|Torment|p2a: goldbo
|-start|p2a: goldbo|Torment
|
|-weather|Sandstorm|[upkeep]
|-damage|p1a: Ballislife|95/100 tox|[from] Sandstorm
|-heal|p2a: goldbo|100/100|[from] item: Leftovers
|-heal|p1a: Ballislife|100/100 tox|[from] item: Leftovers
|-damage|p1a: Ballislife|95/100 tox|[from] psn
|upkeep
|turn|17
|
|t:|1729718395
|move|p2a: goldbo|Protect|p2a: goldbo
|-singleturn|p2a: goldbo|Protect
|move|p1a: Ballislife|Will-O-Wisp|p2a: goldbo
|-activate|p2a: goldbo|Protect
|
|-weather|Sandstorm|[upkeep]
|-damage|p1a: Ballislife|89/100 tox|[from] Sandstorm
|-heal|p1a: Ballislife|95/100 tox|[from] item: Leftovers
|-damage|p1a: Ballislife|83/100 tox|[from] psn
|upkeep
|turn|18
|
|t:|1729718408
|move|p2a: goldbo|Surf|p1a: Ballislife
|-damage|p1a: Ballislife|61/100 tox
|move|p1a: Ballislife|Will-O-Wisp|p2a: goldbo|[miss]
|-miss|p1a: Ballislife|p2a: goldbo
|
|-weather|Sandstorm|[upkeep]
|-damage|p1a: Ballislife|55/100 tox|[from] Sandstorm
|-heal|p1a: Ballislife|61/100 tox|[from] item: Leftovers
|-damage|p1a: Ballislife|43/100 tox|[from] psn
|upkeep
|turn|19
|
|t:|1729718414
|move|p2a: goldbo|Protect|p2a: goldbo
|-singleturn|p2a: goldbo|Protect
|move|p1a: Ballislife|Rest|p1a: Ballislife
|-status|p1a: Ballislife|slp|[from] move: Rest
|-heal|p1a: Ballislife|100/100 slp|[silent]
|
|-weather|Sandstorm|[upkeep]
|-damage|p1a: Ballislife|95/100 slp|[from] Sandstorm
|-heal|p1a: Ballislife|100/100 slp|[from] item: Leftovers
|upkeep
|turn|20
|
|t:|1729718423
|move|p2a: goldbo|Refresh||[still]
|-fail|p2a: goldbo
|cant|p1a: Ballislife|slp
|
|-weather|Sandstorm|[upkeep]
|-damage|p1a: Ballislife|95/100 slp|[from] Sandstorm
|-heal|p1a: Ballislife|100/100 slp|[from] item: Leftovers
|upkeep
|turn|21
|
|t:|1729718430
|move|p2a: goldbo|Surf|p1a: Ballislife
|-damage|p1a: Ballislife|79/100 slp
|cant|p1a: Ballislife|slp
|
|-weather|Sandstorm|[upkeep]
|-damage|p1a: Ballislife|73/100 slp|[from] Sandstorm
|-heal|p1a: Ballislife|79/100 slp|[from] item: Leftovers
|upkeep
|turn|22
|
|t:|1729718435
|move|p2a: goldbo|Refresh||[still]
|-fail|p2a: goldbo
|-curestatus|p1a: Ballislife|slp|[msg]
|move|p1a: Ballislife|Will-O-Wisp|p2a: goldbo
|-status|p2a: goldbo|brn
|
|-weather|Sandstorm|[upkeep]
|-damage|p1a: Ballislife|73/100|[from] Sandstorm
|-damage|p2a: goldbo|88/100 brn|[from] brn
|-heal|p1a: Ballislife|79/100|[from] item: Leftovers
|upkeep
|turn|23
|
|t:|1729718440
|move|p2a: goldbo|Toxic|p1a: Ballislife
|-status|p1a: Ballislife|tox
|move|p1a: Ballislife|Torment||[still]
|-fail|p1a: Ballislife
|
|-weather|Sandstorm|[upkeep]
|-damage|p1a: Ballislife|73/100 tox|[from] Sandstorm
|-heal|p2a: goldbo|94/100 brn|[from] item: Leftovers
|-damage|p2a: goldbo|82/100 brn|[from] brn
|-heal|p1a: Ballislife|79/100 tox|[from] item: Leftovers
|-damage|p1a: Ballislife|73/100 tox|[from] psn
|upkeep
|turn|24
|
|t:|1729718445
|move|p2a: goldbo|Refresh|p2a: goldbo
|-curestatus|p2a: goldbo|brn|[msg]
|move|p1a: Ballislife|Rest|p1a: Ballislife
|-status|p1a: Ballislife|slp|[from] move: Rest
|-heal|p1a: Ballislife|100/100 slp|[silent]
|
|-weather|Sandstorm|[upkeep]
|-damage|p1a: Ballislife|95/100 slp|[from] Sandstorm
|-heal|p2a: goldbo|88/100|[from] item: Leftovers
|-heal|p1a: Ballislife|100/100 slp|[from] item: Leftovers
|upkeep
|turn|25
|
|t:|1729718451
|move|p2a: goldbo|Protect|p2a: goldbo
|-singleturn|p2a: goldbo|Protect
|cant|p1a: Ballislife|slp
|
|-weather|Sandstorm|[upkeep]
|-damage|p1a: Ballislife|95/100 slp|[from] Sandstorm
|-heal|p2a: goldbo|94/100|[from] item: Leftovers
|-heal|p1a: Ballislife|100/100 slp|[from] item: Leftovers
|upkeep
|turn|26
|
|t:|1729718454
|move|p2a: goldbo|Surf|p1a: Ballislife
|-damage|p1a: Ballislife|77/100 slp
|cant|p1a: Ballislife|slp
|
|-weather|Sandstorm|[upkeep]
|-damage|p1a: Ballislife|71/100 slp|[from] Sandstorm
|-heal|p2a: goldbo|100/100|[from] item: Leftovers
|-heal|p1a: Ballislife|77/100 slp|[from] item: Leftovers
|upkeep
|turn|27
|
|t:|1729718472
|move|p2a: goldbo|Protect|p2a: goldbo
|-singleturn|p2a: goldbo|Protect
|-curestatus|p1a: Ballislife|slp|[msg]
|move|p1a: Ballislife|Torment|p2a: goldbo
|-activate|p2a: goldbo|Protect
|
|-weather|Sandstorm|[upkeep]
|-damage|p1a: Ballislife|71/100|[from] Sandstorm
|-heal|p1a: Ballislife|77/100|[from] item: Leftovers
|upkeep
|turn|28
|
|t:|1729718478
|move|p2a: goldbo|Toxic|p1a: Ballislife|[miss]
|-miss|p2a: goldbo|p1a: Ballislife
|move|p1a: Ballislife|Will-O-Wisp|p2a: goldbo
|-status|p2a: goldbo|brn
|
|-weather|Sandstorm|[upkeep]
|-damage|p1a: Ballislife|71/100|[from] Sandstorm
|-damage|p2a: goldbo|88/100 brn|[from] brn
|-heal|p1a: Ballislife|77/100|[from] item: Leftovers
|upkeep
|turn|29
|
|t:|1729718483
|move|p2a: goldbo|Refresh|p2a: goldbo
|-curestatus|p2a: goldbo|brn|[msg]
|move|p1a: Ballislife|Will-O-Wisp|p2a: goldbo
|-status|p2a: goldbo|brn
|
|-weather|Sandstorm|[upkeep]
|-damage|p1a: Ballislife|71/100|[from] Sandstorm
|-heal|p2a: goldbo|94/100 brn|[from] item: Leftovers
|-damage|p2a: goldbo|82/100 brn|[from] brn
|-heal|p1a: Ballislife|77/100|[from] item: Leftovers
|upkeep
|turn|30
|
|t:|1729718487
|move|p2a: goldbo|Toxic|p1a: Ballislife
|-status|p1a: Ballislife|tox
|move|p1a: Ballislife|Torment||[still]
|-fail|p1a: Ballislife
|
|-weather|Sandstorm|[upkeep]
|-damage|p1a: Ballislife|71/100 tox|[from] Sandstorm
|-heal|p2a: goldbo|88/100 brn|[from] item: Leftovers
|-damage|p2a: goldbo|76/100 brn|[from] brn
|-heal|p1a: Ballislife|77/100 tox|[from] item: Leftovers
|-damage|p1a: Ballislife|71/100 tox|[from] psn
|upkeep
|turn|31
|
|t:|1729718491
|move|p2a: goldbo|Refresh|p2a: goldbo
|-curestatus|p2a: goldbo|brn|[msg]
|move|p1a: Ballislife|Will-O-Wisp|p2a: goldbo
|-status|p2a: goldbo|brn
|
|-weather|Sandstorm|[upkeep]
|-damage|p1a: Ballislife|65/100 tox|[from] Sandstorm
|-heal|p2a: goldbo|82/100 brn|[from] item: Leftovers
|-damage|p2a: goldbo|69/100 brn|[from] brn
|-heal|p1a: Ballislife|71/100 tox|[from] item: Leftovers
|-damage|p1a: Ballislife|59/100 tox|[from] psn
|upkeep
|turn|32
|
|t:|1729718496
|move|p2a: goldbo|Surf|p1a: Ballislife
|-damage|p1a: Ballislife|40/100 tox
|move|p1a: Ballislife|Rest|p1a: Ballislife
|-status|p1a: Ballislife|slp|[from] move: Rest
|-heal|p1a: Ballislife|100/100 slp|[silent]
|
|-weather|Sandstorm|[upkeep]
|-damage|p1a: Ballislife|95/100 slp|[from] Sandstorm
|-heal|p2a: goldbo|76/100 brn|[from] item: Leftovers
|-damage|p2a: goldbo|63/100 brn|[from] brn
|-heal|p1a: Ballislife|100/100 slp|[from] item: Leftovers
|upkeep
|turn|33
|
|t:|1729718501
|move|p2a: goldbo|Refresh|p2a: goldbo
|-curestatus|p2a: goldbo|brn|[msg]
|cant|p1a: Ballislife|slp
|
|-weather|Sandstorm|[upkeep]
|-damage|p1a: Ballislife|95/100 slp|[from] Sandstorm
|-heal|p2a: goldbo|69/100|[from] item: Leftovers
|-heal|p1a: Ballislife|100/100 slp|[from] item: Leftovers
|upkeep
|turn|34
|
|t:|1729718505
|move|p2a: goldbo|Surf|p1a: Ballislife
|-damage|p1a: Ballislife|78/100 slp
|cant|p1a: Ballislife|slp
|
|-weather|Sandstorm|[upkeep]
|-damage|p1a: Ballislife|72/100 slp|[from] Sandstorm
|-heal|p2a: goldbo|76/100|[from] item: Leftovers
|-heal|p1a: Ballislife|78/100 slp|[from] item: Leftovers
|upkeep
|turn|35
|
|t:|1729718510
|move|p2a: goldbo|Protect|p2a: goldbo
|-singleturn|p2a: goldbo|Protect
|-curestatus|p1a: Ballislife|slp|[msg]
|move|p1a: Ballislife|Torment|p2a: goldbo
|-activate|p2a: goldbo|Protect
|
|-weather|Sandstorm|[upkeep]
|-damage|p1a: Ballislife|72/100|[from] Sandstorm
|-heal|p2a: goldbo|82/100|[from] item: Leftovers
|-heal|p1a: Ballislife|78/100|[from] item: Leftovers
|upkeep
|turn|36
|
|t:|1729718517
|move|p2a: goldbo|Toxic|p1a: Ballislife|[miss]
|-miss|p2a: goldbo|p1a: Ballislife
|move|p1a: Ballislife|Will-O-Wisp|p2a: goldbo
|-status|p2a: goldbo|brn
|
|-weather|Sandstorm|[upkeep]
|-damage|p1a: Ballislife|72/100|[from] Sandstorm
|-heal|p2a: goldbo|88/100 brn|[from] item: Leftovers
|-damage|p2a: goldbo|76/100 brn|[from] brn
|-heal|p1a: Ballislife|78/100|[from] item: Leftovers
|upkeep
|turn|37
|
|t:|1729718522
|move|p2a: goldbo|Refresh|p2a: goldbo
|-curestatus|p2a: goldbo|brn|[msg]
|move|p1a: Ballislife|Will-O-Wisp|p2a: goldbo
|-status|p2a: goldbo|brn
|
|-weather|Sandstorm|[upkeep]
|-damage|p1a: Ballislife|72/100|[from] Sandstorm
|-heal|p2a: goldbo|82/100 brn|[from] item: Leftovers
|-damage|p2a: goldbo|69/100 brn|[from] brn
|-heal|p1a: Ballislife|78/100|[from] item: Leftovers
|upkeep
|turn|38
|
|t:|1729718527
|move|p2a: goldbo|Toxic|p1a: Ballislife
|-status|p1a: Ballislife|tox
|move|p1a: Ballislife|Torment||[still]
|-fail|p1a: Ballislife
|
|-weather|Sandstorm|[upkeep]
|-damage|p1a: Ballislife|72/100 tox|[from] Sandstorm
|-heal|p2a: goldbo|76/100 brn|[from] item: Leftovers
|-damage|p2a: goldbo|63/100 brn|[from] brn
|-heal|p1a: Ballislife|78/100 tox|[from] item: Leftovers
|-damage|p1a: Ballislife|72/100 tox|[from] psn
|upkeep
|turn|39
|
|t:|1729718534
|move|p2a: goldbo|Refresh|p2a: goldbo
|-curestatus|p2a: goldbo|brn|[msg]
|move|p1a: Ballislife|Rest|p1a: Ballislife
|-status|p1a: Ballislife|slp|[from] move: Rest
|-heal|p1a: Ballislife|100/100 slp|[silent]
|
|-weather|Sandstorm|[upkeep]
|-damage|p1a: Ballislife|95/100 slp|[from] Sandstorm
|-heal|p2a: goldbo|69/100|[from] item: Leftovers
|-heal|p1a: Ballislife|100/100 slp|[from] item: Leftovers
|upkeep
|turn|40
|
|t:|1729718540
|move|p2a: goldbo|Surf|p1a: Ballislife
|-damage|p1a: Ballislife|81/100 slp
|cant|p1a: Ballislife|slp
|
|-weather|Sandstorm|[upkeep]
|-damage|p1a: Ballislife|75/100 slp|[from] Sandstorm
|-heal|p2a: goldbo|76/100|[from] item: Leftovers
|-heal|p1a: Ballislife|81/100 slp|[from] item: Leftovers
|upkeep
|turn|41
|
|t:|1729718550
|move|p2a: goldbo|Protect|p2a: goldbo
|-singleturn|p2a: goldbo|Protect
|cant|p1a: Ballislife|slp
|
|-weather|Sandstorm|[upkeep]
|-damage|p1a: Ballislife|75/100 slp|[from] Sandstorm
|-heal|p2a: goldbo|82/100|[from] item: Leftovers
|-heal|p1a: Ballislife|81/100 slp|[from] item: Leftovers
|upkeep
|turn|42
|
|t:|1729718556
|move|p2a: goldbo|Surf|p1a: Ballislife
|-damage|p1a: Ballislife|61/100 slp
|-curestatus|p1a: Ballislife|slp|[msg]
|move|p1a: Ballislife|Torment||[still]
|-fail|p1a: Ballislife
|
|-weather|Sandstorm|[upkeep]
|-damage|p1a: Ballislife|55/100|[from] Sandstorm
|-heal|p2a: goldbo|88/100|[from] item: Leftovers
|-heal|p1a: Ballislife|61/100|[from] item: Leftovers
|upkeep
|turn|43
|
|t:|1729718563
|move|p2a: goldbo|Toxic|p1a: Ballislife|[miss]
|-miss|p2a: goldbo|p1a: Ballislife
|move|p1a: Ballislife|Rest|p1a: Ballislife
|-status|p1a: Ballislife|slp|[from] move: Rest
|-heal|p1a: Ballislife|100/100 slp|[silent]
|
|-weather|Sandstorm|[upkeep]
|-damage|p1a: Ballislife|95/100 slp|[from] Sandstorm
|-heal|p2a: goldbo|94/100|[from] item: Leftovers
|-heal|p1a: Ballislife|100/100 slp|[from] item: Leftovers
|upkeep
|turn|44
|inactive|Elian disconnected and has 300 seconds to reconnect!
|player|p1|
|inactive|Elian reconnected and has 285 seconds left.
|player|p1|Elian|erika-gen2|
|
|t:|1729718601
|move|p2a: goldbo|Surf|p1a: Ballislife
|-damage|p1a: Ballislife|80/100 slp
|cant|p1a: Ballislife|slp
|
|-weather|Sandstorm|[upkeep]
|-damage|p1a: Ballislife|74/100 slp|[from] Sandstorm
|-heal|p2a: goldbo|100/100|[from] item: Leftovers
|-heal|p1a: Ballislife|80/100 slp|[from] item: Leftovers
|upkeep
|turn|45
|c|☆ccczzx|i love mean look dusclops
|c|☆Elian|I don't
|c|☆ccczzx|why are ya using it then
|
|t:|1729718619
|move|p2a: goldbo|Refresh||[still]
|-fail|p2a: goldbo
|cant|p1a: Ballislife|slp
|
|-weather|Sandstorm|[upkeep]
|-damage|p1a: Ballislife|74/100 slp|[from] Sandstorm
|-heal|p1a: Ballislife|80/100 slp|[from] item: Leftovers
|upkeep
|turn|46
|c|☆Elian|cause I want to prove I can win with it
|
|t:|1729718629
|move|p2a: goldbo|Protect|p2a: goldbo
|-singleturn|p2a: goldbo|Protect
|-curestatus|p1a: Ballislife|slp|[msg]
|move|p1a: Ballislife|Will-O-Wisp|p2a: goldbo
|-activate|p2a: goldbo|Protect
|
|-weather|Sandstorm|[upkeep]
|-damage|p1a: Ballislife|74/100|[from] Sandstorm
|-heal|p1a: Ballislife|80/100|[from] item: Leftovers
|upkeep
|turn|47
|c|☆ccczzx|ive been using it all of today
|
|t:|1729718642
|move|p2a: goldbo|Toxic|p1a: Ballislife
|-status|p1a: Ballislife|tox
|move|p1a: Ballislife|Torment||[still]
|-fail|p1a: Ballislife
|
|-weather|Sandstorm|[upkeep]
|-damage|p1a: Ballislife|74/100 tox|[from] Sandstorm
|-heal|p1a: Ballislife|80/100 tox|[from] item: Leftovers
|-damage|p1a: Ballislife|74/100 tox|[from] psn
|upkeep
|turn|48
|
|t:|1729718649
|move|p2a: goldbo|Surf|p1a: Ballislife
|-damage|p1a: Ballislife|54/100 tox
|move|p1a: Ballislife|Rest|p1a: Ballislife
|-status|p1a: Ballislife|slp|[from] move: Rest
|-heal|p1a: Ballislife|100/100 slp|[silent]
|
|-weather|Sandstorm|[upkeep]
|-damage|p1a: Ballislife|95/100 slp|[from] Sandstorm
|-heal|p1a: Ballislife|100/100 slp|[from] item: Leftovers
|upkeep
|turn|49
|
|t:|1729718656
|move|p2a: goldbo|Refresh||[still]
|-fail|p2a: goldbo
|cant|p1a: Ballislife|slp
|
|-weather|Sandstorm|[upkeep]
|-damage|p1a: Ballislife|95/100 slp|[from] Sandstorm
|-heal|p1a: Ballislife|100/100 slp|[from] item: Leftovers
|upkeep
|turn|50
|
|t:|1729718660
|move|p2a: goldbo|Surf|p1a: Ballislife
|-damage|p1a: Ballislife|78/100 slp
|cant|p1a: Ballislife|slp
|
|-weather|Sandstorm|[upkeep]
|-damage|p1a: Ballislife|72/100 slp|[from] Sandstorm
|-heal|p1a: Ballislife|78/100 slp|[from] item: Leftovers
|upkeep
|turn|51
|
|t:|1729718666
|move|p2a: goldbo|Refresh||[still]
|-fail|p2a: goldbo
|-curestatus|p1a: Ballislife|slp|[msg]
|move|p1a: Ballislife|Will-O-Wisp|p2a: goldbo
|-status|p2a: goldbo|brn
|
|-weather|Sandstorm|[upkeep]
|-damage|p1a: Ballislife|72/100|[from] Sandstorm
|-damage|p2a: goldbo|88/100 brn|[from] brn
|-heal|p1a: Ballislife|78/100|[from] item: Leftovers
|upkeep
|turn|52
|
|t:|1729718675
|move|p2a: goldbo|Surf|p1a: Ballislife
|-damage|p1a: Ballislife|58/100
|move|p1a: Ballislife|Torment||[still]
|-fail|p1a: Ballislife
|
|-weather|Sandstorm|[upkeep]
|-damage|p1a: Ballislife|52/100|[from] Sandstorm
|-heal|p2a: goldbo|94/100 brn|[from] item: Leftovers
|-damage|p2a: goldbo|82/100 brn|[from] brn
|-heal|p1a: Ballislife|58/100|[from] item: Leftovers
|upkeep
|turn|53
|
|t:|1729718680
|move|p2a: goldbo|Refresh|p2a: goldbo
|-curestatus|p2a: goldbo|brn|[msg]
|move|p1a: Ballislife|Rest|p1a: Ballislife
|-status|p1a: Ballislife|slp|[from] move: Rest
|-heal|p1a: Ballislife|100/100 slp|[silent]
|
|-weather|Sandstorm|[upkeep]
|-damage|p1a: Ballislife|95/100 slp|[from] Sandstorm
|-heal|p2a: goldbo|88/100|[from] item: Leftovers
|-heal|p1a: Ballislife|100/100 slp|[from] item: Leftovers
|upkeep
|turn|54
|
|t:|1729718684
|move|p2a: goldbo|Surf|p1a: Ballislife
|-damage|p1a: Ballislife|81/100 slp
|cant|p1a: Ballislife|slp
|
|-weather|Sandstorm|[upkeep]
|-damage|p1a: Ballislife|75/100 slp|[from] Sandstorm
|-heal|p2a: goldbo|94/100|[from] item: Leftovers
|-heal|p1a: Ballislife|81/100 slp|[from] item: Leftovers
|upkeep
|turn|55
|
|t:|1729718688
|move|p2a: goldbo|Protect|p2a: goldbo
|-singleturn|p2a: goldbo|Protect
|cant|p1a: Ballislife|slp
|
|-weather|Sandstorm|[upkeep]
|-damage|p1a: Ballislife|75/100 slp|[from] Sandstorm
|-heal|p2a: goldbo|100/100|[from] item: Leftovers
|-heal|p1a: Ballislife|81/100 slp|[from] item: Leftovers
|upkeep
|turn|56
|
|t:|1729718693
|move|p2a: goldbo|Refresh||[still]
|-fail|p2a: goldbo
|-curestatus|p1a: Ballislife|slp|[msg]
|move|p1a: Ballislife|Torment||[still]
|-fail|p1a: Ballislife
|
|-weather|Sandstorm|[upkeep]
|-damage|p1a: Ballislife|75/100|[from] Sandstorm
|-heal|p1a: Ballislife|81/100|[from] item: Leftovers
|upkeep
|turn|57
|
|t:|1729718696
|move|p2a: goldbo|Protect|p2a: goldbo
|-singleturn|p2a: goldbo|Protect
|move|p1a: Ballislife|Rest|p1a: Ballislife
|-status|p1a: Ballislife|slp|[from] move: Rest
|-heal|p1a: Ballislife|100/100 slp|[silent]
|
|-weather|Sandstorm|[upkeep]
|-damage|p1a: Ballislife|95/100 slp|[from] Sandstorm
|-heal|p1a: Ballislife|100/100 slp|[from] item: Leftovers
|upkeep
|turn|58
|
|t:|1729718699
|move|p2a: goldbo|Refresh||[still]
|-fail|p2a: goldbo
|cant|p1a: Ballislife|slp
|
|-weather|Sandstorm|[upkeep]
|-damage|p1a: Ballislife|95/100 slp|[from] Sandstorm
|-heal|p1a: Ballislife|100/100 slp|[from] item: Leftovers
|upkeep
|turn|59
|
|t:|1729718702
|move|p2a: goldbo|Protect|p2a: goldbo
|-singleturn|p2a: goldbo|Protect
|cant|p1a: Ballislife|slp
|
|-weather|Sandstorm|[upkeep]
|-damage|p1a: Ballislife|95/100 slp|[from] Sandstorm
|-heal|p1a: Ballislife|100/100 slp|[from] item: Leftovers
|upkeep
|turn|60
|
|t:|1729718706
|move|p2a: goldbo|Refresh||[still]
|-fail|p2a: goldbo
|-curestatus|p1a: Ballislife|slp|[msg]
|move|p1a: Ballislife|Will-O-Wisp|p2a: goldbo
|-status|p2a: goldbo|brn
|
|-weather|Sandstorm|[upkeep]
|-damage|p1a: Ballislife|95/100|[from] Sandstorm
|-damage|p2a: goldbo|88/100 brn|[from] brn
|-heal|p1a: Ballislife|100/100|[from] item: Leftovers
|upkeep
|turn|61
|
|t:|1729718712
|move|p2a: goldbo|Protect|p2a: goldbo
|-singleturn|p2a: goldbo|Protect
|move|p1a: Ballislife|Torment|p2a: goldbo
|-activate|p2a: goldbo|Protect
|
|-weather|Sandstorm|[upkeep]
|-damage|p1a: Ballislife|95/100|[from] Sandstorm
|-heal|p2a: goldbo|94/100 brn|[from] item: Leftovers
|-damage|p2a: goldbo|82/100 brn|[from] brn
|-heal|p1a: Ballislife|100/100|[from] item: Leftovers
|upkeep
|turn|62
|
|t:|1729718714
|move|p2a: goldbo|Refresh|p2a: goldbo
|-curestatus|p2a: goldbo|brn|[msg]
|move|p1a: Ballislife|Mean Look||[still]
|-fail|p1a: Ballislife
|
|-weather|Sandstorm|[upkeep]
|-damage|p1a: Ballislife|95/100|[from] Sandstorm
|-heal|p2a: goldbo|88/100|[from] item: Leftovers
|-heal|p1a: Ballislife|100/100|[from] item: Leftovers
|upkeep
|turn|63
|
|t:|1729718721
|move|p2a: goldbo|Protect|p2a: goldbo
|-singleturn|p2a: goldbo|Protect
|move|p1a: Ballislife|Torment|p2a: goldbo
|-activate|p2a: goldbo|Protect
|
|-weather|Sandstorm|[upkeep]
|-damage|p1a: Ballislife|95/100|[from] Sandstorm
|-heal|p2a: goldbo|94/100|[from] item: Leftovers
|-heal|p1a: Ballislife|100/100|[from] item: Leftovers
|upkeep
|turn|64
|
|t:|1729718727
|move|p2a: goldbo|Refresh||[still]
|-fail|p2a: goldbo
|move|p1a: Ballislife|Will-O-Wisp|p2a: goldbo
|-status|p2a: goldbo|brn
|
|-weather|Sandstorm|[upkeep]
|-damage|p1a: Ballislife|95/100|[from] Sandstorm
|-heal|p2a: goldbo|100/100 brn|[from] item: Leftovers
|-damage|p2a: goldbo|88/100 brn|[from] brn
|-heal|p1a: Ballislife|100/100|[from] item: Leftovers
|upkeep
|turn|65
|
|t:|1729718731
|move|p2a: goldbo|Protect|p2a: goldbo
|-singleturn|p2a: goldbo|Protect
|move|p1a: Ballislife|Torment|p2a: goldbo
|-activate|p2a: goldbo|Protect
|
|-weather|Sandstorm|[upkeep]
|-damage|p1a: Ballislife|95/100|[from] Sandstorm
|-heal|p2a: goldbo|94/100 brn|[from] item: Leftovers
|-damage|p2a: goldbo|82/100 brn|[from] brn
|-heal|p1a: Ballislife|100/100|[from] item: Leftovers
|upkeep
|turn|66
|
|t:|1729718736
|move|p2a: goldbo|Refresh|p2a: goldbo
|-curestatus|p2a: goldbo|brn|[msg]
|move|p1a: Ballislife|Mean Look||[still]
|-fail|p1a: Ballislife
|
|-weather|Sandstorm|[upkeep]
|-damage|p1a: Ballislife|95/100|[from] Sandstorm
|-heal|p2a: goldbo|88/100|[from] item: Leftovers
|-heal|p1a: Ballislife|100/100|[from] item: Leftovers
|upkeep
|turn|67
|
|t:|1729718739
|move|p2a: goldbo|Protect|p2a: goldbo
|-singleturn|p2a: goldbo|Protect
|move|p1a: Ballislife|Will-O-Wisp|p2a: goldbo|[miss]
|-miss|p1a: Ballislife|p2a: goldbo
|
|-weather|Sandstorm|[upkeep]
|-damage|p1a: Ballislife|95/100|[from] Sandstorm
|-heal|p2a: goldbo|94/100|[from] item: Leftovers
|-heal|p1a: Ballislife|100/100|[from] item: Leftovers
|upkeep
|turn|68
|
|t:|1729718744
|move|p2a: goldbo|Refresh||[still]
|-fail|p2a: goldbo
|move|p1a: Ballislife|Will-O-Wisp|p2a: goldbo
|-status|p2a: goldbo|brn
|
|-weather|Sandstorm|[upkeep]
|-damage|p1a: Ballislife|95/100|[from] Sandstorm
|-heal|p2a: goldbo|100/100 brn|[from] item: Leftovers
|-damage|p2a: goldbo|88/100 brn|[from] brn
|-heal|p1a: Ballislife|100/100|[from] item: Leftovers
|upkeep
|turn|69
|
|t:|1729718748
|move|p2a: goldbo|Protect|p2a: goldbo
|-singleturn|p2a: goldbo|Protect
|move|p1a: Ballislife|Torment|p2a: goldbo
|-activate|p2a: goldbo|Protect
|
|-weather|Sandstorm|[upkeep]
|-damage|p1a: Ballislife|95/100|[from] Sandstorm
|-heal|p2a: goldbo|94/100 brn|[from] item: Leftovers
|-damage|p2a: goldbo|82/100 brn|[from] brn
|-heal|p1a: Ballislife|100/100|[from] item: Leftovers
|upkeep
|turn|70
|
|t:|1729718752
|move|p2a: goldbo|Refresh|p2a: goldbo
|-curestatus|p2a: goldbo|brn|[msg]
|move|p1a: Ballislife|Torment||[still]
|-fail|p1a: Ballislife
|
|-weather|Sandstorm|[upkeep]
|-damage|p1a: Ballislife|95/100|[from] Sandstorm
|-heal|p2a: goldbo|88/100|[from] item: Leftovers
|-heal|p1a: Ballislife|100/100|[from] item: Leftovers
|upkeep
|turn|71
|
|t:|1729718755
|move|p2a: goldbo|Protect|p2a: goldbo
|-singleturn|p2a: goldbo|Protect
|move|p1a: Ballislife|Mean Look|p2a: goldbo
|-activate|p2a: goldbo|Protect
|
|-weather|Sandstorm|[upkeep]
|-damage|p1a: Ballislife|95/100|[from] Sandstorm
|-heal|p2a: goldbo|94/100|[from] item: Leftovers
|-heal|p1a: Ballislife|100/100|[from] item: Leftovers
|upkeep
|turn|72
|
|t:|1729718759
|move|p2a: goldbo|Refresh||[still]
|-fail|p2a: goldbo
|move|p1a: Ballislife|Will-O-Wisp|p2a: goldbo
|-status|p2a: goldbo|brn
|
|-weather|Sandstorm|[upkeep]
|-damage|p1a: Ballislife|95/100|[from] Sandstorm
|-heal|p2a: goldbo|100/100 brn|[from] item: Leftovers
|-damage|p2a: goldbo|88/100 brn|[from] brn
|-heal|p1a: Ballislife|100/100|[from] item: Leftovers
|upkeep
|turn|73
|
|t:|1729718763
|move|p2a: goldbo|Struggle|p1a: Ballislife
|-damage|p1a: Ballislife|96/100
|-damage|p2a: goldbo|87/100 brn|[from] Recoil|[of] p1a: Ballislife
|move|p1a: Ballislife|Rest|p1a: Ballislife
|-status|p1a: Ballislife|slp|[from] move: Rest
|-heal|p1a: Ballislife|100/100 slp|[silent]
|
|-weather|Sandstorm|[upkeep]
|-damage|p1a: Ballislife|95/100 slp|[from] Sandstorm
|-heal|p2a: goldbo|94/100 brn|[from] item: Leftovers
|-damage|p2a: goldbo|81/100 brn|[from] brn
|-heal|p1a: Ballislife|100/100 slp|[from] item: Leftovers
|upkeep
|turn|74
|
|t:|1729718773
|move|p2a: goldbo|Refresh|p2a: goldbo
|-curestatus|p2a: goldbo|brn|[msg]
|cant|p1a: Ballislife|slp
|
|-weather|Sandstorm|[upkeep]
|-damage|p1a: Ballislife|95/100 slp|[from] Sandstorm
|-heal|p2a: goldbo|87/100|[from] item: Leftovers
|-heal|p1a: Ballislife|100/100 slp|[from] item: Leftovers
|upkeep
|turn|75
|
|t:|1729718777
|move|p2a: goldbo|Struggle|p1a: Ballislife
|-damage|p1a: Ballislife|91/100 slp
|-damage|p2a: goldbo|86/100|[from] Recoil|[of] p1a: Ballislife
|cant|p1a: Ballislife|slp
|
|-weather|Sandstorm|[upkeep]
|-damage|p1a: Ballislife|85/100 slp|[from] Sandstorm
|-heal|p2a: goldbo|92/100|[from] item: Leftovers
|-heal|p1a: Ballislife|91/100 slp|[from] item: Leftovers
|upkeep
|turn|76
|
|t:|1729718781
|move|p2a: goldbo|Refresh||[still]
|-fail|p2a: goldbo
|-curestatus|p1a: Ballislife|slp|[msg]
|move|p1a: Ballislife|Will-O-Wisp|p2a: goldbo
|-status|p2a: goldbo|brn
|
|-weather|Sandstorm|[upkeep]
|-damage|p1a: Ballislife|85/100|[from] Sandstorm
|-heal|p2a: goldbo|98/100 brn|[from] item: Leftovers
|-damage|p2a: goldbo|86/100 brn|[from] brn
|-heal|p1a: Ballislife|91/100|[from] item: Leftovers
|upkeep
|turn|77
|
|t:|1729718787
|switch|p1a: Forretress|Forretress, F|100/100
|move|p2a: goldbo|Struggle|p1a: Forretress
|-damage|p1a: Forretress|97/100
|-damage|p2a: goldbo|85/100 brn|[from] Recoil|[of] p1a: Forretress
|
|-weather|Sandstorm|[upkeep]
|-heal|p2a: goldbo|91/100 brn|[from] item: Leftovers
|-damage|p2a: goldbo|79/100 brn|[from] brn
|-heal|p1a: Forretress|100/100|[from] item: Leftovers
|upkeep
|turn|78
|
|t:|1729718802
|switch|p2a: RAN IT ar|Tyranitar, F|58/100
|move|p1a: Forretress|Spikes|p2a: RAN IT ar
|-sidestart|p2: ccczzx|Spikes
|
|-weather|Sandstorm|[upkeep]
|-heal|p2a: RAN IT ar|64/100|[from] item: Leftovers
|upkeep
|turn|79
|
|t:|1729718809
|switch|p1a: Suicune|Suicune, shiny|100/100 slp
|move|p2a: RAN IT ar|Flamethrower|p1a: Suicune
|-resisted|p1a: Suicune
|-damage|p1a: Suicune|89/100 slp
|
|-weather|Sandstorm|[upkeep]
|-damage|p1a: Suicune|83/100 slp|[from] Sandstorm
|-heal|p1a: Suicune|89/100 slp|[from] item: Leftovers
|-heal|p2a: RAN IT ar|70/100|[from] item: Leftovers
|upkeep
|turn|80
|
|t:|1729718825
|cant|p1a: Suicune|slp
|move|p2a: RAN IT ar|Hidden Power|p1a: Suicune
|-supereffective|p1a: Suicune
|-damage|p1a: Suicune|57/100 slp
|
|-weather|Sandstorm|[upkeep]
|-damage|p1a: Suicune|51/100 slp|[from] Sandstorm
|-heal|p1a: Suicune|57/100 slp|[from] item: Leftovers
|-heal|p2a: RAN IT ar|76/100|[from] item: Leftovers
|upkeep
|turn|81
|
|t:|1729718831
|switch|p1a: Flareon|Flareon, F|100/100
|switch|p2a: billiards|Blissey, F|85/100
|-damage|p2a: billiards|73/100|[from] Spikes
|
|-weather|Sandstorm|[upkeep]
|-damage|p1a: Flareon|95/100|[from] Sandstorm
|-damage|p2a: billiards|67/100|[from] Sandstorm
|-heal|p1a: Flareon|100/100|[from] item: Leftovers
|-heal|p2a: billiards|73/100|[from] item: Leftovers
|upkeep
|turn|82
|
|t:|1729718842
|move|p1a: Flareon|Protect|p1a: Flareon
|-singleturn|p1a: Flareon|Protect
|move|p2a: billiards|Wish|p2a: billiards
|
|-weather|Sandstorm|[upkeep]
|-damage|p1a: Flareon|95/100|[from] Sandstorm
|-damage|p2a: billiards|67/100|[from] Sandstorm
|-heal|p1a: Flareon|100/100|[from] item: Leftovers
|-heal|p2a: billiards|73/100|[from] item: Leftovers
|upkeep
|turn|83
|
|t:|1729718849
|switch|p2a: zepzy|Zapdos|24/100
|move|p1a: Flareon|Flamethrower|p2a: zepzy
|-damage|p2a: zepzy|0 fnt
|faint|p2a: zepzy
|
|t:|1729718856
|switch|p2a: RAN IT ar|Tyranitar, F|76/100
|-damage|p2a: RAN IT ar|64/100|[from] Spikes
|
|-heal|p2a: RAN IT ar|100/100|[from] move: Wish|[wisher] billiards
|-weather|Sandstorm|[upkeep]
|-damage|p1a: Flareon|95/100|[from] Sandstorm
|-heal|p1a: Flareon|100/100|[from] item: Leftovers
|upkeep
|turn|84
|
|t:|1729718865
|switch|p2a: billiards|Blissey, F|73/100
|-damage|p2a: billiards|60/100|[from] Spikes
|move|p1a: Flareon|Toxic|p2a: billiards
|-status|p2a: billiards|tox
|
|-weather|Sandstorm|[upkeep]
|-damage|p1a: Flareon|95/100|[from] Sandstorm
|-damage|p2a: billiards|54/100 tox|[from] Sandstorm
|-heal|p1a: Flareon|100/100|[from] item: Leftovers
|-heal|p2a: billiards|60/100 tox|[from] item: Leftovers
|-damage|p2a: billiards|54/100 tox|[from] psn
|upkeep
|turn|85
|
|t:|1729718881
|move|p1a: Flareon|Protect|p1a: Flareon
|-singleturn|p1a: Flareon|Protect
|move|p2a: billiards|Soft-Boiled|p2a: billiards
|-heal|p2a: billiards|100/100 tox
|
|-weather|Sandstorm|[upkeep]
|-damage|p1a: Flareon|95/100|[from] Sandstorm
|-damage|p2a: billiards|94/100 tox|[from] Sandstorm
|-heal|p1a: Flareon|100/100|[from] item: Leftovers
|-heal|p2a: billiards|100/100 tox|[from] item: Leftovers
|-damage|p2a: billiards|88/100 tox|[from] psn
|upkeep
|turn|86
|
|t:|1729718890
|switch|p1a: Blissey|Blissey, F|80/100
|-curestatus|p2a: billiards|tox|[from] ability: Natural Cure
|switch|p2a: hard dymanic|Aerodactyl, F|100/100
|
|-weather|Sandstorm|[upkeep]
|-damage|p1a: Blissey|74/100|[from] Sandstorm
|-heal|p1a: Blissey|80/100|[from] item: Leftovers
|upkeep
|turn|87
|
|t:|1729718902
|switch|p1a: Forretress|Forretress, F|100/100
|move|p2a: hard dymanic|Rock Slide|p1a: Forretress
|-damage|p1a: Forretress|66/100
|
|-weather|Sandstorm|[upkeep]
|-heal|p1a: Forretress|72/100|[from] item: Leftovers
|upkeep
|turn|88
|
|t:|1729718923
|switch|p2a: RAN IT ar|Tyranitar, F|100/100
|-damage|p2a: RAN IT ar|88/100|[from] Spikes
|move|p1a: Forretress|Counter|p2a: RAN IT ar
|
|-weather|Sandstorm|[upkeep]
|-heal|p2a: RAN IT ar|94/100|[from] item: Leftovers
|-heal|p1a: Forretress|78/100|[from] item: Leftovers
|upkeep
|turn|89
|
|t:|1729718931
|switch|p1a: Flareon|Flareon, F|100/100
|move|p2a: RAN IT ar|Crunch|p1a: Flareon
|-damage|p1a: Flareon|73/100
|-unboost|p1a: Flareon|spd|1
|
|-weather|Sandstorm|[upkeep]
|-damage|p1a: Flareon|67/100|[from] Sandstorm
|-heal|p2a: RAN IT ar|99/100|[from] item: Leftovers
|-heal|p1a: Flareon|73/100|[from] item: Leftovers
|upkeep
|turn|90
|
|t:|1729718949
|move|p2a: RAN IT ar|Crunch|p1a: Flareon
|-damage|p1a: Flareon|34/100
|move|p1a: Flareon|Toxic|p2a: RAN IT ar
|-status|p2a: RAN IT ar|tox
|
|-weather|Sandstorm|[upkeep]
|-damage|p1a: Flareon|28/100|[from] Sandstorm
|-heal|p2a: RAN IT ar|100/100 tox|[from] item: Leftovers
|-damage|p2a: RAN IT ar|95/100 tox|[from] psn
|-heal|p1a: Flareon|34/100|[from] item: Leftovers
|upkeep
|turn|91
|
|t:|1729718958
|move|p1a: Flareon|Protect|p1a: Flareon
|-singleturn|p1a: Flareon|Protect
|move|p2a: RAN IT ar|Crunch|p1a: Flareon
|-activate|p1a: Flareon|Protect
|
|-weather|Sandstorm|[upkeep]
|-damage|p1a: Flareon|28/100|[from] Sandstorm
|-heal|p2a: RAN IT ar|100/100 tox|[from] item: Leftovers
|-damage|p2a: RAN IT ar|89/100 tox|[from] psn
|-heal|p1a: Flareon|34/100|[from] item: Leftovers
|upkeep
|turn|92
|
|t:|1729718961
|move|p2a: RAN IT ar|Crunch|p1a: Flareon
|-damage|p1a: Flareon|0 fnt
|faint|p1a: Flareon
|
|t:|1729718964
|switch|p1a: Suicune|Suicune, shiny|57/100 slp
|
|-weather|Sandstorm|[upkeep]
|-damage|p1a: Suicune|51/100 slp|[from] Sandstorm
|-heal|p1a: Suicune|57/100 slp|[from] item: Leftovers
|-heal|p2a: RAN IT ar|95/100 tox|[from] item: Leftovers
|-damage|p2a: RAN IT ar|77/100 tox|[from] psn
|upkeep
|turn|93
|
|t:|1729718978
|switch|p2a: tressy|Forretress, M|100/100
|-damage|p2a: tressy|88/100|[from] Spikes
|cant|p1a: Suicune|slp
|
|-weather|Sandstorm|[upkeep]
|-damage|p1a: Suicune|51/100 slp|[from] Sandstorm
|-heal|p1a: Suicune|57/100 slp|[from] item: Leftovers
|-heal|p2a: tressy|94/100|[from] item: Leftovers
|upkeep
|turn|94
|
|t:|1729718996
|switch|p1a: Forretress|Forretress, F|78/100
|switch|p2a: billiards|Blissey, F|88/100
|-damage|p2a: billiards|76/100|[from] Spikes
|
|-weather|Sandstorm|[upkeep]
|-damage|p2a: billiards|70/100|[from] Sandstorm
|-heal|p2a: billiards|76/100|[from] item: Leftovers
|-heal|p1a: Forretress|85/100|[from] item: Leftovers
|upkeep
|turn|95
|
|t:|1729719003
|move|p2a: billiards|Wish|p2a: billiards
|move|p1a: Forretress|Spikes|p2a: billiards
|-sidestart|p2: ccczzx|Spikes
|
|-weather|Sandstorm|[upkeep]
|-damage|p2a: billiards|70/100|[from] Sandstorm
|-heal|p2a: billiards|76/100|[from] item: Leftovers
|-heal|p1a: Forretress|91/100|[from] item: Leftovers
|upkeep
|turn|96
|
|t:|1729719011
|switch|p2a: RAN IT ar|Tyranitar, F|77/100 tox
|-damage|p2a: RAN IT ar|60/100 tox|[from] Spikes
|switch|p1a: Blissey|Blissey, F|80/100
|
|-heal|p2a: RAN IT ar|100/100 tox|[from] move: Wish|[wisher] billiards
|-weather|Sandstorm|[upkeep]
|-damage|p1a: Blissey|74/100|[from] Sandstorm
|-damage|p2a: RAN IT ar|95/100 tox|[from] psn
|-heal|p1a: Blissey|80/100|[from] item: Leftovers
|upkeep
|turn|97
|
|t:|1729719022
|switch|p2a: tressy|Forretress, M|94/100
|-damage|p2a: tressy|78/100|[from] Spikes
|move|p1a: Blissey|Ice Beam|p2a: tressy
|-resisted|p2a: tressy
|-damage|p2a: tressy|68/100
|
|-weather|Sandstorm|[upkeep]
|-damage|p1a: Blissey|74/100|[from] Sandstorm
|-heal|p1a: Blissey|80/100|[from] item: Leftovers
|-heal|p2a: tressy|74/100|[from] item: Leftovers
|upkeep
|turn|98
|
|t:|1729719029
|switch|p1a: Forretress|Forretress, F|91/100
|move|p2a: tressy|Spikes|p1a: Forretress
|-sidestart|p1: Elian|Spikes
|
|-weather|Sandstorm|[upkeep]
|-heal|p1a: Forretress|97/100|[from] item: Leftovers
|-heal|p2a: tressy|80/100|[from] item: Leftovers
|upkeep
|turn|99
|
|t:|1729719037
|move|p1a: Forretress|Rapid Spin|p2a: tressy
|-resisted|p2a: tressy
|-damage|p2a: tressy|79/100
|-sideend|p1: Elian|Spikes|[from] move: Rapid Spin|[of] p1a: Forretress
|move|p2a: tressy|Rapid Spin|p1a: Forretress
|-resisted|p1a: Forretress
|-damage|p1a: Forretress|96/100
|-sideend|p2: ccczzx|Spikes|[from] move: Rapid Spin|[of] p2a: tressy
|
|-weather|Sandstorm|[upkeep]
|-heal|p2a: tressy|85/100|[from] item: Leftovers
|-heal|p1a: Forretress|100/100|[from] item: Leftovers
|upkeep
|turn|100
|
|t:|1729719045
|move|p2a: tressy|Spikes|p1a: Forretress
|-sidestart|p1: Elian|Spikes
|move|p1a: Forretress|Spikes|p2a: tressy
|-sidestart|p2: ccczzx|Spikes
|
|-weather|Sandstorm|[upkeep]
|-heal|p2a: tressy|91/100|[from] item: Leftovers
|upkeep
|turn|101
|
|t:|1729719054
|move|p2a: tressy|Spikes|p1a: Forretress
|-sidestart|p1: Elian|Spikes
|move|p1a: Forretress|Rapid Spin|p2a: tressy
|-resisted|p2a: tressy
|-damage|p2a: tressy|90/100
|-sideend|p1: Elian|Spikes|[from] move: Rapid Spin|[of] p1a: Forretress
|
|-weather|Sandstorm|[upkeep]
|-heal|p2a: tressy|97/100|[from] item: Leftovers
|upkeep
|turn|102
|
|t:|1729719059
|move|p2a: tressy|Spikes|p1a: Forretress
|-sidestart|p1: Elian|Spikes
|move|p1a: Forretress|Zap Cannon|p2a: tressy
|-damage|p2a: tressy|83/100
|-status|p2a: tressy|par
|
|-weather|Sandstorm|[upkeep]
|-heal|p2a: tressy|89/100 par|[from] item: Leftovers
|upkeep
|turn|103
|
|t:|1729719065
|move|p1a: Forretress|Rapid Spin|p2a: tressy
|-resisted|p2a: tressy
|-damage|p2a: tressy|88/100 par
|-sideend|p1: Elian|Spikes|[from] move: Rapid Spin|[of] p1a: Forretress
|cant|p2a: tressy|par
|
|-weather|Sandstorm|[upkeep]
|-heal|p2a: tressy|94/100 par|[from] item: Leftovers
|upkeep
|turn|104
|
|t:|1729719073
|switch|p2a: RAN IT ar|Tyranitar, F|95/100 tox
|-damage|p2a: RAN IT ar|82/100 tox|[from] Spikes
|move|p1a: Forretress|Spikes|p2a: RAN IT ar
|-sidestart|p2: ccczzx|Spikes
|
|-weather|Sandstorm|[upkeep]
|-heal|p2a: RAN IT ar|88/100 tox|[from] item: Leftovers
|-damage|p2a: RAN IT ar|82/100 tox|[from] psn
|upkeep
|turn|105
|
|t:|1729719079
|switch|p1a: Blissey|Blissey, F|80/100
|move|p2a: RAN IT ar|Flamethrower|p1a: Blissey
|-damage|p1a: Blissey|69/100
|
|-weather|Sandstorm|[upkeep]
|-damage|p1a: Blissey|63/100|[from] Sandstorm
|-heal|p2a: RAN IT ar|88/100 tox|[from] item: Leftovers
|-damage|p2a: RAN IT ar|76/100 tox|[from] psn
|-heal|p1a: Blissey|69/100|[from] item: Leftovers
|upkeep
|turn|106
|
|t:|1729719087
|switch|p2a: tressy|Forretress, M|94/100 par
|-damage|p2a: tressy|77/100 par|[from] Spikes
|move|p1a: Blissey|Soft-Boiled|p1a: Blissey
|-heal|p1a: Blissey|100/100
|
|-weather|Sandstorm|[upkeep]
|-damage|p1a: Blissey|94/100|[from] Sandstorm
|-heal|p1a: Blissey|100/100|[from] item: Leftovers
|-heal|p2a: tressy|83/100 par|[from] item: Leftovers
|upkeep
|turn|107
|
|t:|1729719094
|switch|p1a: Forretress|Forretress, F|100/100
|move|p2a: tressy|Rapid Spin|p1a: Forretress
|-resisted|p1a: Forretress
|-damage|p1a: Forretress|99/100
|-sideend|p2: ccczzx|Spikes|[from] move: Rapid Spin|[of] p2a: tressy
|
|-weather|Sandstorm|[upkeep]
|-heal|p1a: Forretress|100/100|[from] item: Leftovers
|-heal|p2a: tressy|89/100 par|[from] item: Leftovers
|upkeep
|turn|108
|
|t:|1729719106
|switch|p2a: billiards|Blissey, F|76/100
|move|p1a: Forretress|Spikes|p2a: billiards
|-sidestart|p2: ccczzx|Spikes
|
|-weather|Sandstorm|[upkeep]
|-damage|p2a: billiards|70/100|[from] Sandstorm
|-heal|p2a: billiards|76/100|[from] item: Leftovers
|upkeep
|turn|109
|
|t:|1729719111
|switch|p1a: Suicune|Suicune, shiny|57/100 slp
|move|p2a: billiards|Wish|p2a: billiards
|
|-weather|Sandstorm|[upkeep]
|-damage|p1a: Suicune|51/100 slp|[from] Sandstorm
|-damage|p2a: billiards|70/100|[from] Sandstorm
|-heal|p1a: Suicune|57/100 slp|[from] item: Leftovers
|-heal|p2a: billiards|76/100|[from] item: Leftovers
|upkeep
|turn|110
|
|t:|1729719123
|switch|p2a: tressy|Forretress, M|89/100 par
|-damage|p2a: tressy|77/100 par|[from] Spikes
|-curestatus|p1a: Suicune|slp|[msg]
|move|p1a: Suicune|Calm Mind|p1a: Suicune
|-boost|p1a: Suicune|spa|1
|-boost|p1a: Suicune|spd|1
|
|-heal|p2a: tressy|100/100 par|[from] move: Wish|[wisher] billiards
|-weather|Sandstorm|[upkeep]
|-damage|p1a: Suicune|51/100|[from] Sandstorm
|-heal|p1a: Suicune|57/100|[from] item: Leftovers
|upkeep
|turn|111
|
|t:|1729719131
|move|p1a: Suicune|Surf|p2a: tressy
|-damage|p2a: tressy|51/100 par
|cant|p2a: tressy|par
|
|-weather|Sandstorm|[upkeep]
|-damage|p1a: Suicune|51/100|[from] Sandstorm
|-heal|p1a: Suicune|57/100|[from] item: Leftovers
|-heal|p2a: tressy|57/100 par|[from] item: Leftovers
|upkeep
|turn|112
|
|t:|1729719135
|switch|p1a: Forretress|Forretress, F|100/100
|move|p2a: tressy|Explosion|p1a: Forretress
|-resisted|p1a: Forretress
|-damage|p1a: Forretress|69/100
|faint|p2a: tressy
|
|t:|1729719142
|switch|p2a: hard dymanic|Aerodactyl, F|100/100
|
|-weather|Sandstorm|[upkeep]
|-heal|p1a: Forretress|75/100|[from] item: Leftovers
|upkeep
|turn|113
|
|t:|1729719147
|move|p2a: hard dymanic|Rock Slide|p1a: Forretress
|-damage|p1a: Forretress|44/100
|move|p1a: Forretress|Counter|p2a: hard dymanic
|-damage|p2a: hard dymanic|28/100
|
|-weather|Sandstorm|[upkeep]
|-heal|p1a: Forretress|50/100|[from] item: Leftovers
|upkeep
|turn|114
|
|t:|1729719156
|move|p2a: hard dymanic|Rock Slide|p1a: Forretress
|-damage|p1a: Forretress|18/100
|move|p1a: Forretress|Counter|p2a: hard dymanic
|-damage|p2a: hard dymanic|0 fnt
|faint|p2a: hard dymanic
|
|t:|1729719164
|switch|p2a: billiards|Blissey, F|76/100
|-damage|p2a: billiards|63/100|[from] Spikes
|
|-weather|Sandstorm|[upkeep]
|-damage|p2a: billiards|57/100|[from] Sandstorm
|-heal|p2a: billiards|63/100|[from] item: Leftovers
|-heal|p1a: Forretress|24/100|[from] item: Leftovers
|upkeep
|turn|115
|
|t:|1729719169
|move|p2a: billiards|Seismic Toss|p1a: Forretress
|-damage|p1a: Forretress|0 fnt
|faint|p1a: Forretress
|
|t:|1729719172
|switch|p1a: Suicune|Suicune, shiny|57/100
|
|-weather|Sandstorm|[upkeep]
|-damage|p1a: Suicune|51/100|[from] Sandstorm
|-damage|p2a: billiards|57/100|[from] Sandstorm
|-heal|p1a: Suicune|57/100|[from] item: Leftovers
|-heal|p2a: billiards|63/100|[from] item: Leftovers
|upkeep
|turn|116
|
|t:|1729719190
|switch|p2a: RAN IT ar|Tyranitar, F|76/100 tox
|-damage|p2a: RAN IT ar|64/100 tox|[from] Spikes
|move|p1a: Suicune|Calm Mind|p1a: Suicune
|-boost|p1a: Suicune|spa|1
|-boost|p1a: Suicune|spd|1
|
|-weather|Sandstorm|[upkeep]
|-damage|p1a: Suicune|51/100|[from] Sandstorm
|-heal|p1a: Suicune|57/100|[from] item: Leftovers
|-heal|p2a: RAN IT ar|70/100 tox|[from] item: Leftovers
|-damage|p2a: RAN IT ar|64/100 tox|[from] psn
|upkeep
|turn|117
|
|t:|1729719202
|move|p1a: Suicune|Surf|p2a: RAN IT ar
|-supereffective|p2a: RAN IT ar
|-damage|p2a: RAN IT ar|0 fnt
|faint|p2a: RAN IT ar
|c|☆Elian|ggs
|
|t:|1729719205
|switch|p2a: billiards|Blissey, F|63/100
|-damage|p2a: billiards|51/100|[from] Spikes
|
|-weather|Sandstorm|[upkeep]
|-damage|p1a: Suicune|51/100|[from] Sandstorm
|-damage|p2a: billiards|45/100|[from] Sandstorm
|-heal|p1a: Suicune|57/100|[from] item: Leftovers
|-heal|p2a: billiards|51/100|[from] item: Leftovers
|upkeep
|turn|118
|
|t:|1729719212
|move|p1a: Suicune|Surf|p2a: billiards
|-damage|p2a: billiards|28/100
|move|p2a: billiards|Ice Beam|p1a: Suicune
|-resisted|p1a: Suicune
|-damage|p1a: Suicune|51/100
|
|-weather|Sandstorm|[upkeep]
|-damage|p1a: Suicune|45/100|[from] Sandstorm
|-damage|p2a: billiards|22/100|[from] Sandstorm
|-heal|p1a: Suicune|51/100|[from] item: Leftovers
|-heal|p2a: billiards|28/100|[from] item: Leftovers
|upkeep
|turn|119
|
|t:|1729719216
|move|p1a: Suicune|Surf|p2a: billiards
|-damage|p2a: billiards|8/100
|move|p2a: billiards|Soft-Boiled|p2a: billiards
|-heal|p2a: billiards|57/100
|
|-weather|Sandstorm|[upkeep]
|-damage|p1a: Suicune|45/100|[from] Sandstorm
|-damage|p2a: billiards|51/100|[from] Sandstorm
|-heal|p1a: Suicune|51/100|[from] item: Leftovers
|-heal|p2a: billiards|57/100|[from] item: Leftovers
|upkeep
|turn|120
|
|t:|1729719221
|move|p1a: Suicune|Calm Mind|p1a: Suicune
|-boost|p1a: Suicune|spa|1
|-boost|p1a: Suicune|spd|1
|move|p2a: billiards|Ice Beam|p1a: Suicune
|-resisted|p1a: Suicune
|-damage|p1a: Suicune|47/100
|
|-weather|Sandstorm|[upkeep]
|-damage|p1a: Suicune|40/100|[from] Sandstorm
|-damage|p2a: billiards|51/100|[from] Sandstorm
|-heal|p1a: Suicune|47/100|[from] item: Leftovers
|-heal|p2a: billiards|57/100|[from] item: Leftovers
|upkeep
|turn|121
|
|t:|1729719226
|move|p1a: Suicune|Rest|p1a: Suicune
|-status|p1a: Suicune|slp|[from] move: Rest
|-heal|p1a: Suicune|100/100 slp|[silent]
|move|p2a: billiards|Wish|p2a: billiards
|
|-weather|Sandstorm|[upkeep]
|-damage|p1a: Suicune|94/100 slp|[from] Sandstorm
|-damage|p2a: billiards|51/100|[from] Sandstorm
|-heal|p1a: Suicune|100/100 slp|[from] item: Leftovers
|-heal|p2a: billiards|57/100|[from] item: Leftovers
|upkeep
|turn|122
|
|t:|1729719229
|cant|p1a: Suicune|slp
|move|p2a: billiards|Seismic Toss|p1a: Suicune
|-damage|p1a: Suicune|76/100 slp
|
|-heal|p2a: billiards|100/100|[from] move: Wish|[wisher] billiards
|-weather|Sandstorm|[upkeep]
|-damage|p1a: Suicune|70/100 slp|[from] Sandstorm
|-damage|p2a: billiards|94/100|[from] Sandstorm
|-heal|p1a: Suicune|76/100 slp|[from] item: Leftovers
|-heal|p2a: billiards|100/100|[from] item: Leftovers
|upkeep
|turn|123
|
|t:|1729719233
|cant|p1a: Suicune|slp
|move|p2a: billiards|Seismic Toss|p1a: Suicune
|-damage|p1a: Suicune|51/100 slp
|
|-weather|Sandstorm|[upkeep]
|-damage|p1a: Suicune|45/100 slp|[from] Sandstorm
|-damage|p2a: billiards|94/100|[from] Sandstorm
|-heal|p1a: Suicune|51/100 slp|[from] item: Leftovers
|-heal|p2a: billiards|100/100|[from] item: Leftovers
|upkeep
|turn|124
|
|t:|1729719241
|-curestatus|p1a: Suicune|slp|[msg]
|move|p1a: Suicune|Rest|p1a: Suicune
|-status|p1a: Suicune|slp|[from] move: Rest
|-heal|p1a: Suicune|100/100 slp|[silent]
|move|p2a: billiards|Ice Beam|p1a: Suicune
|-resisted|p1a: Suicune
|-damage|p1a: Suicune|96/100 slp
|
|-weather|Sandstorm|[upkeep]
|-damage|p1a: Suicune|90/100 slp|[from] Sandstorm
|-damage|p2a: billiards|94/100|[from] Sandstorm
|-heal|p1a: Suicune|96/100 slp|[from] item: Leftovers
|-heal|p2a: billiards|100/100|[from] item: Leftovers
|upkeep
|turn|125
|
|t:|1729719246
|cant|p1a: Suicune|slp
|move|p2a: billiards|Seismic Toss|p1a: Suicune
|-damage|p1a: Suicune|71/100 slp
|
|-weather|Sandstorm|[upkeep]
|-damage|p1a: Suicune|65/100 slp|[from] Sandstorm
|-damage|p2a: billiards|94/100|[from] Sandstorm
|-heal|p1a: Suicune|71/100 slp|[from] item: Leftovers
|-heal|p2a: billiards|100/100|[from] item: Leftovers
|upkeep
|turn|126
|
|t:|1729719250
|switch|p2a: goldbo|Swampert, M|79/100 brn
|-damage|p2a: goldbo|67/100 brn|[from] Spikes
|cant|p1a: Suicune|slp
|
|-weather|Sandstorm|[upkeep]
|-damage|p1a: Suicune|65/100 slp|[from] Sandstorm
|-heal|p1a: Suicune|71/100 slp|[from] item: Leftovers
|-heal|p2a: goldbo|73/100 brn|[from] item: Leftovers
|-damage|p2a: goldbo|60/100 brn|[from] brn
|upkeep
|turn|127
|
|t:|1729719253
|-curestatus|p1a: Suicune|slp|[msg]
|move|p1a: Suicune|Surf|p2a: goldbo
|-damage|p2a: goldbo|0 fnt
|faint|p2a: goldbo
|
|t:|1729719257
|switch|p2a: billiards|Blissey, F|100/100
|-damage|p2a: billiards|88/100|[from] Spikes
|
|-weather|Sandstorm|[upkeep]
|-damage|p1a: Suicune|65/100|[from] Sandstorm
|-damage|p2a: billiards|82/100|[from] Sandstorm
|-heal|p1a: Suicune|71/100|[from] item: Leftovers
|-heal|p2a: billiards|88/100|[from] item: Leftovers
|upkeep
|turn|128
|
|t:|1729719262
|switch|p1a: Ballislife|Dusclops, M|91/100
|move|p2a: billiards|Ice Beam|p1a: Ballislife
|-damage|p1a: Ballislife|73/100
|
|-weather|Sandstorm|[upkeep]
|-damage|p2a: billiards|82/100|[from] Sandstorm
|-damage|p1a: Ballislife|67/100|[from] Sandstorm
|-heal|p2a: billiards|88/100|[from] item: Leftovers
|-heal|p1a: Ballislife|73/100|[from] item: Leftovers
|upkeep
|turn|129
|
|t:|1729719266
|move|p2a: billiards|Ice Beam|p1a: Ballislife
|-damage|p1a: Ballislife|54/100
|-status|p1a: Ballislife|frz
|-curestatus|p1a: Ballislife|frz|[msg]
|move|p1a: Ballislife|Torment|p2a: billiards
|-start|p2a: billiards|Torment
|
|-weather|Sandstorm|[upkeep]
|-damage|p2a: billiards|82/100|[from] Sandstorm
|-damage|p1a: Ballislife|48/100|[from] Sandstorm
|-heal|p2a: billiards|88/100|[from] item: Leftovers
|-heal|p1a: Ballislife|54/100|[from] item: Leftovers
|upkeep
|turn|130
|-message|ccczzx forfeited.
|
|win|Elian
|player|p2|

</script>
<script type="application/json" class="data" id="replaydata-smogtours-gen3ou-801427">
{"id":"smogtours-gen3ou-801427","format":"[Gen 3] OU","players":["Elian","ccczzx"],"uploadtime":1729719274,"views":73,"formatid":"gen3ou","rating":null,"private":0,"password":null}
</script>

<script defer src="js/replays.js?9d40a366"></script>
