<!DOCTYPE html>
<meta charset="utf-8" />
<meta name="viewport" content="width=device-width" />

<title>[Gen 3] OU: moistmania vs. Jnho - Replays - Pok&eacute;mon Showdown!</title>

<meta name="description" content="Watch a replay of a Pok&eacute;mon battle between moistmania and Jnho! Format: [Gen 3] OU; Date: Oct 22, 2024" />
<!--

Hey, you! Looking in the source for the replay log?

You can find them in JSON format, just add `.json` at the end of a replay URL.

https://replay.pokemonshowdown.com/gen7randomdoublesbattle-865046831.json

Or, if you only need the log itself, add `.log` instead:

https://replay.pokemonshowdown.com/gen7randomdoublesbattle-865046831.log

-->

<link rel="stylesheet" href="//pokemonshowdown.com/style/global.css?0.023195364461161105" />
<link rel="stylesheet" href="//play.pokemonshowdown.com/style/font-awesome.css?0.13261647063804238" />
<link rel="stylesheet" href="//play.pokemonshowdown.com/style/battle.css?0.8753245789963631" />
<link rel="stylesheet" href="//play.pokemonshowdown.com/style/utilichart.css?0.8627959624976733" />

<!-- Global site tag (gtag.js) - Google Analytics -->
<script async src="https://www.googletagmanager.com/gtag/js?id=UA-26211653-1"></script>
<script>
  window.dataLayer = window.dataLayer || [];
  function gtag(){dataLayer.push(arguments);}
  gtag('js', new Date());

  gtag('config', 'UA-26211653-1');
</script>
<!-- End Google Analytics -->
<!-- Venatus Ad Manager - Install in <HEAD> of page -->
	<script src="https://hb.vntsm.com/v3/live/ad-manager.min.js" type="text/javascript" data-site-id="642aba63ec9a7b11c3c9c1be" data-mode="scan" async></script>
<!-- / Venatus Ad Manager -->

<style>
	@media (max-width:820px) {
		.battle {
			margin: 0 auto;
		}
		.battle-log {
			margin: 7px auto 0;
			max-width: 640px;
			height: 300px;
			position: static;
		}
	}
	.optgroup {
		display: inline-block;
		line-height: 22px;
		font-size: 10pt;
	}
	.optgroup .button {
		height: 25px;
		padding-top: 0;
		padding-bottom: 0;
	}
	.optgroup button.button {
		padding-left: 12px;
		padding-right: 12px;
	}
	.linklist {
		list-style: none;
		margin: 0.5em 0;
		padding: 0;
	}
	.linklist li {
		padding: 2px 0;
	}
	.sidebar {
		float: left;
		width: 320px;
	}
	.bar-wrapper {
		max-width: 1100px;
		margin: 0 auto;
	}
	.bar-wrapper.has-sidebar {
		max-width: 1430px;
	}
	.mainbar {
		margin: 0;
		padding-right: 1px;
	}
	.mainbar.has-sidebar {
		margin-left: 330px;
	}
	@media (min-width: 1511px) {
		.sidebar {
			width: 400px;
		}
		.bar-wrapper.has-sidebar {
			max-width: 1510px;
		}
		.mainbar.has-sidebar {
			margin-left: 410px;
		}
	}
	.section.first-section {
		margin-top: 9px;
	}
	.blocklink small {
		white-space: normal;
	}
	.button {
		vertical-align: middle;
	}
	.replay-controls {
		padding-top: 10px;
	}
	.replay-controls h1 {
		font-size: 16pt;
		font-weight: normal;
		color: #CCC;
	}
	.pagelink {
		text-align: center;
	}
	.pagelink a {
		width: 150px;
	}
	.textbox, .button {
		font-size: 11pt;
		vertical-align: middle;
	}
	@media (max-width: 450px) {
		.button {
			font-size: 9pt;
		}
	}
</style>

<div>

	<header>
		<div class="nav-wrapper"><ul class="nav">
			<li><a class="button nav-first" href="//pokemonshowdown.com/"><img src="//pokemonshowdown.com/images/pokemonshowdownbeta.png" srcset="//pokemonshowdown.com/images/pokemonshowdownbeta.png 1x, //pokemonshowdown.com/images/pokemonshowdownbeta@2x.png 2x" alt="Pok&eacute;mon Showdown" width="146" height="44" /> Home</a></li>
			<li><a class="button" href="//pokemonshowdown.com/dex/">Pok&eacute;dex</a></li>
			<li><a class="button cur" href="/">Replays</a></li>
			<li><a class="button" href="//pokemonshowdown.com/ladder/">Ladder</a></li>
			<li><a class="button nav-last" href="//pokemonshowdown.com/forums/">Forum</a></li>
			<li><a class="button greenbutton nav-first nav-last" href="//play.pokemonshowdown.com/">Play</a></li>
		</ul></div>
	</header>

	<div class="main" id="main">

		<noscript><section class="section">You need to enable JavaScript to use this page; sorry!</section></noscript>

	</div>

</div>

<script defer nomodule src="//play.pokemonshowdown.com/js/lib/ps-polyfill.js"></script>
<script defer src="//play.pokemonshowdown.com/js/lib/preact.min.js"></script>

<script defer src="//play.pokemonshowdown.com/config/config.js?2bddbc15"></script>
<script defer src="//play.pokemonshowdown.com/js/lib/jquery-1.11.0.min.js"></script>
<script defer src="//play.pokemonshowdown.com/js/lib/html-sanitizer-minified.js"></script>
<script defer src="//play.pokemonshowdown.com/js/battle-sound.js"></script>
<script defer src="//play.pokemonshowdown.com/js/battledata.js?0.7209276989879541"></script>
<script defer src="//play.pokemonshowdown.com/data/pokedex-mini.js?0.6111056340867951"></script>
<script defer src="//play.pokemonshowdown.com/data/pokedex-mini-bw.js?0.3532142036491459"></script>
<script defer src="//play.pokemonshowdown.com/data/graphics.js?0.24223875632456182"></script>
<script defer src="//play.pokemonshowdown.com/data/pokedex.js?0.38839984266356864"></script>
<script defer src="//play.pokemonshowdown.com/data/moves.js?0.21866028504024015"></script>
<script defer src="//play.pokemonshowdown.com/data/abilities.js?0.2005157953846628"></script>
<script defer src="//play.pokemonshowdown.com/data/items.js?0.9894211263848525"></script>
<script defer src="//play.pokemonshowdown.com/data/teambuilder-tables.js?0.6008791140282215"></script>
<script defer src="//play.pokemonshowdown.com/js/battle-tooltips.js?0.7580118955022959"></script>
<script defer src="//play.pokemonshowdown.com/js/battle.js?0.6057722274234274"></script>

<script defer src="js/utils.js?e31f9a17"></script>
<script defer src="js/replays-battle.js?7008c182"></script>

<!-- don't scrape this data! just add .json or .log after the URL!
Full API docs: https://github.com/smogon/pokemon-showdown-client/blob/master/WEB-API.md -->
<script type="text/plain" class="log" id="replaylog-smogtours-gen3ou-801285">
|inactive|Battle timer is ON: inactive players will automatically lose when time's up.
|t:|1729635766
|gametype|singles
|player|p1|moistmania|backersf|
|player|p2|Jnho|caitlin|
|teamsize|p1|6
|teamsize|p2|6
|gen|3
|tier|[Gen 3] OU
|rule|Sleep Clause Mod: Limit one foe put to sleep
|rule|Switch Priority Clause Mod: Faster Pokémon switch first
|rule|Species Clause: Limit one of each Pokémon
|rule|OHKO Clause: OHKO moves are banned
|rule|Evasion Items Clause: Evasion items are banned
|rule|Evasion Moves Clause: Evasion moves are banned
|rule|Endless Battle Clause: Forcing endless battles is banned
|rule|HP Percentage Mod: HP is shown in percentages
|rule|One Boost Passer Clause: Limit one Baton Passer that has a way to boost its stats
|rule|Freeze Clause Mod: Limit one foe frozen
|
|t:|1729635766
|start
|switch|p1a: Zapdos|Zapdos|100/100
|switch|p2a: Tyranitar|Tyranitar, F|100/100
|-weather|Sandstorm|[from] ability: Sand Stream|[of] p2a: Tyranitar
|turn|1
|c|☆Jnho|glhf
|c|☆moistmania|u too
|
|t:|1729635781
|switch|p1a: Swampert|Swampert, F|100/100
|move|p2a: Tyranitar|Toxic|p1a: Swampert
|-status|p1a: Swampert|tox
|
|-weather|Sandstorm|[upkeep]
|-damage|p1a: Swampert|94/100 tox|[from] psn
|upkeep
|turn|2
|
|t:|1729635808
|switch|p2a: Blissey|Blissey, F|100/100
|move|p1a: Swampert|Ice Beam|p2a: Blissey
|-damage|p2a: Blissey|90/100
|
|-weather|Sandstorm|[upkeep]
|-damage|p2a: Blissey|84/100|[from] Sandstorm
|-heal|p1a: Swampert|100/100 tox|[from] item: Leftovers
|-damage|p1a: Swampert|88/100 tox|[from] psn
|-heal|p2a: Blissey|90/100|[from] item: Leftovers
|upkeep
|turn|3
|inactive|moistmania has 270 seconds left.
|
|t:|1729635831
|switch|p1a: Metagross|Metagross|100/100
|switch|p2a: Skarmory|Skarmory, M|100/100
|
|-weather|Sandstorm|[upkeep]
|upkeep
|turn|4
|inactive|moistmania has 270 seconds left.
|
|t:|1729635851
|switch|p1a: Zapdos|Zapdos|100/100
|move|p2a: Skarmory|Spikes|p1a: Zapdos
|-sidestart|p1: moistmania|Spikes
|
|-weather|Sandstorm|[upkeep]
|-damage|p1a: Zapdos|94/100|[from] Sandstorm
|-heal|p1a: Zapdos|100/100|[from] item: Leftovers
|upkeep
|turn|5
|
|t:|1729635857
|switch|p2a: Blissey|Blissey, F|90/100
|move|p1a: Zapdos|Thunderbolt|p2a: Blissey
|-damage|p2a: Blissey|70/100
|
|-weather|Sandstorm|[upkeep]
|-damage|p1a: Zapdos|94/100|[from] Sandstorm
|-damage|p2a: Blissey|64/100|[from] Sandstorm
|-heal|p1a: Zapdos|100/100|[from] item: Leftovers
|-heal|p2a: Blissey|70/100|[from] item: Leftovers
|upkeep
|turn|6
|inactive|moistmania has 270 seconds left.
|
|t:|1729635867
|move|p1a: Zapdos|Baton Pass|p1a: Zapdos
|inactive|moistmania has 270 seconds left.
|
|t:|1729635879
|switch|p1a: Metagross|Metagross|100/100|[from] Baton Pass
|-damage|p1a: Metagross|88/100|[from] Spikes
|move|p2a: Blissey|Soft-Boiled|p2a: Blissey
|-heal|p2a: Blissey|100/100
|
|-weather|Sandstorm|[upkeep]
|-damage|p2a: Blissey|94/100|[from] Sandstorm
|-heal|p2a: Blissey|100/100|[from] item: Leftovers
|upkeep
|turn|7
|inactive|moistmania has 270 seconds left.
|
|t:|1729635908
|switch|p2a: Skarmory|Skarmory, M|100/100
|move|p1a: Metagross|Explosion|p2a: Skarmory
|-resisted|p2a: Skarmory
|-damage|p2a: Skarmory|0 fnt
|faint|p1a: Metagross
|faint|p2a: Skarmory
|inactive|moistmania has 240 seconds left.
|inactive|Jnho has 270 seconds left.
|inactive|moistmania has 210 seconds left.
|
|t:|1729635969
|switch|p1a: Heracross|Heracross, M|100/100
|switch|p2a: Tyranitar|Tyranitar, F|100/100
|-damage|p1a: Heracross|88/100|[from] Spikes
|
|-weather|Sandstorm|[upkeep]
|-damage|p1a: Heracross|82/100|[from] Sandstorm
|-heal|p1a: Heracross|88/100|[from] item: Leftovers
|upkeep
|turn|8
|inactive|moistmania has 210 seconds left.
|
|t:|1729635986
|switch|p2a: Gengar|Gengar, F|100/100
|move|p1a: Heracross|Megahorn|p2a: Gengar
|-resisted|p2a: Gengar
|-damage|p2a: Gengar|77/100
|
|-weather|Sandstorm|[upkeep]
|-damage|p2a: Gengar|71/100|[from] Sandstorm
|-damage|p1a: Heracross|82/100|[from] Sandstorm
|-heal|p2a: Gengar|77/100|[from] item: Leftovers
|-heal|p1a: Heracross|88/100|[from] item: Leftovers
|upkeep
|turn|9
|inactive|moistmania has 210 seconds left.
|
|t:|1729636003
|switch|p1a: Swampert|Swampert, F|88/100 tox
|-damage|p1a: Swampert|76/100 tox|[from] Spikes
|move|p2a: Gengar|Ice Punch|p1a: Swampert
|-damage|p1a: Swampert|50/100 tox
|
|-weather|Sandstorm|[upkeep]
|-damage|p2a: Gengar|71/100|[from] Sandstorm
|-heal|p2a: Gengar|77/100|[from] item: Leftovers
|-heal|p1a: Swampert|56/100 tox|[from] item: Leftovers
|-damage|p1a: Swampert|50/100 tox|[from] psn
|upkeep
|turn|10
|inactive|Jnho has 240 seconds left.
|inactive|moistmania has 180 seconds left.
|
|t:|1729636048
|-singleturn|p1a: Swampert|move: Focus Punch
|switch|p2a: Blissey|Blissey, F|100/100
|move|p1a: Swampert|Focus Punch|p2a: Blissey
|-supereffective|p2a: Blissey
|-damage|p2a: Blissey|34/100
|
|-weather|Sandstorm|[upkeep]
|-damage|p2a: Blissey|28/100|[from] Sandstorm
|-heal|p1a: Swampert|56/100 tox|[from] item: Leftovers
|-damage|p1a: Swampert|44/100 tox|[from] psn
|-heal|p2a: Blissey|34/100|[from] item: Leftovers
|upkeep
|turn|11
|inactive|moistmania has 180 seconds left.
|inactive|moistmania has 150 seconds left.
|
|t:|1729636111
|move|p1a: Swampert|Hydro Pump|p2a: Blissey
|-damage|p2a: Blissey|14/100
|move|p2a: Blissey|Soft-Boiled|p2a: Blissey
|-heal|p2a: Blissey|64/100
|
|-weather|Sandstorm|[upkeep]
|-damage|p2a: Blissey|58/100|[from] Sandstorm
|-heal|p1a: Swampert|50/100 tox|[from] item: Leftovers
|-damage|p1a: Swampert|31/100 tox|[from] psn
|-heal|p2a: Blissey|64/100|[from] item: Leftovers
|upkeep
|turn|12
|inactive|moistmania has 120 seconds left.
|
|t:|1729636133
|switch|p2a: Gengar|Gengar, F|77/100
|move|p1a: Swampert|Hydro Pump|p2a: Gengar
|-damage|p2a: Gengar|0 fnt
|faint|p2a: Gengar
|
|t:|1729636142
|switch|p2a: Moltres|Moltres|100/100
|
|-weather|Sandstorm|[upkeep]
|-damage|p2a: Moltres|94/100|[from] Sandstorm
|-heal|p2a: Moltres|100/100|[from] item: Leftovers
|-heal|p1a: Swampert|37/100 tox|[from] item: Leftovers
|-damage|p1a: Swampert|13/100 tox|[from] psn
|upkeep
|turn|13
|inactive|moistmania has 120 seconds left.
|
|t:|1729636171
|switch|p1a: Salamence|Salamence, M|100/100
|-ability|p1a: Salamence|Intimidate|boost
|-unboost|p2a: Moltres|atk|1
|move|p2a: Moltres|Hidden Power|p1a: Salamence
|-resisted|p1a: Salamence
|-damage|p1a: Salamence|92/100
|
|-weather|Sandstorm|[upkeep]
|-damage|p1a: Salamence|86/100|[from] Sandstorm
|-damage|p2a: Moltres|94/100|[from] Sandstorm
|-heal|p1a: Salamence|92/100|[from] item: Leftovers
|-heal|p2a: Moltres|100/100|[from] item: Leftovers
|upkeep
|turn|14
|inactive|moistmania has 90 seconds left.
|
|t:|1729636223
|switch|p2a: Swampert|Swampert, F|100/100
|move|p1a: Salamence|Dragon Claw|p2a: Swampert
|-damage|p2a: Swampert|66/100
|
|-weather|Sandstorm|[upkeep]
|-damage|p1a: Salamence|86/100|[from] Sandstorm
|-heal|p1a: Salamence|92/100|[from] item: Leftovers
|-heal|p2a: Swampert|72/100|[from] item: Leftovers
|upkeep
|turn|15
|inactive|moistmania has 60 seconds left.
|
|t:|1729636244
|switch|p1a: Snorlax|Snorlax, M|100/100
|-damage|p1a: Snorlax|88/100|[from] Spikes
|move|p2a: Swampert|Protect||[still]
|-fail|p2a: Swampert
|
|-weather|Sandstorm|[upkeep]
|-damage|p1a: Snorlax|82/100|[from] Sandstorm
|-heal|p2a: Swampert|78/100|[from] item: Leftovers
|-heal|p1a: Snorlax|88/100|[from] item: Leftovers
|upkeep
|turn|16
|
|t:|1729636253
|move|p2a: Swampert|Earthquake|p1a: Snorlax
|-damage|p1a: Snorlax|53/100
|move|p1a: Snorlax|Body Slam|p2a: Swampert
|-damage|p2a: Swampert|49/100
|
|-weather|Sandstorm|[upkeep]
|-damage|p1a: Snorlax|46/100|[from] Sandstorm
|-heal|p2a: Swampert|55/100|[from] item: Leftovers
|-heal|p1a: Snorlax|53/100|[from] item: Leftovers
|upkeep
|turn|17
|
|t:|1729636267
|switch|p2a: Tyranitar|Tyranitar, F|100/100
|move|p1a: Snorlax|Body Slam|p2a: Tyranitar
|-resisted|p2a: Tyranitar
|-damage|p2a: Tyranitar|84/100
|
|-weather|Sandstorm|[upkeep]
|-damage|p1a: Snorlax|46/100|[from] Sandstorm
|-heal|p2a: Tyranitar|90/100|[from] item: Leftovers
|-heal|p1a: Snorlax|53/100|[from] item: Leftovers
|upkeep
|turn|18
|
|t:|1729636279
|move|p2a: Tyranitar|Rock Slide|p1a: Snorlax
|-damage|p1a: Snorlax|12/100
|move|p1a: Snorlax|Self-Destruct|p2a: Tyranitar
|-resisted|p2a: Tyranitar
|-damage|p2a: Tyranitar|17/100
|faint|p1a: Snorlax
|inactive|moistmania has 60 seconds left.
|
|t:|1729636309
|switch|p1a: Salamence|Salamence, M|92/100
|-ability|p1a: Salamence|Intimidate|boost
|-unboost|p2a: Tyranitar|atk|1
|
|-weather|Sandstorm|[upkeep]
|-damage|p1a: Salamence|86/100|[from] Sandstorm
|-heal|p1a: Salamence|92/100|[from] item: Leftovers
|-heal|p2a: Tyranitar|24/100|[from] item: Leftovers
|upkeep
|turn|19
|
|t:|1729636335
|move|p1a: Salamence|Brick Break|p2a: Tyranitar
|-supereffective|p2a: Tyranitar
|-damage|p2a: Tyranitar|0 fnt
|faint|p2a: Tyranitar
|
|t:|1729636349
|switch|p2a: Swampert|Swampert, F|55/100
|
|-weather|Sandstorm|[upkeep]
|-damage|p1a: Salamence|86/100|[from] Sandstorm
|-heal|p1a: Salamence|92/100|[from] item: Leftovers
|-heal|p2a: Swampert|62/100|[from] item: Leftovers
|upkeep
|turn|20
|inactive|moistmania has 30 seconds left.
|inactive|moistmania has 20 seconds left.
|
|t:|1729636382
|switch|p1a: Zapdos|Zapdos|100/100
|move|p2a: Swampert|Ice Beam|p1a: Zapdos
|-supereffective|p1a: Zapdos
|-damage|p1a: Zapdos|55/100
|
|-weather|Sandstorm|[upkeep]
|-damage|p1a: Zapdos|49/100|[from] Sandstorm
|-heal|p1a: Zapdos|55/100|[from] item: Leftovers
|-heal|p2a: Swampert|68/100|[from] item: Leftovers
|upkeep
|turn|21
|inactive|moistmania has 30 seconds left this turn.
|inactive|moistmania has 20 seconds left.
|
|t:|1729636393
|move|p2a: Swampert|Protect|p2a: Swampert
|-singleturn|p2a: Swampert|Protect
|move|p1a: Zapdos|Baton Pass|p1a: Zapdos
|inactive|moistmania has 25 seconds left this turn.
|inactive|moistmania has 20 seconds left.
|inactive|moistmania has 15 seconds left.
|inactive|moistmania has 10 seconds left.
|
|t:|1729636409
|switch|p1a: Heracross|Heracross, M|88/100|[from] Baton Pass
|-damage|p1a: Heracross|76/100|[from] Spikes
|
|-weather|Sandstorm|[upkeep]
|-damage|p1a: Heracross|70/100|[from] Sandstorm
|-heal|p1a: Heracross|76/100|[from] item: Leftovers
|-heal|p2a: Swampert|74/100|[from] item: Leftovers
|upkeep
|turn|22
|inactive|moistmania has 20 seconds left this turn.
|inactive|moistmania has 15 seconds left.
|inactive|Jnho has 270 seconds left.
|inactive|moistmania has 10 seconds left.
|inactive|moistmania has 5 seconds left.
|
|t:|1729636426
|move|p1a: Heracross|Megahorn|p2a: Swampert
|-damage|p2a: Swampert|28/100
|move|p2a: Swampert|Hydro Pump|p1a: Heracross|[miss]
|-miss|p2a: Swampert|p1a: Heracross
|
|-weather|Sandstorm|[upkeep]
|-damage|p1a: Heracross|70/100|[from] Sandstorm
|-heal|p1a: Heracross|76/100|[from] item: Leftovers
|-heal|p2a: Swampert|34/100|[from] item: Leftovers
|upkeep
|turn|23
|inactive|moistmania has 15 seconds left this turn.
|inactive|moistmania has 10 seconds left.
|inactive|moistmania has 5 seconds left.
|inactive|Jnho has 270 seconds left.
|
|t:|1729636437
|move|p1a: Heracross|Megahorn|p2a: Swampert
|-damage|p2a: Swampert|0 fnt
|faint|p2a: Swampert
|inactive|moistmania has 10 seconds left this turn.
|
|t:|1729636439
|switch|p2a: Moltres|Moltres|100/100
|
|-weather|Sandstorm|[upkeep]
|-damage|p2a: Moltres|94/100|[from] Sandstorm
|-damage|p1a: Heracross|70/100|[from] Sandstorm
|-heal|p2a: Moltres|100/100|[from] item: Leftovers
|-heal|p1a: Heracross|76/100|[from] item: Leftovers
|upkeep
|turn|24
|inactive|moistmania has 20 seconds left this turn.
|
|t:|1729636442
|switch|p1a: Salamence|Salamence, M|92/100
|-ability|p1a: Salamence|Intimidate|boost
|-unboost|p2a: Moltres|atk|1
|move|p2a: Moltres|Will-O-Wisp|p1a: Salamence
|-status|p1a: Salamence|brn
|
|-weather|Sandstorm|[upkeep]
|-damage|p1a: Salamence|86/100 brn|[from] Sandstorm
|-damage|p2a: Moltres|94/100|[from] Sandstorm
|-heal|p1a: Salamence|92/100 brn|[from] item: Leftovers
|-damage|p1a: Salamence|80/100 brn|[from] brn
|-heal|p2a: Moltres|100/100|[from] item: Leftovers
|upkeep
|turn|25
|inactive|moistmania has 30 seconds left this turn.
|
|t:|1729636452
|switch|p2a: Blissey|Blissey, F|64/100
|move|p1a: Salamence|Brick Break|p2a: Blissey
|-supereffective|p2a: Blissey
|-damage|p2a: Blissey|42/100
|
|-weather|Sandstorm|[upkeep]
|-damage|p1a: Salamence|74/100 brn|[from] Sandstorm
|-damage|p2a: Blissey|36/100|[from] Sandstorm
|-heal|p1a: Salamence|80/100 brn|[from] item: Leftovers
|-damage|p1a: Salamence|67/100 brn|[from] brn
|-heal|p2a: Blissey|42/100|[from] item: Leftovers
|upkeep
|turn|26
|inactive|moistmania has 30 seconds left.
|
|t:|1729636461
|switch|p1a: Heracross|Heracross, M|76/100
|-damage|p1a: Heracross|64/100|[from] Spikes
|switch|p2a: Moltres|Moltres|100/100
|
|-weather|Sandstorm|[upkeep]
|-damage|p2a: Moltres|94/100|[from] Sandstorm
|-damage|p1a: Heracross|58/100|[from] Sandstorm
|-heal|p2a: Moltres|100/100|[from] item: Leftovers
|-heal|p1a: Heracross|64/100|[from] item: Leftovers
|upkeep
|turn|27
|
|t:|1729636470
|switch|p1a: Swampert|Swampert, F|13/100 tox
|-damage|p1a: Swampert|0 fnt|[from] Spikes
|faint|p1a: Swampert
|
|t:|1729636476
|switch|p1a: Zapdos|Zapdos|55/100
|
|-weather|Sandstorm|[upkeep]
|-damage|p1a: Zapdos|49/100|[from] Sandstorm
|-damage|p2a: Moltres|94/100|[from] Sandstorm
|-heal|p1a: Zapdos|55/100|[from] item: Leftovers
|-heal|p2a: Moltres|100/100|[from] item: Leftovers
|upkeep
|turn|28
|
|t:|1729636482
|switch|p2a: Blissey|Blissey, F|42/100
|move|p1a: Zapdos|Thunderbolt|p2a: Blissey
|-damage|p2a: Blissey|23/100
|
|-weather|Sandstorm|[upkeep]
|-damage|p1a: Zapdos|49/100|[from] Sandstorm
|-damage|p2a: Blissey|17/100|[from] Sandstorm
|-heal|p1a: Zapdos|55/100|[from] item: Leftovers
|-heal|p2a: Blissey|23/100|[from] item: Leftovers
|upkeep
|turn|29
|
|t:|1729636499
|move|p1a: Zapdos|Baton Pass|p1a: Zapdos
|
|t:|1729636500
|switch|p1a: Heracross|Heracross, M|64/100|[from] Baton Pass
|-damage|p1a: Heracross|51/100|[from] Spikes
|move|p2a: Blissey|Soft-Boiled|p2a: Blissey
|-heal|p2a: Blissey|73/100
|
|-weather|Sandstorm|[upkeep]
|-damage|p1a: Heracross|46/100|[from] Sandstorm
|-damage|p2a: Blissey|67/100|[from] Sandstorm
|-heal|p1a: Heracross|51/100|[from] item: Leftovers
|-heal|p2a: Blissey|73/100|[from] item: Leftovers
|upkeep
|turn|30
|
|t:|1729636511
|move|p1a: Heracross|Rock Slide|p2a: Blissey
|-damage|p2a: Blissey|48/100
|move|p2a: Blissey|Soft-Boiled|p2a: Blissey
|-heal|p2a: Blissey|98/100
|
|-weather|Sandstorm|[upkeep]
|-damage|p1a: Heracross|46/100|[from] Sandstorm
|-damage|p2a: Blissey|91/100|[from] Sandstorm
|-heal|p1a: Heracross|51/100|[from] item: Leftovers
|-heal|p2a: Blissey|98/100|[from] item: Leftovers
|upkeep
|turn|31
|inactive|moistmania has 30 seconds left.
|
|t:|1729636542
|move|p1a: Heracross|Rock Slide|p2a: Blissey
|-damage|p2a: Blissey|69/100
|move|p2a: Blissey|Seismic Toss|p1a: Heracross
|-damage|p1a: Heracross|18/100
|
|-weather|Sandstorm|[upkeep]
|-damage|p1a: Heracross|12/100|[from] Sandstorm
|-damage|p2a: Blissey|63/100|[from] Sandstorm
|-heal|p1a: Heracross|18/100|[from] item: Leftovers
|-heal|p2a: Blissey|69/100|[from] item: Leftovers
|upkeep
|turn|32
|inactive|moistmania has 30 seconds left.
|
|t:|1729636559
|switch|p2a: Moltres|Moltres|100/100
|move|p1a: Heracross|Rock Slide|p2a: Moltres
|-supereffective|p2a: Moltres
|-crit|p2a: Moltres
|-damage|p2a: Moltres|0 fnt
|faint|p2a: Moltres
|inactive|moistmania has 30 seconds left this turn.
|c|☆Jnho|fuck
|c|☆Jnho|wp
|
|t:|1729636571
|switch|p2a: Blissey|Blissey, F|69/100
|
|-weather|Sandstorm|[upkeep]
|-damage|p1a: Heracross|12/100|[from] Sandstorm
|-damage|p2a: Blissey|63/100|[from] Sandstorm
|-heal|p1a: Heracross|18/100|[from] item: Leftovers
|-heal|p2a: Blissey|69/100|[from] item: Leftovers
|upkeep
|turn|33
|
|t:|1729636576
|move|p1a: Heracross|Megahorn|p2a: Blissey
|-damage|p2a: Blissey|11/100
|move|p2a: Blissey|Soft-Boiled|p2a: Blissey
|-heal|p2a: Blissey|61/100
|
|-weather|Sandstorm|[upkeep]
|-damage|p1a: Heracross|12/100|[from] Sandstorm
|-damage|p2a: Blissey|54/100|[from] Sandstorm
|-heal|p1a: Heracross|18/100|[from] item: Leftovers
|-heal|p2a: Blissey|61/100|[from] item: Leftovers
|upkeep
|turn|34
|
|t:|1729636585
|-singleturn|p1a: Heracross|move: Focus Punch
|move|p2a: Blissey|Seismic Toss|p1a: Heracross
|-damage|p1a: Heracross|0 fnt
|faint|p1a: Heracross
|c|☆moistmania|ah wp
|
|t:|1729636597
|switch|p1a: Zapdos|Zapdos|55/100
|
|-weather|Sandstorm|[upkeep]
|-damage|p1a: Zapdos|49/100|[from] Sandstorm
|-damage|p2a: Blissey|54/100|[from] Sandstorm
|-heal|p1a: Zapdos|55/100|[from] item: Leftovers
|-heal|p2a: Blissey|61/100|[from] item: Leftovers
|upkeep
|turn|35
|
|t:|1729636603
|move|p1a: Zapdos|Thunder Wave|p2a: Blissey
|-status|p2a: Blissey|par
|cant|p2a: Blissey|par
|
|-weather|Sandstorm|[upkeep]
|-damage|p1a: Zapdos|49/100|[from] Sandstorm
|-damage|p2a: Blissey|54/100 par|[from] Sandstorm
|-heal|p1a: Zapdos|55/100|[from] item: Leftovers
|-heal|p2a: Blissey|61/100 par|[from] item: Leftovers
|upkeep
|turn|36
|
|t:|1729636610
|move|p1a: Zapdos|Thunderbolt|p2a: Blissey
|-damage|p2a: Blissey|42/100 par
|move|p2a: Blissey|Soft-Boiled|p2a: Blissey
|-heal|p2a: Blissey|92/100 par
|
|-weather|Sandstorm|[upkeep]
|-damage|p1a: Zapdos|49/100|[from] Sandstorm
|-damage|p2a: Blissey|86/100 par|[from] Sandstorm
|-heal|p1a: Zapdos|55/100|[from] item: Leftovers
|-heal|p2a: Blissey|92/100 par|[from] item: Leftovers
|upkeep
|turn|37
|
|t:|1729636614
|move|p1a: Zapdos|Thunderbolt|p2a: Blissey
|-crit|p2a: Blissey
|-damage|p2a: Blissey|55/100 par
|move|p2a: Blissey|Toxic|p1a: Zapdos
|-status|p1a: Zapdos|tox
|
|-weather|Sandstorm|[upkeep]
|-damage|p1a: Zapdos|49/100 tox|[from] Sandstorm
|-damage|p2a: Blissey|49/100 par|[from] Sandstorm
|-heal|p1a: Zapdos|55/100 tox|[from] item: Leftovers
|-damage|p1a: Zapdos|49/100 tox|[from] psn
|-heal|p2a: Blissey|55/100 par|[from] item: Leftovers
|upkeep
|turn|38
|
|t:|1729636617
|move|p1a: Zapdos|Thunderbolt|p2a: Blissey
|-damage|p2a: Blissey|36/100 par
|cant|p2a: Blissey|par
|
|-weather|Sandstorm|[upkeep]
|-damage|p1a: Zapdos|43/100 tox|[from] Sandstorm
|-damage|p2a: Blissey|30/100 par|[from] Sandstorm
|-heal|p1a: Zapdos|49/100 tox|[from] item: Leftovers
|-damage|p1a: Zapdos|37/100 tox|[from] psn
|-heal|p2a: Blissey|36/100 par|[from] item: Leftovers
|upkeep
|turn|39
|
|t:|1729636623
|move|p1a: Zapdos|Thunderbolt|p2a: Blissey
|-damage|p2a: Blissey|16/100 par
|move|p2a: Blissey|Soft-Boiled|p2a: Blissey
|-heal|p2a: Blissey|66/100 par
|
|-weather|Sandstorm|[upkeep]
|-damage|p1a: Zapdos|30/100 tox|[from] Sandstorm
|-damage|p2a: Blissey|60/100 par|[from] Sandstorm
|-heal|p1a: Zapdos|37/100 tox|[from] item: Leftovers
|-damage|p1a: Zapdos|18/100 tox|[from] psn
|-heal|p2a: Blissey|66/100 par|[from] item: Leftovers
|upkeep
|turn|40
|
|t:|1729636625
|move|p1a: Zapdos|Thunderbolt|p2a: Blissey
|-damage|p2a: Blissey|48/100 par
|move|p2a: Blissey|Soft-Boiled|p2a: Blissey
|-heal|p2a: Blissey|98/100 par
|
|-weather|Sandstorm|[upkeep]
|-damage|p1a: Zapdos|12/100 tox|[from] Sandstorm
|-damage|p2a: Blissey|91/100 par|[from] Sandstorm
|-heal|p1a: Zapdos|18/100 tox|[from] item: Leftovers
|-damage|p1a: Zapdos|0 fnt|[from] psn
|faint|p1a: Zapdos
|-heal|p2a: Blissey|98/100 par|[from] item: Leftovers
|upkeep
|
|t:|1729636627
|switch|p1a: Salamence|Salamence, M|67/100 brn
|-ability|p1a: Salamence|Intimidate|boost
|-unboost|p2a: Blissey|atk|1
|turn|41
|
|t:|1729636628
|move|p1a: Salamence|Brick Break|p2a: Blissey
|-supereffective|p2a: Blissey
|-damage|p2a: Blissey|76/100 par
|move|p2a: Blissey|Ice Beam|p1a: Salamence
|-supereffective|p1a: Salamence
|-damage|p1a: Salamence|0 fnt
|faint|p1a: Salamence
|
|win|Jnho
|c|☆moistmania|gg
|c|☆Jnho|gg
|player|p1|

</script>
<script type="application/json" class="data" id="replaydata-smogtours-gen3ou-801285">
{"id":"smogtours-gen3ou-801285","format":"[Gen 3] OU","players":["moistmania","Jnho"],"uploadtime":1729636628,"views":86,"formatid":"gen3ou","rating":null,"private":0,"password":null}
</script>

<script defer src="js/replays.js?9d40a366"></script>
