<!DOCTYPE html>
<meta charset="utf-8" />
<meta name="viewport" content="width=device-width" />

<title>[Gen 3] OU: BL0X vs. ALlCE - Replays - Pok&eacute;mon Showdown!</title>

<meta name="description" content="Watch a replay of a Pok&eacute;mon battle between BL0X and ALlCE! Format: [Gen 3] OU; Date: Oct 11, 2024" />
<!--

Hey, you! Looking in the source for the replay log?

You can find them in JSON format, just add `.json` at the end of a replay URL.

https://replay.pokemonshowdown.com/gen7randomdoublesbattle-865046831.json

Or, if you only need the log itself, add `.log` instead:

https://replay.pokemonshowdown.com/gen7randomdoublesbattle-865046831.log

-->

<link rel="stylesheet" href="//pokemonshowdown.com/style/global.css?0.767286132409787" />
<link rel="stylesheet" href="//play.pokemonshowdown.com/style/font-awesome.css?0.9266228007934947" />
<link rel="stylesheet" href="//play.pokemonshowdown.com/style/battle.css?0.7924700842790926" />
<link rel="stylesheet" href="//play.pokemonshowdown.com/style/utilichart.css?0.8777417872839479" />

<!-- Global site tag (gtag.js) - Google Analytics -->
<script async src="https://www.googletagmanager.com/gtag/js?id=UA-26211653-1"></script>
<script>
  window.dataLayer = window.dataLayer || [];
  function gtag(){dataLayer.push(arguments);}
  gtag('js', new Date());

  gtag('config', 'UA-26211653-1');
</script>
<!-- End Google Analytics -->
<!-- Venatus Ad Manager - Install in <HEAD> of page -->
	<script src="https://hb.vntsm.com/v3/live/ad-manager.min.js" type="text/javascript" data-site-id="642aba63ec9a7b11c3c9c1be" data-mode="scan" async></script>
<!-- / Venatus Ad Manager -->

<style>
	@media (max-width:820px) {
		.battle {
			margin: 0 auto;
		}
		.battle-log {
			margin: 7px auto 0;
			max-width: 640px;
			height: 300px;
			position: static;
		}
	}
	.optgroup {
		display: inline-block;
		line-height: 22px;
		font-size: 10pt;
	}
	.optgroup .button {
		height: 25px;
		padding-top: 0;
		padding-bottom: 0;
	}
	.optgroup button.button {
		padding-left: 12px;
		padding-right: 12px;
	}
	.linklist {
		list-style: none;
		margin: 0.5em 0;
		padding: 0;
	}
	.linklist li {
		padding: 2px 0;
	}
	.sidebar {
		float: left;
		width: 320px;
	}
	.bar-wrapper {
		max-width: 1100px;
		margin: 0 auto;
	}
	.bar-wrapper.has-sidebar {
		max-width: 1430px;
	}
	.mainbar {
		margin: 0;
		padding-right: 1px;
	}
	.mainbar.has-sidebar {
		margin-left: 330px;
	}
	@media (min-width: 1511px) {
		.sidebar {
			width: 400px;
		}
		.bar-wrapper.has-sidebar {
			max-width: 1510px;
		}
		.mainbar.has-sidebar {
			margin-left: 410px;
		}
	}
	.section.first-section {
		margin-top: 9px;
	}
	.blocklink small {
		white-space: normal;
	}
	.button {
		vertical-align: middle;
	}
	.replay-controls {
		padding-top: 10px;
	}
	.replay-controls h1 {
		font-size: 16pt;
		font-weight: normal;
		color: #CCC;
	}
	.pagelink {
		text-align: center;
	}
	.pagelink a {
		width: 150px;
	}
	.textbox, .button {
		font-size: 11pt;
		vertical-align: middle;
	}
	@media (max-width: 450px) {
		.button {
			font-size: 9pt;
		}
	}
</style>

<div>

	<header>
		<div class="nav-wrapper"><ul class="nav">
			<li><a class="button nav-first" href="//pokemonshowdown.com/"><img src="//pokemonshowdown.com/images/pokemonshowdownbeta.png" srcset="//pokemonshowdown.com/images/pokemonshowdownbeta.png 1x, //pokemonshowdown.com/images/pokemonshowdownbeta@2x.png 2x" alt="Pok&eacute;mon Showdown" width="146" height="44" /> Home</a></li>
			<li><a class="button" href="//pokemonshowdown.com/dex/">Pok&eacute;dex</a></li>
			<li><a class="button cur" href="/">Replays</a></li>
			<li><a class="button" href="//pokemonshowdown.com/ladder/">Ladder</a></li>
			<li><a class="button nav-last" href="//pokemonshowdown.com/forums/">Forum</a></li>
			<li><a class="button greenbutton nav-first nav-last" href="//play.pokemonshowdown.com/">Play</a></li>
		</ul></div>
	</header>

	<div class="main" id="main">

		<noscript><section class="section">You need to enable JavaScript to use this page; sorry!</section></noscript>

	</div>

</div>

<script defer nomodule src="//play.pokemonshowdown.com/js/lib/ps-polyfill.js"></script>
<script defer src="//play.pokemonshowdown.com/js/lib/preact.min.js"></script>

<script defer src="//play.pokemonshowdown.com/config/config.js?6dec07f6"></script>
<script defer src="//play.pokemonshowdown.com/js/lib/jquery-1.11.0.min.js"></script>
<script defer src="//play.pokemonshowdown.com/js/lib/html-sanitizer-minified.js"></script>
<script defer src="//play.pokemonshowdown.com/js/battle-sound.js"></script>
<script defer src="//play.pokemonshowdown.com/js/battledata.js?0.6315294753075389"></script>
<script defer src="//play.pokemonshowdown.com/data/pokedex-mini.js?0.7603743185311358"></script>
<script defer src="//play.pokemonshowdown.com/data/pokedex-mini-bw.js?0.030888842834281283"></script>
<script defer src="//play.pokemonshowdown.com/data/graphics.js?0.05593094747507488"></script>
<script defer src="//play.pokemonshowdown.com/data/pokedex.js?0.47064822249611904"></script>
<script defer src="//play.pokemonshowdown.com/data/moves.js?0.8583693120512459"></script>
<script defer src="//play.pokemonshowdown.com/data/abilities.js?0.16017181182386842"></script>
<script defer src="//play.pokemonshowdown.com/data/items.js?0.4163379185673943"></script>
<script defer src="//play.pokemonshowdown.com/data/teambuilder-tables.js?0.31075597372830477"></script>
<script defer src="//play.pokemonshowdown.com/js/battle-tooltips.js?0.6536193500708172"></script>
<script defer src="//play.pokemonshowdown.com/js/battle.js?0.1916591943277901"></script>

<script defer src="js/utils.js?e31f9a17"></script>
<script defer src="js/replays-battle.js?7008c182"></script>

<!-- don't scrape this data! just add .json or .log after the URL!
Full API docs: https://github.com/smogon/pokemon-showdown-client/blob/master/WEB-API.md -->
<script type="text/plain" class="log" id="replaylog-smogtours-gen3ou-797292">
|inactive|Battle timer is ON: inactive players will automatically lose when time's up.
|t:|1728681152
|gametype|singles
|player|p1|BL0X|koga|
|player|p2|ALlCE|#uuplxsisters|
|teamsize|p1|6
|teamsize|p2|6
|gen|3
|tier|[Gen 3] OU
|rule|Sleep Clause Mod: Limit one foe put to sleep
|rule|Switch Priority Clause Mod: Faster Pokémon switch first
|rule|Species Clause: Limit one of each Pokémon
|rule|OHKO Clause: OHKO moves are banned
|rule|Evasion Items Clause: Evasion items are banned
|rule|Evasion Moves Clause: Evasion moves are banned
|rule|Endless Battle Clause: Forcing endless battles is banned
|rule|HP Percentage Mod: HP is shown in percentages
|rule|One Boost Passer Clause: Limit one Baton Passer that has a way to boost its stats
|rule|Freeze Clause Mod: Limit one foe frozen
|
|t:|1728681152
|start
|switch|p1a: Metagross|Metagross|100/100
|switch|p2a: Zapdos|Zapdos|100/100
|turn|1
|inactive|BL0X also wants the timer to be on.
|c|☆ALlCE|hf!
|c|☆BL0X|glhf
|c|☆ALlCE|/log ALlCE made the replay of this battle unlisted.
|
|t:|1728681160
|move|p2a: Zapdos|Thunderbolt|p1a: Metagross
|-damage|p1a: Metagross|58/100
|move|p1a: Metagross|Toxic|p2a: Zapdos
|-status|p2a: Zapdos|tox
|
|-damage|p2a: Zapdos|94/100 tox|[from] psn
|-heal|p1a: Metagross|64/100|[from] item: Leftovers
|upkeep
|turn|2
|inactive|ALlCE has 270 seconds left.
|
|t:|1728681200
|switch|p1a: Celebi|Celebi|100/100
|move|p2a: Zapdos|Thunderbolt|p1a: Celebi
|-resisted|p1a: Celebi
|-damage|p1a: Celebi|83/100
|
|-heal|p2a: Zapdos|100/100 tox|[from] item: Leftovers
|-damage|p2a: Zapdos|88/100 tox|[from] psn
|-heal|p1a: Celebi|89/100|[from] item: Leftovers
|upkeep
|turn|3
|
|t:|1728681206
|switch|p2a: Blissey|Blissey, F|100/100
|move|p1a: Celebi|Leech Seed|p2a: Blissey
|-start|p2a: Blissey|move: Leech Seed
|
|-heal|p1a: Celebi|96/100|[from] item: Leftovers
|-damage|p2a: Blissey|88/100|[from] Leech Seed|[of] p1a: Celebi
|-heal|p1a: Celebi|100/100|[silent]
|upkeep
|turn|4
|
|t:|1728681217
|switch|p1a: Suicune|Suicune|100/100
|switch|p2a: Forretress|Forretress, M|100/100
|
|upkeep
|turn|5
|
|t:|1728681226
|switch|p1a: Magneton|Magneton|100/100
|move|p2a: Forretress|Spikes|p1a: Magneton
|-sidestart|p1: BL0X|Spikes
|
|upkeep
|turn|6
|
|t:|1728681228
|move|p1a: Magneton|Hidden Power|p2a: Forretress
|-supereffective|p2a: Forretress
|-damage|p2a: Forretress|10/100
|move|p2a: Forretress|Counter|p1a: Magneton
|-damage|p1a: Magneton|0 fnt
|faint|p1a: Magneton
|
|t:|1728681248
|switch|p1a: Salamence|Salamence, F|100/100
|-ability|p1a: Salamence|Intimidate|boost
|-unboost|p2a: Forretress|atk|1
|
|-heal|p2a: Forretress|16/100|[from] item: Leftovers
|upkeep
|turn|7
|
|t:|1728681262
|switch|p2a: Swampert|Swampert, F|100/100
|move|p1a: Salamence|Rock Slide|p2a: Swampert
|-resisted|p2a: Swampert
|-damage|p2a: Swampert|91/100
|
|-heal|p2a: Swampert|97/100|[from] item: Leftovers
|upkeep
|turn|8
|c|+zinnias|alice gaming
|
|t:|1728681273
|switch|p1a: Blissey|Blissey, F|100/100
|-damage|p1a: Blissey|88/100|[from] Spikes
|switch|p2a: Blissey|Blissey, F|88/100
|
|-heal|p1a: Blissey|94/100|[from] item: Leftovers
|-heal|p2a: Blissey|94/100|[from] item: Leftovers
|upkeep
|turn|9
|
|t:|1728681286
|move|p1a: Blissey|Wish|p1a: Blissey
|move|p2a: Blissey|Ice Beam|p1a: Blissey
|-damage|p1a: Blissey|86/100
|
|-heal|p1a: Blissey|92/100|[from] item: Leftovers
|-heal|p2a: Blissey|99/100|[from] item: Leftovers
|upkeep
|turn|10
|
|t:|1728681291
|switch|p1a: Metagross|Metagross|64/100
|-damage|p1a: Metagross|51/100|[from] Spikes
|switch|p2a: Swampert|Swampert, F|97/100
|
|-heal|p1a: Metagross|100/100|[from] move: Wish|[wisher] Blissey
|-heal|p2a: Swampert|100/100|[from] item: Leftovers
|upkeep
|turn|11
|
|t:|1728681298
|switch|p1a: Celebi|Celebi|100/100
|-damage|p1a: Celebi|88/100|[from] Spikes
|move|p2a: Swampert|Earthquake|p1a: Celebi
|-resisted|p1a: Celebi
|-damage|p1a: Celebi|75/100
|
|-heal|p1a: Celebi|81/100|[from] item: Leftovers
|upkeep
|turn|12
|
|t:|1728681307
|switch|p2a: Forretress|Forretress, M|16/100
|move|p1a: Celebi|Leech Seed|p2a: Forretress
|-start|p2a: Forretress|move: Leech Seed
|
|-heal|p1a: Celebi|87/100|[from] item: Leftovers
|-heal|p2a: Forretress|23/100|[from] item: Leftovers
|-damage|p2a: Forretress|10/100|[from] Leech Seed|[of] p1a: Celebi
|-heal|p1a: Celebi|98/100|[silent]
|upkeep
|turn|13
|
|t:|1728681317
|switch|p1a: Metagross|Metagross|100/100
|-damage|p1a: Metagross|88/100|[from] Spikes
|switch|p2a: Zapdos|Zapdos|88/100 tox
|
|-heal|p2a: Zapdos|94/100 tox|[from] item: Leftovers
|-damage|p2a: Zapdos|88/100 tox|[from] psn
|-heal|p1a: Metagross|94/100|[from] item: Leftovers
|upkeep
|turn|14
|
|t:|1728681328
|switch|p1a: Celebi|Celebi|98/100
|-damage|p1a: Celebi|86/100|[from] Spikes
|move|p2a: Zapdos|Toxic|p1a: Celebi|[miss]
|-miss|p2a: Zapdos|p1a: Celebi
|
|-heal|p2a: Zapdos|94/100 tox|[from] item: Leftovers
|-damage|p2a: Zapdos|82/100 tox|[from] psn
|-heal|p1a: Celebi|92/100|[from] item: Leftovers
|upkeep
|turn|15
|
|t:|1728681331
|move|p2a: Zapdos|Toxic|p1a: Celebi
|-status|p1a: Celebi|tox
|move|p1a: Celebi|Leech Seed|p2a: Zapdos
|-start|p2a: Zapdos|move: Leech Seed
|
|-heal|p2a: Zapdos|88/100 tox|[from] item: Leftovers
|-damage|p2a: Zapdos|76/100 tox|[from] Leech Seed|[of] p1a: Celebi
|-heal|p1a: Celebi|100/100 tox|[silent]
|-damage|p2a: Zapdos|58/100 tox|[from] psn
|-damage|p1a: Celebi|94/100 tox|[from] psn
|upkeep
|turn|16
|
|t:|1728681335
|switch|p2a: Forretress|Forretress, M|10/100
|-curestatus|p1a: Celebi|tox|[from] ability: Natural Cure
|switch|p1a: Metagross|Metagross|94/100
|-damage|p1a: Metagross|82/100|[from] Spikes
|
|-heal|p1a: Metagross|88/100|[from] item: Leftovers
|-heal|p2a: Forretress|16/100|[from] item: Leftovers
|upkeep
|turn|17
|
|t:|1728681341
|switch|p2a: Zapdos|Zapdos|58/100 tox
|move|p1a: Metagross|Meteor Mash|p2a: Zapdos
|-resisted|p2a: Zapdos
|-damage|p2a: Zapdos|26/100 tox
|
|-heal|p2a: Zapdos|32/100 tox|[from] item: Leftovers
|-damage|p2a: Zapdos|26/100 tox|[from] psn
|-heal|p1a: Metagross|94/100|[from] item: Leftovers
|upkeep
|turn|18
|
|t:|1728681345
|move|p2a: Zapdos|Rest|p2a: Zapdos
|-status|p2a: Zapdos|slp|[from] move: Rest
|-heal|p2a: Zapdos|100/100 slp|[silent]
|move|p1a: Metagross|Meteor Mash|p2a: Zapdos
|-resisted|p2a: Zapdos
|-damage|p2a: Zapdos|69/100 slp
|
|-heal|p2a: Zapdos|75/100 slp|[from] item: Leftovers
|-heal|p1a: Metagross|99/100|[from] item: Leftovers
|upkeep
|turn|19
|
|t:|1728681351
|switch|p2a: Swampert|Swampert, F|100/100
|move|p1a: Metagross|Meteor Mash|p2a: Swampert
|-resisted|p2a: Swampert
|-damage|p2a: Swampert|81/100
|
|-heal|p1a: Metagross|100/100|[from] item: Leftovers
|-heal|p2a: Swampert|87/100|[from] item: Leftovers
|upkeep
|turn|20
|
|t:|1728681355
|move|p1a: Metagross|Toxic|p2a: Swampert
|-status|p2a: Swampert|tox
|move|p2a: Swampert|Earthquake|p1a: Metagross
|-supereffective|p1a: Metagross
|-damage|p1a: Metagross|44/100
|
|-heal|p1a: Metagross|50/100|[from] item: Leftovers
|-heal|p2a: Swampert|93/100 tox|[from] item: Leftovers
|-damage|p2a: Swampert|87/100 tox|[from] psn
|upkeep
|turn|21
|
|t:|1728681360
|switch|p1a: Celebi|Celebi|94/100
|-damage|p1a: Celebi|82/100|[from] Spikes
|switch|p2a: Forretress|Forretress, M|16/100
|
|-heal|p1a: Celebi|88/100|[from] item: Leftovers
|-heal|p2a: Forretress|23/100|[from] item: Leftovers
|upkeep
|turn|22
|
|t:|1728681363
|move|p1a: Celebi|Leech Seed|p2a: Forretress
|-start|p2a: Forretress|move: Leech Seed
|move|p2a: Forretress|Hidden Power|p1a: Celebi
|-supereffective|p1a: Celebi
|-damage|p1a: Celebi|25/100
|
|-heal|p1a: Celebi|31/100|[from] item: Leftovers
|-heal|p2a: Forretress|29/100|[from] item: Leftovers
|-damage|p2a: Forretress|16/100|[from] Leech Seed|[of] p1a: Celebi
|-heal|p1a: Celebi|42/100|[silent]
|upkeep
|turn|23
|
|t:|1728681367
|move|p1a: Celebi|Recover|p1a: Celebi
|-heal|p1a: Celebi|92/100
|move|p2a: Forretress|Rapid Spin|p1a: Celebi
|-damage|p1a: Celebi|89/100
|-end|p2a: Forretress|Leech Seed|[from] move: Rapid Spin|[of] p2a: Forretress
|
|-heal|p1a: Celebi|95/100|[from] item: Leftovers
|-heal|p2a: Forretress|23/100|[from] item: Leftovers
|upkeep
|turn|24
|
|t:|1728681370
|move|p1a: Celebi|Leech Seed|p2a: Forretress
|-start|p2a: Forretress|move: Leech Seed
|move|p2a: Forretress|Hidden Power|p1a: Celebi
|-supereffective|p1a: Celebi
|-damage|p1a: Celebi|27/100
|
|-heal|p1a: Celebi|33/100|[from] item: Leftovers
|-heal|p2a: Forretress|29/100|[from] item: Leftovers
|-damage|p2a: Forretress|16/100|[from] Leech Seed|[of] p1a: Celebi
|-heal|p1a: Celebi|44/100|[silent]
|upkeep
|turn|25
|
|t:|1728681373
|move|p1a: Celebi|Recover|p1a: Celebi
|-heal|p1a: Celebi|94/100
|move|p2a: Forretress|Rapid Spin|p1a: Celebi
|-damage|p1a: Celebi|91/100
|-end|p2a: Forretress|Leech Seed|[from] move: Rapid Spin|[of] p2a: Forretress
|
|-heal|p1a: Celebi|97/100|[from] item: Leftovers
|-heal|p2a: Forretress|23/100|[from] item: Leftovers
|upkeep
|turn|26
|
|t:|1728681379
|switch|p1a: Salamence|Salamence, F|100/100
|-ability|p1a: Salamence|Intimidate|boost
|-unboost|p2a: Forretress|atk|1
|move|p2a: Forretress|Rapid Spin|p1a: Salamence
|-damage|p1a: Salamence|97/100
|
|-heal|p1a: Salamence|100/100|[from] item: Leftovers
|-heal|p2a: Forretress|29/100|[from] item: Leftovers
|upkeep
|turn|27
|
|t:|1728681385
|switch|p2a: Blissey|Blissey, F|99/100
|move|p1a: Salamence|Hidden Power|p2a: Blissey
|-damage|p2a: Blissey|59/100
|
|-heal|p2a: Blissey|65/100|[from] item: Leftovers
|upkeep
|turn|28
|
|t:|1728681390
|switch|p1a: Blissey|Blissey, F|92/100
|-damage|p1a: Blissey|79/100|[from] Spikes
|move|p2a: Blissey|Soft-Boiled|p2a: Blissey
|-heal|p2a: Blissey|100/100
|
|-heal|p1a: Blissey|86/100|[from] item: Leftovers
|upkeep
|turn|29
|
|t:|1728681395
|switch|p2a: Swampert|Swampert, F|87/100 tox
|move|p1a: Blissey|Seismic Toss|p2a: Swampert
|-damage|p2a: Swampert|62/100 tox
|
|-heal|p1a: Blissey|92/100|[from] item: Leftovers
|-heal|p2a: Swampert|68/100 tox|[from] item: Leftovers
|-damage|p2a: Swampert|62/100 tox|[from] psn
|upkeep
|turn|30
|
|t:|1728681399
|switch|p1a: Celebi|Celebi|97/100
|-damage|p1a: Celebi|85/100|[from] Spikes
|move|p2a: Swampert|Earthquake|p1a: Celebi
|-resisted|p1a: Celebi
|-damage|p1a: Celebi|71/100
|
|-heal|p1a: Celebi|77/100|[from] item: Leftovers
|-heal|p2a: Swampert|68/100 tox|[from] item: Leftovers
|-damage|p2a: Swampert|56/100 tox|[from] psn
|upkeep
|turn|31
|
|t:|1728681402
|switch|p2a: Forretress|Forretress, M|29/100
|move|p1a: Celebi|Hidden Power|p2a: Forretress
|-resisted|p2a: Forretress
|-damage|p2a: Forretress|22/100
|
|-heal|p1a: Celebi|83/100|[from] item: Leftovers
|-heal|p2a: Forretress|28/100|[from] item: Leftovers
|upkeep
|turn|32
|
|t:|1728681413
|switch|p1a: Salamence|Salamence, F|100/100
|-ability|p1a: Salamence|Intimidate|boost
|-unboost|p2a: Forretress|atk|1
|move|p2a: Forretress|Spikes|p1a: Salamence
|-sidestart|p1: BL0X|Spikes
|
|-heal|p2a: Forretress|35/100|[from] item: Leftovers
|upkeep
|turn|33
|
|t:|1728681428
|switch|p1a: Metagross|Metagross|50/100
|-damage|p1a: Metagross|34/100|[from] Spikes
|move|p2a: Forretress|Counter|p1a: Metagross
|
|-heal|p1a: Metagross|40/100|[from] item: Leftovers
|-heal|p2a: Forretress|41/100|[from] item: Leftovers
|upkeep
|turn|34
|
|t:|1728681434
|move|p1a: Metagross|Explosion|p2a: Forretress
|-resisted|p2a: Forretress
|-damage|p2a: Forretress|0 fnt
|faint|p1a: Metagross
|faint|p2a: Forretress
|
|t:|1728681444
|switch|p1a: Celebi|Celebi|83/100
|switch|p2a: Victory Royale|Dugtrio, M|100/100
|-damage|p1a: Celebi|67/100|[from] Spikes
|
|-heal|p1a: Celebi|73/100|[from] item: Leftovers
|upkeep
|turn|35
|
|t:|1728681447
|move|p2a: Victory Royale|Hidden Power|p1a: Celebi
|-supereffective|p1a: Celebi
|-damage|p1a: Celebi|1/100
|move|p1a: Celebi|Hidden Power|p2a: Victory Royale
|-supereffective|p2a: Victory Royale
|-damage|p2a: Victory Royale|0 fnt
|faint|p2a: Victory Royale
|
|t:|1728681450
|switch|p2a: Tyranitar|Tyranitar, M|100/100
|-weather|Sandstorm|[from] ability: Sand Stream|[of] p2a: Tyranitar
|
|-weather|Sandstorm|[upkeep]
|-damage|p1a: Celebi|0 fnt|[from] Sandstorm
|faint|p1a: Celebi
|upkeep
|
|t:|1728681455
|switch|p1a: Suicune|Suicune|100/100
|-damage|p1a: Suicune|84/100|[from] Spikes
|turn|36
|
|t:|1728681474
|move|p1a: Suicune|Calm Mind|p1a: Suicune
|-boost|p1a: Suicune|spa|1
|-boost|p1a: Suicune|spd|1
|move|p2a: Tyranitar|Crunch|p1a: Suicune
|-damage|p1a: Suicune|66/100
|
|-weather|Sandstorm|[upkeep]
|-damage|p1a: Suicune|60/100|[from] Sandstorm
|-heal|p1a: Suicune|66/100|[from] item: Leftovers
|upkeep
|turn|37
|
|t:|1728681477
|move|p1a: Suicune|Calm Mind|p1a: Suicune
|-boost|p1a: Suicune|spa|1
|-boost|p1a: Suicune|spd|1
|move|p2a: Tyranitar|Crunch|p1a: Suicune
|-damage|p1a: Suicune|51/100
|
|-weather|Sandstorm|[upkeep]
|-damage|p1a: Suicune|45/100|[from] Sandstorm
|-heal|p1a: Suicune|51/100|[from] item: Leftovers
|upkeep
|turn|38
|
|t:|1728681481
|switch|p2a: Blissey|Blissey, F|100/100
|move|p1a: Suicune|Calm Mind|p1a: Suicune
|-boost|p1a: Suicune|spa|1
|-boost|p1a: Suicune|spd|1
|
|-weather|Sandstorm|[upkeep]
|-damage|p1a: Suicune|45/100|[from] Sandstorm
|-damage|p2a: Blissey|94/100|[from] Sandstorm
|-heal|p1a: Suicune|51/100|[from] item: Leftovers
|-heal|p2a: Blissey|100/100|[from] item: Leftovers
|upkeep
|turn|39
|
|t:|1728681489
|move|p1a: Suicune|Hydro Pump|p2a: Blissey
|-damage|p2a: Blissey|46/100
|move|p2a: Blissey|Calm Mind|p2a: Blissey
|-boost|p2a: Blissey|spa|1
|-boost|p2a: Blissey|spd|1
|
|-weather|Sandstorm|[upkeep]
|-damage|p1a: Suicune|45/100|[from] Sandstorm
|-damage|p2a: Blissey|40/100|[from] Sandstorm
|-heal|p1a: Suicune|51/100|[from] item: Leftovers
|-heal|p2a: Blissey|46/100|[from] item: Leftovers
|upkeep
|turn|40
|
|t:|1728681492
|move|p1a: Suicune|Hydro Pump|p2a: Blissey
|-damage|p2a: Blissey|13/100
|move|p2a: Blissey|Soft-Boiled|p2a: Blissey
|-heal|p2a: Blissey|63/100
|
|-weather|Sandstorm|[upkeep]
|-damage|p1a: Suicune|45/100|[from] Sandstorm
|-damage|p2a: Blissey|56/100|[from] Sandstorm
|-heal|p1a: Suicune|51/100|[from] item: Leftovers
|-heal|p2a: Blissey|63/100|[from] item: Leftovers
|upkeep
|turn|41
|
|t:|1728681496
|move|p1a: Suicune|Calm Mind|p1a: Suicune
|-boost|p1a: Suicune|spa|1
|-boost|p1a: Suicune|spd|1
|move|p2a: Blissey|Soft-Boiled|p2a: Blissey
|-heal|p2a: Blissey|100/100
|
|-weather|Sandstorm|[upkeep]
|-damage|p1a: Suicune|45/100|[from] Sandstorm
|-damage|p2a: Blissey|94/100|[from] Sandstorm
|-heal|p1a: Suicune|51/100|[from] item: Leftovers
|-heal|p2a: Blissey|100/100|[from] item: Leftovers
|upkeep
|turn|42
|
|t:|1728681498
|move|p1a: Suicune|Hydro Pump|p2a: Blissey|[miss]
|-miss|p1a: Suicune|p2a: Blissey
|move|p2a: Blissey|Calm Mind|p2a: Blissey
|-boost|p2a: Blissey|spa|1
|-boost|p2a: Blissey|spd|1
|
|-weather|Sandstorm|[upkeep]
|-damage|p1a: Suicune|45/100|[from] Sandstorm
|-damage|p2a: Blissey|94/100|[from] Sandstorm
|-heal|p1a: Suicune|51/100|[from] item: Leftovers
|-heal|p2a: Blissey|100/100|[from] item: Leftovers
|upkeep
|turn|43
|
|t:|1728681503
|move|p1a: Suicune|Hydro Pump|p2a: Blissey
|-damage|p2a: Blissey|68/100
|move|p2a: Blissey|Calm Mind|p2a: Blissey
|-boost|p2a: Blissey|spa|1
|-boost|p2a: Blissey|spd|1
|
|-weather|Sandstorm|[upkeep]
|-damage|p1a: Suicune|45/100|[from] Sandstorm
|-damage|p2a: Blissey|62/100|[from] Sandstorm
|-heal|p1a: Suicune|51/100|[from] item: Leftovers
|-heal|p2a: Blissey|68/100|[from] item: Leftovers
|upkeep
|turn|44
|
|t:|1728681506
|move|p1a: Suicune|Hydro Pump|p2a: Blissey
|-damage|p2a: Blissey|44/100
|move|p2a: Blissey|Soft-Boiled|p2a: Blissey
|-heal|p2a: Blissey|94/100
|
|-weather|Sandstorm|[upkeep]
|-damage|p1a: Suicune|45/100|[from] Sandstorm
|-damage|p2a: Blissey|88/100|[from] Sandstorm
|-heal|p1a: Suicune|51/100|[from] item: Leftovers
|-heal|p2a: Blissey|94/100|[from] item: Leftovers
|upkeep
|turn|45
|
|t:|1728681509
|move|p1a: Suicune|Ice Beam|p2a: Blissey
|-damage|p2a: Blissey|81/100
|move|p2a: Blissey|Calm Mind|p2a: Blissey
|-boost|p2a: Blissey|spa|1
|-boost|p2a: Blissey|spd|1
|
|-weather|Sandstorm|[upkeep]
|-damage|p1a: Suicune|45/100|[from] Sandstorm
|-damage|p2a: Blissey|75/100|[from] Sandstorm
|-heal|p1a: Suicune|51/100|[from] item: Leftovers
|-heal|p2a: Blissey|81/100|[from] item: Leftovers
|upkeep
|turn|46
|
|t:|1728681512
|move|p1a: Suicune|Calm Mind|p1a: Suicune
|-boost|p1a: Suicune|spa|1
|-boost|p1a: Suicune|spd|1
|move|p2a: Blissey|Thunderbolt|p1a: Suicune
|-supereffective|p1a: Suicune
|-damage|p1a: Suicune|20/100
|
|-weather|Sandstorm|[upkeep]
|-damage|p1a: Suicune|14/100|[from] Sandstorm
|-damage|p2a: Blissey|75/100|[from] Sandstorm
|-heal|p1a: Suicune|20/100|[from] item: Leftovers
|-heal|p2a: Blissey|81/100|[from] item: Leftovers
|upkeep
|turn|47
|
|t:|1728681515
|move|p1a: Suicune|Rest|p1a: Suicune
|-status|p1a: Suicune|slp|[from] move: Rest
|-heal|p1a: Suicune|100/100 slp|[silent]
|move|p2a: Blissey|Soft-Boiled|p2a: Blissey
|-heal|p2a: Blissey|100/100
|
|-weather|Sandstorm|[upkeep]
|-damage|p1a: Suicune|94/100 slp|[from] Sandstorm
|-damage|p2a: Blissey|94/100|[from] Sandstorm
|-heal|p1a: Suicune|100/100 slp|[from] item: Leftovers
|-heal|p2a: Blissey|100/100|[from] item: Leftovers
|upkeep
|turn|48
|
|t:|1728681517
|cant|p1a: Suicune|slp
|move|p2a: Blissey|Calm Mind|p2a: Blissey
|-boost|p2a: Blissey|spa|1
|-boost|p2a: Blissey|spd|1
|
|-weather|Sandstorm|[upkeep]
|-damage|p1a: Suicune|94/100 slp|[from] Sandstorm
|-damage|p2a: Blissey|94/100|[from] Sandstorm
|-heal|p1a: Suicune|100/100 slp|[from] item: Leftovers
|-heal|p2a: Blissey|100/100|[from] item: Leftovers
|upkeep
|turn|49
|
|t:|1728681520
|cant|p1a: Suicune|slp
|move|p2a: Blissey|Calm Mind|p2a: Blissey
|-boost|p2a: Blissey|spa|1
|-boost|p2a: Blissey|spd|1
|
|-weather|Sandstorm|[upkeep]
|-damage|p1a: Suicune|94/100 slp|[from] Sandstorm
|-damage|p2a: Blissey|94/100|[from] Sandstorm
|-heal|p1a: Suicune|100/100 slp|[from] item: Leftovers
|-heal|p2a: Blissey|100/100|[from] item: Leftovers
|upkeep
|turn|50
|
|t:|1728681523
|-curestatus|p1a: Suicune|slp|[msg]
|move|p1a: Suicune|Calm Mind|p1a: Suicune
|-boost|p1a: Suicune|spa|1
|-boost|p1a: Suicune|spd|1
|move|p2a: Blissey|Thunderbolt|p1a: Suicune
|-supereffective|p1a: Suicune
|-damage|p1a: Suicune|60/100
|
|-weather|Sandstorm|[upkeep]
|-damage|p1a: Suicune|54/100|[from] Sandstorm
|-damage|p2a: Blissey|94/100|[from] Sandstorm
|-heal|p1a: Suicune|60/100|[from] item: Leftovers
|-heal|p2a: Blissey|100/100|[from] item: Leftovers
|upkeep
|turn|51
|
|t:|1728681525
|move|p1a: Suicune|Ice Beam|p2a: Blissey
|-damage|p2a: Blissey|89/100
|move|p2a: Blissey|Thunderbolt|p1a: Suicune
|-supereffective|p1a: Suicune
|-damage|p1a: Suicune|22/100
|
|-weather|Sandstorm|[upkeep]
|-damage|p1a: Suicune|16/100|[from] Sandstorm
|-damage|p2a: Blissey|83/100|[from] Sandstorm
|-heal|p1a: Suicune|22/100|[from] item: Leftovers
|-heal|p2a: Blissey|89/100|[from] item: Leftovers
|upkeep
|turn|52
|
|t:|1728681528
|move|p1a: Suicune|Hydro Pump|p2a: Blissey
|-damage|p2a: Blissey|71/100
|move|p2a: Blissey|Thunderbolt|p1a: Suicune
|-supereffective|p1a: Suicune
|-damage|p1a: Suicune|0 fnt
|faint|p1a: Suicune
|
|t:|1728681532
|switch|p1a: Salamence|Salamence, F|100/100
|-ability|p1a: Salamence|Intimidate|boost
|-unboost|p2a: Blissey|atk|1
|
|-weather|Sandstorm|[upkeep]
|-damage|p1a: Salamence|94/100|[from] Sandstorm
|-damage|p2a: Blissey|64/100|[from] Sandstorm
|-heal|p1a: Salamence|100/100|[from] item: Leftovers
|-heal|p2a: Blissey|71/100|[from] item: Leftovers
|upkeep
|turn|53
|
|t:|1728681534
|move|p1a: Salamence|Rock Slide|p2a: Blissey
|-damage|p2a: Blissey|42/100
|move|p2a: Blissey|Ice Beam|p1a: Salamence
|-supereffective|p1a: Salamence
|-damage|p1a: Salamence|0 fnt
|faint|p1a: Salamence
|c|☆ALlCE|gg
|
|t:|1728681537
|switch|p1a: Blissey|Blissey, F|92/100
|-damage|p1a: Blissey|75/100|[from] Spikes
|
|-weather|Sandstorm|[upkeep]
|-damage|p1a: Blissey|69/100|[from] Sandstorm
|-damage|p2a: Blissey|36/100|[from] Sandstorm
|-heal|p1a: Blissey|75/100|[from] item: Leftovers
|-heal|p2a: Blissey|42/100|[from] item: Leftovers
|upkeep
|turn|54
|
|t:|1728681540
|move|p1a: Blissey|Seismic Toss|p2a: Blissey
|-damage|p2a: Blissey|26/100
|move|p2a: Blissey|Ice Beam|p1a: Blissey
|-damage|p1a: Blissey|39/100
|
|-weather|Sandstorm|[upkeep]
|-damage|p1a: Blissey|33/100|[from] Sandstorm
|-damage|p2a: Blissey|20/100|[from] Sandstorm
|-heal|p1a: Blissey|39/100|[from] item: Leftovers
|-heal|p2a: Blissey|26/100|[from] item: Leftovers
|upkeep
|turn|55
|c|☆BL0X|gg
|-message|BL0X forfeited.
|
|win|ALlCE
|player|p1|
|player|p2|
|player|p2|ALlCE|#uuplxsisters|

</script>
<script type="application/json" class="data" id="replaydata-smogtours-gen3ou-797292">
{"id":"smogtours-gen3ou-797292","format":"[Gen 3] OU","players":["BL0X","ALlCE"],"uploadtime":1728681543,"views":103,"formatid":"gen3ou","rating":null,"private":1,"password":null}
</script>

<script defer src="js/replays.js?9d40a366"></script>
