<!DOCTYPE html>
<meta charset="utf-8" />
<meta name="viewport" content="width=device-width" />

<title>[Gen 3] OU: HexMoonie vs. SlamonBBQ - Replays - Pok&eacute;mon Showdown!</title>

<meta name="description" content="Watch a replay of a Pok&eacute;mon battle between HexMoonie and SlamonBBQ! Format: [Gen 3] OU; Date: Oct 19, 2024" />
<!--

Hey, you! Looking in the source for the replay log?

You can find them in JSON format, just add `.json` at the end of a replay URL.

https://replay.pokemonshowdown.com/gen7randomdoublesbattle-865046831.json

Or, if you only need the log itself, add `.log` instead:

https://replay.pokemonshowdown.com/gen7randomdoublesbattle-865046831.log

-->

<link rel="stylesheet" href="//pokemonshowdown.com/style/global.css?0.023195364461161105" />
<link rel="stylesheet" href="//play.pokemonshowdown.com/style/font-awesome.css?0.13261647063804238" />
<link rel="stylesheet" href="//play.pokemonshowdown.com/style/battle.css?0.8753245789963631" />
<link rel="stylesheet" href="//play.pokemonshowdown.com/style/utilichart.css?0.8627959624976733" />

<!-- Global site tag (gtag.js) - Google Analytics -->
<script async src="https://www.googletagmanager.com/gtag/js?id=UA-26211653-1"></script>
<script>
  window.dataLayer = window.dataLayer || [];
  function gtag(){dataLayer.push(arguments);}
  gtag('js', new Date());

  gtag('config', 'UA-26211653-1');
</script>
<!-- End Google Analytics -->
<!-- Venatus Ad Manager - Install in <HEAD> of page -->
	<script src="https://hb.vntsm.com/v3/live/ad-manager.min.js" type="text/javascript" data-site-id="642aba63ec9a7b11c3c9c1be" data-mode="scan" async></script>
<!-- / Venatus Ad Manager -->

<style>
	@media (max-width:820px) {
		.battle {
			margin: 0 auto;
		}
		.battle-log {
			margin: 7px auto 0;
			max-width: 640px;
			height: 300px;
			position: static;
		}
	}
	.optgroup {
		display: inline-block;
		line-height: 22px;
		font-size: 10pt;
	}
	.optgroup .button {
		height: 25px;
		padding-top: 0;
		padding-bottom: 0;
	}
	.optgroup button.button {
		padding-left: 12px;
		padding-right: 12px;
	}
	.linklist {
		list-style: none;
		margin: 0.5em 0;
		padding: 0;
	}
	.linklist li {
		padding: 2px 0;
	}
	.sidebar {
		float: left;
		width: 320px;
	}
	.bar-wrapper {
		max-width: 1100px;
		margin: 0 auto;
	}
	.bar-wrapper.has-sidebar {
		max-width: 1430px;
	}
	.mainbar {
		margin: 0;
		padding-right: 1px;
	}
	.mainbar.has-sidebar {
		margin-left: 330px;
	}
	@media (min-width: 1511px) {
		.sidebar {
			width: 400px;
		}
		.bar-wrapper.has-sidebar {
			max-width: 1510px;
		}
		.mainbar.has-sidebar {
			margin-left: 410px;
		}
	}
	.section.first-section {
		margin-top: 9px;
	}
	.blocklink small {
		white-space: normal;
	}
	.button {
		vertical-align: middle;
	}
	.replay-controls {
		padding-top: 10px;
	}
	.replay-controls h1 {
		font-size: 16pt;
		font-weight: normal;
		color: #CCC;
	}
	.pagelink {
		text-align: center;
	}
	.pagelink a {
		width: 150px;
	}
	.textbox, .button {
		font-size: 11pt;
		vertical-align: middle;
	}
	@media (max-width: 450px) {
		.button {
			font-size: 9pt;
		}
	}
</style>

<div>

	<header>
		<div class="nav-wrapper"><ul class="nav">
			<li><a class="button nav-first" href="//pokemonshowdown.com/"><img src="//pokemonshowdown.com/images/pokemonshowdownbeta.png" srcset="//pokemonshowdown.com/images/pokemonshowdownbeta.png 1x, //pokemonshowdown.com/images/pokemonshowdownbeta@2x.png 2x" alt="Pok&eacute;mon Showdown" width="146" height="44" /> Home</a></li>
			<li><a class="button" href="//pokemonshowdown.com/dex/">Pok&eacute;dex</a></li>
			<li><a class="button cur" href="/">Replays</a></li>
			<li><a class="button" href="//pokemonshowdown.com/ladder/">Ladder</a></li>
			<li><a class="button nav-last" href="//pokemonshowdown.com/forums/">Forum</a></li>
			<li><a class="button greenbutton nav-first nav-last" href="//play.pokemonshowdown.com/">Play</a></li>
		</ul></div>
	</header>

	<div class="main" id="main">

		<noscript><section class="section">You need to enable JavaScript to use this page; sorry!</section></noscript>

	</div>

</div>

<script defer nomodule src="//play.pokemonshowdown.com/js/lib/ps-polyfill.js"></script>
<script defer src="//play.pokemonshowdown.com/js/lib/preact.min.js"></script>

<script defer src="//play.pokemonshowdown.com/config/config.js?2bddbc15"></script>
<script defer src="//play.pokemonshowdown.com/js/lib/jquery-1.11.0.min.js"></script>
<script defer src="//play.pokemonshowdown.com/js/lib/html-sanitizer-minified.js"></script>
<script defer src="//play.pokemonshowdown.com/js/battle-sound.js"></script>
<script defer src="//play.pokemonshowdown.com/js/battledata.js?0.7209276989879541"></script>
<script defer src="//play.pokemonshowdown.com/data/pokedex-mini.js?0.6111056340867951"></script>
<script defer src="//play.pokemonshowdown.com/data/pokedex-mini-bw.js?0.3532142036491459"></script>
<script defer src="//play.pokemonshowdown.com/data/graphics.js?0.24223875632456182"></script>
<script defer src="//play.pokemonshowdown.com/data/pokedex.js?0.38839984266356864"></script>
<script defer src="//play.pokemonshowdown.com/data/moves.js?0.21866028504024015"></script>
<script defer src="//play.pokemonshowdown.com/data/abilities.js?0.2005157953846628"></script>
<script defer src="//play.pokemonshowdown.com/data/items.js?0.9894211263848525"></script>
<script defer src="//play.pokemonshowdown.com/data/teambuilder-tables.js?0.6008791140282215"></script>
<script defer src="//play.pokemonshowdown.com/js/battle-tooltips.js?0.7580118955022959"></script>
<script defer src="//play.pokemonshowdown.com/js/battle.js?0.6057722274234274"></script>

<script defer src="js/utils.js?e31f9a17"></script>
<script defer src="js/replays-battle.js?7008c182"></script>

<!-- don't scrape this data! just add .json or .log after the URL!
Full API docs: https://github.com/smogon/pokemon-showdown-client/blob/master/WEB-API.md -->
<script type="text/plain" class="log" id="replaylog-smogtours-gen3ou-800152">
|inactive|Battle timer is ON: inactive players will automatically lose when time's up.
|t:|1729376001
|gametype|singles
|player|p1|HexMoonie|hexmaniac-gen6|
|player|p2|SlamonBBQ|rood|
|teamsize|p1|6
|teamsize|p2|6
|gen|3
|tier|[Gen 3] OU
|rule|Sleep Clause Mod: Limit one foe put to sleep
|rule|Switch Priority Clause Mod: Faster Pokémon switch first
|rule|Species Clause: Limit one of each Pokémon
|rule|OHKO Clause: OHKO moves are banned
|rule|Evasion Items Clause: Evasion items are banned
|rule|Evasion Moves Clause: Evasion moves are banned
|rule|Endless Battle Clause: Forcing endless battles is banned
|rule|HP Percentage Mod: HP is shown in percentages
|rule|One Boost Passer Clause: Limit one Baton Passer that has a way to boost its stats
|rule|Freeze Clause Mod: Limit one foe frozen
|
|t:|1729376001
|start
|switch|p1a: Metagross|Metagross|100/100
|switch|p2a: Swampert|Swampert, M|100/100
|turn|1
|inactive|SlamonBBQ has 270 seconds left.
|
|t:|1729376033
|move|p1a: Metagross|Protect|p1a: Metagross
|-singleturn|p1a: Metagross|Protect
|move|p2a: Swampert|Earthquake|p1a: Metagross
|-activate|p1a: Metagross|Protect
|
|upkeep
|turn|2
|
|t:|1729376051
|switch|p1a: Celebi|Celebi|100/100
|move|p2a: Swampert|Surf|p1a: Celebi
|-resisted|p1a: Celebi
|-damage|p1a: Celebi|89/100
|
|-heal|p1a: Celebi|95/100|[from] item: Leftovers
|upkeep
|turn|3
|
|t:|1729376059
|switch|p2a: Regice|Regice|100/100
|move|p1a: Celebi|Calm Mind|p1a: Celebi
|-boost|p1a: Celebi|spa|1
|-boost|p1a: Celebi|spd|1
|
|-heal|p1a: Celebi|100/100|[from] item: Leftovers
|upkeep
|turn|4
|
|t:|1729376080
|move|p1a: Celebi|Calm Mind|p1a: Celebi
|-boost|p1a: Celebi|spa|1
|-boost|p1a: Celebi|spd|1
|move|p2a: Regice|Ice Beam|p1a: Celebi
|-supereffective|p1a: Celebi
|-damage|p1a: Celebi|73/100
|-status|p1a: Celebi|frz
|
|-heal|p1a: Celebi|79/100 frz|[from] item: Leftovers
|upkeep
|turn|5
|
|t:|1729376100
|-curestatus|p1a: Celebi|frz|[from] ability: Natural Cure
|switch|p1a: Metagross|Metagross|100/100
|move|p2a: Regice|Ice Beam|p1a: Metagross
|-resisted|p1a: Metagross
|-damage|p1a: Metagross|81/100
|
|-heal|p1a: Metagross|87/100|[from] item: Leftovers
|upkeep
|turn|6
|
|t:|1729376109
|switch|p2a: Forretress|Forretress, M|100/100
|move|p1a: Metagross|Earthquake|p2a: Forretress
|-damage|p2a: Forretress|77/100
|
|-heal|p1a: Metagross|93/100|[from] item: Leftovers
|-heal|p2a: Forretress|84/100|[from] item: Leftovers
|upkeep
|turn|7
|
|t:|1729376118
|switch|p1a: Magneton|Magneton|100/100
|move|p2a: Forretress|Spikes|p1a: Magneton
|-sidestart|p1: HexMoonie|Spikes
|
|-heal|p2a: Forretress|90/100|[from] item: Leftovers
|upkeep
|turn|8
|
|t:|1729376126
|move|p1a: Magneton|Hidden Power|p2a: Forretress
|-supereffective|p2a: Forretress
|-damage|p2a: Forretress|0 fnt
|faint|p2a: Forretress
|
|t:|1729376138
|switch|p2a: Blissey|Blissey, F|100/100
|
|upkeep
|turn|9
|
|t:|1729376143
|move|p1a: Magneton|Toxic|p2a: Blissey|[miss]
|-miss|p1a: Magneton|p2a: Blissey
|move|p2a: Blissey|Flamethrower|p1a: Magneton
|-supereffective|p1a: Magneton
|-damage|p1a: Magneton|10/100
|
|upkeep
|turn|10
|
|t:|1729376158
|switch|p1a: Camerupt|Camerupt, F|100/100
|-damage|p1a: Camerupt|88/100|[from] Spikes
|move|p2a: Blissey|Flamethrower|p1a: Camerupt
|-resisted|p1a: Camerupt
|-damage|p1a: Camerupt|73/100
|
|upkeep
|turn|11
|inactive|SlamonBBQ has 270 seconds left.
|inactive|SlamonBBQ has 240 seconds left.
|inactive|SlamonBBQ has 210 seconds left.
|
|t:|1729376253
|switch|p2a: Gengar|Gengar, M|100/100
|move|p1a: Camerupt|Earthquake|p2a: Gengar
|-immune|p2a: Gengar
|
|upkeep
|turn|12
|inactive|SlamonBBQ has 210 seconds left.
|inactive|HexMoonie has 270 seconds left.
|inactive|SlamonBBQ has 180 seconds left.
|
|t:|1729376301
|switch|p2a: Starmie|Starmie|100/100
|switch|p1a: Metagross|Metagross|93/100
|-damage|p1a: Metagross|80/100|[from] Spikes
|
|-heal|p1a: Metagross|86/100|[from] item: Leftovers
|upkeep
|turn|13
|inactive|SlamonBBQ has 180 seconds left.
|inactive|HexMoonie has 240 seconds left.
|
|t:|1729376327
|switch|p2a: Swampert|Swampert, M|100/100
|move|p1a: Metagross|Meteor Mash|p2a: Swampert
|-resisted|p2a: Swampert
|-damage|p2a: Swampert|85/100
|
|-heal|p1a: Metagross|93/100|[from] item: Leftovers
|-heal|p2a: Swampert|91/100|[from] item: Leftovers
|upkeep
|turn|14
|
|t:|1729376337
|move|p1a: Metagross|Protect|p1a: Metagross
|-singleturn|p1a: Metagross|Protect
|move|p2a: Swampert|Roar|p1a: Metagross
|-activate|p1a: Metagross|Protect
|
|-heal|p1a: Metagross|99/100|[from] item: Leftovers
|-heal|p2a: Swampert|97/100|[from] item: Leftovers
|upkeep
|turn|15
|
|t:|1729376358
|move|p1a: Metagross|Meteor Mash|p2a: Swampert
|-resisted|p2a: Swampert
|-damage|p2a: Swampert|82/100
|move|p2a: Swampert|Roar|p1a: Metagross
|drag|p1a: Magneton|Magneton|10/100
|-damage|p1a: Magneton|0 fnt|[from] Spikes
|faint|p1a: Magneton
|inactive|HexMoonie has 240 seconds left.
|
|t:|1729376374
|switch|p1a: Celebi|Celebi|79/100
|-damage|p1a: Celebi|66/100|[from] Spikes
|
|-heal|p1a: Celebi|73/100|[from] item: Leftovers
|-heal|p2a: Swampert|88/100|[from] item: Leftovers
|upkeep
|turn|16
|inactive|HexMoonie has 240 seconds left.
|
|t:|1729376392
|switch|p2a: Regice|Regice|100/100
|move|p1a: Celebi|Calm Mind|p1a: Celebi
|-boost|p1a: Celebi|spa|1
|-boost|p1a: Celebi|spd|1
|
|-heal|p1a: Celebi|79/100|[from] item: Leftovers
|upkeep
|turn|17
|inactive|HexMoonie has 240 seconds left.
|
|t:|1729376401
|move|p1a: Celebi|Calm Mind|p1a: Celebi
|-boost|p1a: Celebi|spa|1
|-boost|p1a: Celebi|spd|1
|move|p2a: Regice|Ice Beam|p1a: Celebi
|-supereffective|p1a: Celebi
|-damage|p1a: Celebi|48/100
|
|-heal|p1a: Celebi|54/100|[from] item: Leftovers
|upkeep
|turn|18
|inactive|SlamonBBQ has 150 seconds left.
|inactive|SlamonBBQ has 120 seconds left.
|
|t:|1729376474
|move|p1a: Celebi|Recover|p1a: Celebi
|-heal|p1a: Celebi|100/100
|move|p2a: Regice|Seismic Toss|p1a: Celebi
|-damage|p1a: Celebi|76/100
|
|-heal|p1a: Celebi|82/100|[from] item: Leftovers
|upkeep
|turn|19
|
|t:|1729376483
|move|p1a: Celebi|Calm Mind|p1a: Celebi
|-boost|p1a: Celebi|spa|1
|-boost|p1a: Celebi|spd|1
|move|p2a: Regice|Ice Beam|p1a: Celebi
|-supereffective|p1a: Celebi
|-damage|p1a: Celebi|56/100
|
|-heal|p1a: Celebi|62/100|[from] item: Leftovers
|upkeep
|turn|20
|inactive|SlamonBBQ has 120 seconds left.
|
|t:|1729376497
|move|p1a: Celebi|Recover|p1a: Celebi
|-heal|p1a: Celebi|100/100
|move|p2a: Regice|Ice Beam|p1a: Celebi
|-supereffective|p1a: Celebi
|-damage|p1a: Celebi|75/100
|
|-heal|p1a: Celebi|81/100|[from] item: Leftovers
|upkeep
|turn|21
|
|t:|1729376501
|move|p1a: Celebi|Calm Mind|p1a: Celebi
|-boost|p1a: Celebi|spa|1
|-boost|p1a: Celebi|spd|1
|move|p2a: Regice|Ice Beam|p1a: Celebi
|-supereffective|p1a: Celebi
|-damage|p1a: Celebi|61/100
|
|-heal|p1a: Celebi|67/100|[from] item: Leftovers
|upkeep
|turn|22
|inactive|HexMoonie has 270 seconds left.
|
|t:|1729376514
|move|p1a: Celebi|Recover|p1a: Celebi
|-heal|p1a: Celebi|100/100
|move|p2a: Regice|Ice Beam|p1a: Celebi
|-supereffective|p1a: Celebi
|-damage|p1a: Celebi|81/100
|
|-heal|p1a: Celebi|88/100|[from] item: Leftovers
|upkeep
|turn|23
|
|t:|1729376516
|move|p1a: Celebi|Calm Mind|p1a: Celebi
|-boost|p1a: Celebi|spa|1
|-boost|p1a: Celebi|spd|1
|move|p2a: Regice|Ice Beam|p1a: Celebi
|-supereffective|p1a: Celebi
|-damage|p1a: Celebi|70/100
|
|-heal|p1a: Celebi|76/100|[from] item: Leftovers
|upkeep
|turn|24
|
|t:|1729376520
|move|p1a: Celebi|Calm Mind|p1a: Celebi
|-boost|p1a: Celebi|spa|1
|-boost|p1a: Celebi|spd|1
|move|p2a: Regice|Ice Beam|p1a: Celebi
|-supereffective|p1a: Celebi
|-damage|p1a: Celebi|60/100
|
|-heal|p1a: Celebi|66/100|[from] item: Leftovers
|upkeep
|turn|25
|
|t:|1729376523
|move|p1a: Celebi|Recover|p1a: Celebi
|-heal|p1a: Celebi|100/100
|move|p2a: Regice|Ice Beam|p1a: Celebi
|-supereffective|p1a: Celebi
|-crit|p1a: Celebi
|-damage|p1a: Celebi|0 fnt
|faint|p1a: Celebi
|
|t:|1729376529
|switch|p1a: Metagross|Metagross|99/100
|-damage|p1a: Metagross|86/100|[from] Spikes
|
|-heal|p1a: Metagross|92/100|[from] item: Leftovers
|upkeep
|turn|26
|
|t:|1729376533
|switch|p2a: Swampert|Swampert, M|88/100
|move|p1a: Metagross|Meteor Mash|p2a: Swampert
|-resisted|p2a: Swampert
|-damage|p2a: Swampert|71/100
|
|-heal|p1a: Metagross|98/100|[from] item: Leftovers
|-heal|p2a: Swampert|77/100|[from] item: Leftovers
|upkeep
|turn|27
|
|t:|1729376535
|move|p2a: Swampert|Protect|p2a: Swampert
|-singleturn|p2a: Swampert|Protect
|move|p1a: Metagross|Explosion|p2a: Swampert
|-activate|p2a: Swampert|Protect
|faint|p1a: Metagross
|
|t:|1729376542
|switch|p1a: Porygon2|Porygon2|100/100
|-damage|p1a: Porygon2|88/100|[from] Spikes
|-ability|p1a: Porygon2|Torrent|[from] ability: Trace|[of] p2a: Swampert
|
|-heal|p1a: Porygon2|94/100|[from] item: Leftovers
|-heal|p2a: Swampert|83/100|[from] item: Leftovers
|upkeep
|turn|28
|
|t:|1729376552
|switch|p2a: Blissey|Blissey, F|100/100
|move|p1a: Porygon2|Ice Beam|p2a: Blissey
|-damage|p2a: Blissey|92/100
|
|-heal|p1a: Porygon2|100/100|[from] item: Leftovers
|-heal|p2a: Blissey|98/100|[from] item: Leftovers
|upkeep
|turn|29
|
|t:|1729376564
|move|p1a: Porygon2|Thunder Wave|p2a: Blissey
|-status|p2a: Blissey|par
|move|p2a: Blissey|Flamethrower|p1a: Porygon2
|-damage|p1a: Porygon2|79/100
|
|-heal|p1a: Porygon2|86/100|[from] item: Leftovers
|-heal|p2a: Blissey|100/100 par|[from] item: Leftovers
|upkeep
|turn|30
|
|t:|1729376573
|switch|p1a: Camerupt|Camerupt, F|73/100
|-damage|p1a: Camerupt|61/100|[from] Spikes
|cant|p2a: Blissey|par
|
|upkeep
|turn|31
|inactive|SlamonBBQ has 210 seconds left.
|
|t:|1729376581
|-curestatus|p2a: Blissey|par|[from] ability: Natural Cure
|switch|p2a: Gengar|Gengar, M|100/100
|move|p1a: Camerupt|Rock Slide|p2a: Gengar
|-damage|p2a: Gengar|51/100
|
|-heal|p2a: Gengar|57/100|[from] item: Leftovers
|upkeep
|turn|32
|inactive|SlamonBBQ has 210 seconds left.
|
|t:|1729376619
|switch|p2a: Swampert|Swampert, M|83/100
|move|p1a: Camerupt|Rock Slide|p2a: Swampert
|-resisted|p2a: Swampert
|-damage|p2a: Swampert|74/100
|
|-heal|p2a: Swampert|80/100|[from] item: Leftovers
|upkeep
|turn|33
|
|t:|1729376624
|switch|p1a: Porygon2|Porygon2|86/100
|-damage|p1a: Porygon2|73/100|[from] Spikes
|-ability|p1a: Porygon2|Torrent|[from] ability: Trace|[of] p2a: Swampert
|move|p2a: Swampert|Roar|p1a: Porygon2
|drag|p1a: Gyarados|Gyarados, M|100/100
|-ability|p1a: Gyarados|Intimidate|boost
|-unboost|p2a: Swampert|atk|1
|
|-heal|p2a: Swampert|86/100|[from] item: Leftovers
|upkeep
|turn|34
|inactive|HexMoonie has 270 seconds left.
|
|t:|1729376663
|move|p1a: Gyarados|Earthquake|p2a: Swampert
|-damage|p2a: Swampert|61/100
|move|p2a: Swampert|Roar|p1a: Gyarados
|drag|p1a: Porygon2|Porygon2|73/100
|-damage|p1a: Porygon2|61/100|[from] Spikes
|-ability|p1a: Porygon2|Torrent|[from] ability: Trace|[of] p2a: Swampert
|
|-heal|p1a: Porygon2|67/100|[from] item: Leftovers
|-heal|p2a: Swampert|67/100|[from] item: Leftovers
|upkeep
|turn|35
|
|t:|1729376669
|switch|p2a: Blissey|Blissey, F|100/100
|move|p1a: Porygon2|Recover|p1a: Porygon2
|-heal|p1a: Porygon2|100/100
|
|upkeep
|turn|36
|
|t:|1729376673
|move|p1a: Porygon2|Thunder Wave|p2a: Blissey
|-status|p2a: Blissey|par
|move|p2a: Blissey|Toxic|p1a: Porygon2
|-status|p1a: Porygon2|tox
|
|-damage|p1a: Porygon2|94/100 tox|[from] psn
|upkeep
|turn|37
|
|t:|1729376689
|switch|p1a: Camerupt|Camerupt, F|61/100
|-damage|p1a: Camerupt|49/100|[from] Spikes
|-curestatus|p2a: Blissey|par|[from] ability: Natural Cure
|switch|p2a: Starmie|Starmie|100/100
|
|upkeep
|turn|38
|
|t:|1729376694
|switch|p1a: Porygon2|Porygon2|94/100 tox
|-damage|p1a: Porygon2|82/100 tox|[from] Spikes
|-ability|p1a: Porygon2|Natural Cure|[from] ability: Trace|[of] p2a: Starmie
|move|p2a: Starmie|Surf|p1a: Porygon2
|-damage|p1a: Porygon2|43/100 tox
|
|-heal|p1a: Porygon2|49/100 tox|[from] item: Leftovers
|-damage|p1a: Porygon2|43/100 tox|[from] psn
|upkeep
|turn|39
|inactive|SlamonBBQ has 210 seconds left.
|
|t:|1729376709
|switch|p2a: Blissey|Blissey, F|100/100
|move|p1a: Porygon2|Recover|p1a: Porygon2
|-heal|p1a: Porygon2|93/100 tox
|
|-heal|p1a: Porygon2|99/100 tox|[from] item: Leftovers
|-damage|p1a: Porygon2|87/100 tox|[from] psn
|upkeep
|turn|40
|
|t:|1729376717
|move|p1a: Porygon2|Thunderbolt|p2a: Blissey
|-damage|p2a: Blissey|92/100
|move|p2a: Blissey|Toxic|p1a: Porygon2
|-fail|p1a: Porygon2|tox
|
|-heal|p1a: Porygon2|93/100 tox|[from] item: Leftovers
|-damage|p1a: Porygon2|75/100 tox|[from] psn
|-heal|p2a: Blissey|98/100|[from] item: Leftovers
|upkeep
|turn|41
|
|t:|1729376723
|move|p1a: Porygon2|Thunderbolt|p2a: Blissey
|-damage|p2a: Blissey|88/100
|move|p2a: Blissey|Toxic|p1a: Porygon2
|-fail|p1a: Porygon2|tox
|
|-heal|p1a: Porygon2|81/100 tox|[from] item: Leftovers
|-damage|p1a: Porygon2|56/100 tox|[from] psn
|-heal|p2a: Blissey|94/100|[from] item: Leftovers
|upkeep
|turn|42
|
|t:|1729376727
|move|p1a: Porygon2|Recover|p1a: Porygon2
|-heal|p1a: Porygon2|100/100 tox
|move|p2a: Blissey|Toxic|p1a: Porygon2
|-fail|p1a: Porygon2|tox
|
|-damage|p1a: Porygon2|70/100 tox|[from] psn
|-heal|p2a: Blissey|99/100|[from] item: Leftovers
|upkeep
|turn|43
|inactive|SlamonBBQ has 240 seconds left.
|
|t:|1729376747
|-curestatus|p1a: Porygon2|tox|[from] ability: Natural Cure
|switch|p1a: Camerupt|Camerupt, F|49/100
|-damage|p1a: Camerupt|37/100|[from] Spikes
|move|p2a: Blissey|Toxic|p1a: Camerupt
|-status|p1a: Camerupt|tox
|
|-damage|p1a: Camerupt|30/100 tox|[from] psn
|-heal|p2a: Blissey|100/100|[from] item: Leftovers
|upkeep
|turn|44
|
|t:|1729376768
|switch|p2a: Gengar|Gengar, M|57/100
|move|p1a: Camerupt|Rock Slide|p2a: Gengar
|-damage|p2a: Gengar|3/100
|
|-heal|p2a: Gengar|9/100|[from] item: Leftovers
|-damage|p1a: Camerupt|18/100 tox|[from] psn
|upkeep
|turn|45
|
|t:|1729376777
|move|p2a: Gengar|Night Shade|p1a: Camerupt
|-damage|p1a: Camerupt|0 fnt
|faint|p1a: Camerupt
|
|t:|1729376780
|switch|p1a: Porygon2|Porygon2|70/100
|-damage|p1a: Porygon2|57/100|[from] Spikes
|-ability|p1a: Porygon2|Levitate|[from] ability: Trace|[of] p2a: Gengar
|
|-heal|p2a: Gengar|15/100|[from] item: Leftovers
|-heal|p1a: Porygon2|64/100|[from] item: Leftovers
|upkeep
|turn|46
|
|t:|1729376787
|move|p2a: Gengar|Explosion|p1a: Porygon2
|-damage|p1a: Porygon2|4/100
|faint|p2a: Gengar
|
|t:|1729376790
|switch|p2a: Starmie|Starmie|100/100
|
|-heal|p1a: Porygon2|10/100|[from] item: Leftovers
|upkeep
|turn|47
|
|t:|1729376793
|move|p2a: Starmie|Surf|p1a: Porygon2
|-damage|p1a: Porygon2|0 fnt
|faint|p1a: Porygon2
|
|t:|1729376795
|switch|p1a: Gyarados|Gyarados, M|100/100
|-ability|p1a: Gyarados|Intimidate|boost
|-unboost|p2a: Starmie|atk|1
|
|upkeep
|turn|48
|
|t:|1729376799
|move|p2a: Starmie|Thunderbolt|p1a: Gyarados
|-supereffective|p1a: Gyarados
|-damage|p1a: Gyarados|0 fnt
|faint|p1a: Gyarados
|
|win|SlamonBBQ
|c|☆SlamonBBQ|gg
|c|☆HexMoonie|gg

</script>
<script type="application/json" class="data" id="replaydata-smogtours-gen3ou-800152">
{"id":"smogtours-gen3ou-800152","format":"[Gen 3] OU","players":["HexMoonie","SlamonBBQ"],"uploadtime":1729376799,"views":123,"formatid":"gen3ou","rating":null,"private":0,"password":null}
</script>

<script defer src="js/replays.js?9d40a366"></script>
