<!DOCTYPE html>
<meta charset="utf-8" />
<meta name="viewport" content="width=device-width" />

<title>[Gen 3] OU: bebra322 vs. Yuiis - Replays - Pok&eacute;mon Showdown!</title>

<meta name="description" content="Watch a replay of a Pok&eacute;mon battle between bebra322 and Yuiis! Format: [Gen 3] OU; Date: Oct 8, 2024" />
<!--

Hey, you! Looking in the source for the replay log?

You can find them in JSON format, just add `.json` at the end of a replay URL.

https://replay.pokemonshowdown.com/gen7randomdoublesbattle-865046831.json

Or, if you only need the log itself, add `.log` instead:

https://replay.pokemonshowdown.com/gen7randomdoublesbattle-865046831.log

-->

<link rel="stylesheet" href="//pokemonshowdown.com/style/global.css?0.023195364461161105" />
<link rel="stylesheet" href="//play.pokemonshowdown.com/style/font-awesome.css?0.13261647063804238" />
<link rel="stylesheet" href="//play.pokemonshowdown.com/style/battle.css?0.8753245789963631" />
<link rel="stylesheet" href="//play.pokemonshowdown.com/style/utilichart.css?0.8627959624976733" />

<!-- Global site tag (gtag.js) - Google Analytics -->
<script async src="https://www.googletagmanager.com/gtag/js?id=UA-26211653-1"></script>
<script>
  window.dataLayer = window.dataLayer || [];
  function gtag(){dataLayer.push(arguments);}
  gtag('js', new Date());

  gtag('config', 'UA-26211653-1');
</script>
<!-- End Google Analytics -->
<!-- Venatus Ad Manager - Install in <HEAD> of page -->
	<script src="https://hb.vntsm.com/v3/live/ad-manager.min.js" type="text/javascript" data-site-id="642aba63ec9a7b11c3c9c1be" data-mode="scan" async></script>
<!-- / Venatus Ad Manager -->

<style>
	@media (max-width:820px) {
		.battle {
			margin: 0 auto;
		}
		.battle-log {
			margin: 7px auto 0;
			max-width: 640px;
			height: 300px;
			position: static;
		}
	}
	.optgroup {
		display: inline-block;
		line-height: 22px;
		font-size: 10pt;
	}
	.optgroup .button {
		height: 25px;
		padding-top: 0;
		padding-bottom: 0;
	}
	.optgroup button.button {
		padding-left: 12px;
		padding-right: 12px;
	}
	.linklist {
		list-style: none;
		margin: 0.5em 0;
		padding: 0;
	}
	.linklist li {
		padding: 2px 0;
	}
	.sidebar {
		float: left;
		width: 320px;
	}
	.bar-wrapper {
		max-width: 1100px;
		margin: 0 auto;
	}
	.bar-wrapper.has-sidebar {
		max-width: 1430px;
	}
	.mainbar {
		margin: 0;
		padding-right: 1px;
	}
	.mainbar.has-sidebar {
		margin-left: 330px;
	}
	@media (min-width: 1511px) {
		.sidebar {
			width: 400px;
		}
		.bar-wrapper.has-sidebar {
			max-width: 1510px;
		}
		.mainbar.has-sidebar {
			margin-left: 410px;
		}
	}
	.section.first-section {
		margin-top: 9px;
	}
	.blocklink small {
		white-space: normal;
	}
	.button {
		vertical-align: middle;
	}
	.replay-controls {
		padding-top: 10px;
	}
	.replay-controls h1 {
		font-size: 16pt;
		font-weight: normal;
		color: #CCC;
	}
	.pagelink {
		text-align: center;
	}
	.pagelink a {
		width: 150px;
	}
	.textbox, .button {
		font-size: 11pt;
		vertical-align: middle;
	}
	@media (max-width: 450px) {
		.button {
			font-size: 9pt;
		}
	}
</style>

<div>

	<header>
		<div class="nav-wrapper"><ul class="nav">
			<li><a class="button nav-first" href="//pokemonshowdown.com/"><img src="//pokemonshowdown.com/images/pokemonshowdownbeta.png" srcset="//pokemonshowdown.com/images/pokemonshowdownbeta.png 1x, //pokemonshowdown.com/images/pokemonshowdownbeta@2x.png 2x" alt="Pok&eacute;mon Showdown" width="146" height="44" /> Home</a></li>
			<li><a class="button" href="//pokemonshowdown.com/dex/">Pok&eacute;dex</a></li>
			<li><a class="button cur" href="/">Replays</a></li>
			<li><a class="button" href="//pokemonshowdown.com/ladder/">Ladder</a></li>
			<li><a class="button nav-last" href="//pokemonshowdown.com/forums/">Forum</a></li>
			<li><a class="button greenbutton nav-first nav-last" href="//play.pokemonshowdown.com/">Play</a></li>
		</ul></div>
	</header>

	<div class="main" id="main">

		<noscript><section class="section">You need to enable JavaScript to use this page; sorry!</section></noscript>

	</div>

</div>

<script defer nomodule src="//play.pokemonshowdown.com/js/lib/ps-polyfill.js"></script>
<script defer src="//play.pokemonshowdown.com/js/lib/preact.min.js"></script>

<script defer src="//play.pokemonshowdown.com/config/config.js?2bddbc15"></script>
<script defer src="//play.pokemonshowdown.com/js/lib/jquery-1.11.0.min.js"></script>
<script defer src="//play.pokemonshowdown.com/js/lib/html-sanitizer-minified.js"></script>
<script defer src="//play.pokemonshowdown.com/js/battle-sound.js"></script>
<script defer src="//play.pokemonshowdown.com/js/battledata.js?0.7209276989879541"></script>
<script defer src="//play.pokemonshowdown.com/data/pokedex-mini.js?0.6111056340867951"></script>
<script defer src="//play.pokemonshowdown.com/data/pokedex-mini-bw.js?0.3532142036491459"></script>
<script defer src="//play.pokemonshowdown.com/data/graphics.js?0.24223875632456182"></script>
<script defer src="//play.pokemonshowdown.com/data/pokedex.js?0.38839984266356864"></script>
<script defer src="//play.pokemonshowdown.com/data/moves.js?0.21866028504024015"></script>
<script defer src="//play.pokemonshowdown.com/data/abilities.js?0.2005157953846628"></script>
<script defer src="//play.pokemonshowdown.com/data/items.js?0.9894211263848525"></script>
<script defer src="//play.pokemonshowdown.com/data/teambuilder-tables.js?0.6008791140282215"></script>
<script defer src="//play.pokemonshowdown.com/js/battle-tooltips.js?0.7580118955022959"></script>
<script defer src="//play.pokemonshowdown.com/js/battle.js?0.6057722274234274"></script>

<script defer src="js/utils.js?e31f9a17"></script>
<script defer src="js/replays-battle.js?7008c182"></script>

<!-- don't scrape this data! just add .json or .log after the URL!
Full API docs: https://github.com/smogon/pokemon-showdown-client/blob/master/WEB-API.md -->
<script type="text/plain" class="log" id="replaylog-smogtours-gen3ou-796396">
|inactive|Battle timer is ON: inactive players will automatically lose when time's up.
|t:|1728406640
|gametype|singles
|player|p1|bebra322|170|
|player|p2|Yuiis|camper|
|teamsize|p1|6
|teamsize|p2|6
|gen|3
|tier|[Gen 3] OU
|rule|Sleep Clause Mod: Limit one foe put to sleep
|rule|Switch Priority Clause Mod: Faster Pokémon switch first
|rule|Species Clause: Limit one of each Pokémon
|rule|OHKO Clause: OHKO moves are banned
|rule|Evasion Items Clause: Evasion items are banned
|rule|Evasion Moves Clause: Evasion moves are banned
|rule|Endless Battle Clause: Forcing endless battles is banned
|rule|HP Percentage Mod: HP is shown in percentages
|rule|One Boost Passer Clause: Limit one Baton Passer that has a way to boost its stats
|rule|Freeze Clause Mod: Limit one foe frozen
|
|t:|1728406640
|start
|switch|p1a: Zapdos|Zapdos|100/100
|switch|p2a: Jirachi|Jirachi|100/100
|turn|1
|c|☆bebra322|hf
|c|☆Yuiis|hf ! 
|inactive|bebra322 has 270 seconds left.
|inactive|bebra322 has 240 seconds left.
|
|t:|1728406710
|switch|p2a: Celebi|Celebi|100/100
|switch|p1a: Tyranitar|Tyranitar, F|100/100
|-weather|Sandstorm|[from] ability: Sand Stream|[of] p1a: Tyranitar
|
|-weather|Sandstorm|[upkeep]
|-damage|p2a: Celebi|94/100|[from] Sandstorm
|-heal|p2a: Celebi|100/100|[from] item: Leftovers
|upkeep
|turn|2
|inactive|bebra322 has 270 seconds left.
|
|t:|1728406740
|switch|p2a: Skarmory|Skarmory, F|100/100
|move|p1a: Tyranitar|Hidden Power|p2a: Skarmory
|-resisted|p2a: Skarmory
|-damage|p2a: Skarmory|93/100
|
|-weather|Sandstorm|[upkeep]
|-heal|p2a: Skarmory|99/100|[from] item: Leftovers
|upkeep
|turn|3
|
|t:|1728406747
|switch|p1a: Zapdos|Zapdos|100/100
|move|p2a: Skarmory|Roar|p1a: Zapdos
|drag|p1a: Swampert|Swampert, M|100/100
|
|-weather|Sandstorm|[upkeep]
|-heal|p2a: Skarmory|100/100|[from] item: Leftovers
|upkeep
|turn|4
|
|t:|1728406760
|switch|p1a: Zapdos|Zapdos|100/100
|move|p2a: Skarmory|Spikes|p1a: Zapdos
|-sidestart|p1: bebra322|Spikes
|
|-weather|Sandstorm|[upkeep]
|-damage|p1a: Zapdos|94/100|[from] Sandstorm
|-heal|p1a: Zapdos|100/100|[from] item: Leftovers
|upkeep
|turn|5
|
|t:|1728406771
|switch|p1a: Tyranitar|Tyranitar, F|100/100
|-damage|p1a: Tyranitar|88/100|[from] Spikes
|switch|p2a: Celebi|Celebi|100/100
|
|-weather|Sandstorm|[upkeep]
|-damage|p2a: Celebi|94/100|[from] Sandstorm
|-heal|p2a: Celebi|100/100|[from] item: Leftovers
|upkeep
|turn|6
|inactive|bebra322 has 270 seconds left.
|
|t:|1728406800
|switch|p2a: Skarmory|Skarmory, F|100/100
|move|p1a: Tyranitar|Rock Slide|p2a: Skarmory
|-damage|p2a: Skarmory|51/100
|
|-weather|Sandstorm|[upkeep]
|-heal|p2a: Skarmory|57/100|[from] item: Leftovers
|upkeep
|turn|7
|
|t:|1728406811
|switch|p2a: Jirachi|Jirachi|100/100
|move|p1a: Tyranitar|Rock Slide|p2a: Jirachi
|-resisted|p2a: Jirachi
|-damage|p2a: Jirachi|69/100
|
|-weather|Sandstorm|[upkeep]
|-heal|p2a: Jirachi|75/100|[from] item: Leftovers
|upkeep
|turn|8
|inactive|bebra322 has 270 seconds left.
|
|t:|1728406837
|switch|p1a: Swampert|Swampert, M|100/100
|-damage|p1a: Swampert|88/100|[from] Spikes
|move|p2a: Jirachi|Body Slam|p1a: Swampert
|-damage|p1a: Swampert|69/100
|-status|p1a: Swampert|par
|
|-weather|Sandstorm|[upkeep]
|-heal|p2a: Jirachi|81/100|[from] item: Leftovers
|-heal|p1a: Swampert|75/100 par|[from] item: Leftovers
|upkeep
|turn|9
|
|t:|1728406844
|switch|p2a: Celebi|Celebi|100/100
|move|p1a: Swampert|Refresh|p1a: Swampert
|-curestatus|p1a: Swampert|par|[msg]
|
|-weather|Sandstorm|[upkeep]
|-damage|p2a: Celebi|94/100|[from] Sandstorm
|-heal|p2a: Celebi|100/100|[from] item: Leftovers
|-heal|p1a: Swampert|81/100|[from] item: Leftovers
|upkeep
|turn|10
|inactive|bebra322 has 270 seconds left.
|
|t:|1728406872
|switch|p1a: Zapdos|Zapdos|100/100
|move|p2a: Celebi|Leech Seed|p1a: Zapdos|[miss]
|-miss|p2a: Celebi|p1a: Zapdos
|
|-weather|Sandstorm|[upkeep]
|-damage|p2a: Celebi|94/100|[from] Sandstorm
|-damage|p1a: Zapdos|94/100|[from] Sandstorm
|-heal|p2a: Celebi|100/100|[from] item: Leftovers
|-heal|p1a: Zapdos|100/100|[from] item: Leftovers
|upkeep
|turn|11
|
|t:|1728406891
|move|p2a: Celebi|Leech Seed|p1a: Zapdos
|-start|p1a: Zapdos|move: Leech Seed
|move|p1a: Zapdos|Toxic|p2a: Celebi
|-status|p2a: Celebi|tox
|
|-weather|Sandstorm|[upkeep]
|-damage|p2a: Celebi|94/100 tox|[from] Sandstorm
|-damage|p1a: Zapdos|94/100|[from] Sandstorm
|-heal|p2a: Celebi|100/100 tox|[from] item: Leftovers
|-damage|p2a: Celebi|94/100 tox|[from] psn
|-heal|p1a: Zapdos|100/100|[from] item: Leftovers
|-damage|p1a: Zapdos|88/100|[from] Leech Seed|[of] p2a: Celebi
|-heal|p2a: Celebi|100/100 tox|[silent]
|upkeep
|turn|12
|inactive|Yuiis has 270 seconds left.
|inactive|Yuiis has 240 seconds left.
|
|t:|1728406961
|switch|p1a: Heracross|Heracross, F|100/100
|-damage|p1a: Heracross|88/100|[from] Spikes
|move|p2a: Celebi|Giga Drain|p1a: Heracross
|-resisted|p1a: Heracross
|-damage|p1a: Heracross|77/100
|
|-weather|Sandstorm|[upkeep]
|-damage|p2a: Celebi|94/100 tox|[from] Sandstorm
|-damage|p1a: Heracross|71/100|[from] Sandstorm
|-heal|p2a: Celebi|100/100 tox|[from] item: Leftovers
|-damage|p2a: Celebi|88/100 tox|[from] psn
|-heal|p1a: Heracross|77/100|[from] item: Leftovers
|upkeep
|turn|13
|inactive|Yuiis has 240 seconds left.
|
|t:|1728406978
|-singleturn|p1a: Heracross|move: Focus Punch
|-curestatus|p2a: Celebi|tox|[from] ability: Natural Cure
|switch|p2a: Skarmory|Skarmory, F|57/100
|move|p1a: Heracross|Focus Punch|p2a: Skarmory
|-damage|p2a: Skarmory|0 fnt
|faint|p2a: Skarmory
|
|t:|1728406993
|switch|p2a: Zapdos|Zapdos|100/100
|
|-weather|Sandstorm|[upkeep]
|-damage|p2a: Zapdos|94/100|[from] Sandstorm
|-damage|p1a: Heracross|71/100|[from] Sandstorm
|-heal|p2a: Zapdos|100/100|[from] item: Leftovers
|-heal|p1a: Heracross|77/100|[from] item: Leftovers
|upkeep
|turn|14
|inactive|bebra322 has 240 seconds left.
|inactive|Yuiis has 210 seconds left.
|inactive|bebra322 has 210 seconds left.
|inactive|Yuiis has 180 seconds left.
|
|t:|1728407055
|switch|p1a: Tyranitar|Tyranitar, F|88/100
|-damage|p1a: Tyranitar|76/100|[from] Spikes
|move|p2a: Zapdos|Thunderbolt|p1a: Tyranitar
|-damage|p1a: Tyranitar|34/100
|
|-weather|Sandstorm|[upkeep]
|-damage|p2a: Zapdos|94/100|[from] Sandstorm
|-heal|p2a: Zapdos|100/100|[from] item: Leftovers
|upkeep
|turn|15
|inactive|bebra322 has 210 seconds left.
|
|t:|1728407060
|move|p2a: Zapdos|Thunderbolt|p1a: Tyranitar
|-damage|p1a: Tyranitar|0 fnt
|faint|p1a: Tyranitar
|inactive|bebra322 has 210 seconds left.
|
|t:|1728407072
|switch|p1a: Zapdos|Zapdos|88/100
|
|-weather|Sandstorm|[upkeep]
|-damage|p2a: Zapdos|94/100|[from] Sandstorm
|-damage|p1a: Zapdos|82/100|[from] Sandstorm
|-heal|p2a: Zapdos|100/100|[from] item: Leftovers
|-heal|p1a: Zapdos|88/100|[from] item: Leftovers
|upkeep
|turn|16
|
|t:|1728407089
|switch|p2a: Celebi|Celebi|88/100
|move|p1a: Zapdos|Toxic|p2a: Celebi
|-status|p2a: Celebi|tox
|
|-weather|Sandstorm|[upkeep]
|-damage|p2a: Celebi|82/100 tox|[from] Sandstorm
|-damage|p1a: Zapdos|82/100|[from] Sandstorm
|-heal|p2a: Celebi|88/100 tox|[from] item: Leftovers
|-damage|p2a: Celebi|82/100 tox|[from] psn
|-heal|p1a: Zapdos|88/100|[from] item: Leftovers
|upkeep
|turn|17
|
|t:|1728407104
|switch|p1a: Dugtrio|Dugtrio, F, shiny|100/100
|-damage|p1a: Dugtrio|88/100|[from] Spikes
|move|p2a: Celebi|Calm Mind|p2a: Celebi
|-boost|p2a: Celebi|spa|1
|-boost|p2a: Celebi|spd|1
|
|-weather|Sandstorm|[upkeep]
|-damage|p2a: Celebi|76/100 tox|[from] Sandstorm
|-heal|p2a: Celebi|82/100 tox|[from] item: Leftovers
|-damage|p2a: Celebi|70/100 tox|[from] psn
|upkeep
|turn|18
|
|t:|1728407109
|move|p1a: Dugtrio|Hidden Power|p2a: Celebi
|-supereffective|p2a: Celebi
|-damage|p2a: Celebi|0 fnt
|faint|p2a: Celebi
|inactive|Yuiis has 210 seconds left.
|
|t:|1728407131
|switch|p2a: Suicune|Suicune|100/100
|
|-weather|Sandstorm|[upkeep]
|-damage|p2a: Suicune|94/100|[from] Sandstorm
|-heal|p2a: Suicune|100/100|[from] item: Leftovers
|upkeep
|turn|19
|inactive|bebra322 has 210 seconds left.
|
|t:|1728407160
|switch|p1a: Swampert|Swampert, M|81/100
|-damage|p1a: Swampert|69/100|[from] Spikes
|move|p2a: Suicune|Calm Mind|p2a: Suicune
|-boost|p2a: Suicune|spa|1
|-boost|p2a: Suicune|spd|1
|
|-weather|Sandstorm|[upkeep]
|-damage|p2a: Suicune|94/100|[from] Sandstorm
|-heal|p2a: Suicune|100/100|[from] item: Leftovers
|-heal|p1a: Swampert|75/100|[from] item: Leftovers
|upkeep
|turn|20
|
|t:|1728407168
|move|p2a: Suicune|Calm Mind|p2a: Suicune
|-boost|p2a: Suicune|spa|1
|-boost|p2a: Suicune|spd|1
|move|p1a: Swampert|Toxic|p2a: Suicune
|-status|p2a: Suicune|tox
|
|-weather|Sandstorm|[upkeep]
|-damage|p2a: Suicune|94/100 tox|[from] Sandstorm
|-heal|p2a: Suicune|100/100 tox|[from] item: Leftovers
|-damage|p2a: Suicune|94/100 tox|[from] psn
|-heal|p1a: Swampert|81/100|[from] item: Leftovers
|upkeep
|turn|21
|inactive|bebra322 has 210 seconds left.
|
|t:|1728407202
|move|p2a: Suicune|Surf|p1a: Swampert
|-damage|p1a: Swampert|27/100
|move|p1a: Swampert|Surf|p2a: Suicune
|-resisted|p2a: Suicune
|-damage|p2a: Suicune|86/100 tox
|
|-weather|Sandstorm|[upkeep]
|-damage|p2a: Suicune|80/100 tox|[from] Sandstorm
|-heal|p2a: Suicune|86/100 tox|[from] item: Leftovers
|-damage|p2a: Suicune|74/100 tox|[from] psn
|-heal|p1a: Swampert|33/100|[from] item: Leftovers
|upkeep
|turn|22
|
|t:|1728407216
|move|p1a: Swampert|Protect|p1a: Swampert
|-singleturn|p1a: Swampert|Protect
|move|p2a: Suicune|Surf|p1a: Swampert
|-activate|p1a: Swampert|Protect
|
|-weather|Sandstorm|[upkeep]
|-damage|p2a: Suicune|68/100 tox|[from] Sandstorm
|-heal|p2a: Suicune|74/100 tox|[from] item: Leftovers
|-damage|p2a: Suicune|55/100 tox|[from] psn
|-heal|p1a: Swampert|39/100|[from] item: Leftovers
|upkeep
|turn|23
|
|t:|1728407231
|switch|p1a: Zapdos|Zapdos|88/100
|move|p2a: Suicune|Ice Beam|p1a: Zapdos
|-supereffective|p1a: Zapdos
|-damage|p1a: Zapdos|34/100
|
|-weather|Sandstorm|[upkeep]
|-damage|p1a: Zapdos|28/100|[from] Sandstorm
|-damage|p2a: Suicune|49/100 tox|[from] Sandstorm
|-heal|p1a: Zapdos|34/100|[from] item: Leftovers
|-heal|p2a: Suicune|55/100 tox|[from] item: Leftovers
|-damage|p2a: Suicune|30/100 tox|[from] psn
|upkeep
|turn|24
|
|t:|1728407239
|move|p1a: Zapdos|Thunderbolt|p2a: Suicune
|-supereffective|p2a: Suicune
|-crit|p2a: Suicune
|-damage|p2a: Suicune|0 fnt
|faint|p2a: Suicune
|
|t:|1728407252
|switch|p2a: Zapdos|Zapdos|100/100
|
|-weather|Sandstorm|[upkeep]
|-damage|p2a: Zapdos|94/100|[from] Sandstorm
|-damage|p1a: Zapdos|28/100|[from] Sandstorm
|-heal|p2a: Zapdos|100/100|[from] item: Leftovers
|-heal|p1a: Zapdos|34/100|[from] item: Leftovers
|upkeep
|turn|25
|inactive|bebra322 has 210 seconds left.
|inactive|bebra322 has 180 seconds left.
|inactive|Yuiis has 210 seconds left.
|
|t:|1728407300
|switch|p1a: Dugtrio|Dugtrio, F, shiny|88/100
|-damage|p1a: Dugtrio|76/100|[from] Spikes
|move|p2a: Zapdos|Thunderbolt|p1a: Dugtrio
|-immune|p1a: Dugtrio
|
|-weather|Sandstorm|[upkeep]
|-damage|p2a: Zapdos|94/100|[from] Sandstorm
|-heal|p2a: Zapdos|100/100|[from] item: Leftovers
|upkeep
|turn|26
|inactive|bebra322 has 180 seconds left.
|inactive|Yuiis has 210 seconds left.
|
|t:|1728407334
|switch|p1a: Heracross|Heracross, F|77/100
|-damage|p1a: Heracross|65/100|[from] Spikes
|move|p2a: Zapdos|Hidden Power|p1a: Heracross
|-resisted|p1a: Heracross
|-damage|p1a: Heracross|52/100
|
|-weather|Sandstorm|[upkeep]
|-damage|p2a: Zapdos|94/100|[from] Sandstorm
|-damage|p1a: Heracross|46/100|[from] Sandstorm
|-heal|p2a: Zapdos|100/100|[from] item: Leftovers
|-heal|p1a: Heracross|52/100|[from] item: Leftovers
|upkeep
|turn|27
|
|t:|1728407341
|move|p2a: Zapdos|Thunderbolt|p1a: Heracross
|-damage|p1a: Heracross|1/100
|move|p1a: Heracross|Rock Slide|p2a: Zapdos
|-supereffective|p2a: Zapdos
|-damage|p2a: Zapdos|38/100
|
|-weather|Sandstorm|[upkeep]
|-damage|p2a: Zapdos|32/100|[from] Sandstorm
|-damage|p1a: Heracross|0 fnt|[from] Sandstorm
|faint|p1a: Heracross
|-heal|p2a: Zapdos|38/100|[from] item: Leftovers
|upkeep
|inactive|bebra322 has 180 seconds left.
|
|t:|1728407353
|switch|p1a: Aerodactyl|Aerodactyl, M|100/100
|turn|28
|inactive|Yuiis has 210 seconds left.
|
|t:|1728407370
|switch|p1a: Dugtrio|Dugtrio, F, shiny|76/100
|-damage|p1a: Dugtrio|64/100|[from] Spikes
|switch|p2a: Jirachi|Jirachi|81/100
|
|-weather|Sandstorm|[upkeep]
|-heal|p2a: Jirachi|87/100|[from] item: Leftovers
|upkeep
|turn|29
|inactive|bebra322 has 180 seconds left.
|
|t:|1728407389
|move|p1a: Dugtrio|Earthquake|p2a: Jirachi
|-supereffective|p2a: Jirachi
|-damage|p2a: Jirachi|0 fnt
|faint|p2a: Jirachi
|
|t:|1728407394
|switch|p2a: Zapdos|Zapdos|38/100
|
|-weather|Sandstorm|[upkeep]
|-damage|p2a: Zapdos|32/100|[from] Sandstorm
|-heal|p2a: Zapdos|38/100|[from] item: Leftovers
|upkeep
|turn|30
|inactive|bebra322 has 180 seconds left.
|
|t:|1728407416
|move|p1a: Dugtrio|Earthquake|p2a: Zapdos
|-immune|p2a: Zapdos
|move|p2a: Zapdos|Thunder Wave|p1a: Dugtrio
|-immune|p1a: Dugtrio
|
|-weather|Sandstorm|[upkeep]
|-damage|p2a: Zapdos|32/100|[from] Sandstorm
|-heal|p2a: Zapdos|38/100|[from] item: Leftovers
|upkeep
|turn|31
|inactive|bebra322 has 180 seconds left.
|inactive|bebra322 has 150 seconds left.
|
|t:|1728407453
|move|p1a: Dugtrio|Earthquake|p2a: Zapdos
|-immune|p2a: Zapdos
|move|p2a: Zapdos|Thunder Wave|p1a: Dugtrio
|-immune|p1a: Dugtrio
|
|-weather|Sandstorm|[upkeep]
|-damage|p2a: Zapdos|32/100|[from] Sandstorm
|-heal|p2a: Zapdos|38/100|[from] item: Leftovers
|upkeep
|turn|32
|
|t:|1728407458
|move|p1a: Dugtrio|Earthquake|p2a: Zapdos
|-immune|p2a: Zapdos
|move|p2a: Zapdos|Thunder Wave|p1a: Dugtrio
|-immune|p1a: Dugtrio
|
|-weather|Sandstorm|[upkeep]
|-damage|p2a: Zapdos|32/100|[from] Sandstorm
|-heal|p2a: Zapdos|38/100|[from] item: Leftovers
|upkeep
|turn|33
|
|t:|1728407460
|move|p1a: Dugtrio|Earthquake|p2a: Zapdos
|-immune|p2a: Zapdos
|move|p2a: Zapdos|Thunder Wave|p1a: Dugtrio
|-immune|p1a: Dugtrio
|
|-weather|Sandstorm|[upkeep]
|-damage|p2a: Zapdos|32/100|[from] Sandstorm
|-heal|p2a: Zapdos|38/100|[from] item: Leftovers
|upkeep
|turn|34
|inactive|Yuiis has 240 seconds left.
|
|t:|1728407466
|move|p1a: Dugtrio|Earthquake|p2a: Zapdos
|-immune|p2a: Zapdos
|move|p2a: Zapdos|Thunder Wave|p1a: Dugtrio
|-immune|p1a: Dugtrio
|
|-weather|Sandstorm|[upkeep]
|-damage|p2a: Zapdos|32/100|[from] Sandstorm
|-heal|p2a: Zapdos|38/100|[from] item: Leftovers
|upkeep
|turn|35
|inactive|Yuiis has 240 seconds left.
|
|t:|1728407477
|move|p1a: Dugtrio|Earthquake|p2a: Zapdos
|-immune|p2a: Zapdos
|move|p2a: Zapdos|Thunder Wave|p1a: Dugtrio
|-immune|p1a: Dugtrio
|
|-weather|Sandstorm|[upkeep]
|-damage|p2a: Zapdos|32/100|[from] Sandstorm
|-heal|p2a: Zapdos|38/100|[from] item: Leftovers
|upkeep
|turn|36
|
|t:|1728407479
|move|p1a: Dugtrio|Earthquake|p2a: Zapdos
|-immune|p2a: Zapdos
|move|p2a: Zapdos|Thunder Wave|p1a: Dugtrio
|-immune|p1a: Dugtrio
|
|-weather|Sandstorm|[upkeep]
|-damage|p2a: Zapdos|32/100|[from] Sandstorm
|-heal|p2a: Zapdos|38/100|[from] item: Leftovers
|upkeep
|turn|37
|
|t:|1728407481
|move|p1a: Dugtrio|Earthquake|p2a: Zapdos
|-immune|p2a: Zapdos
|move|p2a: Zapdos|Thunder Wave|p1a: Dugtrio
|-immune|p1a: Dugtrio
|
|-weather|Sandstorm|[upkeep]
|-damage|p2a: Zapdos|32/100|[from] Sandstorm
|-heal|p2a: Zapdos|38/100|[from] item: Leftovers
|upkeep
|turn|38
|
|t:|1728407493
|move|p1a: Dugtrio|Struggle|p2a: Zapdos
|-damage|p2a: Zapdos|17/100
|-damage|p1a: Dugtrio|56/100|[from] Recoil|[of] p2a: Zapdos
|move|p2a: Zapdos|Thunder Wave|p1a: Dugtrio
|-immune|p1a: Dugtrio
|
|-weather|Sandstorm|[upkeep]
|-damage|p2a: Zapdos|11/100|[from] Sandstorm
|-heal|p2a: Zapdos|17/100|[from] item: Leftovers
|upkeep
|turn|39
|
|t:|1728407496
|switch|p2a: Rhydon|Rhydon, M|100/100
|move|p1a: Dugtrio|Struggle|p2a: Rhydon
|-damage|p2a: Rhydon|86/100
|-damage|p1a: Dugtrio|49/100|[from] Recoil|[of] p2a: Rhydon
|
|-weather|Sandstorm|[upkeep]
|-heal|p2a: Rhydon|93/100|[from] item: Leftovers
|upkeep
|turn|40
|
|t:|1728407506
|move|p1a: Dugtrio|Struggle|p2a: Rhydon
|-damage|p2a: Rhydon|80/100
|-damage|p1a: Dugtrio|43/100|[from] Recoil|[of] p2a: Rhydon
|move|p2a: Rhydon|Substitute|p2a: Rhydon
|-start|p2a: Rhydon|Substitute
|-damage|p2a: Rhydon|55/100
|
|-weather|Sandstorm|[upkeep]
|-heal|p2a: Rhydon|61/100|[from] item: Leftovers
|upkeep
|turn|41
|
|t:|1728407533
|move|p1a: Dugtrio|Struggle|p2a: Rhydon
|-activate|p2a: Rhydon|Substitute|[damage]
|-damage|p1a: Dugtrio|37/100|[from] Recoil|[of] p2a: Rhydon
|move|p2a: Rhydon|Earthquake|p1a: Dugtrio
|-damage|p1a: Dugtrio|0 fnt
|faint|p1a: Dugtrio
|inactive|bebra322 has 210 seconds left.
|
|t:|1728407569
|switch|p1a: Zapdos|Zapdos|34/100
|
|-weather|Sandstorm|[upkeep]
|-damage|p1a: Zapdos|28/100|[from] Sandstorm
|-heal|p1a: Zapdos|34/100|[from] item: Leftovers
|-heal|p2a: Rhydon|67/100|[from] item: Leftovers
|upkeep
|turn|42
|
|t:|1728407577
|move|p1a: Zapdos|Hidden Power|p2a: Rhydon
|-supereffective|p2a: Rhydon
|-end|p2a: Rhydon|Substitute
|move|p2a: Rhydon|Rock Slide|p1a: Zapdos
|-supereffective|p1a: Zapdos
|-damage|p1a: Zapdos|0 fnt
|faint|p1a: Zapdos
|inactive|bebra322 has 180 seconds left.
|
|t:|1728407608
|switch|p1a: Swampert|Swampert, M|39/100
|-damage|p1a: Swampert|27/100|[from] Spikes
|
|-weather|Sandstorm|[upkeep]
|-heal|p2a: Rhydon|73/100|[from] item: Leftovers
|-heal|p1a: Swampert|33/100|[from] item: Leftovers
|upkeep
|turn|43
|inactive|bebra322 has 150 seconds left.
|inactive|Yuiis has 270 seconds left.
|inactive|bebra322 has 120 seconds left.
|inactive|Yuiis has 240 seconds left.
|
|t:|1728407684
|move|p1a: Swampert|Protect|p1a: Swampert
|-singleturn|p1a: Swampert|Protect
|move|p2a: Rhydon|Earthquake|p1a: Swampert
|-activate|p1a: Swampert|Protect
|
|-weather|Sandstorm|[upkeep]
|-heal|p2a: Rhydon|79/100|[from] item: Leftovers
|-heal|p1a: Swampert|39/100|[from] item: Leftovers
|upkeep
|turn|44
|inactive|Yuiis has 240 seconds left.
|inactive|Yuiis has 210 seconds left.
|
|t:|1728407733
|move|p2a: Rhydon|Rock Slide|p1a: Swampert
|-resisted|p1a: Swampert
|-damage|p1a: Swampert|26/100
|cant|p1a: Swampert|flinch
|
|-weather|Sandstorm|[upkeep]
|-heal|p2a: Rhydon|86/100|[from] item: Leftovers
|-heal|p1a: Swampert|33/100|[from] item: Leftovers
|upkeep
|turn|45
|inactive|Yuiis has 210 seconds left.
|inactive|bebra322 has 120 seconds left.
|
|t:|1728407753
|move|p2a: Rhydon|Substitute|p2a: Rhydon
|-start|p2a: Rhydon|Substitute
|-damage|p2a: Rhydon|61/100
|move|p1a: Swampert|Surf|p2a: Rhydon
|-supereffective|p2a: Rhydon
|-end|p2a: Rhydon|Substitute
|
|-weather|Sandstorm|[upkeep]
|-heal|p2a: Rhydon|67/100|[from] item: Leftovers
|-heal|p1a: Swampert|39/100|[from] item: Leftovers
|upkeep
|turn|46
|inactive|Yuiis has 210 seconds left.
|inactive|Yuiis has 180 seconds left.
|
|t:|1728407816
|move|p2a: Rhydon|Rock Slide|p1a: Swampert
|-resisted|p1a: Swampert
|-damage|p1a: Swampert|27/100
|move|p1a: Swampert|Surf|p2a: Rhydon
|-supereffective|p2a: Rhydon
|-damage|p2a: Rhydon|0 fnt
|faint|p2a: Rhydon
|
|t:|1728407820
|switch|p2a: Zapdos|Zapdos|17/100
|
|-weather|Sandstorm|[upkeep]
|-damage|p2a: Zapdos|11/100|[from] Sandstorm
|-heal|p2a: Zapdos|17/100|[from] item: Leftovers
|-heal|p1a: Swampert|33/100|[from] item: Leftovers
|upkeep
|turn|47
|
|t:|1728407825
|move|p2a: Zapdos|Hidden Power|p1a: Swampert
|-supereffective|p1a: Swampert
|-damage|p1a: Swampert|0 fnt
|faint|p1a: Swampert
|
|t:|1728407827
|switch|p1a: Aerodactyl|Aerodactyl, M|100/100
|
|-weather|Sandstorm|[upkeep]
|-damage|p2a: Zapdos|11/100|[from] Sandstorm
|-heal|p2a: Zapdos|17/100|[from] item: Leftovers
|upkeep
|turn|48
|
|t:|1728407832
|move|p1a: Aerodactyl|Double-Edge|p2a: Zapdos
|-damage|p2a: Zapdos|0 fnt
|faint|p2a: Zapdos
|
|win|bebra322
|c|☆bebra322|gg
|player|p2|

</script>
<script type="application/json" class="data" id="replaydata-smogtours-gen3ou-796396">
{"id":"smogtours-gen3ou-796396","format":"[Gen 3] OU","players":["bebra322","Yuiis"],"uploadtime":1728407832,"views":104,"formatid":"gen3ou","rating":null,"private":0,"password":null}
</script>

<script defer src="js/replays.js?9d40a366"></script>
