<!DOCTYPE html>
<meta charset="utf-8" />
<meta name="viewport" content="width=device-width" />

<title>[Gen 3] OU: xhoshi vs. Christos - Replays - Pok&eacute;mon Showdown!</title>

<meta name="description" content="Watch a replay of a Pok&eacute;mon battle between xhoshi and Christos! Format: [Gen 3] OU; Date: Nov 13, 2024" />
<!--

Hey, you! Looking in the source for the replay log?

You can find them in JSON format, just add `.json` at the end of a replay URL.

https://replay.pokemonshowdown.com/gen7randomdoublesbattle-865046831.json

Or, if you only need the log itself, add `.log` instead:

https://replay.pokemonshowdown.com/gen7randomdoublesbattle-865046831.log

-->

<link rel="stylesheet" href="//pokemonshowdown.com/style/global.css?0.767286132409787" />
<link rel="stylesheet" href="//play.pokemonshowdown.com/style/font-awesome.css?0.9266228007934947" />
<link rel="stylesheet" href="//play.pokemonshowdown.com/style/battle.css?0.7924700842790926" />
<link rel="stylesheet" href="//play.pokemonshowdown.com/style/utilichart.css?0.8777417872839479" />

<!-- Global site tag (gtag.js) - Google Analytics -->
<script async src="https://www.googletagmanager.com/gtag/js?id=UA-26211653-1"></script>
<script>
  window.dataLayer = window.dataLayer || [];
  function gtag(){dataLayer.push(arguments);}
  gtag('js', new Date());

  gtag('config', 'UA-26211653-1');
</script>
<!-- End Google Analytics -->
<!-- Venatus Ad Manager - Install in <HEAD> of page -->
	<script src="https://hb.vntsm.com/v3/live/ad-manager.min.js" type="text/javascript" data-site-id="642aba63ec9a7b11c3c9c1be" data-mode="scan" async></script>
<!-- / Venatus Ad Manager -->

<style>
	@media (max-width:820px) {
		.battle {
			margin: 0 auto;
		}
		.battle-log {
			margin: 7px auto 0;
			max-width: 640px;
			height: 300px;
			position: static;
		}
	}
	.optgroup {
		display: inline-block;
		line-height: 22px;
		font-size: 10pt;
	}
	.optgroup .button {
		height: 25px;
		padding-top: 0;
		padding-bottom: 0;
	}
	.optgroup button.button {
		padding-left: 12px;
		padding-right: 12px;
	}
	.linklist {
		list-style: none;
		margin: 0.5em 0;
		padding: 0;
	}
	.linklist li {
		padding: 2px 0;
	}
	.sidebar {
		float: left;
		width: 320px;
	}
	.bar-wrapper {
		max-width: 1100px;
		margin: 0 auto;
	}
	.bar-wrapper.has-sidebar {
		max-width: 1430px;
	}
	.mainbar {
		margin: 0;
		padding-right: 1px;
	}
	.mainbar.has-sidebar {
		margin-left: 330px;
	}
	@media (min-width: 1511px) {
		.sidebar {
			width: 400px;
		}
		.bar-wrapper.has-sidebar {
			max-width: 1510px;
		}
		.mainbar.has-sidebar {
			margin-left: 410px;
		}
	}
	.section.first-section {
		margin-top: 9px;
	}
	.blocklink small {
		white-space: normal;
	}
	.button {
		vertical-align: middle;
	}
	.replay-controls {
		padding-top: 10px;
	}
	.replay-controls h1 {
		font-size: 16pt;
		font-weight: normal;
		color: #CCC;
	}
	.pagelink {
		text-align: center;
	}
	.pagelink a {
		width: 150px;
	}
	.textbox, .button {
		font-size: 11pt;
		vertical-align: middle;
	}
	@media (max-width: 450px) {
		.button {
			font-size: 9pt;
		}
	}
</style>

<div>

	<header>
		<div class="nav-wrapper"><ul class="nav">
			<li><a class="button nav-first" href="//pokemonshowdown.com/"><img src="//pokemonshowdown.com/images/pokemonshowdownbeta.png" srcset="//pokemonshowdown.com/images/pokemonshowdownbeta.png 1x, //pokemonshowdown.com/images/pokemonshowdownbeta@2x.png 2x" alt="Pok&eacute;mon Showdown" width="146" height="44" /> Home</a></li>
			<li><a class="button" href="//pokemonshowdown.com/dex/">Pok&eacute;dex</a></li>
			<li><a class="button cur" href="/">Replays</a></li>
			<li><a class="button" href="//pokemonshowdown.com/ladder/">Ladder</a></li>
			<li><a class="button nav-last" href="//pokemonshowdown.com/forums/">Forum</a></li>
			<li><a class="button greenbutton nav-first nav-last" href="//play.pokemonshowdown.com/">Play</a></li>
		</ul></div>
	</header>

	<div class="main" id="main">

		<noscript><section class="section">You need to enable JavaScript to use this page; sorry!</section></noscript>

	</div>

</div>

<script defer nomodule src="//play.pokemonshowdown.com/js/lib/ps-polyfill.js"></script>
<script defer src="//play.pokemonshowdown.com/js/lib/preact.min.js"></script>

<script defer src="//play.pokemonshowdown.com/config/config.js?6dec07f6"></script>
<script defer src="//play.pokemonshowdown.com/js/lib/jquery-1.11.0.min.js"></script>
<script defer src="//play.pokemonshowdown.com/js/lib/html-sanitizer-minified.js"></script>
<script defer src="//play.pokemonshowdown.com/js/battle-sound.js"></script>
<script defer src="//play.pokemonshowdown.com/js/battledata.js?0.6315294753075389"></script>
<script defer src="//play.pokemonshowdown.com/data/pokedex-mini.js?0.7603743185311358"></script>
<script defer src="//play.pokemonshowdown.com/data/pokedex-mini-bw.js?0.030888842834281283"></script>
<script defer src="//play.pokemonshowdown.com/data/graphics.js?0.05593094747507488"></script>
<script defer src="//play.pokemonshowdown.com/data/pokedex.js?0.47064822249611904"></script>
<script defer src="//play.pokemonshowdown.com/data/moves.js?0.8583693120512459"></script>
<script defer src="//play.pokemonshowdown.com/data/abilities.js?0.16017181182386842"></script>
<script defer src="//play.pokemonshowdown.com/data/items.js?0.4163379185673943"></script>
<script defer src="//play.pokemonshowdown.com/data/teambuilder-tables.js?0.31075597372830477"></script>
<script defer src="//play.pokemonshowdown.com/js/battle-tooltips.js?0.6536193500708172"></script>
<script defer src="//play.pokemonshowdown.com/js/battle.js?0.1916591943277901"></script>

<script defer src="js/utils.js?e31f9a17"></script>
<script defer src="js/replays-battle.js?7008c182"></script>

<!-- don't scrape this data! just add .json or .log after the URL!
Full API docs: https://github.com/smogon/pokemon-showdown-client/blob/master/WEB-API.md -->
<script type="text/plain" class="log" id="replaylog-smogtours-gen3ou-806172">
|inactive|Battle timer is ON: inactive players will automatically lose when time's up.
|t:|1731527129
|gametype|singles
|player|p1|xhoshi|265|
|player|p2|Christos|boarder|
|teamsize|p1|6
|teamsize|p2|6
|gen|3
|tier|[Gen 3] OU
|rule|Sleep Clause Mod: Limit one foe put to sleep
|rule|Switch Priority Clause Mod: Faster Pokémon switch first
|rule|Species Clause: Limit one of each Pokémon
|rule|OHKO Clause: OHKO moves are banned
|rule|Evasion Items Clause: Evasion items are banned
|rule|Evasion Moves Clause: Evasion moves are banned
|rule|Endless Battle Clause: Forcing endless battles is banned
|rule|HP Percentage Mod: HP is shown in percentages
|rule|One Boost Passer Clause: Limit one Baton Passer that has a way to boost its stats
|rule|Freeze Clause Mod: Limit one foe frozen
|
|t:|1731527129
|start
|switch|p1a: Dugtrio|Dugtrio, M|100/100
|switch|p2a: Tyranitar|Tyranitar, F|100/100
|-weather|Sandstorm|[from] ability: Sand Stream|[of] p2a: Tyranitar
|turn|1
|c|☆Christos|hf
|
|t:|1731527151
|move|p1a: Dugtrio|Earthquake|p2a: Tyranitar
|-supereffective|p2a: Tyranitar
|-damage|p2a: Tyranitar|16/100
|move|p2a: Tyranitar|Hidden Power|p1a: Dugtrio
|-supereffective|p1a: Dugtrio
|-damage|p1a: Dugtrio|10/100
|
|-weather|Sandstorm|[upkeep]
|upkeep
|turn|2
|
|t:|1731527168
|move|p1a: Dugtrio|Earthquake|p2a: Tyranitar
|-supereffective|p2a: Tyranitar
|-damage|p2a: Tyranitar|0 fnt
|faint|p2a: Tyranitar
|
|t:|1731527173
|switch|p2a: Gengar|Gengar, F|100/100
|
|-weather|Sandstorm|[upkeep]
|-damage|p2a: Gengar|94/100|[from] Sandstorm
|-heal|p2a: Gengar|100/100|[from] item: Leftovers
|upkeep
|turn|3
|c|☆xhoshi|glhf
|
|t:|1731527194
|switch|p1a: Blissey|Blissey, F|100/100
|move|p2a: Gengar|Will-O-Wisp|p1a: Blissey
|-status|p1a: Blissey|brn
|
|-weather|Sandstorm|[upkeep]
|-damage|p2a: Gengar|94/100|[from] Sandstorm
|-damage|p1a: Blissey|94/100 brn|[from] Sandstorm
|-heal|p2a: Gengar|100/100|[from] item: Leftovers
|-heal|p1a: Blissey|100/100 brn|[from] item: Leftovers
|-damage|p1a: Blissey|88/100 brn|[from] brn
|upkeep
|turn|4
|inactive|Christos has 270 seconds left.
|
|t:|1731527226
|switch|p2a: Blissey|Blissey, F|100/100
|move|p1a: Blissey|Ice Beam|p2a: Blissey
|-damage|p2a: Blissey|92/100
|-status|p2a: Blissey|frz
|
|-weather|Sandstorm|[upkeep]
|-damage|p1a: Blissey|82/100 brn|[from] Sandstorm
|-damage|p2a: Blissey|86/100 frz|[from] Sandstorm
|-heal|p1a: Blissey|88/100 brn|[from] item: Leftovers
|-heal|p2a: Blissey|92/100 frz|[from] item: Leftovers
|-damage|p1a: Blissey|76/100 brn|[from] brn
|upkeep
|turn|5
|
|t:|1731527239
|-curestatus|p2a: Blissey|frz|[from] ability: Natural Cure
|switch|p2a: Swampert|Swampert, M|100/100
|move|p1a: Blissey|Thunderbolt|p2a: Swampert
|-immune|p2a: Swampert
|
|-weather|Sandstorm|[upkeep]
|-damage|p1a: Blissey|69/100 brn|[from] Sandstorm
|-heal|p1a: Blissey|76/100 brn|[from] item: Leftovers
|-damage|p1a: Blissey|63/100 brn|[from] brn
|upkeep
|turn|6
|inactive|Christos has 270 seconds left.
|
|t:|1731527255
|-curestatus|p1a: Blissey|brn|[from] ability: Natural Cure
|switch|p1a: Suicune|Suicune|100/100
|switch|p2a: Gengar|Gengar, F|100/100
|
|-weather|Sandstorm|[upkeep]
|-damage|p2a: Gengar|94/100|[from] Sandstorm
|-damage|p1a: Suicune|94/100|[from] Sandstorm
|-heal|p2a: Gengar|100/100|[from] item: Leftovers
|-heal|p1a: Suicune|100/100|[from] item: Leftovers
|upkeep
|turn|7
|inactive|Christos has 270 seconds left.
|
|t:|1731527265
|switch|p1a: Blissey|Blissey, F|63/100
|move|p2a: Gengar|Thunderbolt|p1a: Blissey
|-damage|p1a: Blissey|49/100
|
|-weather|Sandstorm|[upkeep]
|-damage|p2a: Gengar|94/100|[from] Sandstorm
|-damage|p1a: Blissey|42/100|[from] Sandstorm
|-heal|p2a: Gengar|100/100|[from] item: Leftovers
|-heal|p1a: Blissey|49/100|[from] item: Leftovers
|upkeep
|turn|8
|inactive|Christos has 270 seconds left.
|
|t:|1731527277
|move|p2a: Gengar|Explosion|p1a: Blissey
|-damage|p1a: Blissey|0 fnt
|faint|p2a: Gengar
|faint|p1a: Blissey
|inactive|Christos has 270 seconds left.
|
|t:|1731527297
|switch|p2a: Swampert|Swampert, M|100/100
|switch|p1a: Snorlax|Snorlax, F|100/100
|
|-weather|Sandstorm|[upkeep]
|-damage|p1a: Snorlax|94/100|[from] Sandstorm
|-heal|p1a: Snorlax|100/100|[from] item: Leftovers
|upkeep
|turn|9
|inactive|Christos has 270 seconds left.
|
|t:|1731527304
|move|p2a: Swampert|Earthquake|p1a: Snorlax
|-damage|p1a: Snorlax|71/100
|move|p1a: Snorlax|Curse|p1a: Snorlax
|-unboost|p1a: Snorlax|spe|1
|-boost|p1a: Snorlax|atk|1
|-boost|p1a: Snorlax|def|1
|
|-weather|Sandstorm|[upkeep]
|-damage|p1a: Snorlax|65/100|[from] Sandstorm
|-heal|p1a: Snorlax|71/100|[from] item: Leftovers
|upkeep
|turn|10
|
|t:|1731527315
|move|p2a: Swampert|Earthquake|p1a: Snorlax
|-damage|p1a: Snorlax|52/100
|move|p1a: Snorlax|Curse|p1a: Snorlax
|-unboost|p1a: Snorlax|spe|1
|-boost|p1a: Snorlax|atk|1
|-boost|p1a: Snorlax|def|1
|
|-weather|Sandstorm|[upkeep]
|-damage|p1a: Snorlax|45/100|[from] Sandstorm
|-heal|p1a: Snorlax|52/100|[from] item: Leftovers
|upkeep
|turn|11
|
|t:|1731527321
|move|p2a: Swampert|Protect|p2a: Swampert
|-singleturn|p2a: Swampert|Protect
|move|p1a: Snorlax|Return|p2a: Swampert
|-activate|p2a: Swampert|Protect
|
|-weather|Sandstorm|[upkeep]
|-damage|p1a: Snorlax|45/100|[from] Sandstorm
|-heal|p1a: Snorlax|52/100|[from] item: Leftovers
|upkeep
|turn|12
|
|t:|1731527325
|switch|p2a: Metagross|Metagross|100/100
|move|p1a: Snorlax|Return|p2a: Metagross
|-resisted|p2a: Metagross
|-damage|p2a: Metagross|68/100
|
|-weather|Sandstorm|[upkeep]
|-damage|p1a: Snorlax|45/100|[from] Sandstorm
|-heal|p1a: Snorlax|52/100|[from] item: Leftovers
|upkeep
|turn|13
|
|t:|1731527335
|switch|p1a: Forretress|Forretress, M|100/100
|move|p2a: Metagross|Meteor Mash|p1a: Forretress
|-resisted|p1a: Forretress
|-damage|p1a: Forretress|69/100
|
|-weather|Sandstorm|[upkeep]
|-heal|p1a: Forretress|75/100|[from] item: Leftovers
|upkeep
|turn|14
|
|t:|1731527352
|switch|p2a: Swampert|Swampert, M|100/100
|move|p1a: Forretress|Spikes|p2a: Swampert
|-sidestart|p2: Christos|Spikes
|
|-weather|Sandstorm|[upkeep]
|-heal|p1a: Forretress|81/100|[from] item: Leftovers
|upkeep
|turn|15
|
|t:|1731527365
|move|p2a: Swampert|Earthquake|p1a: Forretress
|-damage|p1a: Forretress|54/100
|move|p1a: Forretress|Spikes|p2a: Swampert
|-sidestart|p2: Christos|Spikes
|
|-weather|Sandstorm|[upkeep]
|-heal|p1a: Forretress|60/100|[from] item: Leftovers
|upkeep
|turn|16
|
|t:|1731527370
|move|p2a: Swampert|Earthquake|p1a: Forretress
|-damage|p1a: Forretress|34/100
|move|p1a: Forretress|Spikes|p2a: Swampert
|-sidestart|p2: Christos|Spikes
|
|-weather|Sandstorm|[upkeep]
|-heal|p1a: Forretress|40/100|[from] item: Leftovers
|upkeep
|turn|17
|
|t:|1731527383
|move|p2a: Swampert|Protect|p2a: Swampert
|-singleturn|p2a: Swampert|Protect
|move|p1a: Forretress|Hidden Power|p2a: Swampert
|-activate|p2a: Swampert|Protect
|
|-weather|Sandstorm|[upkeep]
|-heal|p1a: Forretress|47/100|[from] item: Leftovers
|upkeep
|turn|18
|
|t:|1731527395
|switch|p1a: Claydol|Claydol|100/100
|move|p2a: Swampert|Earthquake|p1a: Claydol
|-immune|p1a: Claydol
|
|-weather|Sandstorm|[upkeep]
|upkeep
|turn|19
|
|t:|1731527409
|move|p1a: Claydol|Rain Dance|p1a: Claydol
|-weather|RainDance
|move|p2a: Swampert|Ice Beam|p1a: Claydol
|-supereffective|p1a: Claydol
|-damage|p1a: Claydol|74/100
|
|-weather|RainDance|[upkeep]
|-heal|p1a: Claydol|80/100|[from] item: Leftovers
|upkeep
|turn|20
|
|t:|1731527428
|move|p1a: Claydol|Explosion|p2a: Swampert
|-damage|p2a: Swampert|42/100
|faint|p1a: Claydol
|inactive|xhoshi has 270 seconds left.
|
|t:|1731527452
|switch|p1a: Snorlax|Snorlax, F|52/100
|
|-weather|RainDance|[upkeep]
|-heal|p2a: Swampert|48/100|[from] item: Leftovers
|-heal|p1a: Snorlax|58/100|[from] item: Leftovers
|upkeep
|turn|21
|
|t:|1731527458
|move|p2a: Swampert|Earthquake|p1a: Snorlax
|-damage|p1a: Snorlax|28/100
|move|p1a: Snorlax|Curse|p1a: Snorlax
|-unboost|p1a: Snorlax|spe|1
|-boost|p1a: Snorlax|atk|1
|-boost|p1a: Snorlax|def|1
|
|-weather|RainDance|[upkeep]
|-heal|p2a: Swampert|54/100|[from] item: Leftovers
|-heal|p1a: Snorlax|34/100|[from] item: Leftovers
|upkeep
|turn|22
|inactive|Christos has 270 seconds left.
|
|t:|1731527491
|switch|p2a: Starmie|Starmie|100/100
|-damage|p2a: Starmie|76/100|[from] Spikes
|move|p1a: Snorlax|Rest|p1a: Snorlax
|-status|p1a: Snorlax|slp|[from] move: Rest
|-heal|p1a: Snorlax|100/100 slp|[silent]
|
|-weather|RainDance|[upkeep]
|-heal|p2a: Starmie|82/100|[from] item: Leftovers
|upkeep
|turn|23
|
|t:|1731527495
|move|p2a: Starmie|Rapid Spin|p1a: Snorlax
|-damage|p1a: Snorlax|99/100 slp
|-sideend|p2: Christos|Spikes|[from] move: Rapid Spin|[of] p2a: Starmie
|cant|p1a: Snorlax|slp
|
|-weather|none
|-heal|p2a: Starmie|88/100|[from] item: Leftovers
|-heal|p1a: Snorlax|100/100 slp|[from] item: Leftovers
|upkeep
|turn|24
|
|t:|1731527502
|switch|p2a: Metagross|Metagross|68/100
|cant|p1a: Snorlax|slp
|
|upkeep
|turn|25
|inactive|Christos has 270 seconds left.
|
|t:|1731527530
|move|p2a: Metagross|Meteor Mash|p1a: Snorlax
|-damage|p1a: Snorlax|51/100 slp
|-boost|p2a: Metagross|atk|1
|-curestatus|p1a: Snorlax|slp|[msg]
|move|p1a: Snorlax|Return|p2a: Metagross
|-resisted|p2a: Metagross
|-damage|p2a: Metagross|42/100
|
|-heal|p1a: Snorlax|57/100|[from] item: Leftovers
|upkeep
|turn|26
|inactive|Christos has 270 seconds left.
|
|t:|1731527556
|switch|p1a: Forretress|Forretress, M|47/100
|move|p2a: Metagross|Meteor Mash|p1a: Forretress
|-resisted|p1a: Forretress
|-damage|p1a: Forretress|2/100
|
|-heal|p1a: Forretress|9/100|[from] item: Leftovers
|upkeep
|turn|27
|c|☆xhoshi|fuck
|
|t:|1731527579
|switch|p2a: Swampert|Swampert, M|54/100
|move|p1a: Forretress|Explosion|p2a: Swampert
|-damage|p2a: Swampert|0 fnt
|faint|p1a: Forretress
|faint|p2a: Swampert
|c|☆xhoshi|sorry fir that
|inactive|Christos has 240 seconds left.
|inactive|xhoshi has 270 seconds left.
|
|t:|1731527631
|switch|p2a: Starmie|Starmie|88/100
|switch|p1a: Suicune|Suicune|100/100
|
|-heal|p2a: Starmie|94/100|[from] item: Leftovers
|upkeep
|turn|28
|
|t:|1731527636
|move|p2a: Starmie|Thunderbolt|p1a: Suicune
|-supereffective|p1a: Suicune
|-damage|p1a: Suicune|61/100
|move|p1a: Suicune|Calm Mind|p1a: Suicune
|-boost|p1a: Suicune|spa|1
|-boost|p1a: Suicune|spd|1
|
|-heal|p2a: Starmie|99/100|[from] item: Leftovers
|-heal|p1a: Suicune|68/100|[from] item: Leftovers
|upkeep
|turn|29
|
|t:|1731527650
|move|p2a: Starmie|Thunderbolt|p1a: Suicune
|-supereffective|p1a: Suicune
|-damage|p1a: Suicune|39/100
|move|p1a: Suicune|Surf|p2a: Starmie
|-resisted|p2a: Starmie
|-damage|p2a: Starmie|66/100
|
|-heal|p2a: Starmie|73/100|[from] item: Leftovers
|-heal|p1a: Suicune|46/100|[from] item: Leftovers
|upkeep
|turn|30
|inactive|Christos has 240 seconds left.
|
|t:|1731527680
|move|p2a: Starmie|Thunderbolt|p1a: Suicune
|-supereffective|p1a: Suicune
|-damage|p1a: Suicune|15/100
|move|p1a: Suicune|Surf|p2a: Starmie
|-resisted|p2a: Starmie
|-damage|p2a: Starmie|41/100
|
|-heal|p2a: Starmie|48/100|[from] item: Leftovers
|-heal|p1a: Suicune|22/100|[from] item: Leftovers
|upkeep
|turn|31
|inactive|Christos has 240 seconds left.
|
|t:|1731527701
|switch|p2a: Blissey|Blissey, F|92/100
|move|p1a: Suicune|Roar|p2a: Blissey
|drag|p2a: Metagross|Metagross|42/100
|
|-heal|p1a: Suicune|28/100|[from] item: Leftovers
|upkeep
|turn|32
|
|t:|1731527714
|switch|p2a: Blissey|Blissey, F|92/100
|move|p1a: Suicune|Surf|p2a: Blissey
|-damage|p2a: Blissey|74/100
|
|-heal|p1a: Suicune|34/100|[from] item: Leftovers
|-heal|p2a: Blissey|80/100|[from] item: Leftovers
|upkeep
|turn|33
|inactive|xhoshi has 270 seconds left.
|
|t:|1731527747
|move|p1a: Suicune|Surf|p2a: Blissey
|-damage|p2a: Blissey|64/100
|move|p2a: Blissey|Wish|p2a: Blissey
|
|-heal|p1a: Suicune|40/100|[from] item: Leftovers
|-heal|p2a: Blissey|70/100|[from] item: Leftovers
|upkeep
|turn|34
|
|t:|1731527759
|switch|p2a: Starmie|Starmie|48/100
|move|p1a: Suicune|Calm Mind|p1a: Suicune
|-boost|p1a: Suicune|spa|1
|-boost|p1a: Suicune|spd|1
|
|-heal|p2a: Starmie|97/100|[from] move: Wish|[wisher] Blissey
|-heal|p2a: Starmie|100/100|[from] item: Leftovers
|-heal|p1a: Suicune|46/100|[from] item: Leftovers
|upkeep
|turn|35
|
|t:|1731527765
|switch|p2a: Blissey|Blissey, F|70/100
|move|p1a: Suicune|Surf|p2a: Blissey
|-damage|p2a: Blissey|49/100
|
|-heal|p1a: Suicune|52/100|[from] item: Leftovers
|-heal|p2a: Blissey|55/100|[from] item: Leftovers
|upkeep
|turn|36
|
|t:|1731527778
|move|p1a: Suicune|Surf|p2a: Blissey
|-damage|p2a: Blissey|34/100
|move|p2a: Blissey|Soft-Boiled|p2a: Blissey
|-heal|p2a: Blissey|84/100
|
|-heal|p1a: Suicune|59/100|[from] item: Leftovers
|-heal|p2a: Blissey|90/100|[from] item: Leftovers
|upkeep
|turn|37
|
|t:|1731527782
|move|p1a: Suicune|Calm Mind|p1a: Suicune
|-boost|p1a: Suicune|spa|1
|-boost|p1a: Suicune|spd|1
|move|p2a: Blissey|Thunder Wave|p1a: Suicune
|-status|p1a: Suicune|par
|
|-heal|p2a: Blissey|96/100|[from] item: Leftovers
|-heal|p1a: Suicune|65/100 par|[from] item: Leftovers
|upkeep
|turn|38
|
|t:|1731527788
|move|p2a: Blissey|Seismic Toss|p1a: Suicune
|-damage|p1a: Suicune|40/100 par
|move|p1a: Suicune|Surf|p2a: Blissey
|-damage|p2a: Blissey|70/100
|
|-heal|p2a: Blissey|76/100|[from] item: Leftovers
|-heal|p1a: Suicune|46/100 par|[from] item: Leftovers
|upkeep
|turn|39
|
|t:|1731527794
|move|p2a: Blissey|Seismic Toss|p1a: Suicune
|-damage|p1a: Suicune|22/100 par
|move|p1a: Suicune|Roar|p2a: Blissey
|drag|p2a: Starmie|Starmie|100/100
|
|-heal|p1a: Suicune|28/100 par|[from] item: Leftovers
|upkeep
|turn|40
|inactive|Christos has 270 seconds left.
|
|t:|1731527802
|move|p2a: Starmie|Thunderbolt|p1a: Suicune
|-supereffective|p1a: Suicune
|-damage|p1a: Suicune|10/100 par
|move|p1a: Suicune|Surf|p2a: Starmie
|-resisted|p2a: Starmie
|-damage|p2a: Starmie|45/100
|
|-heal|p2a: Starmie|51/100|[from] item: Leftovers
|-heal|p1a: Suicune|16/100 par|[from] item: Leftovers
|upkeep
|turn|41
|inactive|Christos has 270 seconds left.
|inactive|Christos has 240 seconds left.
|
|t:|1731527845
|move|p2a: Starmie|Thunderbolt|p1a: Suicune
|-supereffective|p1a: Suicune
|-damage|p1a: Suicune|0 fnt
|faint|p1a: Suicune
|
|t:|1731527848
|switch|p1a: Dugtrio|Dugtrio, M|10/100
|
|-heal|p2a: Starmie|58/100|[from] item: Leftovers
|upkeep
|turn|42
|
|t:|1731527853
|move|p1a: Dugtrio|Earthquake|p2a: Starmie
|-damage|p2a: Starmie|0 fnt
|faint|p2a: Starmie
|
|t:|1731527856
|switch|p2a: Blissey|Blissey, F|76/100
|
|-heal|p2a: Blissey|82/100|[from] item: Leftovers
|upkeep
|turn|43
|
|t:|1731527865
|switch|p1a: Snorlax|Snorlax, F|57/100
|move|p2a: Blissey|Seismic Toss|p1a: Snorlax
|-damage|p1a: Snorlax|37/100
|
|-heal|p2a: Blissey|88/100|[from] item: Leftovers
|-heal|p1a: Snorlax|43/100|[from] item: Leftovers
|upkeep
|turn|44
|inactive|Christos has 270 seconds left.
|
|t:|1731527876
|move|p2a: Blissey|Wish|p2a: Blissey
|move|p1a: Snorlax|Curse|p1a: Snorlax
|-unboost|p1a: Snorlax|spe|1
|-boost|p1a: Snorlax|atk|1
|-boost|p1a: Snorlax|def|1
|
|-heal|p2a: Blissey|94/100|[from] item: Leftovers
|-heal|p1a: Snorlax|49/100|[from] item: Leftovers
|upkeep
|turn|45
|
|t:|1731527892
|switch|p2a: Metagross|Metagross|42/100
|move|p1a: Snorlax|Curse|p1a: Snorlax
|-unboost|p1a: Snorlax|spe|1
|-boost|p1a: Snorlax|atk|1
|-boost|p1a: Snorlax|def|1
|
|-heal|p2a: Metagross|92/100|[from] move: Wish|[wisher] Blissey
|-heal|p1a: Snorlax|56/100|[from] item: Leftovers
|upkeep
|turn|46
|inactive|xhoshi has 270 seconds left.
|
|t:|1731527934
|move|p2a: Metagross|Meteor Mash|p1a: Snorlax
|-damage|p1a: Snorlax|17/100
|move|p1a: Snorlax|Rest|p1a: Snorlax
|-status|p1a: Snorlax|slp|[from] move: Rest
|-heal|p1a: Snorlax|100/100 slp|[silent]
|
|upkeep
|turn|47
|
|t:|1731527939
|move|p2a: Metagross|Meteor Mash|p1a: Snorlax
|-damage|p1a: Snorlax|66/100 slp
|cant|p1a: Snorlax|slp
|
|-heal|p1a: Snorlax|72/100 slp|[from] item: Leftovers
|upkeep
|turn|48
|inactive|xhoshi has 270 seconds left.
|
|t:|1731527944
|move|p2a: Metagross|Meteor Mash|p1a: Snorlax
|-crit|p1a: Snorlax
|-damage|p1a: Snorlax|0 fnt
|faint|p1a: Snorlax
|
|t:|1731527947
|switch|p1a: Dugtrio|Dugtrio, M|10/100
|
|upkeep
|turn|49
|
|t:|1731527951
|move|p1a: Dugtrio|Earthquake|p2a: Metagross
|-supereffective|p2a: Metagross
|-damage|p2a: Metagross|3/100
|move|p2a: Metagross|Meteor Mash|p1a: Dugtrio
|-damage|p1a: Dugtrio|0 fnt
|-boost|p2a: Metagross|atk|1
|faint|p1a: Dugtrio
|
|win|Christos
|c|☆xhoshi|gg
|c|☆Christos|ggs
|c|☆Christos|/log Christos made the replay of this battle unlisted.
|player|p1|

</script>
<script type="application/json" class="data" id="replaydata-smogtours-gen3ou-806172">
{"id":"smogtours-gen3ou-806172","format":"[Gen 3] OU","players":["xhoshi","Christos"],"uploadtime":1731527951,"views":18,"formatid":"gen3ou","rating":null,"private":1,"password":null}
</script>

<script defer src="js/replays.js?9d40a366"></script>
