<!DOCTYPE html>
<meta charset="utf-8" />
<meta name="viewport" content="width=device-width" />

<title>[Gen 3] OU: kalarse vs. TreinerOrenge - Replays - Pok&eacute;mon Showdown!</title>

<meta name="description" content="Watch a replay of a Pok&eacute;mon battle between kalarse and TreinerOrenge! Format: [Gen 3] OU; Date: Oct 27, 2024" />
<!--

Hey, you! Looking in the source for the replay log?

You can find them in JSON format, just add `.json` at the end of a replay URL.

https://replay.pokemonshowdown.com/gen7randomdoublesbattle-865046831.json

Or, if you only need the log itself, add `.log` instead:

https://replay.pokemonshowdown.com/gen7randomdoublesbattle-865046831.log

-->

<link rel="stylesheet" href="//pokemonshowdown.com/style/global.css?0.023195364461161105" />
<link rel="stylesheet" href="//play.pokemonshowdown.com/style/font-awesome.css?0.13261647063804238" />
<link rel="stylesheet" href="//play.pokemonshowdown.com/style/battle.css?0.8753245789963631" />
<link rel="stylesheet" href="//play.pokemonshowdown.com/style/utilichart.css?0.8627959624976733" />

<!-- Global site tag (gtag.js) - Google Analytics -->
<script async src="https://www.googletagmanager.com/gtag/js?id=UA-26211653-1"></script>
<script>
  window.dataLayer = window.dataLayer || [];
  function gtag(){dataLayer.push(arguments);}
  gtag('js', new Date());

  gtag('config', 'UA-26211653-1');
</script>
<!-- End Google Analytics -->
<!-- Venatus Ad Manager - Install in <HEAD> of page -->
	<script src="https://hb.vntsm.com/v3/live/ad-manager.min.js" type="text/javascript" data-site-id="642aba63ec9a7b11c3c9c1be" data-mode="scan" async></script>
<!-- / Venatus Ad Manager -->

<style>
	@media (max-width:820px) {
		.battle {
			margin: 0 auto;
		}
		.battle-log {
			margin: 7px auto 0;
			max-width: 640px;
			height: 300px;
			position: static;
		}
	}
	.optgroup {
		display: inline-block;
		line-height: 22px;
		font-size: 10pt;
	}
	.optgroup .button {
		height: 25px;
		padding-top: 0;
		padding-bottom: 0;
	}
	.optgroup button.button {
		padding-left: 12px;
		padding-right: 12px;
	}
	.linklist {
		list-style: none;
		margin: 0.5em 0;
		padding: 0;
	}
	.linklist li {
		padding: 2px 0;
	}
	.sidebar {
		float: left;
		width: 320px;
	}
	.bar-wrapper {
		max-width: 1100px;
		margin: 0 auto;
	}
	.bar-wrapper.has-sidebar {
		max-width: 1430px;
	}
	.mainbar {
		margin: 0;
		padding-right: 1px;
	}
	.mainbar.has-sidebar {
		margin-left: 330px;
	}
	@media (min-width: 1511px) {
		.sidebar {
			width: 400px;
		}
		.bar-wrapper.has-sidebar {
			max-width: 1510px;
		}
		.mainbar.has-sidebar {
			margin-left: 410px;
		}
	}
	.section.first-section {
		margin-top: 9px;
	}
	.blocklink small {
		white-space: normal;
	}
	.button {
		vertical-align: middle;
	}
	.replay-controls {
		padding-top: 10px;
	}
	.replay-controls h1 {
		font-size: 16pt;
		font-weight: normal;
		color: #CCC;
	}
	.pagelink {
		text-align: center;
	}
	.pagelink a {
		width: 150px;
	}
	.textbox, .button {
		font-size: 11pt;
		vertical-align: middle;
	}
	@media (max-width: 450px) {
		.button {
			font-size: 9pt;
		}
	}
</style>

<div>

	<header>
		<div class="nav-wrapper"><ul class="nav">
			<li><a class="button nav-first" href="//pokemonshowdown.com/"><img src="//pokemonshowdown.com/images/pokemonshowdownbeta.png" srcset="//pokemonshowdown.com/images/pokemonshowdownbeta.png 1x, //pokemonshowdown.com/images/pokemonshowdownbeta@2x.png 2x" alt="Pok&eacute;mon Showdown" width="146" height="44" /> Home</a></li>
			<li><a class="button" href="//pokemonshowdown.com/dex/">Pok&eacute;dex</a></li>
			<li><a class="button cur" href="/">Replays</a></li>
			<li><a class="button" href="//pokemonshowdown.com/ladder/">Ladder</a></li>
			<li><a class="button nav-last" href="//pokemonshowdown.com/forums/">Forum</a></li>
			<li><a class="button greenbutton nav-first nav-last" href="//play.pokemonshowdown.com/">Play</a></li>
		</ul></div>
	</header>

	<div class="main" id="main">

		<noscript><section class="section">You need to enable JavaScript to use this page; sorry!</section></noscript>

	</div>

</div>

<script defer nomodule src="//play.pokemonshowdown.com/js/lib/ps-polyfill.js"></script>
<script defer src="//play.pokemonshowdown.com/js/lib/preact.min.js"></script>

<script defer src="//play.pokemonshowdown.com/config/config.js?2bddbc15"></script>
<script defer src="//play.pokemonshowdown.com/js/lib/jquery-1.11.0.min.js"></script>
<script defer src="//play.pokemonshowdown.com/js/lib/html-sanitizer-minified.js"></script>
<script defer src="//play.pokemonshowdown.com/js/battle-sound.js"></script>
<script defer src="//play.pokemonshowdown.com/js/battledata.js?0.7209276989879541"></script>
<script defer src="//play.pokemonshowdown.com/data/pokedex-mini.js?0.6111056340867951"></script>
<script defer src="//play.pokemonshowdown.com/data/pokedex-mini-bw.js?0.3532142036491459"></script>
<script defer src="//play.pokemonshowdown.com/data/graphics.js?0.24223875632456182"></script>
<script defer src="//play.pokemonshowdown.com/data/pokedex.js?0.38839984266356864"></script>
<script defer src="//play.pokemonshowdown.com/data/moves.js?0.21866028504024015"></script>
<script defer src="//play.pokemonshowdown.com/data/abilities.js?0.2005157953846628"></script>
<script defer src="//play.pokemonshowdown.com/data/items.js?0.9894211263848525"></script>
<script defer src="//play.pokemonshowdown.com/data/teambuilder-tables.js?0.6008791140282215"></script>
<script defer src="//play.pokemonshowdown.com/js/battle-tooltips.js?0.7580118955022959"></script>
<script defer src="//play.pokemonshowdown.com/js/battle.js?0.6057722274234274"></script>

<script defer src="js/utils.js?e31f9a17"></script>
<script defer src="js/replays-battle.js?7008c182"></script>

<!-- don't scrape this data! just add .json or .log after the URL!
Full API docs: https://github.com/smogon/pokemon-showdown-client/blob/master/WEB-API.md -->
<script type="text/plain" class="log" id="replaylog-smogtours-gen3ou-802557">
|inactive|Battle timer is ON: inactive players will automatically lose when time's up.
|t:|1730052061
|gametype|singles
|player|p1|kalarse|fantina|
|player|p2|TreinerOrenge|#dpppliii|
|teamsize|p1|6
|teamsize|p2|6
|gen|3
|tier|[Gen 3] OU
|rule|Sleep Clause Mod: Limit one foe put to sleep
|rule|Switch Priority Clause Mod: Faster Pokémon switch first
|rule|Species Clause: Limit one of each Pokémon
|rule|OHKO Clause: OHKO moves are banned
|rule|Evasion Items Clause: Evasion items are banned
|rule|Evasion Moves Clause: Evasion moves are banned
|rule|Endless Battle Clause: Forcing endless battles is banned
|rule|HP Percentage Mod: HP is shown in percentages
|rule|One Boost Passer Clause: Limit one Baton Passer that has a way to boost its stats
|rule|Freeze Clause Mod: Limit one foe frozen
|
|t:|1730052061
|start
|switch|p1a: Zapdos|Zapdos|100/100
|switch|p2a: Tyranitar|Tyranitar, F|100/100
|-weather|Sandstorm|[from] ability: Sand Stream|[of] p2a: Tyranitar
|turn|1
|c|☆kalarse|glhf
|
|t:|1730052074
|-singleturn|p2a: Tyranitar|move: Focus Punch
|move|p1a: Zapdos|Rain Dance|p1a: Zapdos
|-weather|RainDance
|move|p2a: Tyranitar|Focus Punch|p1a: Zapdos
|-resisted|p1a: Zapdos
|-damage|p1a: Zapdos|80/100
|
|-weather|RainDance|[upkeep]
|-heal|p1a: Zapdos|86/100|[from] item: Leftovers
|upkeep
|turn|2
|
|t:|1730052084
|switch|p2a: Blissey|Blissey, F|100/100
|move|p1a: Zapdos|Toxic|p2a: Blissey
|-status|p2a: Blissey|tox
|
|-weather|RainDance|[upkeep]
|-heal|p1a: Zapdos|92/100|[from] item: Leftovers
|-damage|p2a: Blissey|94/100 tox|[from] psn
|upkeep
|turn|3
|c|☆TreinerOrenge|u2
|
|t:|1730052099
|move|p1a: Zapdos|Thunderbolt|p2a: Blissey
|-damage|p2a: Blissey|79/100 tox
|move|p2a: Blissey|Ice Beam|p1a: Zapdos
|-supereffective|p1a: Zapdos
|-damage|p1a: Zapdos|55/100
|
|-weather|RainDance|[upkeep]
|-heal|p1a: Zapdos|61/100|[from] item: Leftovers
|-heal|p2a: Blissey|85/100 tox|[from] item: Leftovers
|-damage|p2a: Blissey|73/100 tox|[from] psn
|upkeep
|turn|4
|
|t:|1730052122
|switch|p1a: Metagross|Metagross|100/100
|-curestatus|p2a: Blissey|tox|[from] ability: Natural Cure
|switch|p2a: Swampert|Swampert, F|100/100
|
|-weather|RainDance|[upkeep]
|upkeep
|turn|5
|
|t:|1730052146
|move|p2a: Swampert|Protect|p2a: Swampert
|-singleturn|p2a: Swampert|Protect
|move|p1a: Metagross|Earthquake|p2a: Swampert
|-activate|p2a: Swampert|Protect
|
|-weather|none
|upkeep
|turn|6
|
|t:|1730052152
|move|p1a: Metagross|Explosion|p2a: Swampert
|-damage|p2a: Swampert|0 fnt
|faint|p1a: Metagross
|faint|p2a: Swampert
|
|t:|1730052167
|switch|p1a: Heracross|Heracross, F|100/100
|switch|p2a: Forretress|Forretress, F|100/100
|
|upkeep
|turn|7
|
|t:|1730052186
|switch|p1a: Zapdos|Zapdos|61/100
|switch|p2a: Gyarados|Gyarados, M|100/100
|-ability|p2a: Gyarados|Intimidate|boost
|-unboost|p1a: Zapdos|atk|1
|
|-heal|p1a: Zapdos|67/100|[from] item: Leftovers
|upkeep
|turn|8
|
|t:|1730052196
|switch|p2a: Blissey|Blissey, F|73/100
|move|p1a: Zapdos|Toxic|p2a: Blissey
|-status|p2a: Blissey|tox
|
|-heal|p1a: Zapdos|73/100|[from] item: Leftovers
|-heal|p2a: Blissey|79/100 tox|[from] item: Leftovers
|-damage|p2a: Blissey|73/100 tox|[from] psn
|upkeep
|turn|9
|inactive|kalarse has 270 seconds left.
|
|t:|1730052228
|switch|p1a: Heracross|Heracross, F|100/100
|move|p2a: Blissey|Toxic|p1a: Heracross|[miss]
|-miss|p2a: Blissey|p1a: Heracross
|
|-heal|p2a: Blissey|79/100 tox|[from] item: Leftovers
|-damage|p2a: Blissey|67/100 tox|[from] psn
|upkeep
|turn|10
|
|t:|1730052238
|-curestatus|p2a: Blissey|tox|[from] ability: Natural Cure
|switch|p2a: Gyarados|Gyarados, M|100/100
|-ability|p2a: Gyarados|Intimidate|boost
|-unboost|p1a: Heracross|atk|1
|move|p1a: Heracross|Megahorn|p2a: Gyarados
|-resisted|p2a: Gyarados
|-damage|p2a: Gyarados|79/100
|
|-heal|p2a: Gyarados|85/100|[from] item: Leftovers
|upkeep
|turn|11
|
|t:|1730052250
|switch|p1a: Zapdos|Zapdos|73/100
|switch|p2a: Forretress|Forretress, F|100/100
|
|-heal|p1a: Zapdos|80/100|[from] item: Leftovers
|upkeep
|turn|12
|
|t:|1730052258
|move|p1a: Zapdos|Thunderbolt|p2a: Forretress
|-damage|p2a: Forretress|66/100
|move|p2a: Forretress|Spikes|p1a: Zapdos
|-sidestart|p1: kalarse|Spikes
|
|-heal|p1a: Zapdos|86/100|[from] item: Leftovers
|-heal|p2a: Forretress|72/100|[from] item: Leftovers
|upkeep
|turn|13
|inactive|kalarse has 270 seconds left.
|
|t:|1730052266
|switch|p2a: Blissey|Blissey, F|67/100
|move|p1a: Zapdos|Thunderbolt|p2a: Blissey
|-damage|p2a: Blissey|50/100
|
|-heal|p1a: Zapdos|92/100|[from] item: Leftovers
|-heal|p2a: Blissey|56/100|[from] item: Leftovers
|upkeep
|turn|14
|
|t:|1730052273
|move|p1a: Zapdos|Toxic|p2a: Blissey
|-status|p2a: Blissey|tox
|move|p2a: Blissey|Soft-Boiled|p2a: Blissey
|-heal|p2a: Blissey|100/100 tox
|
|-heal|p1a: Zapdos|98/100|[from] item: Leftovers
|-damage|p2a: Blissey|94/100 tox|[from] psn
|upkeep
|turn|15
|
|t:|1730052286
|switch|p1a: Heracross|Heracross, F|100/100
|-damage|p1a: Heracross|88/100|[from] Spikes
|move|p2a: Blissey|Toxic|p1a: Heracross
|-status|p1a: Heracross|tox
|
|-damage|p1a: Heracross|82/100 tox|[from] psn
|-heal|p2a: Blissey|100/100 tox|[from] item: Leftovers
|-damage|p2a: Blissey|88/100 tox|[from] psn
|upkeep
|turn|16
|
|t:|1730052296
|switch|p1a: Zapdos|Zapdos|98/100
|-curestatus|p2a: Blissey|tox|[from] ability: Natural Cure
|switch|p2a: Gyarados|Gyarados, M|85/100
|-ability|p2a: Gyarados|Intimidate|boost
|-unboost|p1a: Zapdos|atk|1
|
|-heal|p1a: Zapdos|100/100|[from] item: Leftovers
|-heal|p2a: Gyarados|91/100|[from] item: Leftovers
|upkeep
|turn|17
|inactive|kalarse has 270 seconds left.
|
|t:|1730052314
|switch|p2a: Blissey|Blissey, F|88/100
|move|p1a: Zapdos|Toxic|p2a: Blissey
|-status|p2a: Blissey|tox
|
|-heal|p2a: Blissey|94/100 tox|[from] item: Leftovers
|-damage|p2a: Blissey|88/100 tox|[from] psn
|upkeep
|turn|18
|
|t:|1730052322
|switch|p1a: Dugtrio|Dugtrio, F|100/100
|-damage|p1a: Dugtrio|88/100|[from] Spikes
|move|p2a: Blissey|Toxic|p1a: Dugtrio
|-status|p1a: Dugtrio|tox
|
|-damage|p1a: Dugtrio|82/100 tox|[from] psn
|-heal|p2a: Blissey|94/100 tox|[from] item: Leftovers
|-damage|p2a: Blissey|82/100 tox|[from] psn
|upkeep
|turn|19
|
|t:|1730052335
|move|p1a: Dugtrio|Earthquake|p2a: Blissey
|-damage|p2a: Blissey|23/100 tox
|move|p2a: Blissey|Ice Beam|p1a: Dugtrio
|-supereffective|p1a: Dugtrio
|-damage|p1a: Dugtrio|0 fnt
|faint|p1a: Dugtrio
|
|t:|1730052345
|switch|p1a: Heracross|Heracross, F|82/100 tox
|-damage|p1a: Heracross|70/100 tox|[from] Spikes
|
|-damage|p1a: Heracross|64/100 tox|[from] psn
|-heal|p2a: Blissey|29/100 tox|[from] item: Leftovers
|-damage|p2a: Blissey|10/100 tox|[from] psn
|upkeep
|turn|20
|
|t:|1730052358
|-curestatus|p2a: Blissey|tox|[from] ability: Natural Cure
|switch|p2a: Gyarados|Gyarados, M|91/100
|-ability|p2a: Gyarados|Intimidate|boost
|-unboost|p1a: Heracross|atk|1
|move|p1a: Heracross|Megahorn|p2a: Gyarados
|-resisted|p2a: Gyarados
|-damage|p2a: Gyarados|70/100
|
|-damage|p1a: Heracross|52/100 tox|[from] psn
|-heal|p2a: Gyarados|76/100|[from] item: Leftovers
|upkeep
|turn|21
|
|t:|1730052371
|switch|p1a: Zapdos|Zapdos|100/100
|switch|p2a: Blissey|Blissey, F|10/100
|
|-heal|p2a: Blissey|17/100|[from] item: Leftovers
|upkeep
|turn|22
|
|t:|1730052379
|move|p1a: Zapdos|Thunderbolt|p2a: Blissey
|-damage|p2a: Blissey|0 fnt
|faint|p2a: Blissey
|
|t:|1730052387
|switch|p2a: Entei|Entei|100/100
|
|upkeep
|turn|23
|
|t:|1730052393
|move|p2a: Entei|Calm Mind|p2a: Entei
|-boost|p2a: Entei|spa|1
|-boost|p2a: Entei|spd|1
|move|p1a: Zapdos|Rain Dance|p1a: Zapdos
|-weather|RainDance
|
|-weather|RainDance|[upkeep]
|upkeep
|turn|24
|
|t:|1730052398
|move|p2a: Entei|Calm Mind|p2a: Entei
|-boost|p2a: Entei|spa|1
|-boost|p2a: Entei|spd|1
|move|p1a: Zapdos|Toxic|p2a: Entei
|-status|p2a: Entei|tox
|
|-weather|RainDance|[upkeep]
|-damage|p2a: Entei|94/100 tox|[from] psn
|upkeep
|turn|25
|
|t:|1730052407
|switch|p1a: Heracross|Heracross, F|52/100 tox
|-damage|p1a: Heracross|39/100 tox|[from] Spikes
|move|p2a: Entei|Roar|p1a: Heracross
|drag|p1a: Suicune|Suicune|100/100
|-damage|p1a: Suicune|88/100|[from] Spikes
|
|-weather|RainDance|[upkeep]
|-heal|p2a: Entei|100/100 tox|[from] item: Leftovers
|-damage|p2a: Entei|88/100 tox|[from] psn
|-heal|p1a: Suicune|94/100|[from] item: Leftovers
|upkeep
|turn|26
|
|t:|1730052420
|move|p2a: Entei|Roar|p1a: Suicune
|drag|p1a: Heracross|Heracross, F|39/100 tox
|-damage|p1a: Heracross|27/100 tox|[from] Spikes
|
|-weather|RainDance|[upkeep]
|-heal|p2a: Entei|94/100 tox|[from] item: Leftovers
|-damage|p2a: Entei|76/100 tox|[from] psn
|-damage|p1a: Heracross|21/100 tox|[from] psn
|upkeep
|turn|27
|
|t:|1730052433
|move|p2a: Entei|Flamethrower|p1a: Heracross
|-supereffective|p1a: Heracross
|-damage|p1a: Heracross|0 fnt
|faint|p1a: Heracross
|
|t:|1730052438
|switch|p1a: Kingdra|Kingdra, F|100/100
|-damage|p1a: Kingdra|88/100|[from] Spikes
|
|-weather|none
|-heal|p1a: Kingdra|94/100|[from] item: Leftovers
|-heal|p2a: Entei|82/100 tox|[from] item: Leftovers
|-damage|p2a: Entei|57/100 tox|[from] psn
|upkeep
|turn|28
|
|t:|1730052447
|move|p2a: Entei|Hidden Power|p1a: Kingdra
|-damage|p1a: Kingdra|58/100
|move|p1a: Kingdra|Rain Dance|p1a: Kingdra
|-weather|RainDance
|
|-weather|RainDance|[upkeep]
|-heal|p1a: Kingdra|64/100|[from] item: Leftovers
|-heal|p2a: Entei|63/100 tox|[from] item: Leftovers
|-damage|p2a: Entei|32/100 tox|[from] psn
|upkeep
|turn|29
|
|t:|1730052458
|move|p1a: Kingdra|Surf|p2a: Entei
|-supereffective|p2a: Entei
|-damage|p2a: Entei|0 fnt
|faint|p2a: Entei
|
|t:|1730052463
|switch|p2a: Tyranitar|Tyranitar, F|100/100
|-weather|Sandstorm|[from] ability: Sand Stream|[of] p2a: Tyranitar
|
|-weather|Sandstorm|[upkeep]
|-damage|p1a: Kingdra|58/100|[from] Sandstorm
|-heal|p1a: Kingdra|64/100|[from] item: Leftovers
|upkeep
|turn|30
|
|t:|1730052480
|-singleturn|p2a: Tyranitar|move: Focus Punch
|move|p1a: Kingdra|Surf|p2a: Tyranitar
|-supereffective|p2a: Tyranitar
|-damage|p2a: Tyranitar|30/100
|move|p2a: Tyranitar|Focus Punch||[still]
|cant|p2a: Tyranitar|Focus Punch|Focus Punch
|
|-weather|Sandstorm|[upkeep]
|-damage|p1a: Kingdra|58/100|[from] Sandstorm
|-heal|p1a: Kingdra|64/100|[from] item: Leftovers
|-heal|p2a: Tyranitar|37/100|[from] item: Leftovers
|upkeep
|turn|31
|
|t:|1730052492
|switch|p2a: Gyarados|Gyarados, M|76/100
|-ability|p2a: Gyarados|Intimidate|boost
|-unboost|p1a: Kingdra|atk|1
|move|p1a: Kingdra|Surf|p2a: Gyarados
|-resisted|p2a: Gyarados
|-damage|p2a: Gyarados|58/100
|
|-weather|Sandstorm|[upkeep]
|-damage|p2a: Gyarados|51/100|[from] Sandstorm
|-damage|p1a: Kingdra|58/100|[from] Sandstorm
|-heal|p2a: Gyarados|58/100|[from] item: Leftovers
|-heal|p1a: Kingdra|64/100|[from] item: Leftovers
|upkeep
|turn|32
|
|t:|1730052503
|switch|p1a: Zapdos|Zapdos|100/100
|move|p2a: Gyarados|Dragon Dance|p2a: Gyarados
|-boost|p2a: Gyarados|atk|1
|-boost|p2a: Gyarados|spe|1
|
|-weather|Sandstorm|[upkeep]
|-damage|p2a: Gyarados|51/100|[from] Sandstorm
|-damage|p1a: Zapdos|94/100|[from] Sandstorm
|-heal|p2a: Gyarados|58/100|[from] item: Leftovers
|-heal|p1a: Zapdos|100/100|[from] item: Leftovers
|upkeep
|turn|33
|
|t:|1730052513
|switch|p2a: Forretress|Forretress, F|72/100
|move|p1a: Zapdos|Thunderbolt|p2a: Forretress
|-damage|p2a: Forretress|31/100
|
|-weather|Sandstorm|[upkeep]
|-damage|p1a: Zapdos|94/100|[from] Sandstorm
|-heal|p1a: Zapdos|100/100|[from] item: Leftovers
|-heal|p2a: Forretress|37/100|[from] item: Leftovers
|upkeep
|turn|34
|
|t:|1730052524
|move|p1a: Zapdos|Thunderbolt|p2a: Forretress
|-damage|p2a: Forretress|0 fnt
|faint|p2a: Forretress
|
|t:|1730052527
|switch|p2a: Tyranitar|Tyranitar, F|37/100
|
|-weather|Sandstorm|[upkeep]
|-damage|p1a: Zapdos|94/100|[from] Sandstorm
|-heal|p1a: Zapdos|100/100|[from] item: Leftovers
|-heal|p2a: Tyranitar|43/100|[from] item: Leftovers
|upkeep
|turn|35
|
|t:|1730052534
|move|p1a: Zapdos|Rain Dance|p1a: Zapdos
|-weather|RainDance
|move|p2a: Tyranitar|Pursuit|p1a: Zapdos
|-damage|p1a: Zapdos|87/100
|
|-weather|RainDance|[upkeep]
|-heal|p1a: Zapdos|93/100|[from] item: Leftovers
|-heal|p2a: Tyranitar|49/100|[from] item: Leftovers
|upkeep
|turn|36
|
|t:|1730052543
|move|p1a: Zapdos|Thunderbolt|p2a: Tyranitar
|-damage|p2a: Tyranitar|14/100
|move|p2a: Tyranitar|Roar|p1a: Zapdos
|drag|p1a: Suicune|Suicune|94/100
|-damage|p1a: Suicune|82/100|[from] Spikes
|
|-weather|RainDance|[upkeep]
|-heal|p1a: Suicune|88/100|[from] item: Leftovers
|-heal|p2a: Tyranitar|21/100|[from] item: Leftovers
|upkeep
|turn|37
|
|t:|1730052553
|move|p1a: Suicune|Surf|p2a: Tyranitar
|-supereffective|p2a: Tyranitar
|-damage|p2a: Tyranitar|0 fnt
|faint|p2a: Tyranitar
|
|t:|1730052556
|switch|p2a: Gyarados|Gyarados, M|58/100
|-ability|p2a: Gyarados|Intimidate|boost
|-unboost|p1a: Suicune|atk|1
|
|-weather|RainDance|[upkeep]
|-heal|p2a: Gyarados|64/100|[from] item: Leftovers
|-heal|p1a: Suicune|94/100|[from] item: Leftovers
|upkeep
|turn|38
|
|t:|1730052565
|switch|p1a: Zapdos|Zapdos|93/100
|move|p2a: Gyarados|Dragon Dance|p2a: Gyarados
|-boost|p2a: Gyarados|atk|1
|-boost|p2a: Gyarados|spe|1
|
|-weather|RainDance|[upkeep]
|-heal|p2a: Gyarados|70/100|[from] item: Leftovers
|-heal|p1a: Zapdos|99/100|[from] item: Leftovers
|upkeep
|turn|39
|
|t:|1730052574
|move|p2a: Gyarados|Hidden Power|p1a: Zapdos
|-resisted|p1a: Zapdos
|-crit|p1a: Zapdos
|-damage|p1a: Zapdos|43/100
|move|p1a: Zapdos|Thunderbolt|p2a: Gyarados
|-supereffective|p2a: Gyarados
|-damage|p2a: Gyarados|0 fnt
|faint|p2a: Gyarados
|
|win|kalarse
|c|☆TreinerOrenge|gg
|c|☆kalarse|gg

</script>
<script type="application/json" class="data" id="replaydata-smogtours-gen3ou-802557">
{"id":"smogtours-gen3ou-802557","format":"[Gen 3] OU","players":["kalarse","TreinerOrenge"],"uploadtime":1730052574,"views":119,"formatid":"gen3ou","rating":null,"private":0,"password":null}
</script>

<script defer src="js/replays.js?9d40a366"></script>
