<!DOCTYPE html>
<meta charset="utf-8" />
<meta name="viewport" content="width=device-width" />

<title>[Gen 3] OU: verbatim vs. Mister Tim - Replays - Pok&eacute;mon Showdown!</title>

<meta name="description" content="Watch a replay of a Pok&eacute;mon battle between verbatim and Mister Tim! Format: [Gen 3] OU; Date: Oct 21, 2024" />
<!--

Hey, you! Looking in the source for the replay log?

You can find them in JSON format, just add `.json` at the end of a replay URL.

https://replay.pokemonshowdown.com/gen7randomdoublesbattle-865046831.json

Or, if you only need the log itself, add `.log` instead:

https://replay.pokemonshowdown.com/gen7randomdoublesbattle-865046831.log

-->

<link rel="stylesheet" href="//pokemonshowdown.com/style/global.css?0.767286132409787" />
<link rel="stylesheet" href="//play.pokemonshowdown.com/style/font-awesome.css?0.9266228007934947" />
<link rel="stylesheet" href="//play.pokemonshowdown.com/style/battle.css?0.7924700842790926" />
<link rel="stylesheet" href="//play.pokemonshowdown.com/style/utilichart.css?0.8777417872839479" />

<!-- Global site tag (gtag.js) - Google Analytics -->
<script async src="https://www.googletagmanager.com/gtag/js?id=UA-26211653-1"></script>
<script>
  window.dataLayer = window.dataLayer || [];
  function gtag(){dataLayer.push(arguments);}
  gtag('js', new Date());

  gtag('config', 'UA-26211653-1');
</script>
<!-- End Google Analytics -->
<!-- Venatus Ad Manager - Install in <HEAD> of page -->
	<script src="https://hb.vntsm.com/v3/live/ad-manager.min.js" type="text/javascript" data-site-id="642aba63ec9a7b11c3c9c1be" data-mode="scan" async></script>
<!-- / Venatus Ad Manager -->

<style>
	@media (max-width:820px) {
		.battle {
			margin: 0 auto;
		}
		.battle-log {
			margin: 7px auto 0;
			max-width: 640px;
			height: 300px;
			position: static;
		}
	}
	.optgroup {
		display: inline-block;
		line-height: 22px;
		font-size: 10pt;
	}
	.optgroup .button {
		height: 25px;
		padding-top: 0;
		padding-bottom: 0;
	}
	.optgroup button.button {
		padding-left: 12px;
		padding-right: 12px;
	}
	.linklist {
		list-style: none;
		margin: 0.5em 0;
		padding: 0;
	}
	.linklist li {
		padding: 2px 0;
	}
	.sidebar {
		float: left;
		width: 320px;
	}
	.bar-wrapper {
		max-width: 1100px;
		margin: 0 auto;
	}
	.bar-wrapper.has-sidebar {
		max-width: 1430px;
	}
	.mainbar {
		margin: 0;
		padding-right: 1px;
	}
	.mainbar.has-sidebar {
		margin-left: 330px;
	}
	@media (min-width: 1511px) {
		.sidebar {
			width: 400px;
		}
		.bar-wrapper.has-sidebar {
			max-width: 1510px;
		}
		.mainbar.has-sidebar {
			margin-left: 410px;
		}
	}
	.section.first-section {
		margin-top: 9px;
	}
	.blocklink small {
		white-space: normal;
	}
	.button {
		vertical-align: middle;
	}
	.replay-controls {
		padding-top: 10px;
	}
	.replay-controls h1 {
		font-size: 16pt;
		font-weight: normal;
		color: #CCC;
	}
	.pagelink {
		text-align: center;
	}
	.pagelink a {
		width: 150px;
	}
	.textbox, .button {
		font-size: 11pt;
		vertical-align: middle;
	}
	@media (max-width: 450px) {
		.button {
			font-size: 9pt;
		}
	}
</style>

<div>

	<header>
		<div class="nav-wrapper"><ul class="nav">
			<li><a class="button nav-first" href="//pokemonshowdown.com/"><img src="//pokemonshowdown.com/images/pokemonshowdownbeta.png" srcset="//pokemonshowdown.com/images/pokemonshowdownbeta.png 1x, //pokemonshowdown.com/images/pokemonshowdownbeta@2x.png 2x" alt="Pok&eacute;mon Showdown" width="146" height="44" /> Home</a></li>
			<li><a class="button" href="//pokemonshowdown.com/dex/">Pok&eacute;dex</a></li>
			<li><a class="button cur" href="/">Replays</a></li>
			<li><a class="button" href="//pokemonshowdown.com/ladder/">Ladder</a></li>
			<li><a class="button nav-last" href="//pokemonshowdown.com/forums/">Forum</a></li>
			<li><a class="button greenbutton nav-first nav-last" href="//play.pokemonshowdown.com/">Play</a></li>
		</ul></div>
	</header>

	<div class="main" id="main">

		<noscript><section class="section">You need to enable JavaScript to use this page; sorry!</section></noscript>

	</div>

</div>

<script defer nomodule src="//play.pokemonshowdown.com/js/lib/ps-polyfill.js"></script>
<script defer src="//play.pokemonshowdown.com/js/lib/preact.min.js"></script>

<script defer src="//play.pokemonshowdown.com/config/config.js?6dec07f6"></script>
<script defer src="//play.pokemonshowdown.com/js/lib/jquery-1.11.0.min.js"></script>
<script defer src="//play.pokemonshowdown.com/js/lib/html-sanitizer-minified.js"></script>
<script defer src="//play.pokemonshowdown.com/js/battle-sound.js"></script>
<script defer src="//play.pokemonshowdown.com/js/battledata.js?0.6315294753075389"></script>
<script defer src="//play.pokemonshowdown.com/data/pokedex-mini.js?0.7603743185311358"></script>
<script defer src="//play.pokemonshowdown.com/data/pokedex-mini-bw.js?0.030888842834281283"></script>
<script defer src="//play.pokemonshowdown.com/data/graphics.js?0.05593094747507488"></script>
<script defer src="//play.pokemonshowdown.com/data/pokedex.js?0.47064822249611904"></script>
<script defer src="//play.pokemonshowdown.com/data/moves.js?0.8583693120512459"></script>
<script defer src="//play.pokemonshowdown.com/data/abilities.js?0.16017181182386842"></script>
<script defer src="//play.pokemonshowdown.com/data/items.js?0.4163379185673943"></script>
<script defer src="//play.pokemonshowdown.com/data/teambuilder-tables.js?0.31075597372830477"></script>
<script defer src="//play.pokemonshowdown.com/js/battle-tooltips.js?0.6536193500708172"></script>
<script defer src="//play.pokemonshowdown.com/js/battle.js?0.1916591943277901"></script>

<script defer src="js/utils.js?e31f9a17"></script>
<script defer src="js/replays-battle.js?7008c182"></script>

<!-- don't scrape this data! just add .json or .log after the URL!
Full API docs: https://github.com/smogon/pokemon-showdown-client/blob/master/WEB-API.md -->
<script type="text/plain" class="log" id="replaylog-smogtours-gen3ou-801067">
|inactive|Battle timer is ON: inactive players will automatically lose when time's up.
|t:|1729535562
|gametype|singles
|player|p1|verbatim|#psstaffm|
|player|p2|Mister Tim|266|
|teamsize|p1|6
|teamsize|p2|6
|gen|3
|tier|[Gen 3] OU
|rule|Sleep Clause Mod: Limit one foe put to sleep
|rule|Switch Priority Clause Mod: Faster Pokémon switch first
|rule|Species Clause: Limit one of each Pokémon
|rule|OHKO Clause: OHKO moves are banned
|rule|Evasion Items Clause: Evasion items are banned
|rule|Evasion Moves Clause: Evasion moves are banned
|rule|Endless Battle Clause: Forcing endless battles is banned
|rule|HP Percentage Mod: HP is shown in percentages
|rule|One Boost Passer Clause: Limit one Baton Passer that has a way to boost its stats
|rule|Freeze Clause Mod: Limit one foe frozen
|
|t:|1729535562
|start
|switch|p1a: Discord|Zapdos|100/100
|switch|p2a: Salamence|Salamence, M|100/100
|-ability|p2a: Salamence|Intimidate|boost
|-unboost|p1a: Discord|atk|1
|turn|1
|
|t:|1729535579
|switch|p2a: Celebi|Celebi|100/100
|move|p1a: Discord|Hidden Power|p2a: Celebi
|-supereffective|p2a: Celebi
|-damage|p2a: Celebi|57/100
|
|-heal|p2a: Celebi|63/100|[from] item: Leftovers
|upkeep
|turn|2
|
|t:|1729535604
|move|p1a: Discord|Substitute|p1a: Discord
|-start|p1a: Discord|Substitute
|-damage|p1a: Discord|76/100
|move|p2a: Celebi|Psychic|p1a: Discord
|-end|p1a: Discord|Substitute
|
|-heal|p1a: Discord|82/100|[from] item: Leftovers
|-heal|p2a: Celebi|70/100|[from] item: Leftovers
|upkeep
|turn|3
|
|t:|1729535615
|move|p1a: Discord|Baton Pass|p1a: Discord
|
|t:|1729535625
|switch|p1a: Ruins Immemorial|Jirachi|100/100|[from] Baton Pass
|move|p2a: Celebi|Psychic|p1a: Ruins Immemorial
|-resisted|p1a: Ruins Immemorial
|-damage|p1a: Ruins Immemorial|92/100
|-unboost|p1a: Ruins Immemorial|spd|1
|
|-heal|p1a: Ruins Immemorial|98/100|[from] item: Leftovers
|-heal|p2a: Celebi|76/100|[from] item: Leftovers
|upkeep
|turn|4
|
|t:|1729535631
|move|p1a: Ruins Immemorial|Calm Mind|p1a: Ruins Immemorial
|-boost|p1a: Ruins Immemorial|spa|1
|-boost|p1a: Ruins Immemorial|spd|1
|move|p2a: Celebi|Hidden Power|p1a: Ruins Immemorial
|-supereffective|p1a: Ruins Immemorial
|-damage|p1a: Ruins Immemorial|61/100
|
|-heal|p1a: Ruins Immemorial|67/100|[from] item: Leftovers
|-heal|p2a: Celebi|82/100|[from] item: Leftovers
|upkeep
|turn|5
|
|t:|1729535635
|move|p1a: Ruins Immemorial|Ice Punch|p2a: Celebi
|-supereffective|p2a: Celebi
|-damage|p2a: Celebi|32/100
|move|p2a: Celebi|Leech Seed|p1a: Ruins Immemorial
|-start|p1a: Ruins Immemorial|move: Leech Seed
|
|-heal|p1a: Ruins Immemorial|74/100|[from] item: Leftovers
|-damage|p1a: Ruins Immemorial|61/100|[from] Leech Seed|[of] p2a: Celebi
|-heal|p2a: Celebi|45/100|[silent]
|-heal|p2a: Celebi|51/100|[from] item: Leftovers
|upkeep
|turn|6
|
|t:|1729535646
|switch|p2a: Tyranitar|Tyranitar, M|100/100
|-weather|Sandstorm|[from] ability: Sand Stream|[of] p2a: Tyranitar
|move|p1a: Ruins Immemorial|Ice Punch|p2a: Tyranitar
|-damage|p2a: Tyranitar|75/100
|
|-weather|Sandstorm|[upkeep]
|-heal|p1a: Ruins Immemorial|67/100|[from] item: Leftovers
|-damage|p1a: Ruins Immemorial|55/100|[from] Leech Seed|[of] p2a: Tyranitar
|-heal|p2a: Tyranitar|87/100|[silent]
|-heal|p2a: Tyranitar|93/100|[from] item: Leftovers
|upkeep
|turn|7
|
|t:|1729535654
|switch|p1a: ඞ Stately Peaks|Dugtrio, F|100/100
|move|p2a: Tyranitar|Earthquake|p1a: ඞ Stately Peaks
|-damage|p1a: ඞ Stately Peaks|0 fnt
|faint|p1a: ඞ Stately Peaks
|
|t:|1729535660
|switch|p1a: Full Steam Ahead|Regirock|100/100
|
|-weather|Sandstorm|[upkeep]
|-heal|p2a: Tyranitar|99/100|[from] item: Leftovers
|upkeep
|turn|8
|
|t:|1729535667
|switch|p2a: Skarmory|Skarmory, M|100/100
|move|p1a: Full Steam Ahead|Hidden Power|p2a: Skarmory
|-damage|p2a: Skarmory|76/100
|
|-weather|Sandstorm|[upkeep]
|-heal|p2a: Skarmory|82/100|[from] item: Leftovers
|upkeep
|turn|9
|
|t:|1729535673
|switch|p1a: Ruins Immemorial|Jirachi|55/100
|move|p2a: Skarmory|Toxic|p1a: Ruins Immemorial|[miss]
|-miss|p2a: Skarmory|p1a: Ruins Immemorial
|
|-weather|Sandstorm|[upkeep]
|-heal|p1a: Ruins Immemorial|61/100|[from] item: Leftovers
|-heal|p2a: Skarmory|88/100|[from] item: Leftovers
|upkeep
|turn|10
|
|t:|1729535680
|switch|p2a: Tyranitar|Tyranitar, M|99/100
|move|p1a: Ruins Immemorial|Thunder|p2a: Tyranitar|[miss]
|-miss|p1a: Ruins Immemorial|p2a: Tyranitar
|
|-weather|Sandstorm|[upkeep]
|-heal|p1a: Ruins Immemorial|67/100|[from] item: Leftovers
|-heal|p2a: Tyranitar|100/100|[from] item: Leftovers
|upkeep
|turn|11
|
|t:|1729535685
|switch|p1a: Scheming|Ludicolo, M|100/100
|move|p2a: Tyranitar|Earthquake|p1a: Scheming
|-resisted|p1a: Scheming
|-damage|p1a: Scheming|74/100
|
|-weather|Sandstorm|[upkeep]
|-damage|p1a: Scheming|68/100|[from] Sandstorm
|-heal|p1a: Scheming|74/100|[from] item: Leftovers
|upkeep
|turn|12
|
|t:|1729535694
|switch|p2a: Celebi|Celebi|51/100
|move|p1a: Scheming|Rain Dance|p1a: Scheming
|-weather|RainDance
|
|-weather|RainDance|[upkeep]
|-heal|p1a: Scheming|81/100|[from] item: Leftovers
|-heal|p2a: Celebi|58/100|[from] item: Leftovers
|upkeep
|turn|13
|
|t:|1729535701
|move|p1a: Scheming|Ice Beam|p2a: Celebi
|-supereffective|p2a: Celebi
|-damage|p2a: Celebi|10/100
|move|p2a: Celebi|Psychic|p1a: Scheming
|-damage|p1a: Scheming|41/100
|-unboost|p1a: Scheming|spd|1
|
|-weather|RainDance|[upkeep]
|-heal|p1a: Scheming|47/100|[from] item: Leftovers
|-heal|p2a: Celebi|16/100|[from] item: Leftovers
|upkeep
|turn|14
|
|t:|1729535707
|move|p1a: Scheming|Surf|p2a: Celebi
|-resisted|p2a: Celebi
|-damage|p2a: Celebi|0 fnt
|faint|p2a: Celebi
|
|t:|1729535709
|switch|p2a: Tyranitar|Tyranitar, M|100/100
|-weather|Sandstorm|[from] ability: Sand Stream|[of] p2a: Tyranitar
|
|-weather|Sandstorm|[upkeep]
|-damage|p1a: Scheming|41/100|[from] Sandstorm
|-heal|p1a: Scheming|47/100|[from] item: Leftovers
|upkeep
|turn|15
|
|t:|1729535716
|move|p1a: Scheming|Rain Dance|p1a: Scheming
|-weather|RainDance
|move|p2a: Tyranitar|Hidden Power|p1a: Scheming
|-supereffective|p1a: Scheming
|-crit|p1a: Scheming
|-damage|p1a: Scheming|0 fnt
|faint|p1a: Scheming
|
|t:|1729535719
|switch|p1a: Sea Breeze|Gorebyss, M|100/100
|
|-weather|RainDance|[upkeep]
|upkeep
|turn|16
|
|t:|1729535725
|switch|p2a: Skarmory|Skarmory, M|88/100
|move|p1a: Sea Breeze|Surf|p2a: Skarmory
|-damage|p2a: Skarmory|17/100
|
|-weather|RainDance|[upkeep]
|-heal|p2a: Skarmory|23/100|[from] item: Leftovers
|upkeep
|turn|17
|
|t:|1729535728
|move|p1a: Sea Breeze|Surf|p2a: Skarmory
|-damage|p2a: Skarmory|0 fnt
|faint|p2a: Skarmory
|
|t:|1729535730
|switch|p2a: Tyranitar|Tyranitar, M|100/100
|-weather|Sandstorm|[from] ability: Sand Stream|[of] p2a: Tyranitar
|
|-weather|Sandstorm|[upkeep]
|-damage|p1a: Sea Breeze|95/100|[from] Sandstorm
|upkeep
|turn|18
|
|t:|1729535745
|move|p1a: Sea Breeze|Surf|p2a: Tyranitar
|-supereffective|p2a: Tyranitar
|-damage|p2a: Tyranitar|10/100
|move|p2a: Tyranitar|Rock Slide|p1a: Sea Breeze|[miss]
|-miss|p2a: Tyranitar|p1a: Sea Breeze
|
|-weather|Sandstorm|[upkeep]
|-damage|p1a: Sea Breeze|89/100|[from] Sandstorm
|-heal|p2a: Tyranitar|17/100|[from] item: Leftovers
|upkeep
|turn|19
|
|t:|1729535755
|move|p1a: Sea Breeze|Surf|p2a: Tyranitar
|-supereffective|p2a: Tyranitar
|-damage|p2a: Tyranitar|0 fnt
|faint|p2a: Tyranitar
|
|t:|1729535772
|switch|p2a: Swampert|Swampert, F|100/100
|
|-weather|Sandstorm|[upkeep]
|-damage|p1a: Sea Breeze|83/100|[from] Sandstorm
|upkeep
|turn|20
|
|t:|1729535778
|move|p1a: Sea Breeze|Rain Dance|p1a: Sea Breeze
|-weather|RainDance
|move|p2a: Swampert|Earthquake|p1a: Sea Breeze
|-damage|p1a: Sea Breeze|27/100
|
|-weather|RainDance|[upkeep]
|upkeep
|turn|21
|
|t:|1729535784
|move|p1a: Sea Breeze|Surf|p2a: Swampert
|-damage|p2a: Swampert|28/100
|move|p2a: Swampert|Earthquake|p1a: Sea Breeze
|-damage|p1a: Sea Breeze|0 fnt
|faint|p1a: Sea Breeze
|
|t:|1729535787
|switch|p1a: Ruins Immemorial|Jirachi|67/100
|
|-weather|RainDance|[upkeep]
|-heal|p1a: Ruins Immemorial|74/100|[from] item: Leftovers
|-heal|p2a: Swampert|34/100|[from] item: Leftovers
|upkeep
|turn|22
|
|t:|1729535794
|move|p1a: Ruins Immemorial|Hidden Power|p2a: Swampert
|-supereffective|p2a: Swampert
|-damage|p2a: Swampert|0 fnt
|faint|p2a: Swampert
|
|t:|1729535801
|switch|p2a: Salamence|Salamence, M|100/100
|-ability|p2a: Salamence|Intimidate|boost
|-unboost|p1a: Ruins Immemorial|atk|1
|
|-weather|RainDance|[upkeep]
|-heal|p1a: Ruins Immemorial|80/100|[from] item: Leftovers
|upkeep
|turn|23
|
|t:|1729535811
|move|p2a: Salamence|Hydro Pump|p1a: Ruins Immemorial
|-damage|p1a: Ruins Immemorial|31/100
|move|p1a: Ruins Immemorial|Ice Punch|p2a: Salamence
|-supereffective|p2a: Salamence
|-damage|p2a: Salamence|0 fnt
|faint|p2a: Salamence
|
|t:|1729535814
|switch|p2a: Aerodactyl|Aerodactyl, M|100/100
|
|-weather|RainDance|[upkeep]
|-heal|p1a: Ruins Immemorial|37/100|[from] item: Leftovers
|upkeep
|turn|24
|
|t:|1729535817
|move|p2a: Aerodactyl|Rock Slide|p1a: Ruins Immemorial
|-resisted|p1a: Ruins Immemorial
|-crit|p1a: Ruins Immemorial
|-damage|p1a: Ruins Immemorial|0 fnt
|faint|p1a: Ruins Immemorial
|
|t:|1729535820
|switch|p1a: Full Steam Ahead|Regirock|100/100
|
|-weather|none
|upkeep
|turn|25
|
|t:|1729535827
|move|p2a: Aerodactyl|Rock Slide|p1a: Full Steam Ahead
|-damage|p1a: Full Steam Ahead|72/100
|move|p1a: Full Steam Ahead|Hidden Power|p2a: Aerodactyl
|-supereffective|p2a: Aerodactyl
|-damage|p2a: Aerodactyl|0 fnt
|faint|p2a: Aerodactyl
|
|win|verbatim
|c|☆verbatim|gg
|c|☆Mister Tim|gg
|player|p1|

</script>
<script type="application/json" class="data" id="replaydata-smogtours-gen3ou-801067">
{"id":"smogtours-gen3ou-801067","format":"[Gen 3] OU","players":["verbatim","Mister Tim"],"uploadtime":1729535827,"views":105,"formatid":"gen3ou","rating":null,"private":0,"password":null}
</script>

<script defer src="js/replays.js?9d40a366"></script>
