<!DOCTYPE html>
<meta charset="utf-8" />
<meta name="viewport" content="width=device-width" />

<title>[Gen 3] OU: wavyish vs. McNULL - Replays - Pok&eacute;mon Showdown!</title>

<meta name="description" content="Watch a replay of a Pok&eacute;mon battle between wavyish and McNULL! Format: [Gen 3] OU; Date: Oct 2, 2024" />
<!--

Hey, you! Looking in the source for the replay log?

You can find them in JSON format, just add `.json` at the end of a replay URL.

https://replay.pokemonshowdown.com/gen7randomdoublesbattle-865046831.json

Or, if you only need the log itself, add `.log` instead:

https://replay.pokemonshowdown.com/gen7randomdoublesbattle-865046831.log

-->

<link rel="stylesheet" href="//pokemonshowdown.com/style/global.css?0.767286132409787" />
<link rel="stylesheet" href="//play.pokemonshowdown.com/style/font-awesome.css?0.9266228007934947" />
<link rel="stylesheet" href="//play.pokemonshowdown.com/style/battle.css?0.7924700842790926" />
<link rel="stylesheet" href="//play.pokemonshowdown.com/style/utilichart.css?0.8777417872839479" />

<!-- Global site tag (gtag.js) - Google Analytics -->
<script async src="https://www.googletagmanager.com/gtag/js?id=UA-26211653-1"></script>
<script>
  window.dataLayer = window.dataLayer || [];
  function gtag(){dataLayer.push(arguments);}
  gtag('js', new Date());

  gtag('config', 'UA-26211653-1');
</script>
<!-- End Google Analytics -->
<!-- Venatus Ad Manager - Install in <HEAD> of page -->
	<script src="https://hb.vntsm.com/v3/live/ad-manager.min.js" type="text/javascript" data-site-id="642aba63ec9a7b11c3c9c1be" data-mode="scan" async></script>
<!-- / Venatus Ad Manager -->

<style>
	@media (max-width:820px) {
		.battle {
			margin: 0 auto;
		}
		.battle-log {
			margin: 7px auto 0;
			max-width: 640px;
			height: 300px;
			position: static;
		}
	}
	.optgroup {
		display: inline-block;
		line-height: 22px;
		font-size: 10pt;
	}
	.optgroup .button {
		height: 25px;
		padding-top: 0;
		padding-bottom: 0;
	}
	.optgroup button.button {
		padding-left: 12px;
		padding-right: 12px;
	}
	.linklist {
		list-style: none;
		margin: 0.5em 0;
		padding: 0;
	}
	.linklist li {
		padding: 2px 0;
	}
	.sidebar {
		float: left;
		width: 320px;
	}
	.bar-wrapper {
		max-width: 1100px;
		margin: 0 auto;
	}
	.bar-wrapper.has-sidebar {
		max-width: 1430px;
	}
	.mainbar {
		margin: 0;
		padding-right: 1px;
	}
	.mainbar.has-sidebar {
		margin-left: 330px;
	}
	@media (min-width: 1511px) {
		.sidebar {
			width: 400px;
		}
		.bar-wrapper.has-sidebar {
			max-width: 1510px;
		}
		.mainbar.has-sidebar {
			margin-left: 410px;
		}
	}
	.section.first-section {
		margin-top: 9px;
	}
	.blocklink small {
		white-space: normal;
	}
	.button {
		vertical-align: middle;
	}
	.replay-controls {
		padding-top: 10px;
	}
	.replay-controls h1 {
		font-size: 16pt;
		font-weight: normal;
		color: #CCC;
	}
	.pagelink {
		text-align: center;
	}
	.pagelink a {
		width: 150px;
	}
	.textbox, .button {
		font-size: 11pt;
		vertical-align: middle;
	}
	@media (max-width: 450px) {
		.button {
			font-size: 9pt;
		}
	}
</style>

<div>

	<header>
		<div class="nav-wrapper"><ul class="nav">
			<li><a class="button nav-first" href="//pokemonshowdown.com/"><img src="//pokemonshowdown.com/images/pokemonshowdownbeta.png" srcset="//pokemonshowdown.com/images/pokemonshowdownbeta.png 1x, //pokemonshowdown.com/images/pokemonshowdownbeta@2x.png 2x" alt="Pok&eacute;mon Showdown" width="146" height="44" /> Home</a></li>
			<li><a class="button" href="//pokemonshowdown.com/dex/">Pok&eacute;dex</a></li>
			<li><a class="button cur" href="/">Replays</a></li>
			<li><a class="button" href="//pokemonshowdown.com/ladder/">Ladder</a></li>
			<li><a class="button nav-last" href="//pokemonshowdown.com/forums/">Forum</a></li>
			<li><a class="button greenbutton nav-first nav-last" href="//play.pokemonshowdown.com/">Play</a></li>
		</ul></div>
	</header>

	<div class="main" id="main">

		<noscript><section class="section">You need to enable JavaScript to use this page; sorry!</section></noscript>

	</div>

</div>

<script defer nomodule src="//play.pokemonshowdown.com/js/lib/ps-polyfill.js"></script>
<script defer src="//play.pokemonshowdown.com/js/lib/preact.min.js"></script>

<script defer src="//play.pokemonshowdown.com/config/config.js?6dec07f6"></script>
<script defer src="//play.pokemonshowdown.com/js/lib/jquery-1.11.0.min.js"></script>
<script defer src="//play.pokemonshowdown.com/js/lib/html-sanitizer-minified.js"></script>
<script defer src="//play.pokemonshowdown.com/js/battle-sound.js"></script>
<script defer src="//play.pokemonshowdown.com/js/battledata.js?0.6315294753075389"></script>
<script defer src="//play.pokemonshowdown.com/data/pokedex-mini.js?0.7603743185311358"></script>
<script defer src="//play.pokemonshowdown.com/data/pokedex-mini-bw.js?0.030888842834281283"></script>
<script defer src="//play.pokemonshowdown.com/data/graphics.js?0.05593094747507488"></script>
<script defer src="//play.pokemonshowdown.com/data/pokedex.js?0.47064822249611904"></script>
<script defer src="//play.pokemonshowdown.com/data/moves.js?0.8583693120512459"></script>
<script defer src="//play.pokemonshowdown.com/data/abilities.js?0.16017181182386842"></script>
<script defer src="//play.pokemonshowdown.com/data/items.js?0.4163379185673943"></script>
<script defer src="//play.pokemonshowdown.com/data/teambuilder-tables.js?0.31075597372830477"></script>
<script defer src="//play.pokemonshowdown.com/js/battle-tooltips.js?0.6536193500708172"></script>
<script defer src="//play.pokemonshowdown.com/js/battle.js?0.1916591943277901"></script>

<script defer src="js/utils.js?e31f9a17"></script>
<script defer src="js/replays-battle.js?7008c182"></script>

<!-- don't scrape this data! just add .json or .log after the URL!
Full API docs: https://github.com/smogon/pokemon-showdown-client/blob/master/WEB-API.md -->
<script type="text/plain" class="log" id="replaylog-smogtours-gen3ou-793961">
|inactive|Battle timer is ON: inactive players will automatically lose when time's up.
|t:|1727884995
|gametype|singles
|player|p1|wavyish|akari|
|player|p2|McNULL|1|
|teamsize|p1|6
|teamsize|p2|6
|gen|3
|tier|[Gen 3] OU
|rule|Sleep Clause Mod: Limit one foe put to sleep
|rule|Switch Priority Clause Mod: Faster Pokémon switch first
|rule|Species Clause: Limit one of each Pokémon
|rule|OHKO Clause: OHKO moves are banned
|rule|Evasion Items Clause: Evasion items are banned
|rule|Evasion Moves Clause: Evasion moves are banned
|rule|Endless Battle Clause: Forcing endless battles is banned
|rule|HP Percentage Mod: HP is shown in percentages
|rule|One Boost Passer Clause: Limit one Baton Passer that has a way to boost its stats
|rule|Freeze Clause Mod: Limit one foe frozen
|
|t:|1727884995
|start
|switch|p1a: wasian|Breloom, F|100/100
|switch|p2a: Skarmory|Skarmory, M|100/100
|turn|1
|
|t:|1727885003
|move|p1a: wasian|Spore|p2a: Skarmory
|-status|p2a: Skarmory|slp|[from] move: Spore
|cant|p2a: Skarmory|slp
|
|upkeep
|turn|2
|
|t:|1727885008
|-singleturn|p1a: wasian|move: Focus Punch
|switch|p2a: Gengar|Gengar, M|100/100
|move|p1a: wasian|Focus Punch|p2a: Gengar
|-immune|p2a: Gengar
|
|upkeep
|turn|3
|
|t:|1727885015
|switch|p1a: back goin brazy|Metagross|100/100
|move|p2a: Gengar|Will-O-Wisp|p1a: back goin brazy
|-status|p1a: back goin brazy|brn
|
|-damage|p1a: back goin brazy|88/100 brn|[from] brn
|upkeep
|turn|4
|
|t:|1727885030
|switch|p2a: Skarmory|Skarmory, M|100/100 slp
|move|p1a: back goin brazy|Psychic|p2a: Skarmory
|-resisted|p2a: Skarmory
|-damage|p2a: Skarmory|74/100 slp
|
|-heal|p1a: back goin brazy|94/100 brn|[from] item: Leftovers
|-damage|p1a: back goin brazy|82/100 brn|[from] brn
|-heal|p2a: Skarmory|80/100 slp|[from] item: Leftovers
|upkeep
|turn|5
|
|t:|1727885037
|switch|p1a: persimmon|Charizard, M|100/100
|cant|p2a: Skarmory|slp
|
|-heal|p2a: Skarmory|86/100 slp|[from] item: Leftovers
|upkeep
|turn|6
|
|t:|1727885048
|switch|p2a: Milotic|Milotic, M|100/100
|move|p1a: persimmon|Toxic|p2a: Milotic
|-status|p2a: Milotic|tox
|
|-damage|p2a: Milotic|94/100 tox|[from] psn
|upkeep
|turn|7
|
|t:|1727885062
|switch|p1a: yea dat|Snorlax, F|100/100
|move|p2a: Milotic|Surf|p1a: yea dat
|-damage|p1a: yea dat|81/100
|
|-heal|p2a: Milotic|100/100 tox|[from] item: Leftovers
|-damage|p2a: Milotic|88/100 tox|[from] psn
|-heal|p1a: yea dat|87/100|[from] item: Leftovers
|upkeep
|turn|8
|
|t:|1727885081
|switch|p2a: Miltank|Miltank, F|100/100
|switch|p1a: persimmon|Charizard, M|100/100
|
|upkeep
|turn|9
|
|t:|1727885100
|move|p1a: persimmon|Toxic|p2a: Miltank
|-status|p2a: Miltank|tox
|move|p2a: Miltank|Thunder Wave|p1a: persimmon
|-status|p1a: persimmon|par
|
|-damage|p2a: Miltank|94/100 tox|[from] psn
|upkeep
|turn|10
|
|t:|1727885111
|switch|p1a: yea dat|Snorlax, F|87/100
|move|p2a: Miltank|Body Slam|p1a: yea dat
|-damage|p1a: yea dat|63/100
|
|-heal|p2a: Miltank|100/100 tox|[from] item: Leftovers
|-damage|p2a: Miltank|88/100 tox|[from] psn
|-heal|p1a: yea dat|69/100|[from] item: Leftovers
|upkeep
|turn|11
|
|t:|1727885120
|move|p2a: Miltank|Thunder Wave|p1a: yea dat
|-status|p1a: yea dat|par
|move|p1a: yea dat|Body Slam|p2a: Miltank
|-damage|p2a: Miltank|62/100 tox
|
|-heal|p2a: Miltank|68/100 tox|[from] item: Leftovers
|-damage|p2a: Miltank|50/100 tox|[from] psn
|-heal|p1a: yea dat|75/100 par|[from] item: Leftovers
|upkeep
|turn|12
|
|t:|1727885132
|switch|p2a: Gengar|Gengar, M|100/100
|move|p1a: yea dat|Body Slam|p2a: Gengar
|-immune|p2a: Gengar
|
|-heal|p1a: yea dat|81/100 par|[from] item: Leftovers
|upkeep
|turn|13
|
|t:|1727885136
|move|p2a: Gengar|Explosion|p1a: yea dat
|-damage|p1a: yea dat|1/100 par
|faint|p2a: Gengar
|
|t:|1727885147
|switch|p2a: Charizard|Charizard, M|100/100
|
|-heal|p1a: yea dat|7/100 par|[from] item: Leftovers
|upkeep
|turn|14
|
|t:|1727885153
|move|p2a: Charizard|Flamethrower|p1a: yea dat
|-crit|p1a: yea dat
|-damage|p1a: yea dat|0 fnt
|faint|p1a: yea dat
|
|t:|1727885177
|switch|p1a: heavy on my heart|Swampert, F|100/100
|
|upkeep
|turn|15
|
|t:|1727885180
|move|p2a: Charizard|Hidden Power|p1a: heavy on my heart
|-supereffective|p1a: heavy on my heart
|-damage|p1a: heavy on my heart|0 fnt
|faint|p1a: heavy on my heart
|
|t:|1727885184
|switch|p1a: shaboing|Zapdos|100/100
|
|upkeep
|turn|16
|
|t:|1727885191
|move|p2a: Charizard|Flamethrower|p1a: shaboing
|-damage|p1a: shaboing|53/100
|move|p1a: shaboing|Baton Pass|p1a: shaboing
|
|t:|1727885194
|switch|p1a: persimmon|Charizard, M|100/100 par|[from] Baton Pass
|
|upkeep
|turn|17
|
|t:|1727885199
|move|p2a: Charizard|Flamethrower|p1a: persimmon
|-resisted|p1a: persimmon
|-damage|p1a: persimmon|71/100 par
|move|p1a: persimmon|Toxic|p2a: Charizard
|-status|p2a: Charizard|tox
|
|-damage|p2a: Charizard|94/100 tox|[from] psn
|-heal|p1a: persimmon|77/100 par|[from] item: Leftovers
|upkeep
|turn|18
|
|t:|1727885205
|move|p2a: Charizard|Flamethrower|p1a: persimmon
|-resisted|p1a: persimmon
|-damage|p1a: persimmon|47/100 par
|move|p1a: persimmon|Hidden Power|p2a: Charizard
|-resisted|p2a: Charizard
|-damage|p2a: Charizard|88/100 tox
|
|-heal|p2a: Charizard|94/100 tox|[from] item: Leftovers
|-damage|p2a: Charizard|82/100 tox|[from] psn
|-heal|p1a: persimmon|53/100 par|[from] item: Leftovers
|upkeep
|turn|19
|
|t:|1727885210
|move|p2a: Charizard|Flamethrower|p1a: persimmon
|-resisted|p1a: persimmon
|-damage|p1a: persimmon|26/100 par
|move|p1a: persimmon|Fire Blast|p2a: Charizard
|-resisted|p2a: Charizard
|-damage|p2a: Charizard|28/100 tox
|
|-heal|p2a: Charizard|35/100 tox|[from] item: Leftovers
|-damage|p2a: Charizard|16/100 tox|[from] psn
|-heal|p1a: persimmon|32/100 par|[from] item: Leftovers
|upkeep
|turn|20
|
|t:|1727885217
|move|p2a: Charizard|Flamethrower|p1a: persimmon
|-resisted|p1a: persimmon
|-crit|p1a: persimmon
|-damage|p1a: persimmon|0 fnt
|faint|p1a: persimmon
|
|t:|1727885220
|switch|p1a: shaboing|Zapdos|53/100
|
|-heal|p2a: Charizard|22/100 tox|[from] item: Leftovers
|-damage|p2a: Charizard|0 fnt|[from] psn
|faint|p2a: Charizard
|-heal|p1a: shaboing|59/100|[from] item: Leftovers
|upkeep
|c|☆McNULL|mb
|c|☆wavyish|ur good
|
|t:|1727885228
|switch|p2a: Breloom|Breloom, F|100/100
|turn|21
|
|t:|1727885232
|move|p1a: shaboing|Baton Pass|p1a: shaboing
|
|t:|1727885234
|switch|p1a: back goin brazy|Metagross|82/100 brn|[from] Baton Pass
|move|p2a: Breloom|Spore||[still]
|-fail|p2a: Breloom
|
|-heal|p1a: back goin brazy|88/100 brn|[from] item: Leftovers
|-damage|p1a: back goin brazy|75/100 brn|[from] brn
|upkeep
|turn|22
|
|t:|1727885241
|switch|p2a: Skarmory|Skarmory, M|86/100 slp
|move|p1a: back goin brazy|Psychic|p2a: Skarmory
|-resisted|p2a: Skarmory
|-crit|p2a: Skarmory
|-damage|p2a: Skarmory|31/100 slp
|
|-heal|p1a: back goin brazy|82/100 brn|[from] item: Leftovers
|-damage|p1a: back goin brazy|69/100 brn|[from] brn
|-heal|p2a: Skarmory|37/100 slp|[from] item: Leftovers
|upkeep
|turn|23
|c|☆wavyish|mb
|
|t:|1727885248
|switch|p1a: shaboing|Zapdos|59/100
|-curestatus|p2a: Skarmory|slp|[msg]
|move|p2a: Skarmory|Spikes|p1a: shaboing
|-sidestart|p1: wavyish|Spikes
|
|-heal|p1a: shaboing|65/100|[from] item: Leftovers
|-heal|p2a: Skarmory|43/100|[from] item: Leftovers
|upkeep
|turn|24
|c|☆McNULL|all good
|
|t:|1727885254
|move|p2a: Skarmory|Protect|p2a: Skarmory
|-singleturn|p2a: Skarmory|Protect
|move|p1a: shaboing|Thunderbolt|p2a: Skarmory
|-activate|p2a: Skarmory|Protect
|
|-heal|p1a: shaboing|71/100|[from] item: Leftovers
|-heal|p2a: Skarmory|49/100|[from] item: Leftovers
|upkeep
|turn|25
|
|t:|1727885257
|move|p1a: shaboing|Thunderbolt|p2a: Skarmory
|-supereffective|p2a: Skarmory
|-damage|p2a: Skarmory|0 fnt
|faint|p2a: Skarmory
|
|t:|1727885265
|switch|p2a: Miltank|Miltank, F|50/100 tox
|
|-heal|p1a: shaboing|77/100|[from] item: Leftovers
|-heal|p2a: Miltank|56/100 tox|[from] item: Leftovers
|-damage|p2a: Miltank|50/100 tox|[from] psn
|upkeep
|turn|26
|
|t:|1727885268
|move|p1a: shaboing|Thunderbolt|p2a: Miltank
|-damage|p2a: Miltank|0 fnt
|faint|p2a: Miltank
|
|t:|1727885273
|switch|p2a: Breloom|Breloom, F|100/100
|
|-heal|p1a: shaboing|84/100|[from] item: Leftovers
|upkeep
|turn|27
|
|t:|1727885280
|move|p1a: shaboing|Baton Pass|p1a: shaboing
|
|t:|1727885282
|switch|p1a: wasian|Breloom, F|100/100|[from] Baton Pass
|-damage|p1a: wasian|88/100|[from] Spikes
|move|p2a: Breloom|Leech Seed|p1a: wasian
|-immune|p1a: wasian
|
|-heal|p1a: wasian|94/100|[from] item: Leftovers
|upkeep
|turn|28
|
|t:|1727885285
|move|p1a: wasian|Spore|p2a: Breloom
|-status|p2a: Breloom|slp|[from] move: Spore
|cant|p2a: Breloom|slp
|
|-heal|p1a: wasian|100/100|[from] item: Leftovers
|upkeep
|turn|29
|
|t:|1727885289
|-singleturn|p1a: wasian|move: Focus Punch
|-curestatus|p2a: Breloom|slp|[msg]
|move|p2a: Breloom|Brick Break|p1a: wasian
|-damage|p1a: wasian|52/100
|move|p1a: wasian|Focus Punch||[still]
|cant|p1a: wasian|Focus Punch|Focus Punch
|
|-heal|p1a: wasian|58/100|[from] item: Leftovers
|upkeep
|turn|30
|
|t:|1727885295
|switch|p2a: Milotic|Milotic, M|88/100 tox
|move|p1a: wasian|Spore||[still]
|-fail|p1a: wasian
|
|-heal|p1a: wasian|64/100|[from] item: Leftovers
|-heal|p2a: Milotic|94/100 tox|[from] item: Leftovers
|-damage|p2a: Milotic|88/100 tox|[from] psn
|upkeep
|turn|31
|
|t:|1727885302
|switch|p1a: shaboing|Zapdos|84/100
|move|p2a: Milotic|Ice Beam|p1a: shaboing
|-supereffective|p1a: shaboing
|-damage|p1a: shaboing|40/100
|
|-heal|p1a: shaboing|46/100|[from] item: Leftovers
|-heal|p2a: Milotic|94/100 tox|[from] item: Leftovers
|-damage|p2a: Milotic|82/100 tox|[from] psn
|upkeep
|turn|32
|
|t:|1727885307
|move|p1a: shaboing|Thunderbolt|p2a: Milotic
|-supereffective|p2a: Milotic
|-damage|p2a: Milotic|21/100 tox
|move|p2a: Milotic|Ice Beam|p1a: shaboing
|-supereffective|p1a: shaboing
|-damage|p1a: shaboing|3/100
|
|-heal|p1a: shaboing|10/100|[from] item: Leftovers
|-heal|p2a: Milotic|27/100 tox|[from] item: Leftovers
|-damage|p2a: Milotic|9/100 tox|[from] psn
|upkeep
|turn|33
|
|t:|1727885311
|move|p1a: shaboing|Thunderbolt|p2a: Milotic
|-supereffective|p2a: Milotic
|-damage|p2a: Milotic|0 fnt
|faint|p2a: Milotic
|
|t:|1727885313
|switch|p2a: Breloom|Breloom, F|100/100
|
|-heal|p1a: shaboing|16/100|[from] item: Leftovers
|upkeep
|turn|34
|
|t:|1727885316
|move|p1a: shaboing|Thunderbolt|p2a: Breloom
|-resisted|p2a: Breloom
|-damage|p2a: Breloom|55/100
|-status|p2a: Breloom|par
|move|p2a: Breloom|Brick Break|p1a: shaboing
|-resisted|p1a: shaboing
|-damage|p1a: shaboing|0 fnt
|faint|p1a: shaboing
|
|t:|1727885319
|switch|p1a: wasian|Breloom, F|64/100
|-damage|p1a: wasian|52/100|[from] Spikes
|
|-heal|p1a: wasian|58/100|[from] item: Leftovers
|-heal|p2a: Breloom|61/100 par|[from] item: Leftovers
|upkeep
|turn|35
|
|t:|1727885322
|move|p1a: wasian|Sky Uppercut|p2a: Breloom
|-damage|p2a: Breloom|25/100 par
|cant|p2a: Breloom|par
|
|-heal|p1a: wasian|64/100|[from] item: Leftovers
|-heal|p2a: Breloom|31/100 par|[from] item: Leftovers
|upkeep
|turn|36
|
|t:|1727885326
|move|p1a: wasian|Sky Uppercut|p2a: Breloom
|-damage|p2a: Breloom|0 fnt
|faint|p2a: Breloom
|
|win|wavyish
|c|☆wavyish|ggs
|c|☆McNULL|gg

</script>
<script type="application/json" class="data" id="replaydata-smogtours-gen3ou-793961">
{"id":"smogtours-gen3ou-793961","format":"[Gen 3] OU","players":["wavyish","McNULL"],"uploadtime":1727885326,"views":118,"formatid":"gen3ou","rating":null,"private":0,"password":null}
</script>

<script defer src="js/replays.js?9d40a366"></script>
