<!DOCTYPE html>
<meta charset="utf-8" />
<meta name="viewport" content="width=device-width" />

<title>[Gen 3] OU: tempokin vs. simonsimonf - Replays - Pok&eacute;mon Showdown!</title>

<meta name="description" content="Watch a replay of a Pok&eacute;mon battle between tempokin and simonsimonf! Format: [Gen 3] OU; Date: Oct 22, 2024" />
<!--

Hey, you! Looking in the source for the replay log?

You can find them in JSON format, just add `.json` at the end of a replay URL.

https://replay.pokemonshowdown.com/gen7randomdoublesbattle-865046831.json

Or, if you only need the log itself, add `.log` instead:

https://replay.pokemonshowdown.com/gen7randomdoublesbattle-865046831.log

-->

<link rel="stylesheet" href="//pokemonshowdown.com/style/global.css?0.023195364461161105" />
<link rel="stylesheet" href="//play.pokemonshowdown.com/style/font-awesome.css?0.13261647063804238" />
<link rel="stylesheet" href="//play.pokemonshowdown.com/style/battle.css?0.8753245789963631" />
<link rel="stylesheet" href="//play.pokemonshowdown.com/style/utilichart.css?0.8627959624976733" />

<!-- Global site tag (gtag.js) - Google Analytics -->
<script async src="https://www.googletagmanager.com/gtag/js?id=UA-26211653-1"></script>
<script>
  window.dataLayer = window.dataLayer || [];
  function gtag(){dataLayer.push(arguments);}
  gtag('js', new Date());

  gtag('config', 'UA-26211653-1');
</script>
<!-- End Google Analytics -->
<!-- Venatus Ad Manager - Install in <HEAD> of page -->
	<script src="https://hb.vntsm.com/v3/live/ad-manager.min.js" type="text/javascript" data-site-id="642aba63ec9a7b11c3c9c1be" data-mode="scan" async></script>
<!-- / Venatus Ad Manager -->

<style>
	@media (max-width:820px) {
		.battle {
			margin: 0 auto;
		}
		.battle-log {
			margin: 7px auto 0;
			max-width: 640px;
			height: 300px;
			position: static;
		}
	}
	.optgroup {
		display: inline-block;
		line-height: 22px;
		font-size: 10pt;
	}
	.optgroup .button {
		height: 25px;
		padding-top: 0;
		padding-bottom: 0;
	}
	.optgroup button.button {
		padding-left: 12px;
		padding-right: 12px;
	}
	.linklist {
		list-style: none;
		margin: 0.5em 0;
		padding: 0;
	}
	.linklist li {
		padding: 2px 0;
	}
	.sidebar {
		float: left;
		width: 320px;
	}
	.bar-wrapper {
		max-width: 1100px;
		margin: 0 auto;
	}
	.bar-wrapper.has-sidebar {
		max-width: 1430px;
	}
	.mainbar {
		margin: 0;
		padding-right: 1px;
	}
	.mainbar.has-sidebar {
		margin-left: 330px;
	}
	@media (min-width: 1511px) {
		.sidebar {
			width: 400px;
		}
		.bar-wrapper.has-sidebar {
			max-width: 1510px;
		}
		.mainbar.has-sidebar {
			margin-left: 410px;
		}
	}
	.section.first-section {
		margin-top: 9px;
	}
	.blocklink small {
		white-space: normal;
	}
	.button {
		vertical-align: middle;
	}
	.replay-controls {
		padding-top: 10px;
	}
	.replay-controls h1 {
		font-size: 16pt;
		font-weight: normal;
		color: #CCC;
	}
	.pagelink {
		text-align: center;
	}
	.pagelink a {
		width: 150px;
	}
	.textbox, .button {
		font-size: 11pt;
		vertical-align: middle;
	}
	@media (max-width: 450px) {
		.button {
			font-size: 9pt;
		}
	}
</style>

<div>

	<header>
		<div class="nav-wrapper"><ul class="nav">
			<li><a class="button nav-first" href="//pokemonshowdown.com/"><img src="//pokemonshowdown.com/images/pokemonshowdownbeta.png" srcset="//pokemonshowdown.com/images/pokemonshowdownbeta.png 1x, //pokemonshowdown.com/images/pokemonshowdownbeta@2x.png 2x" alt="Pok&eacute;mon Showdown" width="146" height="44" /> Home</a></li>
			<li><a class="button" href="//pokemonshowdown.com/dex/">Pok&eacute;dex</a></li>
			<li><a class="button cur" href="/">Replays</a></li>
			<li><a class="button" href="//pokemonshowdown.com/ladder/">Ladder</a></li>
			<li><a class="button nav-last" href="//pokemonshowdown.com/forums/">Forum</a></li>
			<li><a class="button greenbutton nav-first nav-last" href="//play.pokemonshowdown.com/">Play</a></li>
		</ul></div>
	</header>

	<div class="main" id="main">

		<noscript><section class="section">You need to enable JavaScript to use this page; sorry!</section></noscript>

	</div>

</div>

<script defer nomodule src="//play.pokemonshowdown.com/js/lib/ps-polyfill.js"></script>
<script defer src="//play.pokemonshowdown.com/js/lib/preact.min.js"></script>

<script defer src="//play.pokemonshowdown.com/config/config.js?2bddbc15"></script>
<script defer src="//play.pokemonshowdown.com/js/lib/jquery-1.11.0.min.js"></script>
<script defer src="//play.pokemonshowdown.com/js/lib/html-sanitizer-minified.js"></script>
<script defer src="//play.pokemonshowdown.com/js/battle-sound.js"></script>
<script defer src="//play.pokemonshowdown.com/js/battledata.js?0.7209276989879541"></script>
<script defer src="//play.pokemonshowdown.com/data/pokedex-mini.js?0.6111056340867951"></script>
<script defer src="//play.pokemonshowdown.com/data/pokedex-mini-bw.js?0.3532142036491459"></script>
<script defer src="//play.pokemonshowdown.com/data/graphics.js?0.24223875632456182"></script>
<script defer src="//play.pokemonshowdown.com/data/pokedex.js?0.38839984266356864"></script>
<script defer src="//play.pokemonshowdown.com/data/moves.js?0.21866028504024015"></script>
<script defer src="//play.pokemonshowdown.com/data/abilities.js?0.2005157953846628"></script>
<script defer src="//play.pokemonshowdown.com/data/items.js?0.9894211263848525"></script>
<script defer src="//play.pokemonshowdown.com/data/teambuilder-tables.js?0.6008791140282215"></script>
<script defer src="//play.pokemonshowdown.com/js/battle-tooltips.js?0.7580118955022959"></script>
<script defer src="//play.pokemonshowdown.com/js/battle.js?0.6057722274234274"></script>

<script defer src="js/utils.js?e31f9a17"></script>
<script defer src="js/replays-battle.js?7008c182"></script>

<!-- don't scrape this data! just add .json or .log after the URL!
Full API docs: https://github.com/smogon/pokemon-showdown-client/blob/master/WEB-API.md -->
<script type="text/plain" class="log" id="replaylog-smogtours-gen3ou-801221">
|inactive|Battle timer is ON: inactive players will automatically lose when time's up.
|t:|1729620077
|gametype|singles
|player|p1|tempokin|steven-masters|
|player|p2|simonsimonf|101|
|teamsize|p1|6
|teamsize|p2|6
|gen|3
|tier|[Gen 3] OU
|rule|Sleep Clause Mod: Limit one foe put to sleep
|rule|Switch Priority Clause Mod: Faster Pokémon switch first
|rule|Species Clause: Limit one of each Pokémon
|rule|OHKO Clause: OHKO moves are banned
|rule|Evasion Items Clause: Evasion items are banned
|rule|Evasion Moves Clause: Evasion moves are banned
|rule|Endless Battle Clause: Forcing endless battles is banned
|rule|HP Percentage Mod: HP is shown in percentages
|rule|One Boost Passer Clause: Limit one Baton Passer that has a way to boost its stats
|rule|Freeze Clause Mod: Limit one foe frozen
|
|t:|1729620077
|start
|switch|p1a: Tyranitar|Tyranitar, M|100/100
|switch|p2a: Wailord|Wailord, F|100/100
|-weather|Sandstorm|[from] ability: Sand Stream|[of] p1a: Tyranitar
|turn|1
|
|t:|1729620092
|switch|p1a: Blissey|Blissey, F|100/100
|move|p2a: Wailord|Hydro Pump|p1a: Blissey
|-damage|p1a: Blissey|78/100
|
|-weather|Sandstorm|[upkeep]
|-damage|p2a: Wailord|94/100|[from] Sandstorm
|-damage|p1a: Blissey|72/100|[from] Sandstorm
|-heal|p1a: Blissey|78/100|[from] item: Leftovers
|upkeep
|turn|2
|
|t:|1729620098
|switch|p1a: Skarmory|Skarmory, F|100/100
|move|p2a: Wailord|Water Spout|p1a: Skarmory
|-damage|p1a: Skarmory|48/100
|
|-weather|Sandstorm|[upkeep]
|-damage|p2a: Wailord|88/100|[from] Sandstorm
|-heal|p1a: Skarmory|54/100|[from] item: Leftovers
|upkeep
|turn|3
|
|t:|1729620109
|switch|p1a: Blissey|Blissey, F|78/100
|move|p2a: Wailord|Hydro Pump|p1a: Blissey
|-damage|p1a: Blissey|55/100
|
|-weather|Sandstorm|[upkeep]
|-damage|p2a: Wailord|82/100|[from] Sandstorm
|-damage|p1a: Blissey|49/100|[from] Sandstorm
|-heal|p1a: Blissey|55/100|[from] item: Leftovers
|upkeep
|turn|4
|
|t:|1729620116
|move|p2a: Wailord|Hydro Pump|p1a: Blissey
|-damage|p1a: Blissey|34/100
|move|p1a: Blissey|Soft-Boiled|p1a: Blissey
|-heal|p1a: Blissey|84/100
|
|-weather|Sandstorm|[upkeep]
|-damage|p2a: Wailord|75/100|[from] Sandstorm
|-damage|p1a: Blissey|77/100|[from] Sandstorm
|-heal|p1a: Blissey|84/100|[from] item: Leftovers
|upkeep
|turn|5
|
|t:|1729620119
|move|p2a: Wailord|Self-Destruct|p1a: Blissey
|-crit|p1a: Blissey
|-damage|p1a: Blissey|0 fnt
|faint|p2a: Wailord
|faint|p1a: Blissey
|
|t:|1729620129
|switch|p2a: Snorlax|Snorlax, M|100/100
|switch|p1a: Starmie|Starmie|100/100
|
|-weather|Sandstorm|[upkeep]
|-damage|p1a: Starmie|94/100|[from] Sandstorm
|-damage|p2a: Snorlax|94/100|[from] Sandstorm
|-heal|p1a: Starmie|100/100|[from] item: Leftovers
|-heal|p2a: Snorlax|100/100|[from] item: Leftovers
|upkeep
|turn|6
|
|t:|1729620139
|switch|p1a: Skarmory|Skarmory, F|54/100
|move|p2a: Snorlax|Curse|p2a: Snorlax
|-unboost|p2a: Snorlax|spe|1
|-boost|p2a: Snorlax|atk|1
|-boost|p2a: Snorlax|def|1
|
|-weather|Sandstorm|[upkeep]
|-damage|p2a: Snorlax|94/100|[from] Sandstorm
|-heal|p1a: Skarmory|60/100|[from] item: Leftovers
|-heal|p2a: Snorlax|100/100|[from] item: Leftovers
|upkeep
|turn|7
|
|t:|1729620146
|move|p2a: Snorlax|Curse|p2a: Snorlax
|-unboost|p2a: Snorlax|spe|1
|-boost|p2a: Snorlax|atk|1
|-boost|p2a: Snorlax|def|1
|move|p1a: Skarmory|Roar|p2a: Snorlax
|drag|p2a: Salamence|Salamence, M|100/100
|-ability|p2a: Salamence|Intimidate|boost
|-unboost|p1a: Skarmory|atk|1
|
|-weather|Sandstorm|[upkeep]
|-damage|p2a: Salamence|94/100|[from] Sandstorm
|-heal|p2a: Salamence|100/100|[from] item: Leftovers
|-heal|p1a: Skarmory|66/100|[from] item: Leftovers
|upkeep
|turn|8
|
|t:|1729620159
|switch|p2a: Snorlax|Snorlax, M|100/100
|move|p1a: Skarmory|Toxic|p2a: Snorlax
|-immune|p2a: Snorlax|[from] ability: Immunity
|
|-weather|Sandstorm|[upkeep]
|-damage|p2a: Snorlax|94/100|[from] Sandstorm
|-heal|p1a: Skarmory|72/100|[from] item: Leftovers
|-heal|p2a: Snorlax|100/100|[from] item: Leftovers
|upkeep
|turn|9
|
|t:|1729620163
|move|p2a: Snorlax|Curse|p2a: Snorlax
|-unboost|p2a: Snorlax|spe|1
|-boost|p2a: Snorlax|atk|1
|-boost|p2a: Snorlax|def|1
|move|p1a: Skarmory|Roar|p2a: Snorlax
|drag|p2a: Umbreon|Umbreon, M|100/100
|
|-weather|Sandstorm|[upkeep]
|-damage|p2a: Umbreon|94/100|[from] Sandstorm
|-heal|p2a: Umbreon|100/100|[from] item: Leftovers
|-heal|p1a: Skarmory|78/100|[from] item: Leftovers
|upkeep
|turn|10
|
|t:|1729620171
|move|p2a: Umbreon|Baton Pass|p2a: Umbreon
|
|t:|1729620172
|switch|p2a: Snorlax|Snorlax, M|100/100|[from] Baton Pass
|move|p1a: Skarmory|Spikes|p2a: Snorlax
|-sidestart|p2: simonsimonf|Spikes
|
|-weather|Sandstorm|[upkeep]
|-damage|p2a: Snorlax|94/100|[from] Sandstorm
|-heal|p1a: Skarmory|84/100|[from] item: Leftovers
|-heal|p2a: Snorlax|100/100|[from] item: Leftovers
|upkeep
|turn|11
|
|t:|1729620177
|switch|p1a: Tyranitar|Tyranitar, M|100/100
|move|p2a: Snorlax|Curse|p2a: Snorlax
|-unboost|p2a: Snorlax|spe|1
|-boost|p2a: Snorlax|atk|1
|-boost|p2a: Snorlax|def|1
|
|-weather|Sandstorm|[upkeep]
|-damage|p2a: Snorlax|94/100|[from] Sandstorm
|-heal|p2a: Snorlax|100/100|[from] item: Leftovers
|upkeep
|turn|12
|
|t:|1729620182
|move|p1a: Tyranitar|Dragon Dance|p1a: Tyranitar
|-boost|p1a: Tyranitar|atk|1
|-boost|p1a: Tyranitar|spe|1
|move|p2a: Snorlax|Curse|p2a: Snorlax
|-unboost|p2a: Snorlax|spe|1
|-boost|p2a: Snorlax|atk|1
|-boost|p2a: Snorlax|def|1
|
|-weather|Sandstorm|[upkeep]
|-damage|p2a: Snorlax|94/100|[from] Sandstorm
|-heal|p2a: Snorlax|100/100|[from] item: Leftovers
|upkeep
|turn|13
|
|t:|1729620184
|move|p1a: Tyranitar|Dragon Dance|p1a: Tyranitar
|-boost|p1a: Tyranitar|atk|1
|-boost|p1a: Tyranitar|spe|1
|move|p2a: Snorlax|Curse|p2a: Snorlax
|-unboost|p2a: Snorlax|spe|1
|-boost|p2a: Snorlax|atk|1
|-boost|p2a: Snorlax|def|1
|
|-weather|Sandstorm|[upkeep]
|-damage|p2a: Snorlax|94/100|[from] Sandstorm
|-heal|p2a: Snorlax|100/100|[from] item: Leftovers
|upkeep
|turn|14
|
|t:|1729620187
|move|p1a: Tyranitar|Rock Slide|p2a: Snorlax
|-damage|p2a: Snorlax|77/100
|move|p2a: Snorlax|Return|p1a: Tyranitar
|-resisted|p1a: Tyranitar
|-damage|p1a: Tyranitar|57/100
|
|-weather|Sandstorm|[upkeep]
|-damage|p2a: Snorlax|70/100|[from] Sandstorm
|-heal|p1a: Tyranitar|63/100|[from] item: Leftovers
|-heal|p2a: Snorlax|77/100|[from] item: Leftovers
|upkeep
|turn|15
|
|t:|1729620193
|move|p1a: Tyranitar|Rock Slide|p2a: Snorlax
|-damage|p2a: Snorlax|49/100
|move|p2a: Snorlax|Return|p1a: Tyranitar
|-resisted|p1a: Tyranitar
|-damage|p1a: Tyranitar|24/100
|
|-weather|Sandstorm|[upkeep]
|-damage|p2a: Snorlax|43/100|[from] Sandstorm
|-heal|p1a: Tyranitar|30/100|[from] item: Leftovers
|-heal|p2a: Snorlax|49/100|[from] item: Leftovers
|upkeep
|turn|16
|
|t:|1729620196
|move|p1a: Tyranitar|Rock Slide|p2a: Snorlax
|-damage|p2a: Snorlax|22/100
|move|p2a: Snorlax|Return|p1a: Tyranitar
|-resisted|p1a: Tyranitar
|-damage|p1a: Tyranitar|0 fnt
|faint|p1a: Tyranitar
|
|t:|1729620199
|switch|p1a: Aerodactyl|Aerodactyl, M|100/100
|
|-weather|Sandstorm|[upkeep]
|-damage|p2a: Snorlax|15/100|[from] Sandstorm
|-heal|p2a: Snorlax|22/100|[from] item: Leftovers
|upkeep
|turn|17
|
|t:|1729620207
|move|p1a: Aerodactyl|Double-Edge|p2a: Snorlax
|-damage|p2a: Snorlax|5/100
|move|p2a: Snorlax|Shadow Ball|p1a: Aerodactyl
|-damage|p1a: Aerodactyl|13/100
|-unboost|p1a: Aerodactyl|spd|1
|
|-weather|Sandstorm|[upkeep]
|-damage|p2a: Snorlax|0 fnt|[from] Sandstorm
|faint|p2a: Snorlax
|upkeep
|c|☆tempokin|aero badmon
|inactive|simonsimonf has 270 seconds left.
|
|t:|1729620241
|switch|p2a: Umbreon|Umbreon, M|100/100
|-damage|p2a: Umbreon|88/100|[from] Spikes
|turn|18
|
|t:|1729620243
|-activate|p1a: Aerodactyl|move: Pursuit
|move|p2a: Umbreon|Pursuit|p1a: Aerodactyl|[from]Pursuit
|-damage|p1a: Aerodactyl|0 fnt
|faint|p1a: Aerodactyl
|-hint|Previously chosen switches continue in Gen 2-4 after a Pursuit target faints.
|switch|p1a: Skarmory|Skarmory, F|84/100
|
|-weather|Sandstorm|[upkeep]
|-damage|p2a: Umbreon|82/100|[from] Sandstorm
|-heal|p2a: Umbreon|88/100|[from] item: Leftovers
|-heal|p1a: Skarmory|90/100|[from] item: Leftovers
|upkeep
|turn|19
|
|t:|1729620259
|move|p2a: Umbreon|Wish|p2a: Umbreon
|move|p1a: Skarmory|Spikes|p2a: Umbreon
|-sidestart|p2: simonsimonf|Spikes
|
|-weather|Sandstorm|[upkeep]
|-damage|p2a: Umbreon|82/100|[from] Sandstorm
|-heal|p2a: Umbreon|88/100|[from] item: Leftovers
|-heal|p1a: Skarmory|96/100|[from] item: Leftovers
|upkeep
|turn|20
|
|t:|1729620264
|switch|p2a: Suicune|Suicune|100/100
|-damage|p2a: Suicune|84/100|[from] Spikes
|move|p1a: Skarmory|Toxic|p2a: Suicune|[miss]
|-miss|p1a: Skarmory|p2a: Suicune
|
|-heal|p2a: Suicune|100/100|[from] move: Wish|[wisher] Umbreon
|-weather|Sandstorm|[upkeep]
|-damage|p2a: Suicune|94/100|[from] Sandstorm
|-heal|p2a: Suicune|100/100|[from] item: Leftovers
|-heal|p1a: Skarmory|100/100|[from] item: Leftovers
|upkeep
|turn|21
|
|t:|1729620269
|move|p2a: Suicune|Calm Mind|p2a: Suicune
|-boost|p2a: Suicune|spa|1
|-boost|p2a: Suicune|spd|1
|move|p1a: Skarmory|Roar|p2a: Suicune
|drag|p2a: Umbreon|Umbreon, M|88/100
|-damage|p2a: Umbreon|72/100|[from] Spikes
|
|-weather|Sandstorm|[upkeep]
|-damage|p2a: Umbreon|65/100|[from] Sandstorm
|-heal|p2a: Umbreon|72/100|[from] item: Leftovers
|upkeep
|turn|22
|
|t:|1729620274
|move|p2a: Umbreon|Wish|p2a: Umbreon
|move|p1a: Skarmory|Toxic|p2a: Umbreon
|-status|p2a: Umbreon|tox
|
|-weather|Sandstorm|[upkeep]
|-damage|p2a: Umbreon|65/100 tox|[from] Sandstorm
|-heal|p2a: Umbreon|72/100 tox|[from] item: Leftovers
|-damage|p2a: Umbreon|65/100 tox|[from] psn
|upkeep
|turn|23
|c|☆simonsimonf|im playing so bad
|c|☆tempokin|believe in yourself
|inactive|simonsimonf has 270 seconds left.
|c|☆simonsimonf|idk why im not paying attention
|c|☆simonsimonf|im just clicking buttons so fast
|c|☆simonsimonf|look what this umbreon has
|
|t:|1729620317
|move|p2a: Umbreon|Taunt|p1a: Skarmory
|-start|p1a: Skarmory|move: Taunt
|cant|p1a: Skarmory|move: Taunt|Spikes
|
|-heal|p2a: Umbreon|100/100 tox|[from] move: Wish|[wisher] Umbreon
|-weather|Sandstorm|[upkeep]
|-damage|p2a: Umbreon|94/100 tox|[from] Sandstorm
|-heal|p2a: Umbreon|100/100 tox|[from] item: Leftovers
|-damage|p2a: Umbreon|88/100 tox|[from] psn
|upkeep
|turn|24
|c|☆tempokin|tbh thats how i play
|c|☆simonsimonf|im just trolling
|
|t:|1729620326
|switch|p1a: Swampert|Swampert, F|100/100
|move|p2a: Umbreon|Baton Pass|p2a: Umbreon
|
|t:|1729620332
|switch|p2a: Suicune|Suicune|100/100|[from] Baton Pass
|-damage|p2a: Suicune|84/100|[from] Spikes
|
|-weather|Sandstorm|[upkeep]
|-damage|p2a: Suicune|78/100|[from] Sandstorm
|-heal|p2a: Suicune|84/100|[from] item: Leftovers
|upkeep
|turn|25
|
|t:|1729620335
|move|p2a: Suicune|Surf|p1a: Swampert
|-damage|p1a: Swampert|74/100
|move|p1a: Swampert|Roar|p2a: Suicune
|drag|p2a: Umbreon|Umbreon, M|88/100 tox
|-damage|p2a: Umbreon|72/100 tox|[from] Spikes
|
|-weather|Sandstorm|[upkeep]
|-damage|p2a: Umbreon|66/100 tox|[from] Sandstorm
|-heal|p2a: Umbreon|72/100 tox|[from] item: Leftovers
|-damage|p2a: Umbreon|66/100 tox|[from] psn
|-heal|p1a: Swampert|80/100|[from] item: Leftovers
|upkeep
|turn|26
|
|t:|1729620346
|switch|p1a: Starmie|Starmie|100/100
|move|p2a: Umbreon|Wish|p2a: Umbreon
|
|-weather|Sandstorm|[upkeep]
|-damage|p1a: Starmie|94/100|[from] Sandstorm
|-damage|p2a: Umbreon|60/100 tox|[from] Sandstorm
|-heal|p1a: Starmie|100/100|[from] item: Leftovers
|-heal|p2a: Umbreon|66/100 tox|[from] item: Leftovers
|-damage|p2a: Umbreon|54/100 tox|[from] psn
|upkeep
|turn|27
|
|t:|1729620351
|move|p1a: Starmie|Hydro Pump|p2a: Umbreon
|-damage|p2a: Umbreon|19/100 tox
|move|p2a: Umbreon|Pursuit|p1a: Starmie
|-supereffective|p1a: Starmie
|-damage|p1a: Starmie|73/100
|
|-heal|p2a: Umbreon|69/100 tox|[from] move: Wish|[wisher] Umbreon
|-weather|Sandstorm|[upkeep]
|-damage|p1a: Starmie|67/100|[from] Sandstorm
|-damage|p2a: Umbreon|63/100 tox|[from] Sandstorm
|-heal|p1a: Starmie|73/100|[from] item: Leftovers
|-heal|p2a: Umbreon|69/100 tox|[from] item: Leftovers
|-damage|p2a: Umbreon|50/100 tox|[from] psn
|upkeep
|turn|28
|
|t:|1729620357
|move|p1a: Starmie|Hydro Pump|p2a: Umbreon
|-damage|p2a: Umbreon|15/100 tox
|move|p2a: Umbreon|Pursuit|p1a: Starmie
|-supereffective|p1a: Starmie
|-damage|p1a: Starmie|44/100
|
|-weather|Sandstorm|[upkeep]
|-damage|p1a: Starmie|38/100|[from] Sandstorm
|-damage|p2a: Umbreon|9/100 tox|[from] Sandstorm
|-heal|p1a: Starmie|44/100|[from] item: Leftovers
|-heal|p2a: Umbreon|15/100 tox|[from] item: Leftovers
|-damage|p2a: Umbreon|0 fnt|[from] psn
|faint|p2a: Umbreon
|upkeep
|inactive|simonsimonf has 270 seconds left.
|c|☆tempokin|thats curtains
|c|☆tempokin|last gyara right
|c|☆simonsimonf|did you check my teams?
|c|☆tempokin|yeah
|inactive|simonsimonf has 240 seconds left.
|
|t:|1729620418
|switch|p2a: Suicune|Suicune|84/100
|-damage|p2a: Suicune|68/100|[from] Spikes
|turn|29
|
|t:|1729620421
|move|p1a: Starmie|Thunderbolt|p2a: Suicune
|-supereffective|p2a: Suicune
|-damage|p2a: Suicune|23/100
|move|p2a: Suicune|Calm Mind|p2a: Suicune
|-boost|p2a: Suicune|spa|1
|-boost|p2a: Suicune|spd|1
|
|-weather|Sandstorm|[upkeep]
|-damage|p1a: Starmie|38/100|[from] Sandstorm
|-damage|p2a: Suicune|17/100|[from] Sandstorm
|-heal|p1a: Starmie|44/100|[from] item: Leftovers
|-heal|p2a: Suicune|23/100|[from] item: Leftovers
|upkeep
|turn|30
|
|t:|1729620425
|move|p1a: Starmie|Thunderbolt|p2a: Suicune
|-supereffective|p2a: Suicune
|-damage|p2a: Suicune|0 fnt
|faint|p2a: Suicune
|
|t:|1729620429
|switch|p2a: Gyarados|Gyarados, M|100/100
|-ability|p2a: Gyarados|Intimidate|boost
|-unboost|p1a: Starmie|atk|1
|
|-weather|Sandstorm|[upkeep]
|-damage|p1a: Starmie|38/100|[from] Sandstorm
|-damage|p2a: Gyarados|94/100|[from] Sandstorm
|-heal|p1a: Starmie|44/100|[from] item: Leftovers
|-heal|p2a: Gyarados|100/100|[from] item: Leftovers
|upkeep
|turn|31
|
|t:|1729620434
|move|p1a: Starmie|Thunderbolt|p2a: Gyarados
|-supereffective|p2a: Gyarados
|-damage|p2a: Gyarados|0 fnt
|faint|p2a: Gyarados
|c|☆tempokin|gg
|
|t:|1729620437
|switch|p2a: Salamence|Salamence, M|100/100
|-ability|p2a: Salamence|Intimidate|boost
|-unboost|p1a: Starmie|atk|1
|
|-weather|Sandstorm|[upkeep]
|-damage|p1a: Starmie|38/100|[from] Sandstorm
|-damage|p2a: Salamence|94/100|[from] Sandstorm
|-heal|p1a: Starmie|44/100|[from] item: Leftovers
|-heal|p2a: Salamence|100/100|[from] item: Leftovers
|upkeep
|turn|32
|
|t:|1729620439
|move|p1a: Starmie|Ice Beam|p2a: Salamence
|-supereffective|p2a: Salamence
|-damage|p2a: Salamence|0 fnt
|faint|p2a: Salamence
|
|win|tempokin
|player|p2|

</script>
<script type="application/json" class="data" id="replaydata-smogtours-gen3ou-801221">
{"id":"smogtours-gen3ou-801221","format":"[Gen 3] OU","players":["tempokin","simonsimonf"],"uploadtime":1729620439,"views":98,"formatid":"gen3ou","rating":null,"private":0,"password":null}
</script>

<script defer src="js/replays.js?9d40a366"></script>
