<!DOCTYPE html>
<meta charset="utf-8" />
<meta name="viewport" content="width=device-width" />

<title>[Gen 3] OU: mint yerb vs. Segale - Replays - Pok&eacute;mon Showdown!</title>

<meta name="description" content="Watch a replay of a Pok&eacute;mon battle between mint yerb and Segale! Format: [Gen 3] OU; Date: Oct 11, 2024" />
<!--

Hey, you! Looking in the source for the replay log?

You can find them in JSON format, just add `.json` at the end of a replay URL.

https://replay.pokemonshowdown.com/gen7randomdoublesbattle-865046831.json

Or, if you only need the log itself, add `.log` instead:

https://replay.pokemonshowdown.com/gen7randomdoublesbattle-865046831.log

-->

<link rel="stylesheet" href="//pokemonshowdown.com/style/global.css?0.023195364461161105" />
<link rel="stylesheet" href="//play.pokemonshowdown.com/style/font-awesome.css?0.13261647063804238" />
<link rel="stylesheet" href="//play.pokemonshowdown.com/style/battle.css?0.8753245789963631" />
<link rel="stylesheet" href="//play.pokemonshowdown.com/style/utilichart.css?0.8627959624976733" />

<!-- Global site tag (gtag.js) - Google Analytics -->
<script async src="https://www.googletagmanager.com/gtag/js?id=UA-26211653-1"></script>
<script>
  window.dataLayer = window.dataLayer || [];
  function gtag(){dataLayer.push(arguments);}
  gtag('js', new Date());

  gtag('config', 'UA-26211653-1');
</script>
<!-- End Google Analytics -->
<!-- Venatus Ad Manager - Install in <HEAD> of page -->
	<script src="https://hb.vntsm.com/v3/live/ad-manager.min.js" type="text/javascript" data-site-id="642aba63ec9a7b11c3c9c1be" data-mode="scan" async></script>
<!-- / Venatus Ad Manager -->

<style>
	@media (max-width:820px) {
		.battle {
			margin: 0 auto;
		}
		.battle-log {
			margin: 7px auto 0;
			max-width: 640px;
			height: 300px;
			position: static;
		}
	}
	.optgroup {
		display: inline-block;
		line-height: 22px;
		font-size: 10pt;
	}
	.optgroup .button {
		height: 25px;
		padding-top: 0;
		padding-bottom: 0;
	}
	.optgroup button.button {
		padding-left: 12px;
		padding-right: 12px;
	}
	.linklist {
		list-style: none;
		margin: 0.5em 0;
		padding: 0;
	}
	.linklist li {
		padding: 2px 0;
	}
	.sidebar {
		float: left;
		width: 320px;
	}
	.bar-wrapper {
		max-width: 1100px;
		margin: 0 auto;
	}
	.bar-wrapper.has-sidebar {
		max-width: 1430px;
	}
	.mainbar {
		margin: 0;
		padding-right: 1px;
	}
	.mainbar.has-sidebar {
		margin-left: 330px;
	}
	@media (min-width: 1511px) {
		.sidebar {
			width: 400px;
		}
		.bar-wrapper.has-sidebar {
			max-width: 1510px;
		}
		.mainbar.has-sidebar {
			margin-left: 410px;
		}
	}
	.section.first-section {
		margin-top: 9px;
	}
	.blocklink small {
		white-space: normal;
	}
	.button {
		vertical-align: middle;
	}
	.replay-controls {
		padding-top: 10px;
	}
	.replay-controls h1 {
		font-size: 16pt;
		font-weight: normal;
		color: #CCC;
	}
	.pagelink {
		text-align: center;
	}
	.pagelink a {
		width: 150px;
	}
	.textbox, .button {
		font-size: 11pt;
		vertical-align: middle;
	}
	@media (max-width: 450px) {
		.button {
			font-size: 9pt;
		}
	}
</style>

<div>

	<header>
		<div class="nav-wrapper"><ul class="nav">
			<li><a class="button nav-first" href="//pokemonshowdown.com/"><img src="//pokemonshowdown.com/images/pokemonshowdownbeta.png" srcset="//pokemonshowdown.com/images/pokemonshowdownbeta.png 1x, //pokemonshowdown.com/images/pokemonshowdownbeta@2x.png 2x" alt="Pok&eacute;mon Showdown" width="146" height="44" /> Home</a></li>
			<li><a class="button" href="//pokemonshowdown.com/dex/">Pok&eacute;dex</a></li>
			<li><a class="button cur" href="/">Replays</a></li>
			<li><a class="button" href="//pokemonshowdown.com/ladder/">Ladder</a></li>
			<li><a class="button nav-last" href="//pokemonshowdown.com/forums/">Forum</a></li>
			<li><a class="button greenbutton nav-first nav-last" href="//play.pokemonshowdown.com/">Play</a></li>
		</ul></div>
	</header>

	<div class="main" id="main">

		<noscript><section class="section">You need to enable JavaScript to use this page; sorry!</section></noscript>

	</div>

</div>

<script defer nomodule src="//play.pokemonshowdown.com/js/lib/ps-polyfill.js"></script>
<script defer src="//play.pokemonshowdown.com/js/lib/preact.min.js"></script>

<script defer src="//play.pokemonshowdown.com/config/config.js?2bddbc15"></script>
<script defer src="//play.pokemonshowdown.com/js/lib/jquery-1.11.0.min.js"></script>
<script defer src="//play.pokemonshowdown.com/js/lib/html-sanitizer-minified.js"></script>
<script defer src="//play.pokemonshowdown.com/js/battle-sound.js"></script>
<script defer src="//play.pokemonshowdown.com/js/battledata.js?0.7209276989879541"></script>
<script defer src="//play.pokemonshowdown.com/data/pokedex-mini.js?0.6111056340867951"></script>
<script defer src="//play.pokemonshowdown.com/data/pokedex-mini-bw.js?0.3532142036491459"></script>
<script defer src="//play.pokemonshowdown.com/data/graphics.js?0.24223875632456182"></script>
<script defer src="//play.pokemonshowdown.com/data/pokedex.js?0.38839984266356864"></script>
<script defer src="//play.pokemonshowdown.com/data/moves.js?0.21866028504024015"></script>
<script defer src="//play.pokemonshowdown.com/data/abilities.js?0.2005157953846628"></script>
<script defer src="//play.pokemonshowdown.com/data/items.js?0.9894211263848525"></script>
<script defer src="//play.pokemonshowdown.com/data/teambuilder-tables.js?0.6008791140282215"></script>
<script defer src="//play.pokemonshowdown.com/js/battle-tooltips.js?0.7580118955022959"></script>
<script defer src="//play.pokemonshowdown.com/js/battle.js?0.6057722274234274"></script>

<script defer src="js/utils.js?e31f9a17"></script>
<script defer src="js/replays-battle.js?7008c182"></script>

<!-- don't scrape this data! just add .json or .log after the URL!
Full API docs: https://github.com/smogon/pokemon-showdown-client/blob/master/WEB-API.md -->
<script type="text/plain" class="log" id="replaylog-smogtours-gen3ou-797139">
|inactive|Battle timer is ON: inactive players will automatically lose when time's up.
|t:|1728644135
|gametype|singles
|player|p1|mint yerb|flannery|
|player|p2|Segale|blue|
|teamsize|p1|6
|teamsize|p2|6
|gen|3
|tier|[Gen 3] OU
|rule|Sleep Clause Mod: Limit one foe put to sleep
|rule|Switch Priority Clause Mod: Faster Pokémon switch first
|rule|Species Clause: Limit one of each Pokémon
|rule|OHKO Clause: OHKO moves are banned
|rule|Evasion Items Clause: Evasion items are banned
|rule|Evasion Moves Clause: Evasion moves are banned
|rule|Endless Battle Clause: Forcing endless battles is banned
|rule|HP Percentage Mod: HP is shown in percentages
|rule|One Boost Passer Clause: Limit one Baton Passer that has a way to boost its stats
|rule|Freeze Clause Mod: Limit one foe frozen
|
|t:|1728644135
|start
|switch|p1a: Tyranitar|Tyranitar, M|100/100
|switch|p2a: Zapdos|Zapdos|100/100
|-weather|Sandstorm|[from] ability: Sand Stream|[of] p1a: Tyranitar
|turn|1
|c|☆mint yerb|glhf 
|c|☆Segale|u2
|
|t:|1728644154
|move|p2a: Zapdos|Substitute|p2a: Zapdos
|-start|p2a: Zapdos|Substitute
|-damage|p2a: Zapdos|76/100
|move|p1a: Tyranitar|Substitute|p1a: Tyranitar
|-start|p1a: Tyranitar|Substitute
|-damage|p1a: Tyranitar|75/100
|
|-weather|Sandstorm|[upkeep]
|-damage|p2a: Zapdos|69/100|[from] Sandstorm
|-heal|p2a: Zapdos|76/100|[from] item: Leftovers
|-heal|p1a: Tyranitar|82/100|[from] item: Leftovers
|upkeep
|turn|2
|
|t:|1728644157
|move|p2a: Zapdos|Thunderbolt|p1a: Tyranitar
|-end|p1a: Tyranitar|Substitute
|move|p1a: Tyranitar|Rock Slide|p2a: Zapdos
|-supereffective|p2a: Zapdos
|-end|p2a: Zapdos|Substitute
|
|-weather|Sandstorm|[upkeep]
|-damage|p2a: Zapdos|69/100|[from] Sandstorm
|-heal|p2a: Zapdos|76/100|[from] item: Leftovers
|-heal|p1a: Tyranitar|88/100|[from] item: Leftovers
|upkeep
|turn|3
|inactive|mint yerb has 270 seconds left.
|
|t:|1728644188
|-singleturn|p1a: Tyranitar|move: Focus Punch
|move|p2a: Zapdos|Baton Pass|p2a: Zapdos
|
|t:|1728644192
|switch|p2a: Suicune|Suicune|100/100|[from] Baton Pass
|move|p1a: Tyranitar|Focus Punch|p2a: Suicune
|-damage|p2a: Suicune|53/100
|
|-weather|Sandstorm|[upkeep]
|-damage|p2a: Suicune|47/100|[from] Sandstorm
|-heal|p2a: Suicune|53/100|[from] item: Leftovers
|-heal|p1a: Tyranitar|94/100|[from] item: Leftovers
|upkeep
|turn|4
|
|t:|1728644203
|switch|p1a: Snorlax|Snorlax, M|100/100
|move|p2a: Suicune|Hydro Pump|p1a: Snorlax
|-damage|p1a: Snorlax|70/100
|
|-weather|Sandstorm|[upkeep]
|-damage|p2a: Suicune|47/100|[from] Sandstorm
|-damage|p1a: Snorlax|64/100|[from] Sandstorm
|-heal|p2a: Suicune|53/100|[from] item: Leftovers
|-heal|p1a: Snorlax|70/100|[from] item: Leftovers
|upkeep
|turn|5
|
|t:|1728644212
|move|p2a: Suicune|Hydro Pump|p1a: Snorlax
|-damage|p1a: Snorlax|39/100
|move|p1a: Snorlax|Shadow Ball|p2a: Suicune
|-damage|p2a: Suicune|32/100
|
|-weather|Sandstorm|[upkeep]
|-damage|p2a: Suicune|26/100|[from] Sandstorm
|-damage|p1a: Snorlax|33/100|[from] Sandstorm
|-heal|p2a: Suicune|32/100|[from] item: Leftovers
|-heal|p1a: Snorlax|39/100|[from] item: Leftovers
|upkeep
|turn|6
|
|t:|1728644216
|move|p2a: Suicune|Hydro Pump|p1a: Snorlax
|-damage|p1a: Snorlax|10/100
|move|p1a: Snorlax|Body Slam|p2a: Suicune
|-damage|p2a: Suicune|0 fnt
|faint|p2a: Suicune
|
|t:|1728644218
|switch|p2a: Zapdos|Zapdos|76/100
|
|-weather|Sandstorm|[upkeep]
|-damage|p2a: Zapdos|69/100|[from] Sandstorm
|-damage|p1a: Snorlax|3/100|[from] Sandstorm
|-heal|p2a: Zapdos|76/100|[from] item: Leftovers
|-heal|p1a: Snorlax|10/100|[from] item: Leftovers
|upkeep
|turn|7
|
|t:|1728644227
|switch|p1a: Claydol|Claydol|100/100
|move|p2a: Zapdos|Thunderbolt|p1a: Claydol
|-immune|p1a: Claydol
|
|-weather|Sandstorm|[upkeep]
|-damage|p2a: Zapdos|69/100|[from] Sandstorm
|-heal|p2a: Zapdos|76/100|[from] item: Leftovers
|upkeep
|turn|8
|inactive|mint yerb has 270 seconds left.
|
|t:|1728644267
|switch|p1a: Charizard|Charizard, F|100/100
|move|p2a: Zapdos|Hidden Power|p1a: Charizard
|-crit|p1a: Charizard
|-damage|p1a: Charizard|40/100
|
|-weather|Sandstorm|[upkeep]
|-damage|p1a: Charizard|34/100|[from] Sandstorm
|-damage|p2a: Zapdos|69/100|[from] Sandstorm
|-heal|p1a: Charizard|40/100|[from] item: Leftovers
|-heal|p2a: Zapdos|76/100|[from] item: Leftovers
|upkeep
|turn|9
|inactive|mint yerb has 270 seconds left.
|inactive|mint yerb has 240 seconds left.
|
|t:|1728644303
|move|p1a: Charizard|Substitute|p1a: Charizard
|-start|p1a: Charizard|Substitute
|-damage|p1a: Charizard|15/100
|move|p2a: Zapdos|Thunderbolt|p1a: Charizard
|-supereffective|p1a: Charizard
|-end|p1a: Charizard|Substitute
|
|-weather|Sandstorm|[upkeep]
|-damage|p1a: Charizard|9/100|[from] Sandstorm
|-damage|p2a: Zapdos|69/100|[from] Sandstorm
|-heal|p1a: Charizard|15/100|[from] item: Leftovers
|-heal|p2a: Zapdos|76/100|[from] item: Leftovers
|upkeep
|turn|10
|
|t:|1728644319
|switch|p2a: Tyranitar|Tyranitar, M|100/100
|move|p1a: Charizard|Fire Blast|p2a: Tyranitar
|-resisted|p2a: Tyranitar
|-damage|p2a: Tyranitar|67/100
|
|-weather|Sandstorm|[upkeep]
|-damage|p1a: Charizard|9/100|[from] Sandstorm
|-heal|p1a: Charizard|15/100|[from] item: Leftovers
|-heal|p2a: Tyranitar|73/100|[from] item: Leftovers
|upkeep
|turn|11
|inactive|mint yerb has 240 seconds left.
|
|t:|1728644352
|-singleturn|p1a: Charizard|move: Focus Punch
|move|p2a: Tyranitar|Pursuit|p1a: Charizard
|-damage|p1a: Charizard|0 fnt
|faint|p1a: Charizard
|
|t:|1728644359
|switch|p1a: Tyranitar|Tyranitar, M|94/100
|
|-weather|Sandstorm|[upkeep]
|-heal|p2a: Tyranitar|80/100|[from] item: Leftovers
|-heal|p1a: Tyranitar|99/100|[from] item: Leftovers
|upkeep
|turn|12
|
|t:|1728644380
|move|p2a: Tyranitar|Hidden Power|p1a: Tyranitar
|-supereffective|p1a: Tyranitar
|-damage|p1a: Tyranitar|67/100
|move|p1a: Tyranitar|Substitute|p1a: Tyranitar
|-start|p1a: Tyranitar|Substitute
|-damage|p1a: Tyranitar|42/100
|
|-weather|Sandstorm|[upkeep]
|-heal|p2a: Tyranitar|86/100|[from] item: Leftovers
|-heal|p1a: Tyranitar|48/100|[from] item: Leftovers
|upkeep
|turn|13
|
|t:|1728644388
|-singleturn|p1a: Tyranitar|move: Focus Punch
|move|p2a: Tyranitar|Hidden Power|p1a: Tyranitar
|-supereffective|p1a: Tyranitar
|-end|p1a: Tyranitar|Substitute
|move|p1a: Tyranitar|Focus Punch|p2a: Tyranitar
|-supereffective|p2a: Tyranitar
|-crit|p2a: Tyranitar
|-damage|p2a: Tyranitar|0 fnt
|faint|p2a: Tyranitar
|
|t:|1728644398
|switch|p2a: Dugtrio|Dugtrio, M|100/100
|
|-weather|Sandstorm|[upkeep]
|-heal|p1a: Tyranitar|54/100|[from] item: Leftovers
|upkeep
|turn|14
|inactive|mint yerb has 240 seconds left.
|
|t:|1728644409
|move|p2a: Dugtrio|Earthquake|p1a: Tyranitar
|-supereffective|p1a: Tyranitar
|-damage|p1a: Tyranitar|0 fnt
|faint|p1a: Tyranitar
|
|t:|1728644413
|switch|p1a: Claydol|Claydol|100/100
|
|-weather|Sandstorm|[upkeep]
|upkeep
|turn|15
|
|t:|1728644423
|switch|p2a: Zapdos|Zapdos|76/100
|switch|p1a: Starmie|Starmie|100/100
|
|-weather|Sandstorm|[upkeep]
|-damage|p1a: Starmie|94/100|[from] Sandstorm
|-damage|p2a: Zapdos|69/100|[from] Sandstorm
|-heal|p1a: Starmie|100/100|[from] item: Leftovers
|-heal|p2a: Zapdos|76/100|[from] item: Leftovers
|upkeep
|turn|16
|inactive|mint yerb has 240 seconds left.
|
|t:|1728644472
|move|p1a: Starmie|Ice Beam|p2a: Zapdos
|-supereffective|p2a: Zapdos
|-damage|p2a: Zapdos|15/100
|move|p2a: Zapdos|Thunderbolt|p1a: Starmie
|-supereffective|p1a: Starmie
|-damage|p1a: Starmie|0 fnt
|faint|p1a: Starmie
|
|t:|1728644477
|switch|p1a: Claydol|Claydol|100/100
|
|-weather|Sandstorm|[upkeep]
|-damage|p2a: Zapdos|9/100|[from] Sandstorm
|-heal|p2a: Zapdos|15/100|[from] item: Leftovers
|upkeep
|turn|17
|
|t:|1728644487
|move|p2a: Zapdos|Hidden Power|p1a: Claydol
|-supereffective|p1a: Claydol
|-damage|p1a: Claydol|58/100
|move|p1a: Claydol|Psychic|p2a: Zapdos
|-damage|p2a: Zapdos|0 fnt
|faint|p2a: Zapdos
|
|t:|1728644497
|switch|p2a: Breloom|Breloom, F|100/100
|
|-weather|Sandstorm|[upkeep]
|-damage|p2a: Breloom|94/100|[from] Sandstorm
|-heal|p2a: Breloom|100/100|[from] item: Leftovers
|-heal|p1a: Claydol|64/100|[from] item: Leftovers
|upkeep
|turn|18
|
|t:|1728644511
|move|p2a: Breloom|Spore|p1a: Claydol
|-status|p1a: Claydol|slp|[from] move: Spore
|cant|p1a: Claydol|slp
|
|-weather|Sandstorm|[upkeep]
|-damage|p2a: Breloom|94/100|[from] Sandstorm
|-heal|p2a: Breloom|100/100|[from] item: Leftovers
|-heal|p1a: Claydol|70/100 slp|[from] item: Leftovers
|upkeep
|turn|19
|
|t:|1728644520
|-singleturn|p2a: Breloom|move: Focus Punch
|cant|p1a: Claydol|slp
|move|p2a: Breloom|Focus Punch|p1a: Claydol
|-resisted|p1a: Claydol
|-damage|p1a: Claydol|33/100 slp
|
|-weather|Sandstorm|[upkeep]
|-damage|p2a: Breloom|94/100|[from] Sandstorm
|-heal|p2a: Breloom|100/100|[from] item: Leftovers
|-heal|p1a: Claydol|39/100 slp|[from] item: Leftovers
|upkeep
|turn|20
|
|t:|1728644544
|move|p2a: Breloom|Sky Uppercut|p1a: Claydol
|-resisted|p1a: Claydol
|-damage|p1a: Claydol|18/100 slp
|-curestatus|p1a: Claydol|slp|[msg]
|move|p1a: Claydol|Psychic|p2a: Breloom
|-supereffective|p2a: Breloom
|-damage|p2a: Breloom|16/100
|
|-weather|Sandstorm|[upkeep]
|-damage|p2a: Breloom|10/100|[from] Sandstorm
|-heal|p2a: Breloom|16/100|[from] item: Leftovers
|-heal|p1a: Claydol|24/100|[from] item: Leftovers
|upkeep
|turn|21
|inactive|mint yerb has 210 seconds left.
|
|t:|1728644567
|switch|p1a: Snorlax|Snorlax, M|10/100
|move|p2a: Breloom|Spore|p1a: Snorlax
|-status|p1a: Snorlax|slp|[from] move: Spore
|
|-weather|Sandstorm|[upkeep]
|-damage|p2a: Breloom|10/100|[from] Sandstorm
|-damage|p1a: Snorlax|3/100 slp|[from] Sandstorm
|-heal|p2a: Breloom|16/100|[from] item: Leftovers
|-heal|p1a: Snorlax|10/100 slp|[from] item: Leftovers
|upkeep
|turn|22
|
|t:|1728644577
|switch|p1a: Metagross|Metagross|100/100
|move|p2a: Breloom|Sky Uppercut|p1a: Metagross|[miss]
|-miss|p2a: Breloom|p1a: Metagross
|
|-weather|Sandstorm|[upkeep]
|-damage|p2a: Breloom|10/100|[from] Sandstorm
|-heal|p2a: Breloom|16/100|[from] item: Leftovers
|upkeep
|turn|23
|
|t:|1728644584
|move|p2a: Breloom|Sky Uppercut|p1a: Metagross
|-damage|p1a: Metagross|71/100
|move|p1a: Metagross|Earthquake|p2a: Breloom
|-resisted|p2a: Breloom
|-damage|p2a: Breloom|0 fnt
|faint|p2a: Breloom
|
|t:|1728644588
|switch|p2a: Dugtrio|Dugtrio, M|100/100
|
|-weather|Sandstorm|[upkeep]
|-heal|p1a: Metagross|77/100|[from] item: Leftovers
|upkeep
|turn|24
|
|t:|1728644593
|move|p1a: Metagross|Protect|p1a: Metagross
|-singleturn|p1a: Metagross|Protect
|move|p2a: Dugtrio|Earthquake|p1a: Metagross
|-activate|p1a: Metagross|Protect
|
|-weather|Sandstorm|[upkeep]
|-heal|p1a: Metagross|83/100|[from] item: Leftovers
|upkeep
|turn|25
|inactive|mint yerb has 240 seconds left.
|
|t:|1728644627
|move|p2a: Dugtrio|Earthquake|p1a: Metagross
|-supereffective|p1a: Metagross
|-damage|p1a: Metagross|17/100
|move|p1a: Metagross|Meteor Mash|p2a: Dugtrio
|-damage|p2a: Dugtrio|0 fnt
|faint|p2a: Dugtrio
|
|t:|1728644629
|switch|p2a: Jirachi|Jirachi|100/100
|
|-weather|Sandstorm|[upkeep]
|-heal|p1a: Metagross|23/100|[from] item: Leftovers
|upkeep
|turn|26
|
|t:|1728644637
|move|p2a: Jirachi|Fire Punch|p1a: Metagross
|-supereffective|p1a: Metagross
|-damage|p1a: Metagross|0 fnt
|faint|p1a: Metagross
|
|t:|1728644640
|switch|p1a: Claydol|Claydol|24/100
|
|-weather|Sandstorm|[upkeep]
|-heal|p1a: Claydol|30/100|[from] item: Leftovers
|upkeep
|turn|27
|
|t:|1728644653
|switch|p1a: Snorlax|Snorlax, M|10/100 slp
|move|p2a: Jirachi|Hidden Power|p1a: Snorlax
|-damage|p1a: Snorlax|0 fnt
|faint|p1a: Snorlax
|
|t:|1728644657
|switch|p1a: Claydol|Claydol|30/100
|
|-weather|Sandstorm|[upkeep]
|-heal|p1a: Claydol|37/100|[from] item: Leftovers
|upkeep
|turn|28
|
|t:|1728644661
|move|p2a: Jirachi|Hidden Power|p1a: Claydol
|-supereffective|p1a: Claydol
|-damage|p1a: Claydol|0 fnt
|faint|p1a: Claydol
|
|win|Segale
|c|☆Segale|gg
|c|☆mint yerb|gg
|c|☆Segale|/log Segale made the replay of this battle unlisted.
|player|p2|
|player|p2|Segale|blue|
|player|p2|
|player|p2|Segale|blue|
|player|p2|

</script>
<script type="application/json" class="data" id="replaydata-smogtours-gen3ou-797139">
{"id":"smogtours-gen3ou-797139","format":"[Gen 3] OU","players":["mint yerb","Segale"],"uploadtime":1728644661,"views":155,"formatid":"gen3ou","rating":null,"private":1,"password":null}
</script>

<script defer src="js/replays.js?9d40a366"></script>
