<!DOCTYPE html>
<meta charset="utf-8" />
<meta name="viewport" content="width=device-width" />

<title>[Gen 3] OU: Chrisjde vs. Gulchittious Boi - Replays - Pok&eacute;mon Showdown!</title>

<meta name="description" content="Watch a replay of a Pok&eacute;mon battle between Chrisjde and Gulchittious Boi! Format: [Gen 3] OU; Date: Oct 6, 2024" />
<!--

Hey, you! Looking in the source for the replay log?

You can find them in JSON format, just add `.json` at the end of a replay URL.

https://replay.pokemonshowdown.com/gen7randomdoublesbattle-865046831.json

Or, if you only need the log itself, add `.log` instead:

https://replay.pokemonshowdown.com/gen7randomdoublesbattle-865046831.log

-->

<link rel="stylesheet" href="//pokemonshowdown.com/style/global.css?0.023195364461161105" />
<link rel="stylesheet" href="//play.pokemonshowdown.com/style/font-awesome.css?0.13261647063804238" />
<link rel="stylesheet" href="//play.pokemonshowdown.com/style/battle.css?0.8753245789963631" />
<link rel="stylesheet" href="//play.pokemonshowdown.com/style/utilichart.css?0.8627959624976733" />

<!-- Global site tag (gtag.js) - Google Analytics -->
<script async src="https://www.googletagmanager.com/gtag/js?id=UA-26211653-1"></script>
<script>
  window.dataLayer = window.dataLayer || [];
  function gtag(){dataLayer.push(arguments);}
  gtag('js', new Date());

  gtag('config', 'UA-26211653-1');
</script>
<!-- End Google Analytics -->
<!-- Venatus Ad Manager - Install in <HEAD> of page -->
	<script src="https://hb.vntsm.com/v3/live/ad-manager.min.js" type="text/javascript" data-site-id="642aba63ec9a7b11c3c9c1be" data-mode="scan" async></script>
<!-- / Venatus Ad Manager -->

<style>
	@media (max-width:820px) {
		.battle {
			margin: 0 auto;
		}
		.battle-log {
			margin: 7px auto 0;
			max-width: 640px;
			height: 300px;
			position: static;
		}
	}
	.optgroup {
		display: inline-block;
		line-height: 22px;
		font-size: 10pt;
	}
	.optgroup .button {
		height: 25px;
		padding-top: 0;
		padding-bottom: 0;
	}
	.optgroup button.button {
		padding-left: 12px;
		padding-right: 12px;
	}
	.linklist {
		list-style: none;
		margin: 0.5em 0;
		padding: 0;
	}
	.linklist li {
		padding: 2px 0;
	}
	.sidebar {
		float: left;
		width: 320px;
	}
	.bar-wrapper {
		max-width: 1100px;
		margin: 0 auto;
	}
	.bar-wrapper.has-sidebar {
		max-width: 1430px;
	}
	.mainbar {
		margin: 0;
		padding-right: 1px;
	}
	.mainbar.has-sidebar {
		margin-left: 330px;
	}
	@media (min-width: 1511px) {
		.sidebar {
			width: 400px;
		}
		.bar-wrapper.has-sidebar {
			max-width: 1510px;
		}
		.mainbar.has-sidebar {
			margin-left: 410px;
		}
	}
	.section.first-section {
		margin-top: 9px;
	}
	.blocklink small {
		white-space: normal;
	}
	.button {
		vertical-align: middle;
	}
	.replay-controls {
		padding-top: 10px;
	}
	.replay-controls h1 {
		font-size: 16pt;
		font-weight: normal;
		color: #CCC;
	}
	.pagelink {
		text-align: center;
	}
	.pagelink a {
		width: 150px;
	}
	.textbox, .button {
		font-size: 11pt;
		vertical-align: middle;
	}
	@media (max-width: 450px) {
		.button {
			font-size: 9pt;
		}
	}
</style>

<div>

	<header>
		<div class="nav-wrapper"><ul class="nav">
			<li><a class="button nav-first" href="//pokemonshowdown.com/"><img src="//pokemonshowdown.com/images/pokemonshowdownbeta.png" srcset="//pokemonshowdown.com/images/pokemonshowdownbeta.png 1x, //pokemonshowdown.com/images/pokemonshowdownbeta@2x.png 2x" alt="Pok&eacute;mon Showdown" width="146" height="44" /> Home</a></li>
			<li><a class="button" href="//pokemonshowdown.com/dex/">Pok&eacute;dex</a></li>
			<li><a class="button cur" href="/">Replays</a></li>
			<li><a class="button" href="//pokemonshowdown.com/ladder/">Ladder</a></li>
			<li><a class="button nav-last" href="//pokemonshowdown.com/forums/">Forum</a></li>
			<li><a class="button greenbutton nav-first nav-last" href="//play.pokemonshowdown.com/">Play</a></li>
		</ul></div>
	</header>

	<div class="main" id="main">

		<noscript><section class="section">You need to enable JavaScript to use this page; sorry!</section></noscript>

	</div>

</div>

<script defer nomodule src="//play.pokemonshowdown.com/js/lib/ps-polyfill.js"></script>
<script defer src="//play.pokemonshowdown.com/js/lib/preact.min.js"></script>

<script defer src="//play.pokemonshowdown.com/config/config.js?2bddbc15"></script>
<script defer src="//play.pokemonshowdown.com/js/lib/jquery-1.11.0.min.js"></script>
<script defer src="//play.pokemonshowdown.com/js/lib/html-sanitizer-minified.js"></script>
<script defer src="//play.pokemonshowdown.com/js/battle-sound.js"></script>
<script defer src="//play.pokemonshowdown.com/js/battledata.js?0.7209276989879541"></script>
<script defer src="//play.pokemonshowdown.com/data/pokedex-mini.js?0.6111056340867951"></script>
<script defer src="//play.pokemonshowdown.com/data/pokedex-mini-bw.js?0.3532142036491459"></script>
<script defer src="//play.pokemonshowdown.com/data/graphics.js?0.24223875632456182"></script>
<script defer src="//play.pokemonshowdown.com/data/pokedex.js?0.38839984266356864"></script>
<script defer src="//play.pokemonshowdown.com/data/moves.js?0.21866028504024015"></script>
<script defer src="//play.pokemonshowdown.com/data/abilities.js?0.2005157953846628"></script>
<script defer src="//play.pokemonshowdown.com/data/items.js?0.9894211263848525"></script>
<script defer src="//play.pokemonshowdown.com/data/teambuilder-tables.js?0.6008791140282215"></script>
<script defer src="//play.pokemonshowdown.com/js/battle-tooltips.js?0.7580118955022959"></script>
<script defer src="//play.pokemonshowdown.com/js/battle.js?0.6057722274234274"></script>

<script defer src="js/utils.js?e31f9a17"></script>
<script defer src="js/replays-battle.js?7008c182"></script>

<!-- don't scrape this data! just add .json or .log after the URL!
Full API docs: https://github.com/smogon/pokemon-showdown-client/blob/master/WEB-API.md -->
<script type="text/plain" class="log" id="replaylog-smogtours-gen3ou-795778">
|inactive|Battle timer is ON: inactive players will automatically lose when time's up.
|t:|1728237095
|gametype|singles
|player|p1|Chrisjde|rocketgrunt|
|player|p2|Gulchittious Boi|scientist-gen4dp|
|teamsize|p1|6
|teamsize|p2|6
|gen|3
|tier|[Gen 3] OU
|rule|Sleep Clause Mod: Limit one foe put to sleep
|rule|Switch Priority Clause Mod: Faster Pokémon switch first
|rule|Species Clause: Limit one of each Pokémon
|rule|OHKO Clause: OHKO moves are banned
|rule|Evasion Items Clause: Evasion items are banned
|rule|Evasion Moves Clause: Evasion moves are banned
|rule|Endless Battle Clause: Forcing endless battles is banned
|rule|HP Percentage Mod: HP is shown in percentages
|rule|One Boost Passer Clause: Limit one Baton Passer that has a way to boost its stats
|rule|Freeze Clause Mod: Limit one foe frozen
|
|t:|1728237095
|start
|switch|p1a: Suicune|Suicune|100/100
|switch|p2a: Zapdos|Zapdos|100/100
|turn|1
|
|t:|1728237109
|move|p2a: Zapdos|Thunderbolt|p1a: Suicune
|-supereffective|p1a: Suicune
|-damage|p1a: Suicune|16/100
|move|p1a: Suicune|Ice Beam|p2a: Zapdos
|-supereffective|p2a: Zapdos
|-damage|p2a: Zapdos|30/100
|
|-heal|p2a: Zapdos|37/100|[from] item: Leftovers
|-heal|p1a: Suicune|22/100|[from] item: Leftovers
|upkeep
|turn|2
|
|t:|1728237113
|switch|p1a: Snorlax|Snorlax, F|100/100
|move|p2a: Zapdos|Substitute|p2a: Zapdos
|-start|p2a: Zapdos|Substitute
|-damage|p2a: Zapdos|12/100
|
|-heal|p2a: Zapdos|18/100|[from] item: Leftovers
|upkeep
|turn|3
|
|t:|1728237117
|move|p2a: Zapdos|Baton Pass|p2a: Zapdos
|
|t:|1728237122
|switch|p2a: Breloom|Breloom, M|100/100|[from] Baton Pass
|move|p1a: Snorlax|Body Slam|p2a: Breloom
|-end|p2a: Breloom|Substitute
|
|upkeep
|turn|4
|
|t:|1728237132
|move|p2a: Breloom|Spore|p1a: Snorlax
|-status|p1a: Snorlax|slp|[from] move: Spore
|cant|p1a: Snorlax|slp
|
|upkeep
|turn|5
|
|t:|1728237135
|-singleturn|p2a: Breloom|move: Focus Punch
|switch|p1a: Salamence|Salamence, F|100/100
|-ability|p1a: Salamence|Intimidate|boost
|-unboost|p2a: Breloom|atk|1
|move|p2a: Breloom|Focus Punch|p1a: Salamence
|-resisted|p1a: Salamence
|-damage|p1a: Salamence|68/100
|
|-heal|p1a: Salamence|75/100|[from] item: Leftovers
|upkeep
|turn|6
|
|t:|1728237142
|switch|p2a: Snorlax|Snorlax, F|100/100
|move|p1a: Salamence|Fire Blast|p2a: Snorlax
|-damage|p2a: Snorlax|81/100
|
|-heal|p1a: Salamence|81/100|[from] item: Leftovers
|-heal|p2a: Snorlax|87/100|[from] item: Leftovers
|upkeep
|turn|7
|
|t:|1728237148
|switch|p1a: Metagross|Metagross|100/100
|move|p2a: Snorlax|Body Slam|p1a: Metagross
|-resisted|p1a: Metagross
|-damage|p1a: Metagross|85/100
|-status|p1a: Metagross|par
|
|-heal|p2a: Snorlax|93/100|[from] item: Leftovers
|-heal|p1a: Metagross|91/100 par|[from] item: Leftovers
|upkeep
|turn|8
|
|t:|1728237155
|switch|p2a: Metagross|Metagross|100/100
|move|p1a: Metagross|Meteor Mash|p2a: Metagross
|-resisted|p2a: Metagross
|-crit|p2a: Metagross
|-damage|p2a: Metagross|54/100
|
|-heal|p2a: Metagross|60/100|[from] item: Leftovers
|-heal|p1a: Metagross|97/100 par|[from] item: Leftovers
|upkeep
|turn|9
|
|t:|1728237162
|move|p2a: Metagross|Earthquake|p1a: Metagross
|-supereffective|p1a: Metagross
|-damage|p1a: Metagross|49/100 par
|cant|p1a: Metagross|par
|
|-heal|p2a: Metagross|66/100|[from] item: Leftovers
|-heal|p1a: Metagross|55/100 par|[from] item: Leftovers
|upkeep
|turn|10
|
|t:|1728237168
|move|p2a: Metagross|Earthquake|p1a: Metagross
|-supereffective|p1a: Metagross
|-crit|p1a: Metagross
|-damage|p1a: Metagross|0 fnt
|faint|p1a: Metagross
|
|t:|1728237174
|switch|p1a: Salamence|Salamence, F|81/100
|-ability|p1a: Salamence|Intimidate|boost
|-fail|p2a: Metagross|unboost|[from] ability: Clear Body|[of] p2a: Metagross
|
|-heal|p1a: Salamence|87/100|[from] item: Leftovers
|-heal|p2a: Metagross|72/100|[from] item: Leftovers
|upkeep
|turn|11
|
|t:|1728237184
|switch|p2a: Salamence|Salamence, F|100/100
|-ability|p2a: Salamence|Intimidate|boost
|-unboost|p1a: Salamence|atk|1
|move|p1a: Salamence|Fire Blast|p2a: Salamence
|-resisted|p2a: Salamence
|-damage|p2a: Salamence|76/100
|
|-heal|p1a: Salamence|93/100|[from] item: Leftovers
|-heal|p2a: Salamence|82/100|[from] item: Leftovers
|upkeep
|turn|12
|
|t:|1728237190
|switch|p1a: Steve Davis|Starmie|100/100
|move|p2a: Salamence|Dragon Claw|p1a: Steve Davis
|-damage|p1a: Steve Davis|44/100
|
|-heal|p1a: Steve Davis|50/100|[from] item: Leftovers
|-heal|p2a: Salamence|88/100|[from] item: Leftovers
|upkeep
|turn|13
|
|t:|1728237197
|switch|p1a: Snorlax|Snorlax, F|100/100 slp
|switch|p2a: Snorlax|Snorlax, F|93/100
|
|-heal|p2a: Snorlax|99/100|[from] item: Leftovers
|upkeep
|turn|14
|
|t:|1728237201
|cant|p1a: Snorlax|slp
|move|p2a: Snorlax|Body Slam|p1a: Snorlax
|-damage|p1a: Snorlax|66/100 slp
|
|-heal|p1a: Snorlax|72/100 slp|[from] item: Leftovers
|-heal|p2a: Snorlax|100/100|[from] item: Leftovers
|upkeep
|turn|15
|
|t:|1728237206
|switch|p2a: Metagross|Metagross|72/100
|cant|p1a: Snorlax|slp
|
|-heal|p2a: Metagross|78/100|[from] item: Leftovers
|-heal|p1a: Snorlax|78/100 slp|[from] item: Leftovers
|upkeep
|turn|16
|
|t:|1728237212
|switch|p1a: Magneton|Magneton|100/100
|move|p2a: Metagross|Explosion|p1a: Magneton
|-resisted|p1a: Magneton
|-damage|p1a: Magneton|0 fnt
|faint|p2a: Metagross
|faint|p1a: Magneton
|
|t:|1728237217
|switch|p1a: Snorlax|Snorlax, F|78/100 slp
|switch|p2a: Tyranitar|Tyranitar, M|100/100
|-weather|Sandstorm|[from] ability: Sand Stream|[of] p2a: Tyranitar
|
|-weather|Sandstorm|[upkeep]
|-damage|p1a: Snorlax|72/100 slp|[from] Sandstorm
|-heal|p1a: Snorlax|78/100 slp|[from] item: Leftovers
|upkeep
|turn|17
|
|t:|1728237221
|move|p2a: Tyranitar|Crunch|p1a: Snorlax
|-damage|p1a: Snorlax|55/100 slp
|-curestatus|p1a: Snorlax|slp|[msg]
|move|p1a: Snorlax|Self-Destruct|p2a: Tyranitar
|-resisted|p2a: Tyranitar
|-damage|p2a: Tyranitar|24/100
|faint|p1a: Snorlax
|
|t:|1728237224
|switch|p1a: Suicune|Suicune|22/100
|
|-weather|Sandstorm|[upkeep]
|-damage|p1a: Suicune|16/100|[from] Sandstorm
|-heal|p1a: Suicune|22/100|[from] item: Leftovers
|-heal|p2a: Tyranitar|30/100|[from] item: Leftovers
|upkeep
|turn|18
|
|t:|1728237232
|move|p1a: Suicune|Hydro Pump|p2a: Tyranitar
|-supereffective|p2a: Tyranitar
|-damage|p2a: Tyranitar|0 fnt
|faint|p2a: Tyranitar
|
|t:|1728237233
|switch|p2a: Zapdos|Zapdos|18/100
|
|-weather|Sandstorm|[upkeep]
|-damage|p2a: Zapdos|12/100|[from] Sandstorm
|-damage|p1a: Suicune|16/100|[from] Sandstorm
|-heal|p2a: Zapdos|18/100|[from] item: Leftovers
|-heal|p1a: Suicune|22/100|[from] item: Leftovers
|upkeep
|turn|19
|
|t:|1728237243
|move|p2a: Zapdos|Thunderbolt|p1a: Suicune
|-supereffective|p1a: Suicune
|-damage|p1a: Suicune|0 fnt
|faint|p1a: Suicune
|
|t:|1728237251
|switch|p1a: Steve Davis|Starmie|50/100
|
|-weather|Sandstorm|[upkeep]
|-damage|p1a: Steve Davis|44/100|[from] Sandstorm
|-damage|p2a: Zapdos|12/100|[from] Sandstorm
|-heal|p1a: Steve Davis|50/100|[from] item: Leftovers
|-heal|p2a: Zapdos|18/100|[from] item: Leftovers
|upkeep
|turn|20
|
|t:|1728237255
|switch|p2a: Breloom|Breloom, M|100/100
|move|p1a: Steve Davis|Ice Beam|p2a: Breloom
|-supereffective|p2a: Breloom
|-damage|p2a: Breloom|0 fnt
|faint|p2a: Breloom
|
|t:|1728237256
|switch|p2a: Snorlax|Snorlax, F|100/100
|
|-weather|Sandstorm|[upkeep]
|-damage|p1a: Steve Davis|44/100|[from] Sandstorm
|-damage|p2a: Snorlax|94/100|[from] Sandstorm
|-heal|p1a: Steve Davis|50/100|[from] item: Leftovers
|-heal|p2a: Snorlax|100/100|[from] item: Leftovers
|upkeep
|turn|21
|
|t:|1728237267
|switch|p1a: Salamence|Salamence, F|93/100
|-ability|p1a: Salamence|Intimidate|boost
|-unboost|p2a: Snorlax|atk|1
|move|p2a: Snorlax|Body Slam|p1a: Salamence
|-damage|p1a: Salamence|63/100
|
|-weather|Sandstorm|[upkeep]
|-damage|p1a: Salamence|57/100|[from] Sandstorm
|-damage|p2a: Snorlax|94/100|[from] Sandstorm
|-heal|p1a: Salamence|63/100|[from] item: Leftovers
|-heal|p2a: Snorlax|100/100|[from] item: Leftovers
|upkeep
|turn|22
|
|t:|1728237273
|switch|p2a: Zapdos|Zapdos|18/100
|move|p1a: Salamence|Dragon Claw|p2a: Zapdos
|-damage|p2a: Zapdos|0 fnt
|faint|p2a: Zapdos
|
|t:|1728237275
|switch|p2a: Salamence|Salamence, F|88/100
|-ability|p2a: Salamence|Intimidate|boost
|-unboost|p1a: Salamence|atk|1
|
|-weather|Sandstorm|[upkeep]
|-damage|p1a: Salamence|57/100|[from] Sandstorm
|-damage|p2a: Salamence|82/100|[from] Sandstorm
|-heal|p1a: Salamence|63/100|[from] item: Leftovers
|-heal|p2a: Salamence|88/100|[from] item: Leftovers
|upkeep
|turn|23
|
|t:|1728237281
|move|p1a: Salamence|Dragon Claw|p2a: Salamence
|-supereffective|p2a: Salamence
|-damage|p2a: Salamence|0 fnt
|faint|p2a: Salamence
|
|t:|1728237284
|switch|p2a: Snorlax|Snorlax, F|100/100
|
|-weather|Sandstorm|[upkeep]
|-damage|p1a: Salamence|57/100|[from] Sandstorm
|-damage|p2a: Snorlax|94/100|[from] Sandstorm
|-heal|p1a: Salamence|63/100|[from] item: Leftovers
|-heal|p2a: Snorlax|100/100|[from] item: Leftovers
|upkeep
|turn|24
|
|t:|1728237292
|move|p1a: Salamence|Dragon Claw|p2a: Snorlax
|-damage|p2a: Snorlax|80/100
|move|p2a: Snorlax|Body Slam|p1a: Salamence
|-damage|p1a: Salamence|12/100
|
|-weather|Sandstorm|[upkeep]
|-damage|p1a: Salamence|6/100|[from] Sandstorm
|-damage|p2a: Snorlax|73/100|[from] Sandstorm
|-heal|p1a: Salamence|12/100|[from] item: Leftovers
|-heal|p2a: Snorlax|80/100|[from] item: Leftovers
|upkeep
|turn|25
|
|t:|1728237295
|move|p1a: Salamence|Fire Blast|p2a: Snorlax
|-damage|p2a: Snorlax|60/100
|move|p2a: Snorlax|Body Slam|p1a: Salamence
|-damage|p1a: Salamence|0 fnt
|faint|p1a: Salamence
|
|t:|1728237298
|switch|p1a: Steve Davis|Starmie|50/100
|
|-weather|Sandstorm|[upkeep]
|-damage|p1a: Steve Davis|44/100|[from] Sandstorm
|-damage|p2a: Snorlax|54/100|[from] Sandstorm
|-heal|p1a: Steve Davis|50/100|[from] item: Leftovers
|-heal|p2a: Snorlax|60/100|[from] item: Leftovers
|upkeep
|turn|26
|c|☆Chrisjde|Gg
|
|t:|1728237309
|move|p1a: Steve Davis|Hydro Pump|p2a: Snorlax
|-damage|p2a: Snorlax|29/100
|move|p2a: Snorlax|Self-Destruct|p1a: Steve Davis
|-damage|p1a: Steve Davis|0 fnt
|faint|p2a: Snorlax
|faint|p1a: Steve Davis
|
|tie
|c|☆Chrisjde|Lmao
|c|☆Chrisjde|Does that make it 2-0 or 1-0-1?

</script>
<script type="application/json" class="data" id="replaydata-smogtours-gen3ou-795778">
{"id":"smogtours-gen3ou-795778","format":"[Gen 3] OU","players":["Chrisjde","Gulchittious Boi"],"uploadtime":1728237309,"views":92,"formatid":"gen3ou","rating":null,"private":0,"password":null}
</script>

<script defer src="js/replays.js?9d40a366"></script>
