<!DOCTYPE html>
<meta charset="utf-8" />
<meta name="viewport" content="width=device-width" />

<title>[Gen 3] OU: vbncvx vs. justifine - Replays - Pok&eacute;mon Showdown!</title>

<meta name="description" content="Watch a replay of a Pok&eacute;mon battle between vbncvx and justifine! Format: [Gen 3] OU; Date: Oct 26, 2024" />
<!--

Hey, you! Looking in the source for the replay log?

You can find them in JSON format, just add `.json` at the end of a replay URL.

https://replay.pokemonshowdown.com/gen7randomdoublesbattle-865046831.json

Or, if you only need the log itself, add `.log` instead:

https://replay.pokemonshowdown.com/gen7randomdoublesbattle-865046831.log

-->

<link rel="stylesheet" href="//pokemonshowdown.com/style/global.css?0.023195364461161105" />
<link rel="stylesheet" href="//play.pokemonshowdown.com/style/font-awesome.css?0.13261647063804238" />
<link rel="stylesheet" href="//play.pokemonshowdown.com/style/battle.css?0.8753245789963631" />
<link rel="stylesheet" href="//play.pokemonshowdown.com/style/utilichart.css?0.8627959624976733" />

<!-- Global site tag (gtag.js) - Google Analytics -->
<script async src="https://www.googletagmanager.com/gtag/js?id=UA-26211653-1"></script>
<script>
  window.dataLayer = window.dataLayer || [];
  function gtag(){dataLayer.push(arguments);}
  gtag('js', new Date());

  gtag('config', 'UA-26211653-1');
</script>
<!-- End Google Analytics -->
<!-- Venatus Ad Manager - Install in <HEAD> of page -->
	<script src="https://hb.vntsm.com/v3/live/ad-manager.min.js" type="text/javascript" data-site-id="642aba63ec9a7b11c3c9c1be" data-mode="scan" async></script>
<!-- / Venatus Ad Manager -->

<style>
	@media (max-width:820px) {
		.battle {
			margin: 0 auto;
		}
		.battle-log {
			margin: 7px auto 0;
			max-width: 640px;
			height: 300px;
			position: static;
		}
	}
	.optgroup {
		display: inline-block;
		line-height: 22px;
		font-size: 10pt;
	}
	.optgroup .button {
		height: 25px;
		padding-top: 0;
		padding-bottom: 0;
	}
	.optgroup button.button {
		padding-left: 12px;
		padding-right: 12px;
	}
	.linklist {
		list-style: none;
		margin: 0.5em 0;
		padding: 0;
	}
	.linklist li {
		padding: 2px 0;
	}
	.sidebar {
		float: left;
		width: 320px;
	}
	.bar-wrapper {
		max-width: 1100px;
		margin: 0 auto;
	}
	.bar-wrapper.has-sidebar {
		max-width: 1430px;
	}
	.mainbar {
		margin: 0;
		padding-right: 1px;
	}
	.mainbar.has-sidebar {
		margin-left: 330px;
	}
	@media (min-width: 1511px) {
		.sidebar {
			width: 400px;
		}
		.bar-wrapper.has-sidebar {
			max-width: 1510px;
		}
		.mainbar.has-sidebar {
			margin-left: 410px;
		}
	}
	.section.first-section {
		margin-top: 9px;
	}
	.blocklink small {
		white-space: normal;
	}
	.button {
		vertical-align: middle;
	}
	.replay-controls {
		padding-top: 10px;
	}
	.replay-controls h1 {
		font-size: 16pt;
		font-weight: normal;
		color: #CCC;
	}
	.pagelink {
		text-align: center;
	}
	.pagelink a {
		width: 150px;
	}
	.textbox, .button {
		font-size: 11pt;
		vertical-align: middle;
	}
	@media (max-width: 450px) {
		.button {
			font-size: 9pt;
		}
	}
</style>

<div>

	<header>
		<div class="nav-wrapper"><ul class="nav">
			<li><a class="button nav-first" href="//pokemonshowdown.com/"><img src="//pokemonshowdown.com/images/pokemonshowdownbeta.png" srcset="//pokemonshowdown.com/images/pokemonshowdownbeta.png 1x, //pokemonshowdown.com/images/pokemonshowdownbeta@2x.png 2x" alt="Pok&eacute;mon Showdown" width="146" height="44" /> Home</a></li>
			<li><a class="button" href="//pokemonshowdown.com/dex/">Pok&eacute;dex</a></li>
			<li><a class="button cur" href="/">Replays</a></li>
			<li><a class="button" href="//pokemonshowdown.com/ladder/">Ladder</a></li>
			<li><a class="button nav-last" href="//pokemonshowdown.com/forums/">Forum</a></li>
			<li><a class="button greenbutton nav-first nav-last" href="//play.pokemonshowdown.com/">Play</a></li>
		</ul></div>
	</header>

	<div class="main" id="main">

		<noscript><section class="section">You need to enable JavaScript to use this page; sorry!</section></noscript>

	</div>

</div>

<script defer nomodule src="//play.pokemonshowdown.com/js/lib/ps-polyfill.js"></script>
<script defer src="//play.pokemonshowdown.com/js/lib/preact.min.js"></script>

<script defer src="//play.pokemonshowdown.com/config/config.js?2bddbc15"></script>
<script defer src="//play.pokemonshowdown.com/js/lib/jquery-1.11.0.min.js"></script>
<script defer src="//play.pokemonshowdown.com/js/lib/html-sanitizer-minified.js"></script>
<script defer src="//play.pokemonshowdown.com/js/battle-sound.js"></script>
<script defer src="//play.pokemonshowdown.com/js/battledata.js?0.7209276989879541"></script>
<script defer src="//play.pokemonshowdown.com/data/pokedex-mini.js?0.6111056340867951"></script>
<script defer src="//play.pokemonshowdown.com/data/pokedex-mini-bw.js?0.3532142036491459"></script>
<script defer src="//play.pokemonshowdown.com/data/graphics.js?0.24223875632456182"></script>
<script defer src="//play.pokemonshowdown.com/data/pokedex.js?0.38839984266356864"></script>
<script defer src="//play.pokemonshowdown.com/data/moves.js?0.21866028504024015"></script>
<script defer src="//play.pokemonshowdown.com/data/abilities.js?0.2005157953846628"></script>
<script defer src="//play.pokemonshowdown.com/data/items.js?0.9894211263848525"></script>
<script defer src="//play.pokemonshowdown.com/data/teambuilder-tables.js?0.6008791140282215"></script>
<script defer src="//play.pokemonshowdown.com/js/battle-tooltips.js?0.7580118955022959"></script>
<script defer src="//play.pokemonshowdown.com/js/battle.js?0.6057722274234274"></script>

<script defer src="js/utils.js?e31f9a17"></script>
<script defer src="js/replays-battle.js?7008c182"></script>

<!-- don't scrape this data! just add .json or .log after the URL!
Full API docs: https://github.com/smogon/pokemon-showdown-client/blob/master/WEB-API.md -->
<script type="text/plain" class="log" id="replaylog-smogtours-gen3ou-802023">
|inactive|Battle timer is ON: inactive players will automatically lose when time's up.
|t:|1729907868
|gametype|singles
|player|p1|vbncvx|170|
|player|p2|justifine|rocketgruntf-gen2|
|teamsize|p1|6
|teamsize|p2|6
|gen|3
|tier|[Gen 3] OU
|rule|Sleep Clause Mod: Limit one foe put to sleep
|rule|Switch Priority Clause Mod: Faster Pokémon switch first
|rule|Species Clause: Limit one of each Pokémon
|rule|OHKO Clause: OHKO moves are banned
|rule|Evasion Items Clause: Evasion items are banned
|rule|Evasion Moves Clause: Evasion moves are banned
|rule|Endless Battle Clause: Forcing endless battles is banned
|rule|HP Percentage Mod: HP is shown in percentages
|rule|One Boost Passer Clause: Limit one Baton Passer that has a way to boost its stats
|rule|Freeze Clause Mod: Limit one foe frozen
|
|t:|1729907868
|start
|switch|p1a: Tyranitar|Tyranitar, M|100/100
|switch|p2a: Tyranitar|Tyranitar, M|100/100
|-weather|Sandstorm|[from] ability: Sand Stream|[of] p2a: Tyranitar
|turn|1
|
|t:|1729907885
|move|p2a: Tyranitar|Brick Break|p1a: Tyranitar
|-supereffective|p1a: Tyranitar
|-damage|p1a: Tyranitar|7/100
|move|p1a: Tyranitar|Brick Break|p2a: Tyranitar
|-supereffective|p2a: Tyranitar
|-damage|p2a: Tyranitar|13/100
|
|-weather|Sandstorm|[upkeep]
|-heal|p1a: Tyranitar|13/100|[from] item: Leftovers
|upkeep
|turn|2
|
|t:|1729907894
|move|p2a: Tyranitar|Brick Break|p1a: Tyranitar
|-supereffective|p1a: Tyranitar
|-damage|p1a: Tyranitar|0 fnt
|faint|p1a: Tyranitar
|
|t:|1729907902
|switch|p1a: Flygon|Flygon, M|100/100
|
|-weather|Sandstorm|[upkeep]
|upkeep
|turn|3
|
|t:|1729907924
|switch|p2a: Skarmory|Skarmory, M|100/100
|move|p1a: Flygon|Earthquake|p2a: Skarmory
|-immune|p2a: Skarmory
|
|-weather|Sandstorm|[upkeep]
|upkeep
|turn|4
|
|t:|1729907932
|switch|p1a: Skarmory|Skarmory, M|100/100
|move|p2a: Skarmory|Spikes|p1a: Skarmory
|-sidestart|p1: vbncvx|Spikes
|
|-weather|Sandstorm|[upkeep]
|upkeep
|turn|5
|
|t:|1729907945
|switch|p2a: Moltres|Moltres|100/100
|move|p1a: Skarmory|Spikes|p2a: Moltres
|-sidestart|p2: justifine|Spikes
|
|-weather|Sandstorm|[upkeep]
|-damage|p2a: Moltres|94/100|[from] Sandstorm
|-heal|p2a: Moltres|100/100|[from] item: Leftovers
|upkeep
|turn|6
|
|t:|1729907959
|switch|p1a: Zapdos|Zapdos|100/100
|move|p2a: Moltres|Flamethrower|p1a: Zapdos
|-damage|p1a: Zapdos|66/100
|
|-weather|Sandstorm|[upkeep]
|-damage|p2a: Moltres|94/100|[from] Sandstorm
|-damage|p1a: Zapdos|60/100|[from] Sandstorm
|-heal|p2a: Moltres|100/100|[from] item: Leftovers
|-heal|p1a: Zapdos|66/100|[from] item: Leftovers
|upkeep
|turn|7
|
|t:|1729907966
|switch|p2a: Celebi|Celebi|100/100
|-damage|p2a: Celebi|88/100|[from] Spikes
|move|p1a: Zapdos|Roar|p2a: Celebi
|drag|p2a: Skarmory|Skarmory, M|100/100
|
|-weather|Sandstorm|[upkeep]
|-damage|p1a: Zapdos|60/100|[from] Sandstorm
|-heal|p1a: Zapdos|66/100|[from] item: Leftovers
|upkeep
|turn|8
|
|t:|1729907977
|switch|p2a: Celebi|Celebi|88/100
|-damage|p2a: Celebi|76/100|[from] Spikes
|move|p1a: Zapdos|Roar|p2a: Celebi
|drag|p2a: Tyranitar|Tyranitar, M|13/100
|-damage|p2a: Tyranitar|1/100|[from] Spikes
|
|-weather|Sandstorm|[upkeep]
|-damage|p1a: Zapdos|60/100|[from] Sandstorm
|-heal|p1a: Zapdos|66/100|[from] item: Leftovers
|upkeep
|turn|9
|
|t:|1729907985
|move|p1a: Zapdos|Thunderbolt|p2a: Tyranitar
|-damage|p2a: Tyranitar|0 fnt
|faint|p2a: Tyranitar
|
|t:|1729907988
|switch|p2a: Celebi|Celebi|76/100
|-damage|p2a: Celebi|63/100|[from] Spikes
|
|-weather|Sandstorm|[upkeep]
|-damage|p2a: Celebi|57/100|[from] Sandstorm
|-damage|p1a: Zapdos|60/100|[from] Sandstorm
|-heal|p2a: Celebi|63/100|[from] item: Leftovers
|-heal|p1a: Zapdos|66/100|[from] item: Leftovers
|upkeep
|turn|10
|
|t:|1729907997
|switch|p1a: Skarmory|Skarmory, M|100/100
|move|p2a: Celebi|Leech Seed|p1a: Skarmory
|-start|p1a: Skarmory|move: Leech Seed
|
|-weather|Sandstorm|[upkeep]
|-damage|p2a: Celebi|57/100|[from] Sandstorm
|-heal|p2a: Celebi|63/100|[from] item: Leftovers
|-damage|p1a: Skarmory|88/100|[from] Leech Seed|[of] p2a: Celebi
|-heal|p2a: Celebi|74/100|[silent]
|upkeep
|turn|11
|
|t:|1729908007
|move|p2a: Celebi|Hidden Power|p1a: Skarmory
|-supereffective|p1a: Skarmory
|-damage|p1a: Skarmory|55/100
|move|p1a: Skarmory|Spikes|p2a: Celebi
|-sidestart|p2: justifine|Spikes
|
|-weather|Sandstorm|[upkeep]
|-damage|p2a: Celebi|67/100|[from] Sandstorm
|-heal|p2a: Celebi|74/100|[from] item: Leftovers
|-heal|p1a: Skarmory|61/100|[from] item: Leftovers
|-damage|p1a: Skarmory|48/100|[from] Leech Seed|[of] p2a: Celebi
|-heal|p2a: Celebi|84/100|[silent]
|upkeep
|turn|12
|
|t:|1729908016
|switch|p1a: Jirachi|Jirachi|100/100
|-damage|p1a: Jirachi|88/100|[from] Spikes
|move|p2a: Celebi|Hidden Power|p1a: Jirachi
|-supereffective|p1a: Jirachi
|-damage|p1a: Jirachi|66/100
|
|-weather|Sandstorm|[upkeep]
|-damage|p2a: Celebi|77/100|[from] Sandstorm
|-heal|p2a: Celebi|84/100|[from] item: Leftovers
|-heal|p1a: Jirachi|72/100|[from] item: Leftovers
|upkeep
|turn|13
|
|t:|1729908026
|move|p2a: Celebi|Leech Seed|p1a: Jirachi
|-start|p1a: Jirachi|move: Leech Seed
|move|p1a: Jirachi|Toxic|p2a: Celebi
|-status|p2a: Celebi|tox
|
|-weather|Sandstorm|[upkeep]
|-damage|p2a: Celebi|77/100 tox|[from] Sandstorm
|-heal|p2a: Celebi|84/100 tox|[from] item: Leftovers
|-damage|p2a: Celebi|77/100 tox|[from] psn
|-heal|p1a: Jirachi|78/100|[from] item: Leftovers
|-damage|p1a: Jirachi|66/100|[from] Leech Seed|[of] p2a: Celebi
|-heal|p2a: Celebi|90/100 tox|[silent]
|upkeep
|turn|14
|
|t:|1729908032
|move|p2a: Celebi|Hidden Power|p1a: Jirachi
|-supereffective|p1a: Jirachi
|-damage|p1a: Jirachi|42/100
|move|p1a: Jirachi|Wish|p1a: Jirachi
|
|-weather|Sandstorm|[upkeep]
|-damage|p2a: Celebi|84/100 tox|[from] Sandstorm
|-heal|p2a: Celebi|90/100 tox|[from] item: Leftovers
|-damage|p2a: Celebi|77/100 tox|[from] psn
|-heal|p1a: Jirachi|48/100|[from] item: Leftovers
|-damage|p1a: Jirachi|36/100|[from] Leech Seed|[of] p2a: Celebi
|-heal|p2a: Celebi|90/100 tox|[silent]
|upkeep
|turn|15
|
|t:|1729908039
|-curestatus|p2a: Celebi|tox|[from] ability: Natural Cure
|switch|p2a: Skarmory|Skarmory, M|100/100
|switch|p1a: Skarmory|Skarmory, M|48/100
|
|-heal|p1a: Skarmory|98/100|[from] move: Wish|[wisher] Jirachi
|-weather|Sandstorm|[upkeep]
|-heal|p1a: Skarmory|100/100|[from] item: Leftovers
|upkeep
|turn|16
|
|t:|1729908044
|move|p1a: Skarmory|Spikes|p2a: Skarmory
|-sidestart|p2: justifine|Spikes
|move|p2a: Skarmory|Spikes|p1a: Skarmory
|-sidestart|p1: vbncvx|Spikes
|
|-weather|Sandstorm|[upkeep]
|upkeep
|turn|17
|
|t:|1729908048
|switch|p1a: Jirachi|Jirachi|36/100
|-damage|p1a: Jirachi|19/100|[from] Spikes
|move|p2a: Skarmory|Spikes|p1a: Jirachi
|-sidestart|p1: vbncvx|Spikes
|
|-weather|Sandstorm|[upkeep]
|-heal|p1a: Jirachi|25/100|[from] item: Leftovers
|upkeep
|turn|18
|
|t:|1729908058
|move|p1a: Jirachi|Protect|p1a: Jirachi
|-singleturn|p1a: Jirachi|Protect
|move|p2a: Skarmory|Roar|p1a: Jirachi
|-activate|p1a: Jirachi|Protect
|
|-weather|Sandstorm|[upkeep]
|-heal|p1a: Jirachi|31/100|[from] item: Leftovers
|upkeep
|turn|19
|
|t:|1729908064
|move|p1a: Jirachi|Fire Punch|p2a: Skarmory
|-supereffective|p2a: Skarmory
|-damage|p2a: Skarmory|71/100
|move|p2a: Skarmory|Roar|p1a: Jirachi
|drag|p1a: Skarmory|Skarmory, M|100/100
|
|-weather|Sandstorm|[upkeep]
|-heal|p2a: Skarmory|77/100|[from] item: Leftovers
|upkeep
|turn|20
|
|t:|1729908074
|move|p1a: Skarmory|Roar|p2a: Skarmory
|drag|p2a: Swampert|Swampert, M|100/100
|-damage|p2a: Swampert|76/100|[from] Spikes
|
|-weather|Sandstorm|[upkeep]
|-heal|p2a: Swampert|82/100|[from] item: Leftovers
|upkeep
|turn|21
|
|t:|1729908090
|switch|p2a: Gengar|Gengar, M|100/100
|move|p1a: Skarmory|Drill Peck|p2a: Gengar
|-damage|p2a: Gengar|61/100
|
|-weather|Sandstorm|[upkeep]
|-damage|p2a: Gengar|55/100|[from] Sandstorm
|-heal|p2a: Gengar|61/100|[from] item: Leftovers
|upkeep
|turn|22
|
|t:|1729908115
|switch|p1a: Zapdos|Zapdos|66/100
|move|p2a: Gengar|Thunderbolt|p1a: Zapdos
|-damage|p1a: Zapdos|45/100
|
|-weather|Sandstorm|[upkeep]
|-damage|p2a: Gengar|55/100|[from] Sandstorm
|-damage|p1a: Zapdos|39/100|[from] Sandstorm
|-heal|p2a: Gengar|61/100|[from] item: Leftovers
|-heal|p1a: Zapdos|45/100|[from] item: Leftovers
|upkeep
|turn|23
|
|t:|1729908126
|switch|p2a: Celebi|Celebi|90/100
|-damage|p2a: Celebi|65/100|[from] Spikes
|move|p1a: Zapdos|Rest|p1a: Zapdos
|-status|p1a: Zapdos|slp|[from] move: Rest
|-heal|p1a: Zapdos|100/100 slp|[silent]
|
|-weather|Sandstorm|[upkeep]
|-damage|p2a: Celebi|59/100|[from] Sandstorm
|-damage|p1a: Zapdos|94/100 slp|[from] Sandstorm
|-heal|p2a: Celebi|65/100|[from] item: Leftovers
|-heal|p1a: Zapdos|100/100 slp|[from] item: Leftovers
|upkeep
|turn|24
|
|t:|1729908135
|move|p2a: Celebi|Leech Seed|p1a: Zapdos
|-start|p1a: Zapdos|move: Leech Seed
|cant|p1a: Zapdos|slp
|move|p1a: Zapdos|Sleep Talk|p1a: Zapdos
|move|p1a: Zapdos|Roar|p2a: Celebi|[from]Sleep Talk
|drag|p2a: Moltres|Moltres|100/100
|
|-weather|Sandstorm|[upkeep]
|-damage|p2a: Moltres|94/100|[from] Sandstorm
|-damage|p1a: Zapdos|94/100 slp|[from] Sandstorm
|-heal|p2a: Moltres|100/100|[from] item: Leftovers
|-heal|p1a: Zapdos|100/100 slp|[from] item: Leftovers
|-damage|p1a: Zapdos|88/100 slp|[from] Leech Seed|[of] p2a: Moltres
|upkeep
|turn|25
|
|t:|1729908142
|switch|p2a: Swampert|Swampert, M|82/100
|-damage|p2a: Swampert|57/100|[from] Spikes
|cant|p1a: Zapdos|slp
|move|p1a: Zapdos|Sleep Talk|p1a: Zapdos
|move|p1a: Zapdos|Rest|p1a: Zapdos|[from]Sleep Talk
|
|-weather|Sandstorm|[upkeep]
|-damage|p1a: Zapdos|82/100 slp|[from] Sandstorm
|-heal|p1a: Zapdos|88/100 slp|[from] item: Leftovers
|-damage|p1a: Zapdos|75/100 slp|[from] Leech Seed|[of] p2a: Swampert
|-heal|p2a: Swampert|69/100|[silent]
|-heal|p2a: Swampert|75/100|[from] item: Leftovers
|upkeep
|turn|26
|
|t:|1729908157
|move|p2a: Swampert|Hydro Pump|p1a: Zapdos|[miss]
|-miss|p2a: Swampert|p1a: Zapdos
|-curestatus|p1a: Zapdos|slp|[msg]
|move|p1a: Zapdos|Roar|p2a: Swampert
|drag|p2a: Celebi|Celebi|65/100
|-damage|p2a: Celebi|40/100|[from] Spikes
|
|-weather|Sandstorm|[upkeep]
|-damage|p2a: Celebi|34/100|[from] Sandstorm
|-damage|p1a: Zapdos|69/100|[from] Sandstorm
|-heal|p2a: Celebi|40/100|[from] item: Leftovers
|-heal|p1a: Zapdos|75/100|[from] item: Leftovers
|-damage|p1a: Zapdos|63/100|[from] Leech Seed|[of] p2a: Celebi
|-heal|p2a: Celebi|52/100|[silent]
|upkeep
|turn|27
|
|t:|1729908174
|switch|p1a: Gengar|Gengar, F|100/100
|move|p2a: Celebi|Recover|p2a: Celebi
|-heal|p2a: Celebi|100/100
|
|-weather|Sandstorm|[upkeep]
|-damage|p1a: Gengar|94/100|[from] Sandstorm
|-damage|p2a: Celebi|94/100|[from] Sandstorm
|-heal|p1a: Gengar|100/100|[from] item: Leftovers
|-heal|p2a: Celebi|100/100|[from] item: Leftovers
|upkeep
|turn|28
|
|t:|1729908184
|move|p1a: Gengar|Will-O-Wisp|p2a: Celebi
|-status|p2a: Celebi|brn
|move|p2a: Celebi|Leech Seed|p1a: Gengar
|-start|p1a: Gengar|move: Leech Seed
|
|-weather|Sandstorm|[upkeep]
|-damage|p1a: Gengar|94/100|[from] Sandstorm
|-damage|p2a: Celebi|94/100 brn|[from] Sandstorm
|-heal|p1a: Gengar|100/100|[from] item: Leftovers
|-damage|p1a: Gengar|88/100|[from] Leech Seed|[of] p2a: Celebi
|-heal|p2a: Celebi|100/100 brn|[silent]
|-damage|p2a: Celebi|88/100 brn|[from] brn
|upkeep
|turn|29
|
|t:|1729908195
|switch|p1a: Skarmory|Skarmory, M|100/100
|move|p2a: Celebi|Hidden Power|p1a: Skarmory
|-supereffective|p1a: Skarmory
|-damage|p1a: Skarmory|68/100
|
|-weather|Sandstorm|[upkeep]
|-damage|p2a: Celebi|82/100 brn|[from] Sandstorm
|-heal|p2a: Celebi|88/100 brn|[from] item: Leftovers
|-damage|p2a: Celebi|76/100 brn|[from] brn
|-heal|p1a: Skarmory|74/100|[from] item: Leftovers
|upkeep
|turn|30
|inactive|vbncvx has 270 seconds left.
|
|t:|1729908226
|-curestatus|p2a: Celebi|brn|[from] ability: Natural Cure
|switch|p2a: Moltres|Moltres|100/100
|move|p1a: Skarmory|Protect||[still]
|-fail|p1a: Skarmory
|
|-weather|Sandstorm|[upkeep]
|-damage|p2a: Moltres|94/100|[from] Sandstorm
|-heal|p2a: Moltres|100/100|[from] item: Leftovers
|-heal|p1a: Skarmory|80/100|[from] item: Leftovers
|upkeep
|turn|31
|
|t:|1729908235
|switch|p1a: Flygon|Flygon, M|100/100
|move|p2a: Moltres|Roar|p1a: Flygon
|drag|p1a: Jirachi|Jirachi|31/100
|-damage|p1a: Jirachi|6/100|[from] Spikes
|
|-weather|Sandstorm|[upkeep]
|-damage|p2a: Moltres|94/100|[from] Sandstorm
|-heal|p2a: Moltres|100/100|[from] item: Leftovers
|-heal|p1a: Jirachi|13/100|[from] item: Leftovers
|upkeep
|turn|32
|
|t:|1729908246
|move|p2a: Moltres|Flamethrower|p1a: Jirachi
|-supereffective|p1a: Jirachi
|-damage|p1a: Jirachi|0 fnt
|faint|p1a: Jirachi
|
|t:|1729908251
|switch|p1a: Flygon|Flygon, M|100/100
|
|-weather|Sandstorm|[upkeep]
|-damage|p2a: Moltres|94/100|[from] Sandstorm
|-heal|p2a: Moltres|100/100|[from] item: Leftovers
|upkeep
|turn|33
|
|t:|1729908256
|switch|p2a: Skarmory|Skarmory, M|77/100
|move|p1a: Flygon|Rock Slide|p2a: Skarmory
|-damage|p2a: Skarmory|62/100
|
|-weather|Sandstorm|[upkeep]
|-heal|p2a: Skarmory|68/100|[from] item: Leftovers
|upkeep
|turn|34
|
|t:|1729908264
|switch|p1a: Gengar|Gengar, F|88/100
|move|p2a: Skarmory|Toxic|p1a: Gengar
|-immune|p1a: Gengar
|
|-weather|Sandstorm|[upkeep]
|-damage|p1a: Gengar|82/100|[from] Sandstorm
|-heal|p1a: Gengar|88/100|[from] item: Leftovers
|-heal|p2a: Skarmory|74/100|[from] item: Leftovers
|upkeep
|turn|35
|
|t:|1729908269
|move|p2a: Skarmory|Protect|p2a: Skarmory
|-singleturn|p2a: Skarmory|Protect
|move|p1a: Gengar|Will-O-Wisp|p2a: Skarmory
|-activate|p2a: Skarmory|Protect
|
|-weather|Sandstorm|[upkeep]
|-damage|p1a: Gengar|82/100|[from] Sandstorm
|-heal|p1a: Gengar|88/100|[from] item: Leftovers
|-heal|p2a: Skarmory|80/100|[from] item: Leftovers
|upkeep
|turn|36
|
|t:|1729908279
|switch|p2a: Moltres|Moltres|100/100
|move|p1a: Gengar|Will-O-Wisp|p2a: Moltres
|-immune|p2a: Moltres
|
|-weather|Sandstorm|[upkeep]
|-damage|p1a: Gengar|82/100|[from] Sandstorm
|-damage|p2a: Moltres|94/100|[from] Sandstorm
|-heal|p1a: Gengar|88/100|[from] item: Leftovers
|-heal|p2a: Moltres|100/100|[from] item: Leftovers
|upkeep
|turn|37
|
|t:|1729908291
|switch|p1a: Zapdos|Zapdos|63/100
|move|p2a: Moltres|Flamethrower|p1a: Zapdos
|-damage|p1a: Zapdos|27/100
|
|-weather|Sandstorm|[upkeep]
|-damage|p2a: Moltres|94/100|[from] Sandstorm
|-damage|p1a: Zapdos|21/100|[from] Sandstorm
|-heal|p2a: Moltres|100/100|[from] item: Leftovers
|-heal|p1a: Zapdos|27/100|[from] item: Leftovers
|upkeep
|turn|38
|
|t:|1729908301
|switch|p2a: Celebi|Celebi|76/100
|-damage|p2a: Celebi|51/100|[from] Spikes
|switch|p1a: Flygon|Flygon, M|100/100
|
|-weather|Sandstorm|[upkeep]
|-damage|p2a: Celebi|45/100|[from] Sandstorm
|-heal|p2a: Celebi|51/100|[from] item: Leftovers
|upkeep
|turn|39
|
|t:|1729908307
|move|p2a: Celebi|Recover|p2a: Celebi
|-heal|p2a: Celebi|100/100
|move|p1a: Flygon|Toxic|p2a: Celebi
|-status|p2a: Celebi|tox
|
|-weather|Sandstorm|[upkeep]
|-damage|p2a: Celebi|94/100 tox|[from] Sandstorm
|-heal|p2a: Celebi|100/100 tox|[from] item: Leftovers
|-damage|p2a: Celebi|94/100 tox|[from] psn
|upkeep
|turn|40
|
|t:|1729908330
|move|p1a: Flygon|Protect|p1a: Flygon
|-singleturn|p1a: Flygon|Protect
|move|p2a: Celebi|Leech Seed|p1a: Flygon
|-activate|p1a: Flygon|Protect
|
|-weather|Sandstorm|[upkeep]
|-damage|p2a: Celebi|88/100 tox|[from] Sandstorm
|-heal|p2a: Celebi|94/100 tox|[from] item: Leftovers
|-damage|p2a: Celebi|82/100 tox|[from] psn
|upkeep
|turn|41
|
|t:|1729908334
|switch|p1a: Zapdos|Zapdos|27/100
|move|p2a: Celebi|Leech Seed|p1a: Zapdos
|-start|p1a: Zapdos|move: Leech Seed
|
|-weather|Sandstorm|[upkeep]
|-damage|p2a: Celebi|76/100 tox|[from] Sandstorm
|-damage|p1a: Zapdos|21/100|[from] Sandstorm
|-heal|p2a: Celebi|82/100 tox|[from] item: Leftovers
|-damage|p2a: Celebi|63/100 tox|[from] psn
|-heal|p1a: Zapdos|27/100|[from] item: Leftovers
|-damage|p1a: Zapdos|15/100|[from] Leech Seed|[of] p2a: Celebi
|-heal|p2a: Celebi|75/100 tox|[silent]
|upkeep
|turn|42
|
|t:|1729908343
|move|p2a: Celebi|Hidden Power|p1a: Zapdos
|-damage|p1a: Zapdos|2/100
|move|p1a: Zapdos|Rest|p1a: Zapdos
|-status|p1a: Zapdos|slp|[from] move: Rest
|-heal|p1a: Zapdos|100/100 slp|[silent]
|
|-weather|Sandstorm|[upkeep]
|-damage|p2a: Celebi|69/100 tox|[from] Sandstorm
|-damage|p1a: Zapdos|94/100 slp|[from] Sandstorm
|-heal|p2a: Celebi|75/100 tox|[from] item: Leftovers
|-damage|p2a: Celebi|50/100 tox|[from] psn
|-heal|p1a: Zapdos|100/100 slp|[from] item: Leftovers
|-damage|p1a: Zapdos|88/100 slp|[from] Leech Seed|[of] p2a: Celebi
|-heal|p2a: Celebi|62/100 tox|[silent]
|upkeep
|turn|43
|
|t:|1729908354
|-curestatus|p2a: Celebi|tox|[from] ability: Natural Cure
|switch|p2a: Swampert|Swampert, M|75/100
|-damage|p2a: Swampert|50/100|[from] Spikes
|switch|p1a: Flygon|Flygon, M|100/100
|
|-weather|Sandstorm|[upkeep]
|-heal|p2a: Swampert|57/100|[from] item: Leftovers
|upkeep
|turn|44
|
|t:|1729908366
|switch|p1a: Skarmory|Skarmory, M|80/100
|move|p2a: Swampert|Protect||[still]
|-fail|p2a: Swampert
|
|-weather|Sandstorm|[upkeep]
|-heal|p1a: Skarmory|86/100|[from] item: Leftovers
|-heal|p2a: Swampert|63/100|[from] item: Leftovers
|upkeep
|turn|45
|
|t:|1729908374
|move|p2a: Swampert|Protect|p2a: Swampert
|-singleturn|p2a: Swampert|Protect
|move|p1a: Skarmory|Drill Peck|p2a: Swampert
|-activate|p2a: Swampert|Protect
|
|-weather|Sandstorm|[upkeep]
|-heal|p1a: Skarmory|92/100|[from] item: Leftovers
|-heal|p2a: Swampert|69/100|[from] item: Leftovers
|upkeep
|turn|46
|
|t:|1729908380
|move|p2a: Swampert|Hydro Pump|p1a: Skarmory
|-damage|p1a: Skarmory|58/100
|move|p1a: Skarmory|Roar|p2a: Swampert
|drag|p2a: Gengar|Gengar, M|61/100
|
|-weather|Sandstorm|[upkeep]
|-damage|p2a: Gengar|55/100|[from] Sandstorm
|-heal|p2a: Gengar|61/100|[from] item: Leftovers
|-heal|p1a: Skarmory|64/100|[from] item: Leftovers
|upkeep
|turn|47
|
|t:|1729908390
|move|p1a: Skarmory|Protect|p1a: Skarmory
|-singleturn|p1a: Skarmory|Protect
|move|p2a: Gengar|Ice Punch|p1a: Skarmory
|-activate|p1a: Skarmory|Protect
|
|-weather|Sandstorm|[upkeep]
|-damage|p2a: Gengar|55/100|[from] Sandstorm
|-heal|p2a: Gengar|61/100|[from] item: Leftovers
|-heal|p1a: Skarmory|70/100|[from] item: Leftovers
|upkeep
|turn|48
|
|t:|1729908399
|switch|p1a: Zapdos|Zapdos|88/100 slp
|move|p2a: Gengar|Thunderbolt|p1a: Zapdos
|-damage|p1a: Zapdos|65/100 slp
|
|-weather|Sandstorm|[upkeep]
|-damage|p2a: Gengar|55/100|[from] Sandstorm
|-damage|p1a: Zapdos|58/100 slp|[from] Sandstorm
|-heal|p2a: Gengar|61/100|[from] item: Leftovers
|-heal|p1a: Zapdos|65/100 slp|[from] item: Leftovers
|upkeep
|turn|49
|
|t:|1729908405
|switch|p2a: Celebi|Celebi|62/100
|-damage|p2a: Celebi|37/100|[from] Spikes
|cant|p1a: Zapdos|slp
|move|p1a: Zapdos|Sleep Talk|p1a: Zapdos
|move|p1a: Zapdos|Thunderbolt|p2a: Celebi|[from]Sleep Talk
|-resisted|p2a: Celebi
|-damage|p2a: Celebi|23/100
|
|-weather|Sandstorm|[upkeep]
|-damage|p2a: Celebi|17/100|[from] Sandstorm
|-damage|p1a: Zapdos|58/100 slp|[from] Sandstorm
|-heal|p2a: Celebi|23/100|[from] item: Leftovers
|-heal|p1a: Zapdos|65/100 slp|[from] item: Leftovers
|upkeep
|turn|50
|
|t:|1729908413
|move|p2a: Celebi|Recover|p2a: Celebi
|-heal|p2a: Celebi|73/100
|cant|p1a: Zapdos|slp
|move|p1a: Zapdos|Sleep Talk|p1a: Zapdos
|move|p1a: Zapdos|Thunderbolt|p2a: Celebi|[from]Sleep Talk
|-resisted|p2a: Celebi
|-damage|p2a: Celebi|59/100
|
|-weather|Sandstorm|[upkeep]
|-damage|p2a: Celebi|53/100|[from] Sandstorm
|-damage|p1a: Zapdos|58/100 slp|[from] Sandstorm
|-heal|p2a: Celebi|59/100|[from] item: Leftovers
|-heal|p1a: Zapdos|65/100 slp|[from] item: Leftovers
|upkeep
|turn|51
|
|t:|1729908423
|move|p2a: Celebi|Recover|p2a: Celebi
|-heal|p2a: Celebi|100/100
|-curestatus|p1a: Zapdos|slp|[msg]
|move|p1a: Zapdos|Roar|p2a: Celebi
|drag|p2a: Gengar|Gengar, M|61/100
|
|-weather|Sandstorm|[upkeep]
|-damage|p2a: Gengar|55/100|[from] Sandstorm
|-damage|p1a: Zapdos|58/100|[from] Sandstorm
|-heal|p2a: Gengar|61/100|[from] item: Leftovers
|-heal|p1a: Zapdos|65/100|[from] item: Leftovers
|upkeep
|turn|52
|
|t:|1729908431
|switch|p2a: Swampert|Swampert, M|69/100
|-damage|p2a: Swampert|44/100|[from] Spikes
|move|p1a: Zapdos|Thunderbolt|p2a: Swampert
|-immune|p2a: Swampert
|
|-weather|Sandstorm|[upkeep]
|-damage|p1a: Zapdos|58/100|[from] Sandstorm
|-heal|p1a: Zapdos|65/100|[from] item: Leftovers
|-heal|p2a: Swampert|50/100|[from] item: Leftovers
|upkeep
|turn|53
|
|t:|1729908443
|move|p2a: Swampert|Ice Beam|p1a: Zapdos
|-supereffective|p1a: Zapdos
|-damage|p1a: Zapdos|38/100
|move|p1a: Zapdos|Roar|p2a: Swampert
|drag|p2a: Gengar|Gengar, M|61/100
|
|-weather|Sandstorm|[upkeep]
|-damage|p2a: Gengar|55/100|[from] Sandstorm
|-damage|p1a: Zapdos|31/100|[from] Sandstorm
|-heal|p2a: Gengar|61/100|[from] item: Leftovers
|-heal|p1a: Zapdos|38/100|[from] item: Leftovers
|upkeep
|turn|54
|
|t:|1729908451
|move|p2a: Gengar|Ice Punch|p1a: Zapdos
|-supereffective|p1a: Zapdos
|-damage|p1a: Zapdos|1/100
|move|p1a: Zapdos|Rest|p1a: Zapdos
|-status|p1a: Zapdos|slp|[from] move: Rest
|-heal|p1a: Zapdos|100/100 slp|[silent]
|
|-weather|Sandstorm|[upkeep]
|-damage|p2a: Gengar|55/100|[from] Sandstorm
|-damage|p1a: Zapdos|94/100 slp|[from] Sandstorm
|-heal|p2a: Gengar|61/100|[from] item: Leftovers
|-heal|p1a: Zapdos|100/100 slp|[from] item: Leftovers
|upkeep
|turn|55
|
|t:|1729908456
|move|p2a: Gengar|Ice Punch|p1a: Zapdos
|-supereffective|p1a: Zapdos
|-damage|p1a: Zapdos|61/100 slp
|cant|p1a: Zapdos|slp
|move|p1a: Zapdos|Sleep Talk|p1a: Zapdos
|move|p1a: Zapdos|Thunderbolt|p2a: Gengar|[from]Sleep Talk
|-damage|p2a: Gengar|1/100
|
|-weather|Sandstorm|[upkeep]
|-damage|p2a: Gengar|0 fnt|[from] Sandstorm
|-damage|p1a: Zapdos|55/100 slp|[from] Sandstorm
|faint|p2a: Gengar
|-heal|p1a: Zapdos|61/100 slp|[from] item: Leftovers
|upkeep
|
|t:|1729908463
|switch|p2a: Swampert|Swampert, M|50/100
|-damage|p2a: Swampert|26/100|[from] Spikes
|turn|56
|
|t:|1729908469
|cant|p1a: Zapdos|slp
|move|p1a: Zapdos|Sleep Talk|p1a: Zapdos
|move|p1a: Zapdos|Rest|p1a: Zapdos|[from]Sleep Talk
|move|p2a: Swampert|Ice Beam|p1a: Zapdos
|-supereffective|p1a: Zapdos
|-crit|p1a: Zapdos
|-damage|p1a: Zapdos|5/100 slp
|
|-weather|Sandstorm|[upkeep]
|-damage|p1a: Zapdos|0 fnt|[from] Sandstorm
|faint|p1a: Zapdos
|-heal|p2a: Swampert|32/100|[from] item: Leftovers
|upkeep
|
|t:|1729908479
|switch|p1a: Gengar|Gengar, F|88/100
|turn|57
|
|t:|1729908483
|move|p2a: Swampert|Protect|p2a: Swampert
|-singleturn|p2a: Swampert|Protect
|move|p1a: Gengar|Ice Punch|p2a: Swampert
|-activate|p2a: Swampert|Protect
|
|-weather|Sandstorm|[upkeep]
|-damage|p1a: Gengar|82/100|[from] Sandstorm
|-heal|p1a: Gengar|88/100|[from] item: Leftovers
|-heal|p2a: Swampert|38/100|[from] item: Leftovers
|upkeep
|turn|58
|
|t:|1729908493
|move|p1a: Gengar|Will-O-Wisp|p2a: Swampert
|-status|p2a: Swampert|brn
|move|p2a: Swampert|Hydro Pump|p1a: Gengar
|-damage|p1a: Gengar|44/100
|
|-weather|Sandstorm|[upkeep]
|-damage|p1a: Gengar|38/100|[from] Sandstorm
|-heal|p1a: Gengar|44/100|[from] item: Leftovers
|-heal|p2a: Swampert|44/100 brn|[from] item: Leftovers
|-damage|p2a: Swampert|32/100 brn|[from] brn
|upkeep
|turn|59
|
|t:|1729908502
|move|p1a: Gengar|Ice Punch|p2a: Swampert
|-damage|p2a: Swampert|13/100 brn
|move|p2a: Swampert|Hydro Pump|p1a: Gengar
|-damage|p1a: Gengar|0 fnt
|faint|p1a: Gengar
|
|t:|1729908514
|switch|p1a: Skarmory|Skarmory, M|70/100
|
|-weather|Sandstorm|[upkeep]
|-heal|p1a: Skarmory|76/100|[from] item: Leftovers
|-heal|p2a: Swampert|19/100 brn|[from] item: Leftovers
|-damage|p2a: Swampert|7/100 brn|[from] brn
|upkeep
|turn|60
|
|t:|1729908517
|move|p1a: Skarmory|Protect|p1a: Skarmory
|-singleturn|p1a: Skarmory|Protect
|move|p2a: Swampert|Hydro Pump|p1a: Skarmory
|-activate|p1a: Skarmory|Protect
|
|-weather|Sandstorm|[upkeep]
|-heal|p1a: Skarmory|82/100|[from] item: Leftovers
|-heal|p2a: Swampert|13/100 brn|[from] item: Leftovers
|-damage|p2a: Swampert|0 fnt|[from] brn
|faint|p2a: Swampert
|upkeep
|
|t:|1729908546
|switch|p2a: Moltres|Moltres|100/100
|turn|61
|
|t:|1729908556
|switch|p1a: Flygon|Flygon, M|100/100
|move|p2a: Moltres|Will-O-Wisp|p1a: Flygon
|-status|p1a: Flygon|brn
|
|-weather|Sandstorm|[upkeep]
|-damage|p2a: Moltres|94/100|[from] Sandstorm
|-heal|p2a: Moltres|100/100|[from] item: Leftovers
|-damage|p1a: Flygon|88/100 brn|[from] brn
|upkeep
|turn|62
|
|t:|1729908561
|switch|p2a: Skarmory|Skarmory, M|80/100
|move|p1a: Flygon|Toxic|p2a: Skarmory
|-immune|p2a: Skarmory
|
|-weather|Sandstorm|[upkeep]
|-heal|p1a: Flygon|94/100 brn|[from] item: Leftovers
|-damage|p1a: Flygon|82/100 brn|[from] brn
|-heal|p2a: Skarmory|86/100|[from] item: Leftovers
|upkeep
|turn|63
|
|t:|1729908568
|switch|p1a: Skarmory|Skarmory, M|82/100
|move|p2a: Skarmory|Roar|p1a: Skarmory
|drag|p1a: Flygon|Flygon, M|82/100 brn
|
|-weather|Sandstorm|[upkeep]
|-heal|p1a: Flygon|88/100 brn|[from] item: Leftovers
|-damage|p1a: Flygon|75/100 brn|[from] brn
|-heal|p2a: Skarmory|92/100|[from] item: Leftovers
|upkeep
|turn|64
|-message|vbncvx forfeited.
|
|win|justifine
|player|p1|
|player|p1|vbncvx|170|
|c|☆vbncvx|gg

</script>
<script type="application/json" class="data" id="replaydata-smogtours-gen3ou-802023">
{"id":"smogtours-gen3ou-802023","format":"[Gen 3] OU","players":["vbncvx","justifine"],"uploadtime":1729908577,"views":80,"formatid":"gen3ou","rating":null,"private":0,"password":null}
</script>

<script defer src="js/replays.js?9d40a366"></script>
