<!DOCTYPE html>
<meta charset="utf-8" />
<meta name="viewport" content="width=device-width" />

<title>[Gen 3] OU: violet river vs. Oskari SOSA - Replays - Pok&eacute;mon Showdown!</title>

<meta name="description" content="Watch a replay of a Pok&eacute;mon battle between violet river and Oskari SOSA! Format: [Gen 3] OU; Date: Nov 1, 2024" />
<!--

Hey, you! Looking in the source for the replay log?

You can find them in JSON format, just add `.json` at the end of a replay URL.

https://replay.pokemonshowdown.com/gen7randomdoublesbattle-865046831.json

Or, if you only need the log itself, add `.log` instead:

https://replay.pokemonshowdown.com/gen7randomdoublesbattle-865046831.log

-->

<link rel="stylesheet" href="//pokemonshowdown.com/style/global.css?0.023195364461161105" />
<link rel="stylesheet" href="//play.pokemonshowdown.com/style/font-awesome.css?0.13261647063804238" />
<link rel="stylesheet" href="//play.pokemonshowdown.com/style/battle.css?0.8753245789963631" />
<link rel="stylesheet" href="//play.pokemonshowdown.com/style/utilichart.css?0.8627959624976733" />

<!-- Global site tag (gtag.js) - Google Analytics -->
<script async src="https://www.googletagmanager.com/gtag/js?id=UA-26211653-1"></script>
<script>
  window.dataLayer = window.dataLayer || [];
  function gtag(){dataLayer.push(arguments);}
  gtag('js', new Date());

  gtag('config', 'UA-26211653-1');
</script>
<!-- End Google Analytics -->
<!-- Venatus Ad Manager - Install in <HEAD> of page -->
	<script src="https://hb.vntsm.com/v3/live/ad-manager.min.js" type="text/javascript" data-site-id="642aba63ec9a7b11c3c9c1be" data-mode="scan" async></script>
<!-- / Venatus Ad Manager -->

<style>
	@media (max-width:820px) {
		.battle {
			margin: 0 auto;
		}
		.battle-log {
			margin: 7px auto 0;
			max-width: 640px;
			height: 300px;
			position: static;
		}
	}
	.optgroup {
		display: inline-block;
		line-height: 22px;
		font-size: 10pt;
	}
	.optgroup .button {
		height: 25px;
		padding-top: 0;
		padding-bottom: 0;
	}
	.optgroup button.button {
		padding-left: 12px;
		padding-right: 12px;
	}
	.linklist {
		list-style: none;
		margin: 0.5em 0;
		padding: 0;
	}
	.linklist li {
		padding: 2px 0;
	}
	.sidebar {
		float: left;
		width: 320px;
	}
	.bar-wrapper {
		max-width: 1100px;
		margin: 0 auto;
	}
	.bar-wrapper.has-sidebar {
		max-width: 1430px;
	}
	.mainbar {
		margin: 0;
		padding-right: 1px;
	}
	.mainbar.has-sidebar {
		margin-left: 330px;
	}
	@media (min-width: 1511px) {
		.sidebar {
			width: 400px;
		}
		.bar-wrapper.has-sidebar {
			max-width: 1510px;
		}
		.mainbar.has-sidebar {
			margin-left: 410px;
		}
	}
	.section.first-section {
		margin-top: 9px;
	}
	.blocklink small {
		white-space: normal;
	}
	.button {
		vertical-align: middle;
	}
	.replay-controls {
		padding-top: 10px;
	}
	.replay-controls h1 {
		font-size: 16pt;
		font-weight: normal;
		color: #CCC;
	}
	.pagelink {
		text-align: center;
	}
	.pagelink a {
		width: 150px;
	}
	.textbox, .button {
		font-size: 11pt;
		vertical-align: middle;
	}
	@media (max-width: 450px) {
		.button {
			font-size: 9pt;
		}
	}
</style>

<div>

	<header>
		<div class="nav-wrapper"><ul class="nav">
			<li><a class="button nav-first" href="//pokemonshowdown.com/"><img src="//pokemonshowdown.com/images/pokemonshowdownbeta.png" srcset="//pokemonshowdown.com/images/pokemonshowdownbeta.png 1x, //pokemonshowdown.com/images/pokemonshowdownbeta@2x.png 2x" alt="Pok&eacute;mon Showdown" width="146" height="44" /> Home</a></li>
			<li><a class="button" href="//pokemonshowdown.com/dex/">Pok&eacute;dex</a></li>
			<li><a class="button cur" href="/">Replays</a></li>
			<li><a class="button" href="//pokemonshowdown.com/ladder/">Ladder</a></li>
			<li><a class="button nav-last" href="//pokemonshowdown.com/forums/">Forum</a></li>
			<li><a class="button greenbutton nav-first nav-last" href="//play.pokemonshowdown.com/">Play</a></li>
		</ul></div>
	</header>

	<div class="main" id="main">

		<noscript><section class="section">You need to enable JavaScript to use this page; sorry!</section></noscript>

	</div>

</div>

<script defer nomodule src="//play.pokemonshowdown.com/js/lib/ps-polyfill.js"></script>
<script defer src="//play.pokemonshowdown.com/js/lib/preact.min.js"></script>

<script defer src="//play.pokemonshowdown.com/config/config.js?2bddbc15"></script>
<script defer src="//play.pokemonshowdown.com/js/lib/jquery-1.11.0.min.js"></script>
<script defer src="//play.pokemonshowdown.com/js/lib/html-sanitizer-minified.js"></script>
<script defer src="//play.pokemonshowdown.com/js/battle-sound.js"></script>
<script defer src="//play.pokemonshowdown.com/js/battledata.js?0.7209276989879541"></script>
<script defer src="//play.pokemonshowdown.com/data/pokedex-mini.js?0.6111056340867951"></script>
<script defer src="//play.pokemonshowdown.com/data/pokedex-mini-bw.js?0.3532142036491459"></script>
<script defer src="//play.pokemonshowdown.com/data/graphics.js?0.24223875632456182"></script>
<script defer src="//play.pokemonshowdown.com/data/pokedex.js?0.38839984266356864"></script>
<script defer src="//play.pokemonshowdown.com/data/moves.js?0.21866028504024015"></script>
<script defer src="//play.pokemonshowdown.com/data/abilities.js?0.2005157953846628"></script>
<script defer src="//play.pokemonshowdown.com/data/items.js?0.9894211263848525"></script>
<script defer src="//play.pokemonshowdown.com/data/teambuilder-tables.js?0.6008791140282215"></script>
<script defer src="//play.pokemonshowdown.com/js/battle-tooltips.js?0.7580118955022959"></script>
<script defer src="//play.pokemonshowdown.com/js/battle.js?0.6057722274234274"></script>

<script defer src="js/utils.js?e31f9a17"></script>
<script defer src="js/replays-battle.js?7008c182"></script>

<!-- don't scrape this data! just add .json or .log after the URL!
Full API docs: https://github.com/smogon/pokemon-showdown-client/blob/master/WEB-API.md -->
<script type="text/plain" class="log" id="replaylog-smogtours-gen3ou-803670">
|inactive|Battle timer is ON: inactive players will automatically lose when time's up.
|t:|1730431331
|gametype|singles
|player|p1|violet river|jasmine-masters2|
|player|p2|Oskari SOSA|giovanni|
|teamsize|p1|6
|teamsize|p2|6
|gen|3
|tier|[Gen 3] OU
|rule|Sleep Clause Mod: Limit one foe put to sleep
|rule|Switch Priority Clause Mod: Faster Pokémon switch first
|rule|Species Clause: Limit one of each Pokémon
|rule|OHKO Clause: OHKO moves are banned
|rule|Evasion Items Clause: Evasion items are banned
|rule|Evasion Moves Clause: Evasion moves are banned
|rule|Endless Battle Clause: Forcing endless battles is banned
|rule|HP Percentage Mod: HP is shown in percentages
|rule|One Boost Passer Clause: Limit one Baton Passer that has a way to boost its stats
|rule|Freeze Clause Mod: Limit one foe frozen
|
|t:|1730431331
|start
|switch|p1a: sharp fangs|Tyranitar, M|100/100
|switch|p2a: Tyranitar|Tyranitar, M|100/100
|-weather|Sandstorm|[from] ability: Sand Stream|[of] p1a: sharp fangs
|turn|1
|c|☆violet river|hf
|c|☆Oskari SOSA|hf
|
|t:|1730431342
|switch|p2a: Skarmory|Skarmory, M|100/100
|move|p1a: sharp fangs|Dragon Dance|p1a: sharp fangs
|-boost|p1a: sharp fangs|atk|1
|-boost|p1a: sharp fangs|spe|1
|
|-weather|Sandstorm|[upkeep]
|upkeep
|turn|2
|
|t:|1730431351
|-singleturn|p1a: sharp fangs|move: Focus Punch
|move|p1a: sharp fangs|Focus Punch|p2a: Skarmory
|-damage|p2a: Skarmory|38/100
|move|p2a: Skarmory|Roar|p1a: sharp fangs
|drag|p1a: sulphur god|Skarmory, F|100/100
|
|-weather|Sandstorm|[upkeep]
|-heal|p2a: Skarmory|44/100|[from] item: Leftovers
|upkeep
|turn|3
|
|t:|1730431355
|move|p1a: sulphur god|Taunt|p2a: Skarmory
|-start|p2a: Skarmory|move: Taunt
|cant|p2a: Skarmory|move: Taunt|Spikes
|
|-weather|Sandstorm|[upkeep]
|-heal|p2a: Skarmory|50/100|[from] item: Leftovers
|upkeep
|turn|4
|
|t:|1730431357
|switch|p2a: Starmie|Starmie|100/100
|move|p1a: sulphur god|Spikes|p2a: Starmie
|-sidestart|p2: Oskari SOSA|Spikes
|
|-weather|Sandstorm|[upkeep]
|-damage|p2a: Starmie|94/100|[from] Sandstorm
|-heal|p2a: Starmie|100/100|[from] item: Leftovers
|upkeep
|turn|5
|
|t:|1730431360
|move|p2a: Starmie|Thunder Wave|p1a: sulphur god
|-status|p1a: sulphur god|par
|move|p1a: sulphur god|Toxic|p2a: Starmie
|-status|p2a: Starmie|tox
|
|-weather|Sandstorm|[upkeep]
|-damage|p2a: Starmie|94/100 tox|[from] Sandstorm
|-heal|p2a: Starmie|100/100 tox|[from] item: Leftovers
|-damage|p2a: Starmie|94/100 tox|[from] psn
|upkeep
|turn|6
|
|t:|1730431364
|move|p2a: Starmie|Rapid Spin|p1a: sulphur god
|-resisted|p1a: sulphur god
|-damage|p1a: sulphur god|99/100 par
|-sideend|p2: Oskari SOSA|Spikes|[from] move: Rapid Spin|[of] p2a: Starmie
|move|p1a: sulphur god|Spikes|p2a: Starmie
|-sidestart|p2: Oskari SOSA|Spikes
|
|-weather|Sandstorm|[upkeep]
|-damage|p2a: Starmie|88/100 tox|[from] Sandstorm
|-heal|p2a: Starmie|94/100 tox|[from] item: Leftovers
|-damage|p2a: Starmie|82/100 tox|[from] psn
|-heal|p1a: sulphur god|100/100 par|[from] item: Leftovers
|upkeep
|turn|7
|
|t:|1730431367
|move|p2a: Starmie|Rapid Spin|p1a: sulphur god
|-resisted|p1a: sulphur god
|-damage|p1a: sulphur god|99/100 par
|-sideend|p2: Oskari SOSA|Spikes|[from] move: Rapid Spin|[of] p2a: Starmie
|move|p1a: sulphur god|Spikes|p2a: Starmie
|-sidestart|p2: Oskari SOSA|Spikes
|
|-weather|Sandstorm|[upkeep]
|-damage|p2a: Starmie|76/100 tox|[from] Sandstorm
|-heal|p2a: Starmie|82/100 tox|[from] item: Leftovers
|-damage|p2a: Starmie|63/100 tox|[from] psn
|-heal|p1a: sulphur god|100/100 par|[from] item: Leftovers
|upkeep
|turn|8
|
|t:|1730431369
|-curestatus|p2a: Starmie|tox|[from] ability: Natural Cure
|switch|p2a: Skarmory|Skarmory, M|50/100
|move|p1a: sulphur god|Spikes|p2a: Skarmory
|-sidestart|p2: Oskari SOSA|Spikes
|
|-weather|Sandstorm|[upkeep]
|-heal|p2a: Skarmory|56/100|[from] item: Leftovers
|upkeep
|turn|9
|
|t:|1730431374
|switch|p1a: execution fantasy|Starmie|100/100
|move|p2a: Skarmory|Spikes|p1a: execution fantasy
|-sidestart|p1: violet river|Spikes
|
|-weather|Sandstorm|[upkeep]
|-damage|p1a: execution fantasy|94/100|[from] Sandstorm
|-heal|p1a: execution fantasy|100/100|[from] item: Leftovers
|-heal|p2a: Skarmory|62/100|[from] item: Leftovers
|upkeep
|turn|10
|
|t:|1730431377
|move|p2a: Skarmory|Protect|p2a: Skarmory
|-singleturn|p2a: Skarmory|Protect
|move|p1a: execution fantasy|Thunderbolt|p2a: Skarmory
|-activate|p2a: Skarmory|Protect
|
|-weather|Sandstorm|[upkeep]
|-damage|p1a: execution fantasy|94/100|[from] Sandstorm
|-heal|p1a: execution fantasy|100/100|[from] item: Leftovers
|-heal|p2a: Skarmory|68/100|[from] item: Leftovers
|upkeep
|turn|11
|
|t:|1730431380
|switch|p2a: Blissey|Blissey, F|100/100
|-damage|p2a: Blissey|84/100|[from] Spikes
|move|p1a: execution fantasy|Thunderbolt|p2a: Blissey
|-damage|p2a: Blissey|72/100
|
|-weather|Sandstorm|[upkeep]
|-damage|p1a: execution fantasy|94/100|[from] Sandstorm
|-damage|p2a: Blissey|66/100|[from] Sandstorm
|-heal|p1a: execution fantasy|100/100|[from] item: Leftovers
|-heal|p2a: Blissey|72/100|[from] item: Leftovers
|upkeep
|turn|12
|
|t:|1730431383
|move|p1a: execution fantasy|Rapid Spin|p2a: Blissey
|-damage|p2a: Blissey|69/100
|-sideend|p1: violet river|Spikes|[from] move: Rapid Spin|[of] p1a: execution fantasy
|move|p2a: Blissey|Thunderbolt|p1a: execution fantasy
|-supereffective|p1a: execution fantasy
|-damage|p1a: execution fantasy|25/100
|
|-weather|Sandstorm|[upkeep]
|-damage|p1a: execution fantasy|18/100|[from] Sandstorm
|-damage|p2a: Blissey|63/100|[from] Sandstorm
|-heal|p1a: execution fantasy|25/100|[from] item: Leftovers
|-heal|p2a: Blissey|69/100|[from] item: Leftovers
|upkeep
|turn|13
|
|t:|1730431386
|switch|p1a: sharp fangs|Tyranitar, M|100/100
|move|p2a: Blissey|Soft-Boiled|p2a: Blissey
|-heal|p2a: Blissey|100/100
|
|-weather|Sandstorm|[upkeep]
|-damage|p2a: Blissey|94/100|[from] Sandstorm
|-heal|p2a: Blissey|100/100|[from] item: Leftovers
|upkeep
|turn|14
|
|t:|1730431390
|-singleturn|p1a: sharp fangs|move: Focus Punch
|switch|p2a: Swampert|Swampert, M|100/100
|-damage|p2a: Swampert|84/100|[from] Spikes
|move|p1a: sharp fangs|Focus Punch|p2a: Swampert
|-damage|p2a: Swampert|42/100
|
|-weather|Sandstorm|[upkeep]
|-heal|p2a: Swampert|49/100|[from] item: Leftovers
|upkeep
|turn|15
|
|t:|1730431395
|switch|p1a: sulphur god|Skarmory, F|100/100 par
|move|p2a: Swampert|Surf|p1a: sulphur god
|-damage|p1a: sulphur god|71/100 par
|
|-weather|Sandstorm|[upkeep]
|-heal|p2a: Swampert|55/100|[from] item: Leftovers
|-heal|p1a: sulphur god|77/100 par|[from] item: Leftovers
|upkeep
|turn|16
|
|t:|1730431399
|move|p2a: Swampert|Surf|p1a: sulphur god
|-damage|p1a: sulphur god|47/100 par
|move|p1a: sulphur god|Toxic|p2a: Swampert|[miss]
|-miss|p1a: sulphur god|p2a: Swampert
|
|-weather|Sandstorm|[upkeep]
|-heal|p2a: Swampert|61/100|[from] item: Leftovers
|-heal|p1a: sulphur god|53/100 par|[from] item: Leftovers
|upkeep
|turn|17
|
|t:|1730431402
|move|p2a: Swampert|Surf|p1a: sulphur god
|-damage|p1a: sulphur god|24/100 par
|move|p1a: sulphur god|Spikes|p2a: Swampert
|-sidestart|p2: Oskari SOSA|Spikes
|
|-weather|Sandstorm|[upkeep]
|-heal|p2a: Swampert|67/100|[from] item: Leftovers
|-heal|p1a: sulphur god|30/100 par|[from] item: Leftovers
|upkeep
|turn|18
|
|t:|1730431406
|move|p2a: Swampert|Surf|p1a: sulphur god
|-damage|p1a: sulphur god|0 fnt
|faint|p1a: sulphur god
|
|t:|1730431410
|switch|p1a: sweet lemonade!|Jirachi|100/100
|
|-weather|Sandstorm|[upkeep]
|-heal|p2a: Swampert|73/100|[from] item: Leftovers
|upkeep
|turn|19
|
|t:|1730431413
|switch|p2a: Tyranitar|Tyranitar, M|100/100
|-damage|p2a: Tyranitar|76/100|[from] Spikes
|move|p1a: sweet lemonade!|Body Slam|p2a: Tyranitar
|-resisted|p2a: Tyranitar
|-damage|p2a: Tyranitar|69/100
|
|-weather|Sandstorm|[upkeep]
|-heal|p2a: Tyranitar|75/100|[from] item: Leftovers
|upkeep
|turn|20
|
|t:|1730431418
|switch|p1a: grandest design|Swampert, M|100/100
|move|p2a: Tyranitar|Earthquake|p1a: grandest design
|-damage|p1a: grandest design|66/100
|
|-weather|Sandstorm|[upkeep]
|-heal|p2a: Tyranitar|81/100|[from] item: Leftovers
|-heal|p1a: grandest design|72/100|[from] item: Leftovers
|upkeep
|turn|21
|
|t:|1730431422
|switch|p2a: Skarmory|Skarmory, M|68/100
|move|p1a: grandest design|Surf|p2a: Skarmory
|-damage|p2a: Skarmory|31/100
|
|-weather|Sandstorm|[upkeep]
|-heal|p2a: Skarmory|37/100|[from] item: Leftovers
|-heal|p1a: grandest design|78/100|[from] item: Leftovers
|upkeep
|turn|22
|
|t:|1730431426
|switch|p1a: execution fantasy|Starmie|25/100
|move|p2a: Skarmory|Protect||[still]
|-fail|p2a: Skarmory
|
|-weather|Sandstorm|[upkeep]
|-damage|p1a: execution fantasy|18/100|[from] Sandstorm
|-heal|p1a: execution fantasy|25/100|[from] item: Leftovers
|-heal|p2a: Skarmory|43/100|[from] item: Leftovers
|upkeep
|turn|23
|
|t:|1730431429
|move|p2a: Skarmory|Protect|p2a: Skarmory
|-singleturn|p2a: Skarmory|Protect
|move|p1a: execution fantasy|Thunderbolt|p2a: Skarmory
|-activate|p2a: Skarmory|Protect
|
|-weather|Sandstorm|[upkeep]
|-damage|p1a: execution fantasy|18/100|[from] Sandstorm
|-heal|p1a: execution fantasy|25/100|[from] item: Leftovers
|-heal|p2a: Skarmory|49/100|[from] item: Leftovers
|upkeep
|turn|24
|
|t:|1730431434
|switch|p1a: sharp fangs|Tyranitar, M|100/100
|switch|p2a: Blissey|Blissey, F|100/100
|-damage|p2a: Blissey|76/100|[from] Spikes
|
|-weather|Sandstorm|[upkeep]
|-damage|p2a: Blissey|69/100|[from] Sandstorm
|-heal|p2a: Blissey|76/100|[from] item: Leftovers
|upkeep
|turn|25
|
|t:|1730431438
|-singleturn|p1a: sharp fangs|move: Focus Punch
|switch|p2a: Swampert|Swampert, M|73/100
|-damage|p2a: Swampert|48/100|[from] Spikes
|move|p1a: sharp fangs|Focus Punch|p2a: Swampert
|-damage|p2a: Swampert|5/100
|
|-weather|Sandstorm|[upkeep]
|-heal|p2a: Swampert|12/100|[from] item: Leftovers
|upkeep
|turn|26
|
|t:|1730431443
|move|p1a: sharp fangs|Earthquake|p2a: Swampert
|-damage|p2a: Swampert|0 fnt
|faint|p2a: Swampert
|
|t:|1730431444
|switch|p2a: Starmie|Starmie|63/100
|-damage|p2a: Starmie|38/100|[from] Spikes
|
|-weather|Sandstorm|[upkeep]
|-damage|p2a: Starmie|32/100|[from] Sandstorm
|-heal|p2a: Starmie|38/100|[from] item: Leftovers
|upkeep
|turn|27
|
|t:|1730431448
|switch|p1a: candelabra heart|Gengar, M|100/100
|move|p2a: Starmie|Rapid Spin|p1a: candelabra heart
|-immune|p1a: candelabra heart
|
|-weather|Sandstorm|[upkeep]
|-damage|p2a: Starmie|32/100|[from] Sandstorm
|-damage|p1a: candelabra heart|95/100|[from] Sandstorm
|-heal|p2a: Starmie|38/100|[from] item: Leftovers
|-heal|p1a: candelabra heart|100/100|[from] item: Leftovers
|upkeep
|turn|28
|
|t:|1730431451
|move|p2a: Starmie|Recover|p2a: Starmie
|-heal|p2a: Starmie|88/100
|move|p1a: candelabra heart|Thunderbolt|p2a: Starmie
|-supereffective|p2a: Starmie
|-crit|p2a: Starmie
|-damage|p2a: Starmie|0 fnt
|faint|p2a: Starmie
|
|t:|1730431455
|switch|p2a: Tyranitar|Tyranitar, M|81/100
|-damage|p2a: Tyranitar|56/100|[from] Spikes
|
|-weather|Sandstorm|[upkeep]
|-damage|p1a: candelabra heart|95/100|[from] Sandstorm
|-heal|p1a: candelabra heart|100/100|[from] item: Leftovers
|-heal|p2a: Tyranitar|63/100|[from] item: Leftovers
|upkeep
|turn|29
|
|t:|1730431459
|switch|p1a: grandest design|Swampert, M|78/100
|move|p2a: Tyranitar|Rock Slide|p1a: grandest design
|-resisted|p1a: grandest design
|-damage|p1a: grandest design|59/100
|
|-weather|Sandstorm|[upkeep]
|-heal|p2a: Tyranitar|69/100|[from] item: Leftovers
|-heal|p1a: grandest design|65/100|[from] item: Leftovers
|upkeep
|turn|30
|
|t:|1730431462
|move|p2a: Tyranitar|Earthquake|p1a: grandest design
|-damage|p1a: grandest design|30/100
|move|p1a: grandest design|Surf|p2a: Tyranitar
|-supereffective|p2a: Tyranitar
|-crit|p2a: Tyranitar
|-damage|p2a: Tyranitar|0 fnt
|faint|p2a: Tyranitar
|c|☆Oskari SOSA|gg
|-message|Oskari SOSA forfeited.
|
|win|violet river
|c|☆violet river|gg

</script>
<script type="application/json" class="data" id="replaydata-smogtours-gen3ou-803670">
{"id":"smogtours-gen3ou-803670","format":"[Gen 3] OU","players":["violet river","Oskari SOSA"],"uploadtime":1730431468,"views":92,"formatid":"gen3ou","rating":null,"private":0,"password":null}
</script>

<script defer src="js/replays.js?9d40a366"></script>
