<!DOCTYPE html>
<meta charset="utf-8" />
<meta name="viewport" content="width=device-width" />

<title>[Gen 3] OU: Salaryman William vs. UponLink - Replays - Pok&eacute;mon Showdown!</title>

<meta name="description" content="Watch a replay of a Pok&eacute;mon battle between Salaryman William and UponLink! Format: [Gen 3] OU; Date: Oct 14, 2024" />
<!--

Hey, you! Looking in the source for the replay log?

You can find them in JSON format, just add `.json` at the end of a replay URL.

https://replay.pokemonshowdown.com/gen7randomdoublesbattle-865046831.json

Or, if you only need the log itself, add `.log` instead:

https://replay.pokemonshowdown.com/gen7randomdoublesbattle-865046831.log

-->

<link rel="stylesheet" href="//pokemonshowdown.com/style/global.css?0.023195364461161105" />
<link rel="stylesheet" href="//play.pokemonshowdown.com/style/font-awesome.css?0.13261647063804238" />
<link rel="stylesheet" href="//play.pokemonshowdown.com/style/battle.css?0.8753245789963631" />
<link rel="stylesheet" href="//play.pokemonshowdown.com/style/utilichart.css?0.8627959624976733" />

<!-- Global site tag (gtag.js) - Google Analytics -->
<script async src="https://www.googletagmanager.com/gtag/js?id=UA-26211653-1"></script>
<script>
  window.dataLayer = window.dataLayer || [];
  function gtag(){dataLayer.push(arguments);}
  gtag('js', new Date());

  gtag('config', 'UA-26211653-1');
</script>
<!-- End Google Analytics -->
<!-- Venatus Ad Manager - Install in <HEAD> of page -->
	<script src="https://hb.vntsm.com/v3/live/ad-manager.min.js" type="text/javascript" data-site-id="642aba63ec9a7b11c3c9c1be" data-mode="scan" async></script>
<!-- / Venatus Ad Manager -->

<style>
	@media (max-width:820px) {
		.battle {
			margin: 0 auto;
		}
		.battle-log {
			margin: 7px auto 0;
			max-width: 640px;
			height: 300px;
			position: static;
		}
	}
	.optgroup {
		display: inline-block;
		line-height: 22px;
		font-size: 10pt;
	}
	.optgroup .button {
		height: 25px;
		padding-top: 0;
		padding-bottom: 0;
	}
	.optgroup button.button {
		padding-left: 12px;
		padding-right: 12px;
	}
	.linklist {
		list-style: none;
		margin: 0.5em 0;
		padding: 0;
	}
	.linklist li {
		padding: 2px 0;
	}
	.sidebar {
		float: left;
		width: 320px;
	}
	.bar-wrapper {
		max-width: 1100px;
		margin: 0 auto;
	}
	.bar-wrapper.has-sidebar {
		max-width: 1430px;
	}
	.mainbar {
		margin: 0;
		padding-right: 1px;
	}
	.mainbar.has-sidebar {
		margin-left: 330px;
	}
	@media (min-width: 1511px) {
		.sidebar {
			width: 400px;
		}
		.bar-wrapper.has-sidebar {
			max-width: 1510px;
		}
		.mainbar.has-sidebar {
			margin-left: 410px;
		}
	}
	.section.first-section {
		margin-top: 9px;
	}
	.blocklink small {
		white-space: normal;
	}
	.button {
		vertical-align: middle;
	}
	.replay-controls {
		padding-top: 10px;
	}
	.replay-controls h1 {
		font-size: 16pt;
		font-weight: normal;
		color: #CCC;
	}
	.pagelink {
		text-align: center;
	}
	.pagelink a {
		width: 150px;
	}
	.textbox, .button {
		font-size: 11pt;
		vertical-align: middle;
	}
	@media (max-width: 450px) {
		.button {
			font-size: 9pt;
		}
	}
</style>

<div>

	<header>
		<div class="nav-wrapper"><ul class="nav">
			<li><a class="button nav-first" href="//pokemonshowdown.com/"><img src="//pokemonshowdown.com/images/pokemonshowdownbeta.png" srcset="//pokemonshowdown.com/images/pokemonshowdownbeta.png 1x, //pokemonshowdown.com/images/pokemonshowdownbeta@2x.png 2x" alt="Pok&eacute;mon Showdown" width="146" height="44" /> Home</a></li>
			<li><a class="button" href="//pokemonshowdown.com/dex/">Pok&eacute;dex</a></li>
			<li><a class="button cur" href="/">Replays</a></li>
			<li><a class="button" href="//pokemonshowdown.com/ladder/">Ladder</a></li>
			<li><a class="button nav-last" href="//pokemonshowdown.com/forums/">Forum</a></li>
			<li><a class="button greenbutton nav-first nav-last" href="//play.pokemonshowdown.com/">Play</a></li>
		</ul></div>
	</header>

	<div class="main" id="main">

		<noscript><section class="section">You need to enable JavaScript to use this page; sorry!</section></noscript>

	</div>

</div>

<script defer nomodule src="//play.pokemonshowdown.com/js/lib/ps-polyfill.js"></script>
<script defer src="//play.pokemonshowdown.com/js/lib/preact.min.js"></script>

<script defer src="//play.pokemonshowdown.com/config/config.js?2bddbc15"></script>
<script defer src="//play.pokemonshowdown.com/js/lib/jquery-1.11.0.min.js"></script>
<script defer src="//play.pokemonshowdown.com/js/lib/html-sanitizer-minified.js"></script>
<script defer src="//play.pokemonshowdown.com/js/battle-sound.js"></script>
<script defer src="//play.pokemonshowdown.com/js/battledata.js?0.7209276989879541"></script>
<script defer src="//play.pokemonshowdown.com/data/pokedex-mini.js?0.6111056340867951"></script>
<script defer src="//play.pokemonshowdown.com/data/pokedex-mini-bw.js?0.3532142036491459"></script>
<script defer src="//play.pokemonshowdown.com/data/graphics.js?0.24223875632456182"></script>
<script defer src="//play.pokemonshowdown.com/data/pokedex.js?0.38839984266356864"></script>
<script defer src="//play.pokemonshowdown.com/data/moves.js?0.21866028504024015"></script>
<script defer src="//play.pokemonshowdown.com/data/abilities.js?0.2005157953846628"></script>
<script defer src="//play.pokemonshowdown.com/data/items.js?0.9894211263848525"></script>
<script defer src="//play.pokemonshowdown.com/data/teambuilder-tables.js?0.6008791140282215"></script>
<script defer src="//play.pokemonshowdown.com/js/battle-tooltips.js?0.7580118955022959"></script>
<script defer src="//play.pokemonshowdown.com/js/battle.js?0.6057722274234274"></script>

<script defer src="js/utils.js?e31f9a17"></script>
<script defer src="js/replays-battle.js?7008c182"></script>

<!-- don't scrape this data! just add .json or .log after the URL!
Full API docs: https://github.com/smogon/pokemon-showdown-client/blob/master/WEB-API.md -->
<script type="text/plain" class="log" id="replaylog-smogtours-gen3ou-798529">
|inactive|Battle timer is ON: inactive players will automatically lose when time's up.
|t:|1728863999
|gametype|singles
|player|p1|Salaryman William|clerk|
|player|p2|UponLink|169|
|teamsize|p1|6
|teamsize|p2|6
|gen|3
|tier|[Gen 3] OU
|rule|Sleep Clause Mod: Limit one foe put to sleep
|rule|Switch Priority Clause Mod: Faster Pokémon switch first
|rule|Species Clause: Limit one of each Pokémon
|rule|OHKO Clause: OHKO moves are banned
|rule|Evasion Items Clause: Evasion items are banned
|rule|Evasion Moves Clause: Evasion moves are banned
|rule|Endless Battle Clause: Forcing endless battles is banned
|rule|HP Percentage Mod: HP is shown in percentages
|rule|One Boost Passer Clause: Limit one Baton Passer that has a way to boost its stats
|rule|Freeze Clause Mod: Limit one foe frozen
|
|t:|1728863999
|start
|switch|p1a: Glalie|Glalie, F|100/100
|switch|p2a: Regirock|Regirock|100/100
|turn|1
|c|☆Salaryman William|gl
|
|t:|1728864010
|switch|p1a: Swampert|Swampert, F|100/100
|move|p2a: Regirock|Rock Slide|p1a: Swampert
|-resisted|p1a: Swampert
|-damage|p1a: Swampert|81/100
|
|-heal|p1a: Swampert|87/100|[from] item: Leftovers
|upkeep
|turn|2
|
|t:|1728864021
|switch|p2a: Suicune|Suicune|100/100
|move|p1a: Swampert|Hydro Pump|p2a: Suicune
|-resisted|p2a: Suicune
|-damage|p2a: Suicune|82/100
|
|-heal|p1a: Swampert|93/100|[from] item: Leftovers
|-heal|p2a: Suicune|88/100|[from] item: Leftovers
|upkeep
|turn|3
|
|t:|1728864025
|switch|p1a: Glalie|Glalie, F|100/100
|move|p2a: Suicune|Calm Mind|p2a: Suicune
|-boost|p2a: Suicune|spa|1
|-boost|p2a: Suicune|spd|1
|
|-heal|p2a: Suicune|94/100|[from] item: Leftovers
|upkeep
|turn|4
|
|t:|1728864035
|move|p1a: Glalie|Spikes|p2a: Suicune
|-sidestart|p2: UponLink|Spikes
|move|p2a: Suicune|Surf|p1a: Glalie
|-damage|p1a: Glalie|54/100
|
|-heal|p2a: Suicune|100/100|[from] item: Leftovers
|upkeep
|turn|5
|
|t:|1728864044
|switch|p2a: Registeel|Registeel|100/100
|-damage|p2a: Registeel|88/100|[from] Spikes
|move|p1a: Glalie|Spikes|p2a: Registeel
|-sidestart|p2: UponLink|Spikes
|
|-heal|p2a: Registeel|94/100|[from] item: Leftovers
|upkeep
|turn|6
|
|t:|1728864049
|switch|p1a: Moltres|Moltres|100/100
|move|p2a: Registeel|Curse|p2a: Registeel
|-unboost|p2a: Registeel|spe|1
|-boost|p2a: Registeel|atk|1
|-boost|p2a: Registeel|def|1
|
|-heal|p2a: Registeel|99/100|[from] item: Leftovers
|upkeep
|turn|7
|
|t:|1728864055
|switch|p2a: Blissey|Blissey, F|100/100
|-damage|p2a: Blissey|84/100|[from] Spikes
|move|p1a: Moltres|Flamethrower|p2a: Blissey
|-damage|p2a: Blissey|64/100
|
|-heal|p2a: Blissey|70/100|[from] item: Leftovers
|upkeep
|turn|8
|
|t:|1728864060
|switch|p1a: Glalie|Glalie, F|54/100
|move|p2a: Blissey|Ice Beam|p1a: Glalie
|-resisted|p1a: Glalie
|-damage|p1a: Glalie|41/100
|
|-heal|p2a: Blissey|76/100|[from] item: Leftovers
|upkeep
|turn|9
|
|t:|1728864065
|switch|p2a: Skarmory|Skarmory, F|100/100
|move|p1a: Glalie|Spikes|p2a: Skarmory
|-sidestart|p2: UponLink|Spikes
|
|upkeep
|turn|10
|
|t:|1728864069
|move|p1a: Glalie|Taunt|p2a: Skarmory
|-start|p2a: Skarmory|move: Taunt
|cant|p2a: Skarmory|move: Taunt|Spikes
|
|upkeep
|turn|11
|
|t:|1728864074
|switch|p1a: Jolteon|Jolteon, M|100/100
|switch|p2a: Registeel|Registeel|99/100
|-damage|p2a: Registeel|75/100|[from] Spikes
|
|-heal|p2a: Registeel|81/100|[from] item: Leftovers
|upkeep
|turn|12
|
|t:|1728864090
|move|p1a: Jolteon|Baton Pass|p1a: Jolteon
|
|t:|1728864092
|switch|p1a: Moltres|Moltres|100/100|[from] Baton Pass
|move|p2a: Registeel|Curse|p2a: Registeel
|-unboost|p2a: Registeel|spe|1
|-boost|p2a: Registeel|atk|1
|-boost|p2a: Registeel|def|1
|
|-heal|p2a: Registeel|87/100|[from] item: Leftovers
|upkeep
|turn|13
|
|t:|1728864099
|move|p1a: Moltres|Flamethrower|p2a: Registeel
|-supereffective|p2a: Registeel
|-damage|p2a: Registeel|23/100
|move|p2a: Registeel|Hidden Power|p1a: Moltres
|-supereffective|p1a: Moltres
|-damage|p1a: Moltres|5/100
|
|-heal|p1a: Moltres|11/100|[from] item: Leftovers
|-heal|p2a: Registeel|29/100|[from] item: Leftovers
|upkeep
|turn|14
|
|t:|1728864110
|switch|p2a: Blissey|Blissey, F|76/100
|-damage|p2a: Blissey|51/100|[from] Spikes
|move|p1a: Moltres|Roar|p2a: Blissey
|drag|p2a: Registeel|Registeel|29/100
|-damage|p2a: Registeel|4/100|[from] Spikes
|
|-heal|p1a: Moltres|17/100|[from] item: Leftovers
|-heal|p2a: Registeel|10/100|[from] item: Leftovers
|upkeep
|turn|15
|
|t:|1728864116
|move|p1a: Moltres|Flamethrower|p2a: Registeel
|-supereffective|p2a: Registeel
|-damage|p2a: Registeel|0 fnt
|faint|p2a: Registeel
|
|t:|1728864119
|switch|p2a: Blissey|Blissey, F|51/100
|-damage|p2a: Blissey|26/100|[from] Spikes
|
|-heal|p1a: Moltres|23/100|[from] item: Leftovers
|-heal|p2a: Blissey|32/100|[from] item: Leftovers
|upkeep
|turn|16
|
|t:|1728864123
|switch|p1a: Glalie|Glalie, F|41/100
|move|p2a: Blissey|Soft-Boiled|p2a: Blissey
|-heal|p2a: Blissey|82/100
|
|-heal|p2a: Blissey|88/100|[from] item: Leftovers
|upkeep
|turn|17
|
|t:|1728864132
|switch|p2a: Regirock|Regirock|100/100
|-damage|p2a: Regirock|75/100|[from] Spikes
|move|p1a: Glalie|Ice Beam|p2a: Regirock
|-damage|p2a: Regirock|49/100
|
|-heal|p2a: Regirock|55/100|[from] item: Leftovers
|upkeep
|turn|18
|
|t:|1728864137
|switch|p1a: Swampert|Swampert, F|93/100
|move|p2a: Regirock|Explosion|p1a: Swampert
|-damage|p1a: Swampert|0 fnt
|faint|p2a: Regirock
|faint|p1a: Swampert
|
|t:|1728864155
|switch|p1a: Tyranitar|Tyranitar, F|100/100
|switch|p2a: Zapdos|Zapdos|100/100
|-weather|Sandstorm|[from] ability: Sand Stream|[of] p1a: Tyranitar
|
|-weather|Sandstorm|[upkeep]
|-damage|p2a: Zapdos|94/100|[from] Sandstorm
|-heal|p2a: Zapdos|100/100|[from] item: Leftovers
|upkeep
|turn|19
|
|t:|1728864159
|move|p1a: Tyranitar|Rock Slide|p2a: Zapdos|[miss]
|-miss|p1a: Tyranitar|p2a: Zapdos
|move|p2a: Zapdos|Toxic|p1a: Tyranitar
|-status|p1a: Tyranitar|tox
|-enditem|p1a: Tyranitar|Lum Berry|[eat]
|-curestatus|p1a: Tyranitar|tox|[msg]
|
|-weather|Sandstorm|[upkeep]
|-damage|p2a: Zapdos|94/100|[from] Sandstorm
|-heal|p2a: Zapdos|100/100|[from] item: Leftovers
|upkeep
|turn|20
|
|t:|1728864165
|switch|p2a: Skarmory|Skarmory, F|100/100
|move|p1a: Tyranitar|Rock Slide|p2a: Skarmory
|-damage|p2a: Skarmory|67/100
|
|-weather|Sandstorm|[upkeep]
|-heal|p2a: Skarmory|73/100|[from] item: Leftovers
|upkeep
|turn|21
|
|t:|1728864170
|switch|p1a: Jolteon|Jolteon, M|100/100
|move|p2a: Skarmory|Toxic|p1a: Jolteon|[miss]
|-miss|p2a: Skarmory|p1a: Jolteon
|
|-weather|Sandstorm|[upkeep]
|-damage|p1a: Jolteon|95/100|[from] Sandstorm
|-heal|p1a: Jolteon|100/100|[from] item: Leftovers
|-heal|p2a: Skarmory|79/100|[from] item: Leftovers
|upkeep
|turn|22
|
|t:|1728864183
|switch|p2a: Zapdos|Zapdos|100/100
|move|p1a: Jolteon|Roar|p2a: Zapdos
|drag|p2a: Blissey|Blissey, F|88/100
|-damage|p2a: Blissey|63/100|[from] Spikes
|
|-weather|Sandstorm|[upkeep]
|-damage|p1a: Jolteon|95/100|[from] Sandstorm
|-damage|p2a: Blissey|57/100|[from] Sandstorm
|-heal|p1a: Jolteon|100/100|[from] item: Leftovers
|-heal|p2a: Blissey|63/100|[from] item: Leftovers
|upkeep
|turn|23
|
|t:|1728864187
|switch|p1a: Glalie|Glalie, F|41/100
|move|p2a: Blissey|Soft-Boiled|p2a: Blissey
|-heal|p2a: Blissey|100/100
|
|-weather|Sandstorm|[upkeep]
|-damage|p1a: Glalie|35/100|[from] Sandstorm
|-damage|p2a: Blissey|94/100|[from] Sandstorm
|-heal|p2a: Blissey|100/100|[from] item: Leftovers
|upkeep
|turn|24
|
|t:|1728864198
|switch|p2a: Skarmory|Skarmory, F|79/100
|move|p1a: Glalie|Ice Beam|p2a: Skarmory
|-damage|p2a: Skarmory|55/100
|
|-weather|Sandstorm|[upkeep]
|-damage|p1a: Glalie|28/100|[from] Sandstorm
|-heal|p2a: Skarmory|61/100|[from] item: Leftovers
|upkeep
|turn|25
|
|t:|1728864201
|move|p1a: Glalie|Taunt|p2a: Skarmory
|-start|p2a: Skarmory|move: Taunt
|cant|p2a: Skarmory|move: Taunt|Spikes
|
|-weather|Sandstorm|[upkeep]
|-damage|p1a: Glalie|22/100|[from] Sandstorm
|-enditem|p1a: Glalie|Salac Berry|[eat]
|-boost|p1a: Glalie|spe|1|[from] item: Salac Berry
|-heal|p2a: Skarmory|67/100|[from] item: Leftovers
|upkeep
|turn|26
|
|t:|1728864205
|move|p1a: Glalie|Ice Beam|p2a: Skarmory
|-damage|p2a: Skarmory|42/100
|move|p2a: Skarmory|Struggle|p1a: Glalie
|-damage|p1a: Glalie|11/100
|-damage|p2a: Skarmory|40/100|[from] Recoil|[of] p1a: Glalie
|
|-weather|Sandstorm|[upkeep]
|-damage|p1a: Glalie|5/100|[from] Sandstorm
|-heal|p2a: Skarmory|46/100|[from] item: Leftovers
|-end|p2a: Skarmory|move: Taunt|[silent]
|upkeep
|turn|27
|
|t:|1728864214
|move|p2a: Skarmory|Protect|p2a: Skarmory
|-singleturn|p2a: Skarmory|Protect
|move|p1a: Glalie|Explosion|p2a: Skarmory
|-activate|p2a: Skarmory|Protect
|faint|p1a: Glalie
|
|t:|1728864226
|switch|p1a: Gengar|Gengar, M|100/100
|
|-weather|Sandstorm|[upkeep]
|-damage|p1a: Gengar|94/100|[from] Sandstorm
|-heal|p1a: Gengar|100/100|[from] item: Leftovers
|-heal|p2a: Skarmory|52/100|[from] item: Leftovers
|upkeep
|turn|28
|
|t:|1728864234
|switch|p1a: Tyranitar|Tyranitar, F|100/100
|switch|p2a: Blissey|Blissey, F|100/100
|-damage|p2a: Blissey|76/100|[from] Spikes
|
|-weather|Sandstorm|[upkeep]
|-damage|p2a: Blissey|69/100|[from] Sandstorm
|-heal|p2a: Blissey|76/100|[from] item: Leftovers
|upkeep
|turn|29
|
|t:|1728864242
|switch|p2a: Skarmory|Skarmory, F|52/100
|move|p1a: Tyranitar|Double-Edge|p2a: Skarmory
|-resisted|p2a: Skarmory
|-damage|p2a: Skarmory|35/100
|-damage|p1a: Tyranitar|95/100|[from] Recoil|[of] p2a: Skarmory
|
|-weather|Sandstorm|[upkeep]
|-heal|p2a: Skarmory|41/100|[from] item: Leftovers
|upkeep
|turn|30
|
|t:|1728864250
|switch|p1a: Gengar|Gengar, M|100/100
|move|p2a: Skarmory|Spikes|p1a: Gengar
|-sidestart|p1: Salaryman William|Spikes
|
|-weather|Sandstorm|[upkeep]
|-damage|p1a: Gengar|94/100|[from] Sandstorm
|-heal|p1a: Gengar|100/100|[from] item: Leftovers
|-heal|p2a: Skarmory|47/100|[from] item: Leftovers
|upkeep
|turn|31
|
|t:|1728864254
|move|p2a: Skarmory|Protect|p2a: Skarmory
|-singleturn|p2a: Skarmory|Protect
|move|p1a: Gengar|Thunderbolt|p2a: Skarmory
|-activate|p2a: Skarmory|Protect
|
|-weather|Sandstorm|[upkeep]
|-damage|p1a: Gengar|94/100|[from] Sandstorm
|-heal|p1a: Gengar|100/100|[from] item: Leftovers
|-heal|p2a: Skarmory|53/100|[from] item: Leftovers
|upkeep
|turn|32
|
|t:|1728864262
|switch|p2a: Blissey|Blissey, F|76/100
|-damage|p2a: Blissey|51/100|[from] Spikes
|move|p1a: Gengar|Thunderbolt|p2a: Blissey
|-damage|p2a: Blissey|39/100
|
|-weather|Sandstorm|[upkeep]
|-damage|p1a: Gengar|94/100|[from] Sandstorm
|-damage|p2a: Blissey|33/100|[from] Sandstorm
|-heal|p1a: Gengar|100/100|[from] item: Leftovers
|-heal|p2a: Blissey|39/100|[from] item: Leftovers
|upkeep
|turn|33
|
|t:|1728864265
|move|p1a: Gengar|Explosion|p2a: Blissey
|-damage|p2a: Blissey|0 fnt
|faint|p1a: Gengar
|faint|p2a: Blissey
|
|t:|1728864275
|switch|p1a: Moltres|Moltres|23/100
|switch|p2a: Suicune|Suicune|100/100
|-damage|p2a: Suicune|76/100|[from] Spikes
|
|-weather|Sandstorm|[upkeep]
|-damage|p1a: Moltres|17/100|[from] Sandstorm
|-damage|p2a: Suicune|69/100|[from] Sandstorm
|-heal|p1a: Moltres|23/100|[from] item: Leftovers
|-heal|p2a: Suicune|76/100|[from] item: Leftovers
|upkeep
|turn|34
|
|t:|1728864281
|move|p1a: Moltres|Hidden Power|p2a: Suicune
|-supereffective|p2a: Suicune
|-damage|p2a: Suicune|38/100
|move|p2a: Suicune|Surf|p1a: Moltres
|-supereffective|p1a: Moltres
|-damage|p1a: Moltres|0 fnt
|faint|p1a: Moltres
|
|t:|1728864286
|switch|p1a: Jolteon|Jolteon, M|100/100
|-damage|p1a: Jolteon|88/100|[from] Spikes
|
|-weather|Sandstorm|[upkeep]
|-damage|p1a: Jolteon|82/100|[from] Sandstorm
|-damage|p2a: Suicune|32/100|[from] Sandstorm
|-heal|p1a: Jolteon|88/100|[from] item: Leftovers
|-heal|p2a: Suicune|38/100|[from] item: Leftovers
|upkeep
|turn|35
|
|t:|1728864289
|move|p1a: Jolteon|Thunderbolt|p2a: Suicune
|-supereffective|p2a: Suicune
|-damage|p2a: Suicune|0 fnt
|faint|p2a: Suicune
|
|t:|1728864291
|switch|p2a: Zapdos|Zapdos|100/100
|
|-weather|Sandstorm|[upkeep]
|-damage|p1a: Jolteon|82/100|[from] Sandstorm
|-damage|p2a: Zapdos|94/100|[from] Sandstorm
|-heal|p1a: Jolteon|88/100|[from] item: Leftovers
|-heal|p2a: Zapdos|100/100|[from] item: Leftovers
|upkeep
|turn|36
|
|t:|1728864297
|move|p1a: Jolteon|Thunderbolt|p2a: Zapdos
|-damage|p2a: Zapdos|69/100
|move|p2a: Zapdos|Toxic|p1a: Jolteon
|-status|p1a: Jolteon|tox
|
|-weather|Sandstorm|[upkeep]
|-damage|p1a: Jolteon|82/100 tox|[from] Sandstorm
|-damage|p2a: Zapdos|63/100|[from] Sandstorm
|-heal|p1a: Jolteon|88/100 tox|[from] item: Leftovers
|-damage|p1a: Jolteon|82/100 tox|[from] psn
|-heal|p2a: Zapdos|69/100|[from] item: Leftovers
|upkeep
|turn|37
|
|t:|1728864306
|move|p1a: Jolteon|Thunderbolt|p2a: Zapdos
|-damage|p2a: Zapdos|40/100
|move|p2a: Zapdos|Roar|p1a: Jolteon
|drag|p1a: Tyranitar|Tyranitar, F|95/100
|-damage|p1a: Tyranitar|83/100|[from] Spikes
|
|-weather|Sandstorm|[upkeep]
|-damage|p2a: Zapdos|33/100|[from] Sandstorm
|-heal|p2a: Zapdos|40/100|[from] item: Leftovers
|upkeep
|turn|38
|
|t:|1728864318
|move|p1a: Tyranitar|Rock Slide|p2a: Zapdos
|-supereffective|p2a: Zapdos
|-crit|p2a: Zapdos
|-damage|p2a: Zapdos|0 fnt
|faint|p2a: Zapdos
|
|t:|1728864319
|switch|p2a: Skarmory|Skarmory, F|53/100
|
|-weather|Sandstorm|[upkeep]
|-heal|p2a: Skarmory|59/100|[from] item: Leftovers
|upkeep
|turn|39
|
|t:|1728864322
|move|p1a: Tyranitar|Rock Slide|p2a: Skarmory
|-damage|p2a: Skarmory|27/100
|cant|p2a: Skarmory|flinch
|
|-weather|Sandstorm|[upkeep]
|-heal|p2a: Skarmory|33/100|[from] item: Leftovers
|upkeep
|turn|40
|
|t:|1728864326
|move|p1a: Tyranitar|Dragon Dance|p1a: Tyranitar
|-boost|p1a: Tyranitar|atk|1
|-boost|p1a: Tyranitar|spe|1
|move|p2a: Skarmory|Toxic|p1a: Tyranitar
|-status|p1a: Tyranitar|tox
|
|-weather|Sandstorm|[upkeep]
|-damage|p1a: Tyranitar|77/100 tox|[from] psn
|-heal|p2a: Skarmory|39/100|[from] item: Leftovers
|upkeep
|turn|41
|
|t:|1728864332
|move|p2a: Skarmory|Protect|p2a: Skarmory
|-singleturn|p2a: Skarmory|Protect
|move|p1a: Tyranitar|Rock Slide|p2a: Skarmory
|-activate|p2a: Skarmory|Protect
|
|-weather|Sandstorm|[upkeep]
|-damage|p1a: Tyranitar|64/100 tox|[from] psn
|-heal|p2a: Skarmory|45/100|[from] item: Leftovers
|upkeep
|turn|42
|
|t:|1728864334
|move|p1a: Tyranitar|Rock Slide|p2a: Skarmory
|-damage|p2a: Skarmory|1/100
|move|p2a: Skarmory|Roar|p1a: Tyranitar
|drag|p1a: Jolteon|Jolteon, M|82/100 tox
|-damage|p1a: Jolteon|70/100 tox|[from] Spikes
|
|-weather|Sandstorm|[upkeep]
|-damage|p1a: Jolteon|64/100 tox|[from] Sandstorm
|-heal|p1a: Jolteon|70/100 tox|[from] item: Leftovers
|-damage|p1a: Jolteon|64/100 tox|[from] psn
|-heal|p2a: Skarmory|7/100|[from] item: Leftovers
|upkeep
|turn|43
|
|t:|1728864337
|move|p2a: Skarmory|Protect|p2a: Skarmory
|-singleturn|p2a: Skarmory|Protect
|move|p1a: Jolteon|Thunderbolt|p2a: Skarmory
|-activate|p2a: Skarmory|Protect
|
|-weather|Sandstorm|[upkeep]
|-damage|p1a: Jolteon|58/100 tox|[from] Sandstorm
|-heal|p1a: Jolteon|64/100 tox|[from] item: Leftovers
|-damage|p1a: Jolteon|53/100 tox|[from] psn
|-heal|p2a: Skarmory|13/100|[from] item: Leftovers
|upkeep
|turn|44
|
|t:|1728864341
|move|p2a: Skarmory|Protect|p2a: Skarmory
|-singleturn|p2a: Skarmory|Protect
|move|p1a: Jolteon|Thunderbolt|p2a: Skarmory
|-activate|p2a: Skarmory|Protect
|
|-weather|Sandstorm|[upkeep]
|-damage|p1a: Jolteon|47/100 tox|[from] Sandstorm
|-heal|p1a: Jolteon|53/100 tox|[from] item: Leftovers
|-damage|p1a: Jolteon|35/100 tox|[from] psn
|-heal|p2a: Skarmory|19/100|[from] item: Leftovers
|upkeep
|turn|45
|c|☆Salaryman William|gg
|
|t:|1728864347
|move|p2a: Skarmory|Protect||[still]
|-fail|p2a: Skarmory
|move|p1a: Jolteon|Thunderbolt|p2a: Skarmory
|-supereffective|p2a: Skarmory
|-damage|p2a: Skarmory|0 fnt
|faint|p2a: Skarmory
|
|win|Salaryman William

</script>
<script type="application/json" class="data" id="replaydata-smogtours-gen3ou-798529">
{"id":"smogtours-gen3ou-798529","format":"[Gen 3] OU","players":["Salaryman William","UponLink"],"uploadtime":1728864347,"views":107,"formatid":"gen3ou","rating":null,"private":0,"password":null}
</script>

<script defer src="js/replays.js?9d40a366"></script>
