<!DOCTYPE html>
<meta charset="utf-8" />
<meta name="viewport" content="width=device-width" />

<title>[Gen 3] OU: SteelSwaggy vs. verbatim - Replays - Pok&eacute;mon Showdown!</title>

<meta name="description" content="Watch a replay of a Pok&eacute;mon battle between SteelSwaggy and verbatim! Format: [Gen 3] OU; Date: Oct 12, 2024" />
<!--

Hey, you! Looking in the source for the replay log?

You can find them in JSON format, just add `.json` at the end of a replay URL.

https://replay.pokemonshowdown.com/gen7randomdoublesbattle-865046831.json

Or, if you only need the log itself, add `.log` instead:

https://replay.pokemonshowdown.com/gen7randomdoublesbattle-865046831.log

-->

<link rel="stylesheet" href="//pokemonshowdown.com/style/global.css?0.767286132409787" />
<link rel="stylesheet" href="//play.pokemonshowdown.com/style/font-awesome.css?0.9266228007934947" />
<link rel="stylesheet" href="//play.pokemonshowdown.com/style/battle.css?0.7924700842790926" />
<link rel="stylesheet" href="//play.pokemonshowdown.com/style/utilichart.css?0.8777417872839479" />

<!-- Global site tag (gtag.js) - Google Analytics -->
<script async src="https://www.googletagmanager.com/gtag/js?id=UA-26211653-1"></script>
<script>
  window.dataLayer = window.dataLayer || [];
  function gtag(){dataLayer.push(arguments);}
  gtag('js', new Date());

  gtag('config', 'UA-26211653-1');
</script>
<!-- End Google Analytics -->
<!-- Venatus Ad Manager - Install in <HEAD> of page -->
	<script src="https://hb.vntsm.com/v3/live/ad-manager.min.js" type="text/javascript" data-site-id="642aba63ec9a7b11c3c9c1be" data-mode="scan" async></script>
<!-- / Venatus Ad Manager -->

<style>
	@media (max-width:820px) {
		.battle {
			margin: 0 auto;
		}
		.battle-log {
			margin: 7px auto 0;
			max-width: 640px;
			height: 300px;
			position: static;
		}
	}
	.optgroup {
		display: inline-block;
		line-height: 22px;
		font-size: 10pt;
	}
	.optgroup .button {
		height: 25px;
		padding-top: 0;
		padding-bottom: 0;
	}
	.optgroup button.button {
		padding-left: 12px;
		padding-right: 12px;
	}
	.linklist {
		list-style: none;
		margin: 0.5em 0;
		padding: 0;
	}
	.linklist li {
		padding: 2px 0;
	}
	.sidebar {
		float: left;
		width: 320px;
	}
	.bar-wrapper {
		max-width: 1100px;
		margin: 0 auto;
	}
	.bar-wrapper.has-sidebar {
		max-width: 1430px;
	}
	.mainbar {
		margin: 0;
		padding-right: 1px;
	}
	.mainbar.has-sidebar {
		margin-left: 330px;
	}
	@media (min-width: 1511px) {
		.sidebar {
			width: 400px;
		}
		.bar-wrapper.has-sidebar {
			max-width: 1510px;
		}
		.mainbar.has-sidebar {
			margin-left: 410px;
		}
	}
	.section.first-section {
		margin-top: 9px;
	}
	.blocklink small {
		white-space: normal;
	}
	.button {
		vertical-align: middle;
	}
	.replay-controls {
		padding-top: 10px;
	}
	.replay-controls h1 {
		font-size: 16pt;
		font-weight: normal;
		color: #CCC;
	}
	.pagelink {
		text-align: center;
	}
	.pagelink a {
		width: 150px;
	}
	.textbox, .button {
		font-size: 11pt;
		vertical-align: middle;
	}
	@media (max-width: 450px) {
		.button {
			font-size: 9pt;
		}
	}
</style>

<div>

	<header>
		<div class="nav-wrapper"><ul class="nav">
			<li><a class="button nav-first" href="//pokemonshowdown.com/"><img src="//pokemonshowdown.com/images/pokemonshowdownbeta.png" srcset="//pokemonshowdown.com/images/pokemonshowdownbeta.png 1x, //pokemonshowdown.com/images/pokemonshowdownbeta@2x.png 2x" alt="Pok&eacute;mon Showdown" width="146" height="44" /> Home</a></li>
			<li><a class="button" href="//pokemonshowdown.com/dex/">Pok&eacute;dex</a></li>
			<li><a class="button cur" href="/">Replays</a></li>
			<li><a class="button" href="//pokemonshowdown.com/ladder/">Ladder</a></li>
			<li><a class="button nav-last" href="//pokemonshowdown.com/forums/">Forum</a></li>
			<li><a class="button greenbutton nav-first nav-last" href="//play.pokemonshowdown.com/">Play</a></li>
		</ul></div>
	</header>

	<div class="main" id="main">

		<noscript><section class="section">You need to enable JavaScript to use this page; sorry!</section></noscript>

	</div>

</div>

<script defer nomodule src="//play.pokemonshowdown.com/js/lib/ps-polyfill.js"></script>
<script defer src="//play.pokemonshowdown.com/js/lib/preact.min.js"></script>

<script defer src="//play.pokemonshowdown.com/config/config.js?6dec07f6"></script>
<script defer src="//play.pokemonshowdown.com/js/lib/jquery-1.11.0.min.js"></script>
<script defer src="//play.pokemonshowdown.com/js/lib/html-sanitizer-minified.js"></script>
<script defer src="//play.pokemonshowdown.com/js/battle-sound.js"></script>
<script defer src="//play.pokemonshowdown.com/js/battledata.js?0.6315294753075389"></script>
<script defer src="//play.pokemonshowdown.com/data/pokedex-mini.js?0.7603743185311358"></script>
<script defer src="//play.pokemonshowdown.com/data/pokedex-mini-bw.js?0.030888842834281283"></script>
<script defer src="//play.pokemonshowdown.com/data/graphics.js?0.05593094747507488"></script>
<script defer src="//play.pokemonshowdown.com/data/pokedex.js?0.47064822249611904"></script>
<script defer src="//play.pokemonshowdown.com/data/moves.js?0.8583693120512459"></script>
<script defer src="//play.pokemonshowdown.com/data/abilities.js?0.16017181182386842"></script>
<script defer src="//play.pokemonshowdown.com/data/items.js?0.4163379185673943"></script>
<script defer src="//play.pokemonshowdown.com/data/teambuilder-tables.js?0.31075597372830477"></script>
<script defer src="//play.pokemonshowdown.com/js/battle-tooltips.js?0.6536193500708172"></script>
<script defer src="//play.pokemonshowdown.com/js/battle.js?0.1916591943277901"></script>

<script defer src="js/utils.js?e31f9a17"></script>
<script defer src="js/replays-battle.js?7008c182"></script>

<!-- don't scrape this data! just add .json or .log after the URL!
Full API docs: https://github.com/smogon/pokemon-showdown-client/blob/master/WEB-API.md -->
<script type="text/plain" class="log" id="replaylog-smogtours-gen3ou-797699">
|inactive|Battle timer is ON: inactive players will automatically lose when time's up.
|t:|1728760301
|gametype|singles
|player|p1|SteelSwaggy|scientist-gen4dp|
|player|p2|verbatim|#psstaffm|
|teamsize|p1|6
|teamsize|p2|6
|gen|3
|tier|[Gen 3] OU
|rule|Sleep Clause Mod: Limit one foe put to sleep
|rule|Switch Priority Clause Mod: Faster Pokémon switch first
|rule|Species Clause: Limit one of each Pokémon
|rule|OHKO Clause: OHKO moves are banned
|rule|Evasion Items Clause: Evasion items are banned
|rule|Evasion Moves Clause: Evasion moves are banned
|rule|Endless Battle Clause: Forcing endless battles is banned
|rule|HP Percentage Mod: HP is shown in percentages
|rule|One Boost Passer Clause: Limit one Baton Passer that has a way to boost its stats
|rule|Freeze Clause Mod: Limit one foe frozen
|
|t:|1728760301
|start
|switch|p1a: Arvis|Moltres|100/100
|switch|p2a: Bear with me Here|Dugtrio, F|100/100
|turn|1
|inactive|SteelSwaggy has 270 seconds left.
|
|t:|1728760341
|switch|p2a: Walled Garden|Blissey, F|100/100
|switch|p1a: Skarmory|Skarmory, M|100/100
|
|upkeep
|turn|2
|
|t:|1728760346
|move|p1a: Skarmory|Spikes|p2a: Walled Garden
|-sidestart|p2: verbatim|Spikes
|move|p2a: Walled Garden|Calm Mind|p2a: Walled Garden
|-boost|p2a: Walled Garden|spa|1
|-boost|p2a: Walled Garden|spd|1
|
|upkeep
|turn|3
|
|t:|1728760355
|move|p2a: Walled Garden|Thunderbolt|p1a: Skarmory
|-supereffective|p1a: Skarmory
|-damage|p1a: Skarmory|32/100
|move|p1a: Skarmory|Roar|p2a: Walled Garden
|drag|p2a: silver lining|Jirachi|100/100
|-damage|p2a: silver lining|88/100|[from] Spikes
|
|-heal|p2a: silver lining|94/100|[from] item: Leftovers
|-heal|p1a: Skarmory|38/100|[from] item: Leftovers
|upkeep
|turn|4
|
|t:|1728760382
|switch|p1a: Swampert|Swampert, M|100/100
|move|p2a: silver lining|Thunderbolt|p1a: Swampert
|-immune|p1a: Swampert
|
|-heal|p2a: silver lining|100/100|[from] item: Leftovers
|upkeep
|turn|5
|
|t:|1728760388
|switch|p2a: Kill 2 birds|Zapdos|100/100
|move|p1a: Swampert|Earthquake|p2a: Kill 2 birds
|-immune|p2a: Kill 2 birds
|
|upkeep
|turn|6
|
|t:|1728760397
|move|p1a: Swampert|Protect|p1a: Swampert
|-singleturn|p1a: Swampert|Protect
|move|p2a: Kill 2 birds|Hidden Power|p1a: Swampert
|-activate|p1a: Swampert|Protect
|
|upkeep
|turn|7
|
|t:|1728760402
|switch|p1a: Zapdos|Zapdos|100/100
|move|p2a: Kill 2 birds|Thunder Wave|p1a: Zapdos
|-status|p1a: Zapdos|par
|
|upkeep
|turn|8
|
|t:|1728760412
|switch|p2a: 1stone|Quagsire, M|100/100
|-damage|p2a: 1stone|88/100|[from] Spikes
|move|p1a: Zapdos|Thunderbolt|p2a: 1stone
|-immune|p2a: 1stone
|
|-heal|p2a: 1stone|94/100|[from] item: Leftovers
|upkeep
|turn|9
|
|t:|1728760431
|switch|p2a: silver lining|Jirachi|100/100
|-damage|p2a: silver lining|88/100|[from] Spikes
|switch|p1a: Gengar|Gengar, F|100/100
|
|-heal|p2a: silver lining|94/100|[from] item: Leftovers
|upkeep
|turn|10
|
|t:|1728760438
|move|p1a: Gengar|Will-O-Wisp|p2a: silver lining|[miss]
|-miss|p1a: Gengar|p2a: silver lining
|move|p2a: silver lining|Calm Mind|p2a: silver lining
|-boost|p2a: silver lining|spa|1
|-boost|p2a: silver lining|spd|1
|
|-heal|p2a: silver lining|100/100|[from] item: Leftovers
|upkeep
|turn|11
|
|t:|1728760448
|move|p1a: Gengar|Will-O-Wisp|p2a: silver lining
|-status|p2a: silver lining|brn
|move|p2a: silver lining|Ice Punch|p1a: Gengar
|-crit|p1a: Gengar
|-damage|p1a: Gengar|21/100
|
|-heal|p1a: Gengar|27/100|[from] item: Leftovers
|-damage|p2a: silver lining|88/100 brn|[from] brn
|upkeep
|turn|12
|
|t:|1728760455
|switch|p1a: Swampert|Swampert, M|100/100
|move|p2a: silver lining|Ice Punch|p1a: Swampert
|-damage|p1a: Swampert|74/100
|
|-heal|p2a: silver lining|94/100 brn|[from] item: Leftovers
|-damage|p2a: silver lining|82/100 brn|[from] brn
|-heal|p1a: Swampert|80/100|[from] item: Leftovers
|upkeep
|turn|13
|
|t:|1728760461
|move|p2a: silver lining|Ice Punch|p1a: Swampert
|-damage|p1a: Swampert|54/100
|move|p1a: Swampert|Ice Beam|p2a: silver lining
|-resisted|p2a: silver lining
|-damage|p2a: silver lining|76/100 brn
|
|-heal|p2a: silver lining|83/100 brn|[from] item: Leftovers
|-damage|p2a: silver lining|70/100 brn|[from] brn
|-heal|p1a: Swampert|60/100|[from] item: Leftovers
|upkeep
|turn|14
|
|t:|1728760464
|move|p1a: Swampert|Protect|p1a: Swampert
|-singleturn|p1a: Swampert|Protect
|move|p2a: silver lining|Ice Punch|p1a: Swampert
|-activate|p1a: Swampert|Protect
|
|-heal|p2a: silver lining|76/100 brn|[from] item: Leftovers
|-damage|p2a: silver lining|64/100 brn|[from] brn
|-heal|p1a: Swampert|66/100|[from] item: Leftovers
|upkeep
|turn|15
|
|t:|1728760470
|move|p2a: silver lining|Ice Punch|p1a: Swampert
|-damage|p1a: Swampert|38/100
|-status|p1a: Swampert|frz
|cant|p1a: Swampert|frz
|
|-heal|p2a: silver lining|70/100 brn|[from] item: Leftovers
|-damage|p2a: silver lining|58/100 brn|[from] brn
|-heal|p1a: Swampert|44/100 frz|[from] item: Leftovers
|upkeep
|turn|16
|
|t:|1728760475
|cant|p1a: Swampert|frz
|move|p2a: silver lining|Ice Punch|p1a: Swampert
|-damage|p1a: Swampert|16/100 frz
|
|-heal|p2a: silver lining|64/100 brn|[from] item: Leftovers
|-damage|p2a: silver lining|52/100 brn|[from] brn
|-heal|p1a: Swampert|22/100 frz|[from] item: Leftovers
|upkeep
|turn|17
|
|t:|1728760481
|cant|p1a: Swampert|frz
|move|p2a: silver lining|Ice Punch|p1a: Swampert
|-damage|p1a: Swampert|0 fnt
|faint|p1a: Swampert
|
|t:|1728760491
|switch|p1a: Kryptonite|Tyranitar, M|100/100
|-weather|Sandstorm|[from] ability: Sand Stream|[of] p1a: Kryptonite
|
|-weather|Sandstorm|[upkeep]
|-heal|p2a: silver lining|58/100 brn|[from] item: Leftovers
|-damage|p2a: silver lining|45/100 brn|[from] brn
|upkeep
|turn|18
|
|t:|1728760508
|switch|p2a: 1stone|Quagsire, M|94/100
|-damage|p2a: 1stone|82/100|[from] Spikes
|move|p1a: Kryptonite|Dragon Dance|p1a: Kryptonite
|-boost|p1a: Kryptonite|atk|1
|-boost|p1a: Kryptonite|spe|1
|
|-weather|Sandstorm|[upkeep]
|-heal|p2a: 1stone|88/100|[from] item: Leftovers
|upkeep
|turn|19
|
|t:|1728760525
|switch|p1a: Skarmory|Skarmory, M|38/100
|move|p2a: 1stone|Earthquake|p1a: Skarmory
|-immune|p1a: Skarmory
|
|-weather|Sandstorm|[upkeep]
|-heal|p1a: Skarmory|44/100|[from] item: Leftovers
|-heal|p2a: 1stone|94/100|[from] item: Leftovers
|upkeep
|turn|20
|
|t:|1728760534
|switch|p2a: Paper Tiger|Pikachu, F|100/100
|-damage|p2a: Paper Tiger|88/100|[from] Spikes
|move|p1a: Skarmory|Toxic|p2a: Paper Tiger
|-status|p2a: Paper Tiger|tox
|
|-weather|Sandstorm|[upkeep]
|-damage|p2a: Paper Tiger|82/100 tox|[from] Sandstorm
|-damage|p2a: Paper Tiger|76/100 tox|[from] psn
|-heal|p1a: Skarmory|50/100|[from] item: Leftovers
|upkeep
|turn|21
|
|t:|1728760543
|move|p1a: Skarmory|Protect|p1a: Skarmory
|-singleturn|p1a: Skarmory|Protect
|move|p2a: Paper Tiger|Volt Tackle|p1a: Skarmory
|-activate|p1a: Skarmory|Protect
|
|-weather|Sandstorm|[upkeep]
|-damage|p2a: Paper Tiger|70/100 tox|[from] Sandstorm
|-damage|p2a: Paper Tiger|58/100 tox|[from] psn
|-heal|p1a: Skarmory|56/100|[from] item: Leftovers
|upkeep
|turn|22
|
|t:|1728760572
|switch|p1a: Gengar|Gengar, F|27/100
|move|p2a: Paper Tiger|Volt Tackle|p1a: Gengar
|-crit|p1a: Gengar
|-damage|p1a: Gengar|0 fnt
|-damage|p2a: Paper Tiger|42/100 tox|[from] Recoil|[of] p1a: Gengar
|faint|p1a: Gengar
|
|t:|1728760578
|switch|p1a: Skarmory|Skarmory, M|56/100
|
|-weather|Sandstorm|[upkeep]
|-damage|p2a: Paper Tiger|36/100 tox|[from] Sandstorm
|-damage|p2a: Paper Tiger|18/100 tox|[from] psn
|-heal|p1a: Skarmory|62/100|[from] item: Leftovers
|upkeep
|turn|23
|
|t:|1728760583
|switch|p2a: Kill 2 birds|Zapdos|100/100
|move|p1a: Skarmory|Protect||[still]
|-fail|p1a: Skarmory
|
|-weather|Sandstorm|[upkeep]
|-damage|p2a: Kill 2 birds|94/100|[from] Sandstorm
|-heal|p2a: Kill 2 birds|100/100|[from] item: Leftovers
|-heal|p1a: Skarmory|68/100|[from] item: Leftovers
|upkeep
|turn|24
|
|t:|1728760594
|move|p2a: Kill 2 birds|Thunderbolt|p1a: Skarmory
|-supereffective|p1a: Skarmory
|-damage|p1a: Skarmory|0 fnt
|faint|p1a: Skarmory
|
|t:|1728760602
|switch|p1a: Zapdos|Zapdos|100/100 par
|
|-weather|Sandstorm|[upkeep]
|-damage|p2a: Kill 2 birds|94/100|[from] Sandstorm
|-damage|p1a: Zapdos|94/100 par|[from] Sandstorm
|-heal|p2a: Kill 2 birds|100/100|[from] item: Leftovers
|-heal|p1a: Zapdos|100/100 par|[from] item: Leftovers
|upkeep
|turn|25
|
|t:|1728760612
|move|p2a: Kill 2 birds|Thunderbolt|p1a: Zapdos
|-damage|p1a: Zapdos|69/100 par
|move|p1a: Zapdos|Thunderbolt|p2a: Kill 2 birds
|-damage|p2a: Kill 2 birds|52/100
|
|-weather|Sandstorm|[upkeep]
|-damage|p2a: Kill 2 birds|46/100|[from] Sandstorm
|-damage|p1a: Zapdos|62/100 par|[from] Sandstorm
|-heal|p2a: Kill 2 birds|52/100|[from] item: Leftovers
|-heal|p1a: Zapdos|69/100 par|[from] item: Leftovers
|upkeep
|turn|26
|
|t:|1728760618
|switch|p2a: Bear with me Here|Dugtrio, F|100/100
|-damage|p2a: Bear with me Here|88/100|[from] Spikes
|move|p1a: Zapdos|Rest|p1a: Zapdos
|-status|p1a: Zapdos|slp|[from] move: Rest
|-heal|p1a: Zapdos|100/100 slp|[silent]
|
|-weather|Sandstorm|[upkeep]
|-damage|p1a: Zapdos|94/100 slp|[from] Sandstorm
|-heal|p1a: Zapdos|100/100 slp|[from] item: Leftovers
|upkeep
|turn|27
|
|t:|1728760628
|move|p2a: Bear with me Here|Rock Slide|p1a: Zapdos
|-supereffective|p1a: Zapdos
|-damage|p1a: Zapdos|32/100 slp
|cant|p1a: Zapdos|slp
|
|-weather|Sandstorm|[upkeep]
|-damage|p1a: Zapdos|25/100 slp|[from] Sandstorm
|-heal|p1a: Zapdos|32/100 slp|[from] item: Leftovers
|upkeep
|turn|28
|
|t:|1728760630
|switch|p1a: Kryptonite|Tyranitar, M|100/100
|move|p2a: Bear with me Here|Rock Slide|p1a: Kryptonite
|-damage|p1a: Kryptonite|76/100
|
|-weather|Sandstorm|[upkeep]
|upkeep
|turn|29
|
|t:|1728760638
|switch|p2a: 1stone|Quagsire, M|94/100
|-damage|p2a: 1stone|81/100|[from] Spikes
|move|p1a: Kryptonite|Earthquake|p2a: 1stone
|-damage|p2a: 1stone|53/100
|
|-weather|Sandstorm|[upkeep]
|-heal|p2a: 1stone|59/100|[from] item: Leftovers
|upkeep
|turn|30
|
|t:|1728760648
|switch|p1a: Arvis|Moltres|100/100
|move|p2a: 1stone|Earthquake|p1a: Arvis
|-immune|p1a: Arvis
|
|-weather|Sandstorm|[upkeep]
|-damage|p1a: Arvis|94/100|[from] Sandstorm
|-heal|p1a: Arvis|100/100|[from] item: Leftovers
|-heal|p2a: 1stone|65/100|[from] item: Leftovers
|upkeep
|turn|31
|
|t:|1728760664
|switch|p2a: Walled Garden|Blissey, F|100/100
|-damage|p2a: Walled Garden|88/100|[from] Spikes
|move|p1a: Arvis|Hidden Power|p2a: Walled Garden
|-damage|p2a: Walled Garden|78/100
|
|-weather|Sandstorm|[upkeep]
|-damage|p1a: Arvis|94/100|[from] Sandstorm
|-damage|p2a: Walled Garden|71/100|[from] Sandstorm
|-heal|p1a: Arvis|100/100|[from] item: Leftovers
|-heal|p2a: Walled Garden|78/100|[from] item: Leftovers
|upkeep
|turn|32
|
|t:|1728760689
|move|p1a: Arvis|Will-O-Wisp|p2a: Walled Garden
|-status|p2a: Walled Garden|brn
|move|p2a: Walled Garden|Calm Mind|p2a: Walled Garden
|-boost|p2a: Walled Garden|spa|1
|-boost|p2a: Walled Garden|spd|1
|
|-weather|Sandstorm|[upkeep]
|-damage|p1a: Arvis|94/100|[from] Sandstorm
|-damage|p2a: Walled Garden|71/100 brn|[from] Sandstorm
|-heal|p1a: Arvis|100/100|[from] item: Leftovers
|-heal|p2a: Walled Garden|78/100 brn|[from] item: Leftovers
|-damage|p2a: Walled Garden|65/100 brn|[from] brn
|upkeep
|turn|33
|
|t:|1728760699
|move|p1a: Arvis|Overheat|p2a: Walled Garden
|-damage|p2a: Walled Garden|45/100 brn
|-unboost|p1a: Arvis|spa|2
|move|p2a: Walled Garden|Thunderbolt|p1a: Arvis
|-supereffective|p1a: Arvis
|-damage|p1a: Arvis|16/100
|-status|p1a: Arvis|par
|
|-weather|Sandstorm|[upkeep]
|-damage|p2a: Walled Garden|38/100 brn|[from] Sandstorm
|-damage|p1a: Arvis|10/100 par|[from] Sandstorm
|-heal|p2a: Walled Garden|45/100 brn|[from] item: Leftovers
|-damage|p2a: Walled Garden|32/100 brn|[from] brn
|-heal|p1a: Arvis|16/100 par|[from] item: Leftovers
|upkeep
|turn|34
|
|t:|1728760710
|move|p2a: Walled Garden|Soft-Boiled|p2a: Walled Garden
|-heal|p2a: Walled Garden|82/100 brn
|move|p1a: Arvis|Flamethrower|p2a: Walled Garden
|-damage|p2a: Walled Garden|75/100 brn
|
|-weather|Sandstorm|[upkeep]
|-damage|p2a: Walled Garden|69/100 brn|[from] Sandstorm
|-damage|p1a: Arvis|10/100 par|[from] Sandstorm
|-heal|p2a: Walled Garden|75/100 brn|[from] item: Leftovers
|-damage|p2a: Walled Garden|63/100 brn|[from] brn
|-heal|p1a: Arvis|16/100 par|[from] item: Leftovers
|upkeep
|turn|35
|
|t:|1728760713
|switch|p1a: Zapdos|Zapdos|32/100 slp
|move|p2a: Walled Garden|Thunderbolt|p1a: Zapdos
|-damage|p1a: Zapdos|5/100 slp
|
|-weather|Sandstorm|[upkeep]
|-damage|p1a: Zapdos|0 fnt|[from] Sandstorm
|-damage|p2a: Walled Garden|57/100 brn|[from] Sandstorm
|faint|p1a: Zapdos
|-heal|p2a: Walled Garden|63/100 brn|[from] item: Leftovers
|-damage|p2a: Walled Garden|51/100 brn|[from] brn
|upkeep
|
|t:|1728760716
|switch|p1a: Kryptonite|Tyranitar, M|76/100
|turn|36
|
|t:|1728760719
|move|p1a: Kryptonite|Earthquake|p2a: Walled Garden
|-damage|p2a: Walled Garden|12/100 brn
|move|p2a: Walled Garden|Thunderbolt|p1a: Kryptonite
|-damage|p1a: Kryptonite|45/100
|
|-weather|Sandstorm|[upkeep]
|-damage|p2a: Walled Garden|6/100 brn|[from] Sandstorm
|-heal|p2a: Walled Garden|12/100 brn|[from] item: Leftovers
|-damage|p2a: Walled Garden|0 fnt|[from] brn
|faint|p2a: Walled Garden
|upkeep
|
|t:|1728760721
|switch|p2a: Bear with me Here|Dugtrio, F|88/100
|-damage|p2a: Bear with me Here|76/100|[from] Spikes
|turn|37
|c|☆SteelSwaggy|got 2-0 bruh, gg
|c|☆verbatim|ggs, unfort sorry for hax
|-message|SteelSwaggy forfeited.
|
|win|verbatim
|player|p1|
|c|☆verbatim|mattered both games
|player|p1|SteelSwaggy|scientist-gen4dp|

</script>
<script type="application/json" class="data" id="replaydata-smogtours-gen3ou-797699">
{"id":"smogtours-gen3ou-797699","format":"[Gen 3] OU","players":["SteelSwaggy","verbatim"],"uploadtime":1728760736,"views":101,"formatid":"gen3ou","rating":null,"private":0,"password":null}
</script>

<script defer src="js/replays.js?9d40a366"></script>
