<!DOCTYPE html>
<meta charset="utf-8" />
<meta name="viewport" content="width=device-width" />

<title>[Gen 3] OU: Nardgo vs. caloominum - Replays - Pok&eacute;mon Showdown!</title>

<meta name="description" content="Watch a replay of a Pok&eacute;mon battle between Nardgo and caloominum! Format: [Gen 3] OU; Date: Nov 11, 2024" />
<!--

Hey, you! Looking in the source for the replay log?

You can find them in JSON format, just add `.json` at the end of a replay URL.

https://replay.pokemonshowdown.com/gen7randomdoublesbattle-865046831.json

Or, if you only need the log itself, add `.log` instead:

https://replay.pokemonshowdown.com/gen7randomdoublesbattle-865046831.log

-->

<link rel="stylesheet" href="//pokemonshowdown.com/style/global.css?0.767286132409787" />
<link rel="stylesheet" href="//play.pokemonshowdown.com/style/font-awesome.css?0.9266228007934947" />
<link rel="stylesheet" href="//play.pokemonshowdown.com/style/battle.css?0.7924700842790926" />
<link rel="stylesheet" href="//play.pokemonshowdown.com/style/utilichart.css?0.8777417872839479" />

<!-- Global site tag (gtag.js) - Google Analytics -->
<script async src="https://www.googletagmanager.com/gtag/js?id=UA-26211653-1"></script>
<script>
  window.dataLayer = window.dataLayer || [];
  function gtag(){dataLayer.push(arguments);}
  gtag('js', new Date());

  gtag('config', 'UA-26211653-1');
</script>
<!-- End Google Analytics -->
<!-- Venatus Ad Manager - Install in <HEAD> of page -->
	<script src="https://hb.vntsm.com/v3/live/ad-manager.min.js" type="text/javascript" data-site-id="642aba63ec9a7b11c3c9c1be" data-mode="scan" async></script>
<!-- / Venatus Ad Manager -->

<style>
	@media (max-width:820px) {
		.battle {
			margin: 0 auto;
		}
		.battle-log {
			margin: 7px auto 0;
			max-width: 640px;
			height: 300px;
			position: static;
		}
	}
	.optgroup {
		display: inline-block;
		line-height: 22px;
		font-size: 10pt;
	}
	.optgroup .button {
		height: 25px;
		padding-top: 0;
		padding-bottom: 0;
	}
	.optgroup button.button {
		padding-left: 12px;
		padding-right: 12px;
	}
	.linklist {
		list-style: none;
		margin: 0.5em 0;
		padding: 0;
	}
	.linklist li {
		padding: 2px 0;
	}
	.sidebar {
		float: left;
		width: 320px;
	}
	.bar-wrapper {
		max-width: 1100px;
		margin: 0 auto;
	}
	.bar-wrapper.has-sidebar {
		max-width: 1430px;
	}
	.mainbar {
		margin: 0;
		padding-right: 1px;
	}
	.mainbar.has-sidebar {
		margin-left: 330px;
	}
	@media (min-width: 1511px) {
		.sidebar {
			width: 400px;
		}
		.bar-wrapper.has-sidebar {
			max-width: 1510px;
		}
		.mainbar.has-sidebar {
			margin-left: 410px;
		}
	}
	.section.first-section {
		margin-top: 9px;
	}
	.blocklink small {
		white-space: normal;
	}
	.button {
		vertical-align: middle;
	}
	.replay-controls {
		padding-top: 10px;
	}
	.replay-controls h1 {
		font-size: 16pt;
		font-weight: normal;
		color: #CCC;
	}
	.pagelink {
		text-align: center;
	}
	.pagelink a {
		width: 150px;
	}
	.textbox, .button {
		font-size: 11pt;
		vertical-align: middle;
	}
	@media (max-width: 450px) {
		.button {
			font-size: 9pt;
		}
	}
</style>

<div>

	<header>
		<div class="nav-wrapper"><ul class="nav">
			<li><a class="button nav-first" href="//pokemonshowdown.com/"><img src="//pokemonshowdown.com/images/pokemonshowdownbeta.png" srcset="//pokemonshowdown.com/images/pokemonshowdownbeta.png 1x, //pokemonshowdown.com/images/pokemonshowdownbeta@2x.png 2x" alt="Pok&eacute;mon Showdown" width="146" height="44" /> Home</a></li>
			<li><a class="button" href="//pokemonshowdown.com/dex/">Pok&eacute;dex</a></li>
			<li><a class="button cur" href="/">Replays</a></li>
			<li><a class="button" href="//pokemonshowdown.com/ladder/">Ladder</a></li>
			<li><a class="button nav-last" href="//pokemonshowdown.com/forums/">Forum</a></li>
			<li><a class="button greenbutton nav-first nav-last" href="//play.pokemonshowdown.com/">Play</a></li>
		</ul></div>
	</header>

	<div class="main" id="main">

		<noscript><section class="section">You need to enable JavaScript to use this page; sorry!</section></noscript>

	</div>

</div>

<script defer nomodule src="//play.pokemonshowdown.com/js/lib/ps-polyfill.js"></script>
<script defer src="//play.pokemonshowdown.com/js/lib/preact.min.js"></script>

<script defer src="//play.pokemonshowdown.com/config/config.js?6dec07f6"></script>
<script defer src="//play.pokemonshowdown.com/js/lib/jquery-1.11.0.min.js"></script>
<script defer src="//play.pokemonshowdown.com/js/lib/html-sanitizer-minified.js"></script>
<script defer src="//play.pokemonshowdown.com/js/battle-sound.js"></script>
<script defer src="//play.pokemonshowdown.com/js/battledata.js?0.6315294753075389"></script>
<script defer src="//play.pokemonshowdown.com/data/pokedex-mini.js?0.7603743185311358"></script>
<script defer src="//play.pokemonshowdown.com/data/pokedex-mini-bw.js?0.030888842834281283"></script>
<script defer src="//play.pokemonshowdown.com/data/graphics.js?0.05593094747507488"></script>
<script defer src="//play.pokemonshowdown.com/data/pokedex.js?0.47064822249611904"></script>
<script defer src="//play.pokemonshowdown.com/data/moves.js?0.8583693120512459"></script>
<script defer src="//play.pokemonshowdown.com/data/abilities.js?0.16017181182386842"></script>
<script defer src="//play.pokemonshowdown.com/data/items.js?0.4163379185673943"></script>
<script defer src="//play.pokemonshowdown.com/data/teambuilder-tables.js?0.31075597372830477"></script>
<script defer src="//play.pokemonshowdown.com/js/battle-tooltips.js?0.6536193500708172"></script>
<script defer src="//play.pokemonshowdown.com/js/battle.js?0.1916591943277901"></script>

<script defer src="js/utils.js?e31f9a17"></script>
<script defer src="js/replays-battle.js?7008c182"></script>

<!-- don't scrape this data! just add .json or .log after the URL!
Full API docs: https://github.com/smogon/pokemon-showdown-client/blob/master/WEB-API.md -->
<script type="text/plain" class="log" id="replaylog-smogtours-gen3ou-806049">
|inactive|Battle timer is ON: inactive players will automatically lose when time's up.
|t:|1731365586
|gametype|singles
|player|p1|Nardgo|steven|
|player|p2|caloominum|#advpliii|
|teamsize|p1|6
|teamsize|p2|6
|gen|3
|tier|[Gen 3] OU
|rule|Sleep Clause Mod: Limit one foe put to sleep
|rule|Switch Priority Clause Mod: Faster Pokémon switch first
|rule|Species Clause: Limit one of each Pokémon
|rule|OHKO Clause: OHKO moves are banned
|rule|Evasion Items Clause: Evasion items are banned
|rule|Evasion Moves Clause: Evasion moves are banned
|rule|Endless Battle Clause: Forcing endless battles is banned
|rule|HP Percentage Mod: HP is shown in percentages
|rule|One Boost Passer Clause: Limit one Baton Passer that has a way to boost its stats
|rule|Freeze Clause Mod: Limit one foe frozen
|
|t:|1731365586
|start
|switch|p1a: Zapdos|Zapdos|100/100
|switch|p2a: Magneton|Magneton|100/100
|turn|1
|c|☆caloominum|glhf
|c|☆Nardgo|you too
|
|t:|1731365594
|switch|p1a: Dugtrio|Dugtrio, F|100/100
|switch|p2a: Celebi|Celebi|100/100
|
|upkeep
|turn|2
|
|t:|1731365608
|switch|p1a: Zapdos|Zapdos|100/100
|move|p2a: Celebi|Hidden Power|p1a: Zapdos
|-resisted|p1a: Zapdos
|-damage|p1a: Zapdos|86/100
|
|-heal|p1a: Zapdos|92/100|[from] item: Leftovers
|upkeep
|turn|3
|
|t:|1731365614
|move|p1a: Zapdos|Toxic|p2a: Celebi
|-status|p2a: Celebi|tox
|move|p2a: Celebi|Leech Seed|p1a: Zapdos
|-start|p1a: Zapdos|move: Leech Seed
|
|-heal|p1a: Zapdos|99/100|[from] item: Leftovers
|-damage|p1a: Zapdos|86/100|[from] Leech Seed|[of] p2a: Celebi
|-damage|p2a: Celebi|94/100 tox|[from] psn
|upkeep
|turn|4
|
|t:|1731365626
|switch|p1a: Regirock|Regirock|100/100
|-curestatus|p2a: Celebi|tox|[from] ability: Natural Cure
|switch|p2a: Blissey|Blissey, F|100/100
|
|upkeep
|turn|5
|
|t:|1731365629
|switch|p2a: Skarmory|Skarmory, M|100/100
|move|p1a: Regirock|Thunder Wave|p2a: Skarmory
|-status|p2a: Skarmory|par
|
|upkeep
|turn|6
|
|t:|1731365636
|-singleturn|p1a: Regirock|move: Focus Punch
|move|p2a: Skarmory|Spikes|p1a: Regirock
|-sidestart|p1: Nardgo|Spikes
|move|p1a: Regirock|Focus Punch|p2a: Skarmory
|-damage|p2a: Skarmory|63/100 par
|
|-heal|p2a: Skarmory|69/100 par|[from] item: Leftovers
|upkeep
|turn|7
|
|t:|1731365641
|move|p1a: Regirock|Rock Slide|p2a: Skarmory|[miss]
|-miss|p1a: Regirock|p2a: Skarmory
|move|p2a: Skarmory|Drill Peck|p1a: Regirock
|-resisted|p1a: Regirock
|-damage|p1a: Regirock|95/100
|
|-heal|p1a: Regirock|100/100|[from] item: Leftovers
|-heal|p2a: Skarmory|75/100 par|[from] item: Leftovers
|upkeep
|turn|8
|
|t:|1731365646
|move|p2a: Skarmory|Protect|p2a: Skarmory
|-singleturn|p2a: Skarmory|Protect
|move|p1a: Regirock|Rock Slide|p2a: Skarmory
|-activate|p2a: Skarmory|Protect
|
|-heal|p2a: Skarmory|81/100 par|[from] item: Leftovers
|upkeep
|turn|9
|
|t:|1731365648
|switch|p2a: Celebi|Celebi|94/100
|move|p1a: Regirock|Rock Slide|p2a: Celebi
|-damage|p2a: Celebi|69/100
|
|-heal|p2a: Celebi|75/100|[from] item: Leftovers
|upkeep
|turn|10
|
|t:|1731365654
|switch|p1a: Zapdos|Zapdos|86/100
|move|p2a: Celebi|Leech Seed|p1a: Zapdos
|-start|p1a: Zapdos|move: Leech Seed
|
|-heal|p1a: Zapdos|92/100|[from] item: Leftovers
|-damage|p1a: Zapdos|80/100|[from] Leech Seed|[of] p2a: Celebi
|-heal|p2a: Celebi|85/100|[silent]
|-heal|p2a: Celebi|91/100|[from] item: Leftovers
|upkeep
|turn|11
|
|t:|1731365664
|move|p1a: Zapdos|Toxic|p2a: Celebi
|-status|p2a: Celebi|tox
|move|p2a: Celebi|Hidden Power|p1a: Zapdos
|-resisted|p1a: Zapdos
|-crit|p1a: Zapdos
|-damage|p1a: Zapdos|50/100
|
|-heal|p1a: Zapdos|57/100|[from] item: Leftovers
|-damage|p1a: Zapdos|44/100|[from] Leech Seed|[of] p2a: Celebi
|-heal|p2a: Celebi|100/100 tox|[silent]
|-damage|p2a: Celebi|94/100 tox|[from] psn
|upkeep
|turn|12
|
|t:|1731365676
|switch|p1a: Regirock|Regirock|100/100
|-damage|p1a: Regirock|88/100|[from] Spikes
|move|p2a: Celebi|Hidden Power|p1a: Regirock
|-supereffective|p1a: Regirock
|-damage|p1a: Regirock|39/100
|
|-heal|p2a: Celebi|100/100 tox|[from] item: Leftovers
|-damage|p2a: Celebi|88/100 tox|[from] psn
|-heal|p1a: Regirock|45/100|[from] item: Leftovers
|upkeep
|turn|13
|
|t:|1731365682
|-curestatus|p2a: Celebi|tox|[from] ability: Natural Cure
|switch|p2a: Skarmory|Skarmory, M|81/100 par
|switch|p1a: Zapdos|Zapdos|44/100
|
|-heal|p1a: Zapdos|50/100|[from] item: Leftovers
|-heal|p2a: Skarmory|87/100 par|[from] item: Leftovers
|upkeep
|turn|14
|
|t:|1731365689
|switch|p2a: Magneton|Magneton|100/100
|move|p1a: Zapdos|Thunderbolt|p2a: Magneton
|-resisted|p2a: Magneton
|-damage|p2a: Magneton|51/100
|
|-heal|p1a: Zapdos|57/100|[from] item: Leftovers
|upkeep
|turn|15
|
|t:|1731365694
|switch|p1a: Snorlax|Snorlax, M|100/100
|-damage|p1a: Snorlax|88/100|[from] Spikes
|switch|p2a: Blissey|Blissey, F|100/100
|
|-heal|p1a: Snorlax|94/100|[from] item: Leftovers
|upkeep
|turn|16
|
|t:|1731365698
|move|p2a: Blissey|Aromatherapy|p2a: Blissey
|-cureteam|p2a: Blissey|[from] move: Aromatherapy
|move|p1a: Snorlax|Curse|p1a: Snorlax
|-unboost|p1a: Snorlax|spe|1
|-boost|p1a: Snorlax|atk|1
|-boost|p1a: Snorlax|def|1
|
|-heal|p1a: Snorlax|100/100|[from] item: Leftovers
|upkeep
|turn|17
|
|t:|1731365701
|switch|p2a: Skarmory|Skarmory, M|87/100
|move|p1a: Snorlax|Return|p2a: Skarmory
|-resisted|p2a: Skarmory
|-damage|p2a: Skarmory|61/100
|
|-heal|p2a: Skarmory|67/100|[from] item: Leftovers
|upkeep
|turn|18
|
|t:|1731365705
|move|p2a: Skarmory|Protect|p2a: Skarmory
|-singleturn|p2a: Skarmory|Protect
|move|p1a: Snorlax|Return|p2a: Skarmory
|-activate|p2a: Skarmory|Protect
|
|-heal|p2a: Skarmory|73/100|[from] item: Leftovers
|upkeep
|turn|19
|
|t:|1731365707
|move|p1a: Snorlax|Return|p2a: Skarmory
|-resisted|p2a: Skarmory
|-damage|p2a: Skarmory|49/100
|move|p2a: Skarmory|Roar|p1a: Snorlax
|drag|p1a: Kingdra|Kingdra, M|100/100
|-damage|p1a: Kingdra|88/100|[from] Spikes
|
|-heal|p1a: Kingdra|94/100|[from] item: Leftovers
|-heal|p2a: Skarmory|55/100|[from] item: Leftovers
|upkeep
|turn|20
|
|t:|1731365713
|switch|p2a: Blissey|Blissey, F|100/100
|move|p1a: Kingdra|Surf|p2a: Blissey
|-damage|p2a: Blissey|85/100
|
|-heal|p1a: Kingdra|99/100|[from] item: Leftovers
|-heal|p2a: Blissey|91/100|[from] item: Leftovers
|upkeep
|turn|21
|
|t:|1731365717
|move|p1a: Kingdra|Toxic|p2a: Blissey
|-status|p2a: Blissey|tox
|move|p2a: Blissey|Thunder Wave|p1a: Kingdra
|-status|p1a: Kingdra|par
|
|-heal|p2a: Blissey|97/100 tox|[from] item: Leftovers
|-damage|p2a: Blissey|91/100 tox|[from] psn
|-heal|p1a: Kingdra|100/100 par|[from] item: Leftovers
|upkeep
|turn|22
|
|t:|1731365727
|-curestatus|p2a: Blissey|tox|[from] ability: Natural Cure
|switch|p2a: Celebi|Celebi|88/100
|switch|p1a: Regirock|Regirock|45/100
|-damage|p1a: Regirock|32/100|[from] Spikes
|
|-heal|p2a: Celebi|94/100|[from] item: Leftovers
|-heal|p1a: Regirock|38/100|[from] item: Leftovers
|upkeep
|turn|23
|
|t:|1731365737
|switch|p1a: Zapdos|Zapdos|57/100
|move|p2a: Celebi|Hidden Power|p1a: Zapdos
|-resisted|p1a: Zapdos
|-damage|p1a: Zapdos|42/100
|
|-heal|p1a: Zapdos|48/100|[from] item: Leftovers
|-heal|p2a: Celebi|100/100|[from] item: Leftovers
|upkeep
|turn|24
|
|t:|1731365744
|move|p1a: Zapdos|Hidden Power|p2a: Celebi
|-supereffective|p2a: Celebi
|-damage|p2a: Celebi|58/100
|move|p2a: Celebi|Leech Seed|p1a: Zapdos
|-start|p1a: Zapdos|move: Leech Seed
|
|-heal|p1a: Zapdos|54/100|[from] item: Leftovers
|-damage|p1a: Zapdos|42/100|[from] Leech Seed|[of] p2a: Celebi
|-heal|p2a: Celebi|68/100|[silent]
|-heal|p2a: Celebi|74/100|[from] item: Leftovers
|upkeep
|turn|25
|
|t:|1731365749
|switch|p1a: Snorlax|Snorlax, M|100/100
|-damage|p1a: Snorlax|88/100|[from] Spikes
|move|p2a: Celebi|Hidden Power|p1a: Snorlax
|-damage|p1a: Snorlax|75/100
|
|-heal|p2a: Celebi|80/100|[from] item: Leftovers
|-heal|p1a: Snorlax|81/100|[from] item: Leftovers
|upkeep
|turn|26
|
|t:|1731365754
|move|p2a: Celebi|Leech Seed|p1a: Snorlax
|-start|p1a: Snorlax|move: Leech Seed
|move|p1a: Snorlax|Shadow Ball|p2a: Celebi
|-supereffective|p2a: Celebi
|-crit|p2a: Celebi
|-damage|p2a: Celebi|21/100
|-unboost|p2a: Celebi|spd|1
|
|-heal|p2a: Celebi|27/100|[from] item: Leftovers
|-heal|p1a: Snorlax|87/100|[from] item: Leftovers
|-damage|p1a: Snorlax|75/100|[from] Leech Seed|[of] p2a: Celebi
|-heal|p2a: Celebi|43/100|[silent]
|upkeep
|turn|27
|
|t:|1731365757
|switch|p1a: Zapdos|Zapdos|42/100
|move|p2a: Celebi|Recover|p2a: Celebi
|-heal|p2a: Celebi|93/100
|
|-heal|p1a: Zapdos|48/100|[from] item: Leftovers
|-heal|p2a: Celebi|99/100|[from] item: Leftovers
|upkeep
|turn|28
|
|t:|1731365764
|switch|p2a: Blissey|Blissey, F|91/100
|move|p1a: Zapdos|Hidden Power|p2a: Blissey
|-damage|p2a: Blissey|82/100
|
|-heal|p1a: Zapdos|54/100|[from] item: Leftovers
|-heal|p2a: Blissey|88/100|[from] item: Leftovers
|upkeep
|turn|29
|
|t:|1731365770
|switch|p1a: Kingdra|Kingdra, M|100/100 par
|-damage|p1a: Kingdra|88/100 par|[from] Spikes
|move|p2a: Blissey|Seismic Toss|p1a: Kingdra
|-damage|p1a: Kingdra|57/100 par
|
|-heal|p2a: Blissey|94/100|[from] item: Leftovers
|-heal|p1a: Kingdra|63/100 par|[from] item: Leftovers
|upkeep
|turn|30
|
|t:|1731365773
|move|p2a: Blissey|Seismic Toss|p1a: Kingdra
|-damage|p1a: Kingdra|31/100 par
|move|p1a: Kingdra|Toxic|p2a: Blissey
|-status|p2a: Blissey|tox
|
|-heal|p2a: Blissey|99/100 tox|[from] item: Leftovers
|-damage|p2a: Blissey|94/100 tox|[from] psn
|-heal|p1a: Kingdra|37/100 par|[from] item: Leftovers
|upkeep
|turn|31
|
|t:|1731365781
|switch|p1a: Regirock|Regirock|38/100
|-damage|p1a: Regirock|26/100|[from] Spikes
|move|p2a: Blissey|Seismic Toss|p1a: Regirock
|-damage|p1a: Regirock|0 fnt
|faint|p1a: Regirock
|
|t:|1731365784
|switch|p1a: Snorlax|Snorlax, M|75/100
|-damage|p1a: Snorlax|62/100|[from] Spikes
|
|-heal|p2a: Blissey|99/100 tox|[from] item: Leftovers
|-damage|p2a: Blissey|88/100 tox|[from] psn
|-heal|p1a: Snorlax|68/100|[from] item: Leftovers
|upkeep
|turn|32
|
|t:|1731365787
|-curestatus|p2a: Blissey|tox|[from] ability: Natural Cure
|switch|p2a: Celebi|Celebi|99/100
|move|p1a: Snorlax|Curse|p1a: Snorlax
|-unboost|p1a: Snorlax|spe|1
|-boost|p1a: Snorlax|atk|1
|-boost|p1a: Snorlax|def|1
|
|-heal|p2a: Celebi|100/100|[from] item: Leftovers
|-heal|p1a: Snorlax|75/100|[from] item: Leftovers
|upkeep
|turn|33
|
|t:|1731365791
|move|p2a: Celebi|Leech Seed|p1a: Snorlax|[miss]
|-miss|p2a: Celebi|p1a: Snorlax
|move|p1a: Snorlax|Shadow Ball|p2a: Celebi
|-supereffective|p2a: Celebi
|-damage|p2a: Celebi|57/100
|
|-heal|p2a: Celebi|63/100|[from] item: Leftovers
|-heal|p1a: Snorlax|81/100|[from] item: Leftovers
|upkeep
|turn|34
|
|t:|1731365797
|switch|p1a: Dugtrio|Dugtrio, F|100/100
|-damage|p1a: Dugtrio|88/100|[from] Spikes
|move|p2a: Celebi|Leech Seed|p1a: Dugtrio
|-start|p1a: Dugtrio|move: Leech Seed
|
|-damage|p1a: Dugtrio|76/100|[from] Leech Seed|[of] p2a: Celebi
|-heal|p2a: Celebi|70/100|[silent]
|-heal|p2a: Celebi|76/100|[from] item: Leftovers
|upkeep
|turn|35
|
|t:|1731365803
|move|p1a: Dugtrio|Hidden Power|p2a: Celebi
|-supereffective|p2a: Celebi
|-crit|p2a: Celebi
|-damage|p2a: Celebi|0 fnt
|faint|p2a: Celebi
|
|t:|1731365806
|switch|p2a: Aerodactyl|Aerodactyl, M|100/100
|
|-damage|p1a: Dugtrio|64/100|[from] Leech Seed|[of] p2a: Aerodactyl
|upkeep
|turn|36
|
|t:|1731365811
|switch|p1a: Kingdra|Kingdra, M|37/100 par
|-damage|p1a: Kingdra|25/100 par|[from] Spikes
|move|p2a: Aerodactyl|Double-Edge|p1a: Kingdra
|-damage|p1a: Kingdra|0 fnt
|faint|p1a: Kingdra
|
|t:|1731365816
|switch|p1a: Raikou|Raikou|100/100
|-damage|p1a: Raikou|88/100|[from] Spikes
|
|-heal|p1a: Raikou|94/100|[from] item: Leftovers
|upkeep
|turn|37
|
|t:|1731365820
|switch|p2a: Blissey|Blissey, F|88/100
|move|p1a: Raikou|Thunderbolt|p2a: Blissey
|-damage|p2a: Blissey|72/100
|-status|p2a: Blissey|par
|
|-heal|p1a: Raikou|100/100|[from] item: Leftovers
|-heal|p2a: Blissey|78/100 par|[from] item: Leftovers
|upkeep
|turn|38
|
|t:|1731365827
|switch|p1a: Dugtrio|Dugtrio, F|64/100
|-damage|p1a: Dugtrio|51/100|[from] Spikes
|move|p2a: Blissey|Aromatherapy|p2a: Blissey
|-cureteam|p2a: Blissey|[from] move: Aromatherapy
|
|-heal|p2a: Blissey|84/100|[from] item: Leftovers
|upkeep
|turn|39
|
|t:|1731365837
|move|p1a: Dugtrio|Earthquake|p2a: Blissey
|-damage|p2a: Blissey|32/100
|move|p2a: Blissey|Soft-Boiled|p2a: Blissey
|-heal|p2a: Blissey|82/100
|
|-heal|p2a: Blissey|88/100|[from] item: Leftovers
|upkeep
|turn|40
|
|t:|1731365841
|move|p1a: Dugtrio|Earthquake|p2a: Blissey
|-damage|p2a: Blissey|41/100
|move|p2a: Blissey|Soft-Boiled|p2a: Blissey
|-heal|p2a: Blissey|91/100
|
|-heal|p2a: Blissey|97/100|[from] item: Leftovers
|upkeep
|turn|41
|
|t:|1731365848
|move|p1a: Dugtrio|Earthquake|p2a: Blissey
|-damage|p2a: Blissey|47/100
|move|p2a: Blissey|Soft-Boiled|p2a: Blissey
|-heal|p2a: Blissey|97/100
|
|-heal|p2a: Blissey|100/100|[from] item: Leftovers
|upkeep
|turn|42
|
|t:|1731365851
|move|p1a: Dugtrio|Earthquake|p2a: Blissey
|-damage|p2a: Blissey|46/100
|move|p2a: Blissey|Seismic Toss|p1a: Dugtrio
|-damage|p1a: Dugtrio|4/100
|
|-heal|p2a: Blissey|52/100|[from] item: Leftovers
|upkeep
|turn|43
|
|t:|1731365854
|move|p1a: Dugtrio|Earthquake|p2a: Blissey
|-damage|p2a: Blissey|6/100
|move|p2a: Blissey|Soft-Boiled|p2a: Blissey
|-heal|p2a: Blissey|56/100
|
|-heal|p2a: Blissey|62/100|[from] item: Leftovers
|upkeep
|turn|44
|
|t:|1731365857
|move|p1a: Dugtrio|Earthquake|p2a: Blissey
|-damage|p2a: Blissey|9/100
|move|p2a: Blissey|Soft-Boiled|p2a: Blissey
|-heal|p2a: Blissey|59/100
|
|-heal|p2a: Blissey|65/100|[from] item: Leftovers
|upkeep
|turn|45
|
|t:|1731365862
|move|p1a: Dugtrio|Earthquake|p2a: Blissey
|-damage|p2a: Blissey|19/100
|move|p2a: Blissey|Soft-Boiled|p2a: Blissey
|-heal|p2a: Blissey|69/100
|
|-heal|p2a: Blissey|75/100|[from] item: Leftovers
|upkeep
|turn|46
|
|t:|1731365865
|move|p1a: Dugtrio|Earthquake|p2a: Blissey
|-damage|p2a: Blissey|28/100
|move|p2a: Blissey|Soft-Boiled|p2a: Blissey
|-heal|p2a: Blissey|78/100
|
|-heal|p2a: Blissey|85/100|[from] item: Leftovers
|upkeep
|turn|47
|
|t:|1731365870
|move|p1a: Dugtrio|Earthquake|p2a: Blissey
|-damage|p2a: Blissey|35/100
|move|p2a: Blissey|Soft-Boiled|p2a: Blissey
|-heal|p2a: Blissey|85/100
|
|-heal|p2a: Blissey|91/100|[from] item: Leftovers
|upkeep
|turn|48
|
|t:|1731365874
|move|p1a: Dugtrio|Earthquake|p2a: Blissey
|-damage|p2a: Blissey|44/100
|move|p2a: Blissey|Seismic Toss|p1a: Dugtrio
|-damage|p1a: Dugtrio|0 fnt
|faint|p1a: Dugtrio
|
|t:|1731365887
|switch|p1a: Zapdos|Zapdos|54/100
|
|-heal|p1a: Zapdos|61/100|[from] item: Leftovers
|-heal|p2a: Blissey|50/100|[from] item: Leftovers
|upkeep
|turn|49
|
|t:|1731365893
|move|p1a: Zapdos|Toxic|p2a: Blissey
|-status|p2a: Blissey|tox
|move|p2a: Blissey|Thunder Wave|p1a: Zapdos
|-status|p1a: Zapdos|par
|
|-heal|p2a: Blissey|56/100 tox|[from] item: Leftovers
|-damage|p2a: Blissey|50/100 tox|[from] psn
|-heal|p1a: Zapdos|67/100 par|[from] item: Leftovers
|upkeep
|turn|50
|
|t:|1731365895
|move|p2a: Blissey|Soft-Boiled|p2a: Blissey
|-heal|p2a: Blissey|99/100 tox
|move|p1a: Zapdos|Thunderbolt|p2a: Blissey
|-damage|p2a: Blissey|79/100 tox
|
|-heal|p2a: Blissey|86/100 tox|[from] item: Leftovers
|-damage|p2a: Blissey|73/100 tox|[from] psn
|-heal|p1a: Zapdos|73/100 par|[from] item: Leftovers
|upkeep
|turn|51
|
|t:|1731365900
|-curestatus|p2a: Blissey|tox|[from] ability: Natural Cure
|switch|p2a: Magneton|Magneton|51/100
|move|p1a: Zapdos|Thunderbolt|p2a: Magneton
|-resisted|p2a: Magneton
|-damage|p2a: Magneton|0 fnt
|faint|p2a: Magneton
|
|t:|1731365907
|switch|p2a: Aerodactyl|Aerodactyl, M|100/100
|
|-heal|p1a: Zapdos|79/100 par|[from] item: Leftovers
|upkeep
|turn|52
|
|t:|1731365909
|move|p2a: Aerodactyl|Rock Slide|p1a: Zapdos
|-supereffective|p1a: Zapdos
|-damage|p1a: Zapdos|0 fnt
|faint|p1a: Zapdos
|
|t:|1731365910
|switch|p1a: Raikou|Raikou|100/100
|-damage|p1a: Raikou|88/100|[from] Spikes
|
|-heal|p1a: Raikou|94/100|[from] item: Leftovers
|upkeep
|turn|53
|
|t:|1731365915
|switch|p2a: Blissey|Blissey, F|73/100
|move|p1a: Raikou|Thunderbolt|p2a: Blissey
|-damage|p2a: Blissey|56/100
|
|-heal|p1a: Raikou|100/100|[from] item: Leftovers
|-heal|p2a: Blissey|62/100|[from] item: Leftovers
|upkeep
|turn|54
|
|t:|1731365926
|move|p1a: Raikou|Substitute|p1a: Raikou
|-start|p1a: Raikou|Substitute
|-damage|p1a: Raikou|76/100
|move|p2a: Blissey|Thunder Wave||[still]
|-fail|p2a: Blissey
|
|-heal|p1a: Raikou|82/100|[from] item: Leftovers
|-heal|p2a: Blissey|68/100|[from] item: Leftovers
|upkeep
|turn|55
|
|t:|1731365929
|move|p1a: Raikou|Calm Mind|p1a: Raikou
|-boost|p1a: Raikou|spa|1
|-boost|p1a: Raikou|spd|1
|move|p2a: Blissey|Seismic Toss|p1a: Raikou
|-end|p1a: Raikou|Substitute
|
|-heal|p1a: Raikou|88/100|[from] item: Leftovers
|-heal|p2a: Blissey|75/100|[from] item: Leftovers
|upkeep
|turn|56
|
|t:|1731365931
|move|p1a: Raikou|Substitute|p1a: Raikou
|-start|p1a: Raikou|Substitute
|-damage|p1a: Raikou|63/100
|move|p2a: Blissey|Seismic Toss|p1a: Raikou
|-end|p1a: Raikou|Substitute
|
|-heal|p1a: Raikou|69/100|[from] item: Leftovers
|-heal|p2a: Blissey|81/100|[from] item: Leftovers
|upkeep
|turn|57
|c|☆Nardgo|omg im dumb
|c|☆Nardgo|i misread
|c|☆Nardgo|softboild
|c|☆Nardgo|as seismic tossd
|c|☆Nardgo|thought you were almost out
|
|t:|1731365960
|move|p1a: Raikou|Thunderbolt|p2a: Blissey
|-damage|p2a: Blissey|55/100
|move|p2a: Blissey|Seismic Toss|p1a: Raikou
|-damage|p1a: Raikou|38/100
|
|-heal|p1a: Raikou|45/100|[from] item: Leftovers
|-heal|p2a: Blissey|61/100|[from] item: Leftovers
|upkeep
|turn|58
|
|t:|1731365966
|move|p1a: Raikou|Substitute|p1a: Raikou
|-start|p1a: Raikou|Substitute
|-damage|p1a: Raikou|20/100
|move|p2a: Blissey|Soft-Boiled|p2a: Blissey
|-heal|p2a: Blissey|100/100
|
|-heal|p1a: Raikou|26/100|[from] item: Leftovers
|upkeep
|turn|59
|
|t:|1731365968
|move|p1a: Raikou|Thunderbolt|p2a: Blissey
|-damage|p2a: Blissey|73/100
|-status|p2a: Blissey|par
|move|p2a: Blissey|Seismic Toss|p1a: Raikou
|-end|p1a: Raikou|Substitute
|
|-heal|p1a: Raikou|32/100|[from] item: Leftovers
|-heal|p2a: Blissey|79/100 par|[from] item: Leftovers
|upkeep
|turn|60
|
|t:|1731365971
|move|p1a: Raikou|Substitute|p1a: Raikou
|-start|p1a: Raikou|Substitute
|-damage|p1a: Raikou|7/100
|move|p2a: Blissey|Aromatherapy|p2a: Blissey
|-cureteam|p2a: Blissey|[from] move: Aromatherapy
|
|-heal|p1a: Raikou|14/100|[from] item: Leftovers
|-heal|p2a: Blissey|85/100|[from] item: Leftovers
|upkeep
|turn|61
|
|t:|1731365975
|move|p1a: Raikou|Thunderbolt|p2a: Blissey
|-damage|p2a: Blissey|57/100
|move|p2a: Blissey|Seismic Toss|p1a: Raikou
|-end|p1a: Raikou|Substitute
|
|-heal|p1a: Raikou|20/100|[from] item: Leftovers
|-heal|p2a: Blissey|63/100|[from] item: Leftovers
|upkeep
|turn|62
|
|t:|1731365978
|move|p1a: Raikou|Thunderbolt|p2a: Blissey
|-damage|p2a: Blissey|36/100
|move|p2a: Blissey|Thunder Wave|p1a: Raikou
|-status|p1a: Raikou|par
|
|-heal|p2a: Blissey|42/100|[from] item: Leftovers
|-heal|p1a: Raikou|26/100 par|[from] item: Leftovers
|upkeep
|turn|63
|
|t:|1731365993
|switch|p2a: Skarmory|Skarmory, M|55/100
|move|p1a: Raikou|Substitute|p1a: Raikou
|-start|p1a: Raikou|Substitute
|-damage|p1a: Raikou|1/100 par
|
|-heal|p2a: Skarmory|61/100|[from] item: Leftovers
|-heal|p1a: Raikou|7/100 par|[from] item: Leftovers
|upkeep
|turn|64
|
|t:|1731366000
|move|p2a: Skarmory|Spikes|p1a: Raikou
|-sidestart|p1: Nardgo|Spikes
|move|p1a: Raikou|Thunderbolt|p2a: Skarmory
|-supereffective|p2a: Skarmory
|-damage|p2a: Skarmory|0 fnt
|faint|p2a: Skarmory
|
|t:|1731366004
|switch|p2a: Blissey|Blissey, F|42/100
|
|-heal|p2a: Blissey|48/100|[from] item: Leftovers
|-heal|p1a: Raikou|14/100 par|[from] item: Leftovers
|upkeep
|turn|65
|
|t:|1731366009
|move|p2a: Blissey|Seismic Toss|p1a: Raikou
|-end|p1a: Raikou|Substitute
|move|p1a: Raikou|Thunderbolt|p2a: Blissey
|-damage|p2a: Blissey|22/100
|
|-heal|p2a: Blissey|29/100|[from] item: Leftovers
|-heal|p1a: Raikou|20/100 par|[from] item: Leftovers
|upkeep
|turn|66
|
|t:|1731366015
|move|p2a: Blissey|Thunder Wave|p1a: Raikou
|-fail|p1a: Raikou|par
|move|p1a: Raikou|Thunderbolt|p2a: Blissey
|-damage|p2a: Blissey|1/100
|
|-heal|p2a: Blissey|7/100|[from] item: Leftovers
|-heal|p1a: Raikou|26/100 par|[from] item: Leftovers
|upkeep
|turn|67
|
|t:|1731366021
|move|p2a: Blissey|Thunder Wave|p1a: Raikou
|-fail|p1a: Raikou|par
|cant|p1a: Raikou|par
|
|-heal|p2a: Blissey|13/100|[from] item: Leftovers
|-heal|p1a: Raikou|32/100 par|[from] item: Leftovers
|upkeep
|turn|68
|
|t:|1731366024
|move|p2a: Blissey|Thunder Wave|p1a: Raikou
|-fail|p1a: Raikou|par
|move|p1a: Raikou|Substitute|p1a: Raikou
|-start|p1a: Raikou|Substitute
|-damage|p1a: Raikou|7/100 par
|
|-heal|p2a: Blissey|19/100|[from] item: Leftovers
|-heal|p1a: Raikou|14/100 par|[from] item: Leftovers
|upkeep
|turn|69
|
|t:|1731366029
|move|p2a: Blissey|Seismic Toss|p1a: Raikou
|-end|p1a: Raikou|Substitute
|move|p1a: Raikou|Substitute|p1a: Raikou
|-fail|p1a: Raikou|move: Substitute|[weak]
|
|-heal|p2a: Blissey|26/100|[from] item: Leftovers
|-heal|p1a: Raikou|20/100 par|[from] item: Leftovers
|upkeep
|turn|70
|
|t:|1731366033
|move|p2a: Blissey|Thunder Wave|p1a: Raikou
|-fail|p1a: Raikou|par
|move|p1a: Raikou|Hidden Power|p2a: Blissey
|-damage|p2a: Blissey|14/100
|
|-heal|p2a: Blissey|20/100|[from] item: Leftovers
|-heal|p1a: Raikou|26/100 par|[from] item: Leftovers
|upkeep
|turn|71
|
|t:|1731366047
|move|p2a: Blissey|Thunder Wave|p1a: Raikou
|-fail|p1a: Raikou|par
|move|p1a: Raikou|Calm Mind|p1a: Raikou
|-boost|p1a: Raikou|spa|1
|-boost|p1a: Raikou|spd|1
|
|-heal|p2a: Blissey|26/100|[from] item: Leftovers
|-heal|p1a: Raikou|32/100 par|[from] item: Leftovers
|upkeep
|turn|72
|
|t:|1731366054
|move|p2a: Blissey|Thunder Wave|p1a: Raikou
|-fail|p1a: Raikou|par
|cant|p1a: Raikou|par
|
|-heal|p2a: Blissey|32/100|[from] item: Leftovers
|-heal|p1a: Raikou|38/100 par|[from] item: Leftovers
|upkeep
|turn|73
|
|t:|1731366062
|move|p2a: Blissey|Thunder Wave|p1a: Raikou
|-fail|p1a: Raikou|par
|cant|p1a: Raikou|par
|
|-heal|p2a: Blissey|38/100|[from] item: Leftovers
|-heal|p1a: Raikou|45/100 par|[from] item: Leftovers
|upkeep
|turn|74
|
|t:|1731366066
|move|p2a: Blissey|Seismic Toss|p1a: Raikou
|-damage|p1a: Raikou|14/100 par
|cant|p1a: Raikou|par
|
|-heal|p2a: Blissey|45/100|[from] item: Leftovers
|-heal|p1a: Raikou|20/100 par|[from] item: Leftovers
|upkeep
|turn|75
|
|t:|1731366077
|switch|p2a: Swampert|Swampert, M|100/100
|move|p1a: Raikou|Calm Mind|p1a: Raikou
|-boost|p1a: Raikou|spa|1
|-boost|p1a: Raikou|spd|1
|
|-heal|p1a: Raikou|26/100 par|[from] item: Leftovers
|upkeep
|turn|76
|
|t:|1731366081
|move|p2a: Swampert|Earthquake|p1a: Raikou
|-supereffective|p1a: Raikou
|-damage|p1a: Raikou|0 fnt
|faint|p1a: Raikou
|
|t:|1731366082
|switch|p1a: Snorlax|Snorlax, M|81/100
|-damage|p1a: Snorlax|64/100|[from] Spikes
|
|-heal|p1a: Snorlax|71/100|[from] item: Leftovers
|upkeep
|turn|77
|
|t:|1731366084
|move|p2a: Swampert|Earthquake|p1a: Snorlax
|-damage|p1a: Snorlax|40/100
|move|p1a: Snorlax|Curse|p1a: Snorlax
|-unboost|p1a: Snorlax|spe|1
|-boost|p1a: Snorlax|atk|1
|-boost|p1a: Snorlax|def|1
|
|-heal|p1a: Snorlax|46/100|[from] item: Leftovers
|upkeep
|turn|78
|
|t:|1731366114
|move|p2a: Swampert|Curse|p2a: Swampert
|-unboost|p2a: Swampert|spe|1
|-boost|p2a: Swampert|atk|1
|-boost|p2a: Swampert|def|1
|move|p1a: Snorlax|Curse|p1a: Snorlax
|-unboost|p1a: Snorlax|spe|1
|-boost|p1a: Snorlax|atk|1
|-boost|p1a: Snorlax|def|1
|
|-heal|p1a: Snorlax|52/100|[from] item: Leftovers
|upkeep
|turn|79
|
|t:|1731366123
|move|p2a: Swampert|Curse|p2a: Swampert
|-unboost|p2a: Swampert|spe|1
|-boost|p2a: Swampert|atk|1
|-boost|p2a: Swampert|def|1
|move|p1a: Snorlax|Return|p2a: Swampert
|-damage|p2a: Swampert|72/100
|
|-heal|p2a: Swampert|78/100|[from] item: Leftovers
|-heal|p1a: Snorlax|58/100|[from] item: Leftovers
|upkeep
|turn|80
|
|t:|1731366129
|move|p2a: Swampert|Earthquake|p1a: Snorlax
|-damage|p1a: Snorlax|29/100
|move|p1a: Snorlax|Curse|p1a: Snorlax
|-unboost|p1a: Snorlax|spe|1
|-boost|p1a: Snorlax|atk|1
|-boost|p1a: Snorlax|def|1
|
|-heal|p2a: Swampert|84/100|[from] item: Leftovers
|-heal|p1a: Snorlax|35/100|[from] item: Leftovers
|upkeep
|turn|81
|
|t:|1731366134
|move|p2a: Swampert|Ice Beam|p1a: Snorlax
|-damage|p1a: Snorlax|25/100
|move|p1a: Snorlax|Return|p2a: Swampert
|-damage|p2a: Swampert|52/100
|
|-heal|p2a: Swampert|58/100|[from] item: Leftovers
|-heal|p1a: Snorlax|31/100|[from] item: Leftovers
|upkeep
|turn|82
|
|t:|1731366151
|move|p2a: Swampert|Earthquake|p1a: Snorlax
|-damage|p1a: Snorlax|7/100
|move|p1a: Snorlax|Curse|p1a: Snorlax
|-unboost|p1a: Snorlax|spe|1
|-boost|p1a: Snorlax|atk|1
|-boost|p1a: Snorlax|def|1
|
|-heal|p2a: Swampert|64/100|[from] item: Leftovers
|-heal|p1a: Snorlax|13/100|[from] item: Leftovers
|upkeep
|turn|83
|
|t:|1731366155
|move|p2a: Swampert|Earthquake|p1a: Snorlax
|-damage|p1a: Snorlax|0 fnt
|faint|p1a: Snorlax
|
|win|caloominum
|c|☆Nardgo|GG
|c|☆caloominum|ggs
|c|☆caloominum|no rest?
|c|☆Nardgo|Would have lost to curse set up
|c|☆Nardgo|needed to get ahead of you

</script>
<script type="application/json" class="data" id="replaydata-smogtours-gen3ou-806049">
{"id":"smogtours-gen3ou-806049","format":"[Gen 3] OU","players":["Nardgo","caloominum"],"uploadtime":1731366155,"views":11,"formatid":"gen3ou","rating":null,"private":0,"password":null}
</script>

<script defer src="js/replays.js?9d40a366"></script>
