<!DOCTYPE html>
<meta charset="utf-8" />
<meta name="viewport" content="width=device-width" />

<title>[Gen 3] OU: Mugua vs. alargemongoose - Replays - Pok&eacute;mon Showdown!</title>

<meta name="description" content="Watch a replay of a Pok&eacute;mon battle between Mugua and alargemongoose! Format: [Gen 3] OU; Date: Oct 4, 2024" />
<!--

Hey, you! Looking in the source for the replay log?

You can find them in JSON format, just add `.json` at the end of a replay URL.

https://replay.pokemonshowdown.com/gen7randomdoublesbattle-865046831.json

Or, if you only need the log itself, add `.log` instead:

https://replay.pokemonshowdown.com/gen7randomdoublesbattle-865046831.log

-->

<link rel="stylesheet" href="//pokemonshowdown.com/style/global.css?0.023195364461161105" />
<link rel="stylesheet" href="//play.pokemonshowdown.com/style/font-awesome.css?0.13261647063804238" />
<link rel="stylesheet" href="//play.pokemonshowdown.com/style/battle.css?0.8753245789963631" />
<link rel="stylesheet" href="//play.pokemonshowdown.com/style/utilichart.css?0.8627959624976733" />

<!-- Global site tag (gtag.js) - Google Analytics -->
<script async src="https://www.googletagmanager.com/gtag/js?id=UA-26211653-1"></script>
<script>
  window.dataLayer = window.dataLayer || [];
  function gtag(){dataLayer.push(arguments);}
  gtag('js', new Date());

  gtag('config', 'UA-26211653-1');
</script>
<!-- End Google Analytics -->
<!-- Venatus Ad Manager - Install in <HEAD> of page -->
	<script src="https://hb.vntsm.com/v3/live/ad-manager.min.js" type="text/javascript" data-site-id="642aba63ec9a7b11c3c9c1be" data-mode="scan" async></script>
<!-- / Venatus Ad Manager -->

<style>
	@media (max-width:820px) {
		.battle {
			margin: 0 auto;
		}
		.battle-log {
			margin: 7px auto 0;
			max-width: 640px;
			height: 300px;
			position: static;
		}
	}
	.optgroup {
		display: inline-block;
		line-height: 22px;
		font-size: 10pt;
	}
	.optgroup .button {
		height: 25px;
		padding-top: 0;
		padding-bottom: 0;
	}
	.optgroup button.button {
		padding-left: 12px;
		padding-right: 12px;
	}
	.linklist {
		list-style: none;
		margin: 0.5em 0;
		padding: 0;
	}
	.linklist li {
		padding: 2px 0;
	}
	.sidebar {
		float: left;
		width: 320px;
	}
	.bar-wrapper {
		max-width: 1100px;
		margin: 0 auto;
	}
	.bar-wrapper.has-sidebar {
		max-width: 1430px;
	}
	.mainbar {
		margin: 0;
		padding-right: 1px;
	}
	.mainbar.has-sidebar {
		margin-left: 330px;
	}
	@media (min-width: 1511px) {
		.sidebar {
			width: 400px;
		}
		.bar-wrapper.has-sidebar {
			max-width: 1510px;
		}
		.mainbar.has-sidebar {
			margin-left: 410px;
		}
	}
	.section.first-section {
		margin-top: 9px;
	}
	.blocklink small {
		white-space: normal;
	}
	.button {
		vertical-align: middle;
	}
	.replay-controls {
		padding-top: 10px;
	}
	.replay-controls h1 {
		font-size: 16pt;
		font-weight: normal;
		color: #CCC;
	}
	.pagelink {
		text-align: center;
	}
	.pagelink a {
		width: 150px;
	}
	.textbox, .button {
		font-size: 11pt;
		vertical-align: middle;
	}
	@media (max-width: 450px) {
		.button {
			font-size: 9pt;
		}
	}
</style>

<div>

	<header>
		<div class="nav-wrapper"><ul class="nav">
			<li><a class="button nav-first" href="//pokemonshowdown.com/"><img src="//pokemonshowdown.com/images/pokemonshowdownbeta.png" srcset="//pokemonshowdown.com/images/pokemonshowdownbeta.png 1x, //pokemonshowdown.com/images/pokemonshowdownbeta@2x.png 2x" alt="Pok&eacute;mon Showdown" width="146" height="44" /> Home</a></li>
			<li><a class="button" href="//pokemonshowdown.com/dex/">Pok&eacute;dex</a></li>
			<li><a class="button cur" href="/">Replays</a></li>
			<li><a class="button" href="//pokemonshowdown.com/ladder/">Ladder</a></li>
			<li><a class="button nav-last" href="//pokemonshowdown.com/forums/">Forum</a></li>
			<li><a class="button greenbutton nav-first nav-last" href="//play.pokemonshowdown.com/">Play</a></li>
		</ul></div>
	</header>

	<div class="main" id="main">

		<noscript><section class="section">You need to enable JavaScript to use this page; sorry!</section></noscript>

	</div>

</div>

<script defer nomodule src="//play.pokemonshowdown.com/js/lib/ps-polyfill.js"></script>
<script defer src="//play.pokemonshowdown.com/js/lib/preact.min.js"></script>

<script defer src="//play.pokemonshowdown.com/config/config.js?2bddbc15"></script>
<script defer src="//play.pokemonshowdown.com/js/lib/jquery-1.11.0.min.js"></script>
<script defer src="//play.pokemonshowdown.com/js/lib/html-sanitizer-minified.js"></script>
<script defer src="//play.pokemonshowdown.com/js/battle-sound.js"></script>
<script defer src="//play.pokemonshowdown.com/js/battledata.js?0.7209276989879541"></script>
<script defer src="//play.pokemonshowdown.com/data/pokedex-mini.js?0.6111056340867951"></script>
<script defer src="//play.pokemonshowdown.com/data/pokedex-mini-bw.js?0.3532142036491459"></script>
<script defer src="//play.pokemonshowdown.com/data/graphics.js?0.24223875632456182"></script>
<script defer src="//play.pokemonshowdown.com/data/pokedex.js?0.38839984266356864"></script>
<script defer src="//play.pokemonshowdown.com/data/moves.js?0.21866028504024015"></script>
<script defer src="//play.pokemonshowdown.com/data/abilities.js?0.2005157953846628"></script>
<script defer src="//play.pokemonshowdown.com/data/items.js?0.9894211263848525"></script>
<script defer src="//play.pokemonshowdown.com/data/teambuilder-tables.js?0.6008791140282215"></script>
<script defer src="//play.pokemonshowdown.com/js/battle-tooltips.js?0.7580118955022959"></script>
<script defer src="//play.pokemonshowdown.com/js/battle.js?0.6057722274234274"></script>

<script defer src="js/utils.js?e31f9a17"></script>
<script defer src="js/replays-battle.js?7008c182"></script>

<!-- don't scrape this data! just add .json or .log after the URL!
Full API docs: https://github.com/smogon/pokemon-showdown-client/blob/master/WEB-API.md -->
<script type="text/plain" class="log" id="replaylog-smogtours-gen3ou-794460">
|inactive|Battle timer is ON: inactive players will automatically lose when time's up.
|t:|1728002657
|gametype|singles
|player|p1|Mugua|infielder|
|player|p2|alargemongoose|266|
|teamsize|p1|6
|teamsize|p2|6
|gen|3
|tier|[Gen 3] OU
|rule|Sleep Clause Mod: Limit one foe put to sleep
|rule|Switch Priority Clause Mod: Faster Pokémon switch first
|rule|Species Clause: Limit one of each Pokémon
|rule|OHKO Clause: OHKO moves are banned
|rule|Evasion Items Clause: Evasion items are banned
|rule|Evasion Moves Clause: Evasion moves are banned
|rule|Endless Battle Clause: Forcing endless battles is banned
|rule|HP Percentage Mod: HP is shown in percentages
|rule|One Boost Passer Clause: Limit one Baton Passer that has a way to boost its stats
|rule|Freeze Clause Mod: Limit one foe frozen
|
|t:|1728002657
|start
|switch|p1a: Skarmory|Skarmory, M|100/100
|switch|p2a: Zapdos|Zapdos|100/100
|turn|1
|
|t:|1728002672
|move|p1a: Skarmory|Protect|p1a: Skarmory
|-singleturn|p1a: Skarmory|Protect
|move|p2a: Zapdos|Baton Pass|p2a: Zapdos
|
|t:|1728002677
|switch|p2a: Jolteon|Jolteon, F|100/100|[from] Baton Pass
|
|upkeep
|turn|2
|
|t:|1728002690
|switch|p1a: Blissey|Blissey, F|100/100
|move|p2a: Jolteon|Baton Pass|p2a: Jolteon
|
|t:|1728002697
|switch|p2a: Dugtrio|Dugtrio, M|100/100|[from] Baton Pass
|
|upkeep
|turn|3
|
|t:|1728002710
|move|p2a: Dugtrio|Earthquake|p1a: Blissey
|-damage|p1a: Blissey|46/100
|move|p1a: Blissey|Ice Beam|p2a: Dugtrio
|-supereffective|p2a: Dugtrio
|-damage|p2a: Dugtrio|3/100
|
|-heal|p1a: Blissey|52/100|[from] item: Leftovers
|upkeep
|turn|4
|
|t:|1728002721
|move|p2a: Dugtrio|Earthquake|p1a: Blissey
|-damage|p1a: Blissey|0 fnt
|faint|p1a: Blissey
|
|t:|1728002726
|switch|p1a: Skarmory|Skarmory, M|100/100
|
|upkeep
|turn|5
|
|t:|1728002737
|switch|p2a: Zapdos|Zapdos|100/100
|move|p1a: Skarmory|Spikes|p2a: Zapdos
|-sidestart|p2: alargemongoose|Spikes
|
|upkeep
|turn|6
|
|t:|1728002742
|move|p1a: Skarmory|Protect|p1a: Skarmory
|-singleturn|p1a: Skarmory|Protect
|move|p2a: Zapdos|Thunderbolt|p1a: Skarmory
|-activate|p1a: Skarmory|Protect
|
|upkeep
|turn|7
|
|t:|1728002756
|switch|p1a: Flygon|Flygon, M|100/100
|move|p2a: Zapdos|Thunderbolt|p1a: Flygon
|-immune|p1a: Flygon
|
|upkeep
|turn|8
|
|t:|1728002771
|switch|p2a: Dugtrio|Dugtrio, M|3/100
|-damage|p2a: Dugtrio|0 fnt|[from] Spikes
|faint|p2a: Dugtrio
|
|t:|1728002773
|switch|p2a: Porygon2|Porygon2|100/100
|-damage|p2a: Porygon2|88/100|[from] Spikes
|-ability|p2a: Porygon2|Levitate|[from] ability: Trace|[of] p1a: Flygon
|
|-heal|p2a: Porygon2|94/100|[from] item: Leftovers
|upkeep
|turn|9
|
|t:|1728002789
|switch|p1a: Misdreavus|Misdreavus, F|100/100
|move|p2a: Porygon2|Ice Beam|p1a: Misdreavus
|-damage|p1a: Misdreavus|82/100
|
|-heal|p1a: Misdreavus|88/100|[from] item: Leftovers
|-heal|p2a: Porygon2|100/100|[from] item: Leftovers
|upkeep
|turn|10
|
|t:|1728002803
|switch|p2a: Jolteon|Jolteon, F|100/100
|-damage|p2a: Jolteon|88/100|[from] Spikes
|move|p1a: Misdreavus|Perish Song|p1a: Misdreavus
|-start|p1a: Misdreavus|perish3|[silent]
|-start|p2a: Jolteon|perish3|[silent]
|-fieldactivate|move: Perish Song
|
|-heal|p2a: Jolteon|94/100|[from] item: Leftovers
|-heal|p1a: Misdreavus|94/100|[from] item: Leftovers
|-start|p2a: Jolteon|perish3
|-start|p1a: Misdreavus|perish3
|upkeep
|turn|11
|inactive|Mugua has 270 seconds left.
|
|t:|1728002842
|move|p1a: Misdreavus|Mean Look|p2a: Jolteon
|-activate|p2a: Jolteon|trapped
|move|p2a: Jolteon|Roar|p1a: Misdreavus
|drag|p1a: Zapdos|Zapdos|100/100
|
|-heal|p2a: Jolteon|100/100|[from] item: Leftovers
|-start|p2a: Jolteon|perish2
|upkeep
|turn|12
|
|t:|1728002858
|move|p2a: Jolteon|Hidden Power|p1a: Zapdos
|-supereffective|p1a: Zapdos
|-damage|p1a: Zapdos|71/100
|move|p1a: Zapdos|Roar|p2a: Jolteon
|drag|p2a: Suicune|Suicune|100/100
|-damage|p2a: Suicune|88/100|[from] Spikes
|
|-heal|p1a: Zapdos|77/100|[from] item: Leftovers
|-heal|p2a: Suicune|94/100|[from] item: Leftovers
|upkeep
|turn|13
|inactive|Mugua has 270 seconds left.
|inactive|alargemongoose has 270 seconds left.
|
|t:|1728002877
|move|p1a: Zapdos|Thunderbolt|p2a: Suicune
|-supereffective|p2a: Suicune
|-damage|p2a: Suicune|31/100
|move|p2a: Suicune|Surf|p1a: Zapdos
|-damage|p1a: Zapdos|55/100
|
|-heal|p1a: Zapdos|61/100|[from] item: Leftovers
|-heal|p2a: Suicune|38/100|[from] item: Leftovers
|upkeep
|turn|14
|inactive|Mugua has 270 seconds left.
|
|t:|1728002890
|switch|p2a: Jolteon|Jolteon, F|100/100
|-damage|p2a: Jolteon|88/100|[from] Spikes
|move|p1a: Zapdos|Thunderbolt|p2a: Jolteon
|-heal|p2a: Jolteon|100/100|[from] ability: Volt Absorb|[of] p1a: Zapdos
|
|-heal|p1a: Zapdos|67/100|[from] item: Leftovers
|upkeep
|turn|15
|inactive|Mugua has 270 seconds left.
|
|t:|1728002900
|switch|p1a: Misdreavus|Misdreavus, F|94/100
|move|p2a: Jolteon|Hidden Power|p1a: Misdreavus
|-damage|p1a: Misdreavus|77/100
|
|-heal|p1a: Misdreavus|84/100|[from] item: Leftovers
|upkeep
|turn|16
|
|t:|1728002905
|move|p2a: Jolteon|Thunderbolt|p1a: Misdreavus
|-damage|p1a: Misdreavus|46/100
|move|p1a: Misdreavus|Perish Song|p1a: Misdreavus
|-start|p1a: Misdreavus|perish3|[silent]
|-start|p2a: Jolteon|perish3|[silent]
|-fieldactivate|move: Perish Song
|
|-heal|p1a: Misdreavus|52/100|[from] item: Leftovers
|-start|p2a: Jolteon|perish3
|-start|p1a: Misdreavus|perish3
|upkeep
|turn|17
|
|t:|1728002917
|move|p1a: Misdreavus|Rest|p1a: Misdreavus
|-status|p1a: Misdreavus|slp|[from] move: Rest
|-heal|p1a: Misdreavus|100/100 slp|[silent]
|move|p2a: Jolteon|Roar|p1a: Misdreavus
|drag|p1a: Zapdos|Zapdos|67/100
|
|-heal|p1a: Zapdos|73/100|[from] item: Leftovers
|-start|p2a: Jolteon|perish2
|upkeep
|turn|18
|
|t:|1728002927
|switch|p1a: Misdreavus|Misdreavus, F|100/100 slp
|move|p2a: Jolteon|Hidden Power|p1a: Misdreavus
|-damage|p1a: Misdreavus|83/100 slp
|
|-heal|p1a: Misdreavus|89/100 slp|[from] item: Leftovers
|-start|p2a: Jolteon|perish1
|upkeep
|turn|19
|
|t:|1728002933
|switch|p2a: Raikou|Raikou|100/100
|-damage|p2a: Raikou|88/100|[from] Spikes
|cant|p1a: Misdreavus|slp
|
|-heal|p2a: Raikou|94/100|[from] item: Leftovers
|-heal|p1a: Misdreavus|96/100 slp|[from] item: Leftovers
|upkeep
|turn|20
|
|t:|1728002956
|move|p2a: Raikou|Thunderbolt|p1a: Misdreavus
|-damage|p1a: Misdreavus|55/100 slp
|cant|p1a: Misdreavus|slp
|
|-heal|p2a: Raikou|100/100|[from] item: Leftovers
|-heal|p1a: Misdreavus|61/100 slp|[from] item: Leftovers
|upkeep
|turn|21
|
|t:|1728002976
|switch|p2a: Suicune|Suicune|38/100
|-damage|p2a: Suicune|25/100|[from] Spikes
|switch|p1a: Flygon|Flygon, M|100/100
|
|-heal|p2a: Suicune|31/100|[from] item: Leftovers
|upkeep
|turn|22
|inactive|Mugua has 270 seconds left.
|
|t:|1728003004
|switch|p1a: Skarmory|Skarmory, M|100/100
|move|p2a: Suicune|Rest|p2a: Suicune
|-status|p2a: Suicune|slp|[from] move: Rest
|-heal|p2a: Suicune|100/100 slp|[silent]
|
|upkeep
|turn|23
|
|t:|1728003029
|switch|p2a: Porygon2|Porygon2|100/100
|-damage|p2a: Porygon2|88/100|[from] Spikes
|-ability|p2a: Porygon2|Keen Eye|[from] ability: Trace|[of] p1a: Skarmory
|move|p1a: Skarmory|Spikes|p2a: Porygon2
|-sidestart|p2: alargemongoose|Spikes
|
|-heal|p2a: Porygon2|94/100|[from] item: Leftovers
|upkeep
|turn|24
|
|t:|1728003046
|move|p1a: Skarmory|Spikes|p2a: Porygon2
|-sidestart|p2: alargemongoose|Spikes
|move|p2a: Porygon2|Thunderbolt|p1a: Skarmory
|-supereffective|p1a: Skarmory
|-damage|p1a: Skarmory|62/100
|
|-heal|p1a: Skarmory|68/100|[from] item: Leftovers
|-heal|p2a: Porygon2|100/100|[from] item: Leftovers
|upkeep
|turn|25
|inactive|alargemongoose has 270 seconds left.
|
|t:|1728003067
|move|p1a: Skarmory|Protect|p1a: Skarmory
|-singleturn|p1a: Skarmory|Protect
|move|p2a: Porygon2|Thunderbolt|p1a: Skarmory
|-activate|p1a: Skarmory|Protect
|
|-heal|p1a: Skarmory|74/100|[from] item: Leftovers
|upkeep
|turn|26
|
|t:|1728003085
|switch|p1a: Misdreavus|Misdreavus, F|61/100 slp
|switch|p2a: Raikou|Raikou|100/100
|-damage|p2a: Raikou|76/100|[from] Spikes
|
|-heal|p2a: Raikou|82/100|[from] item: Leftovers
|-heal|p1a: Misdreavus|67/100 slp|[from] item: Leftovers
|upkeep
|turn|27
|inactive|Mugua has 270 seconds left.
|
|t:|1728003113
|move|p2a: Raikou|Calm Mind|p2a: Raikou
|-boost|p2a: Raikou|spa|1
|-boost|p2a: Raikou|spd|1
|-curestatus|p1a: Misdreavus|slp|[msg]
|move|p1a: Misdreavus|Rest|p1a: Misdreavus
|-status|p1a: Misdreavus|slp|[from] move: Rest
|-heal|p1a: Misdreavus|100/100 slp|[silent]
|
|-heal|p2a: Raikou|88/100|[from] item: Leftovers
|upkeep
|turn|28
|
|t:|1728003127
|switch|p1a: Flygon|Flygon, M|100/100
|move|p2a: Raikou|Hidden Power|p1a: Flygon
|-damage|p1a: Flygon|64/100
|
|-heal|p2a: Raikou|94/100|[from] item: Leftovers
|-heal|p1a: Flygon|70/100|[from] item: Leftovers
|upkeep
|turn|29
|
|t:|1728003136
|switch|p2a: Zapdos|Zapdos|100/100
|move|p1a: Flygon|Earthquake|p2a: Zapdos
|-immune|p2a: Zapdos
|
|-heal|p1a: Flygon|76/100|[from] item: Leftovers
|upkeep
|turn|30
|
|t:|1728003144
|move|p1a: Flygon|Protect|p1a: Flygon
|-singleturn|p1a: Flygon|Protect
|move|p2a: Zapdos|Drill Peck|p1a: Flygon
|-activate|p1a: Flygon|Protect
|
|-heal|p1a: Flygon|82/100|[from] item: Leftovers
|upkeep
|turn|31
|
|t:|1728003160
|switch|p1a: Skarmory|Skarmory, M|74/100
|move|p2a: Zapdos|Drill Peck|p1a: Skarmory
|-resisted|p1a: Skarmory
|-damage|p1a: Skarmory|54/100
|
|-heal|p1a: Skarmory|60/100|[from] item: Leftovers
|upkeep
|turn|32
|
|t:|1728003168
|switch|p2a: Jolteon|Jolteon, F|100/100
|-damage|p2a: Jolteon|76/100|[from] Spikes
|move|p1a: Skarmory|Protect||[still]
|-fail|p1a: Skarmory
|
|-heal|p2a: Jolteon|82/100|[from] item: Leftovers
|-heal|p1a: Skarmory|66/100|[from] item: Leftovers
|upkeep
|turn|33
|
|t:|1728003183
|move|p2a: Jolteon|Thunderbolt|p1a: Skarmory
|-supereffective|p1a: Skarmory
|-damage|p1a: Skarmory|0 fnt
|faint|p1a: Skarmory
|inactive|Mugua has 270 seconds left.
|inactive|Mugua has 240 seconds left.
|
|t:|1728003236
|switch|p1a: Moltres|Moltres|100/100
|
|-heal|p2a: Jolteon|88/100|[from] item: Leftovers
|upkeep
|turn|34
|inactive|Mugua has 240 seconds left.
|
|t:|1728003251
|move|p2a: Jolteon|Baton Pass|p2a: Jolteon
|
|t:|1728003253
|switch|p2a: Suicune|Suicune|100/100 slp|[from] Baton Pass
|-damage|p2a: Suicune|76/100 slp|[from] Spikes
|move|p1a: Moltres|Flamethrower|p2a: Suicune
|-resisted|p2a: Suicune
|-damage|p2a: Suicune|57/100 slp
|
|-heal|p2a: Suicune|63/100 slp|[from] item: Leftovers
|upkeep
|turn|35
|
|t:|1728003261
|switch|p1a: Zapdos|Zapdos|73/100
|switch|p2a: Zapdos|Zapdos|100/100
|
|-heal|p1a: Zapdos|79/100|[from] item: Leftovers
|upkeep
|turn|36
|inactive|Mugua has 240 seconds left.
|inactive|alargemongoose has 270 seconds left.
|
|t:|1728003298
|move|p2a: Zapdos|Thunderbolt|p1a: Zapdos
|-damage|p1a: Zapdos|52/100
|move|p1a: Zapdos|Thunderbolt|p2a: Zapdos
|-damage|p2a: Zapdos|53/100
|
|-heal|p1a: Zapdos|58/100|[from] item: Leftovers
|upkeep
|turn|37
|inactive|alargemongoose has 270 seconds left.
|
|t:|1728003319
|move|p2a: Zapdos|Thunderbolt|p1a: Zapdos
|-damage|p1a: Zapdos|29/100
|move|p1a: Zapdos|Rest|p1a: Zapdos
|-status|p1a: Zapdos|slp|[from] move: Rest
|-heal|p1a: Zapdos|100/100 slp|[silent]
|
|upkeep
|turn|38
|
|t:|1728003328
|switch|p2a: Porygon2|Porygon2|100/100
|-damage|p2a: Porygon2|76/100|[from] Spikes
|-ability|p2a: Porygon2|Pressure|[from] ability: Trace|[of] p1a: Zapdos
|cant|p1a: Zapdos|slp
|move|p1a: Zapdos|Sleep Talk|p1a: Zapdos
|move|p1a: Zapdos|Rest|p1a: Zapdos|[from]Sleep Talk
|
|-heal|p2a: Porygon2|82/100|[from] item: Leftovers
|upkeep
|turn|39
|inactive|Mugua has 240 seconds left.
|
|t:|1728003342
|cant|p1a: Zapdos|slp
|move|p1a: Zapdos|Sleep Talk|p1a: Zapdos
|move|p1a: Zapdos|Rest|p1a: Zapdos|[from]Sleep Talk
|move|p2a: Porygon2|Ice Beam|p1a: Zapdos
|-supereffective|p1a: Zapdos
|-damage|p1a: Zapdos|66/100 slp
|
|-heal|p1a: Zapdos|72/100 slp|[from] item: Leftovers
|-heal|p2a: Porygon2|88/100|[from] item: Leftovers
|upkeep
|turn|40
|inactive|Mugua has 240 seconds left.
|inactive|alargemongoose has 270 seconds left.
|
|t:|1728003362
|-curestatus|p1a: Zapdos|slp|[msg]
|move|p1a: Zapdos|Thunderbolt|p2a: Porygon2
|-damage|p2a: Porygon2|55/100
|move|p2a: Porygon2|Ice Beam|p1a: Zapdos
|-supereffective|p1a: Zapdos
|-damage|p1a: Zapdos|42/100
|
|-heal|p1a: Zapdos|48/100|[from] item: Leftovers
|-heal|p2a: Porygon2|61/100|[from] item: Leftovers
|upkeep
|turn|41
|inactive|Mugua has 240 seconds left.
|
|t:|1728003375
|move|p1a: Zapdos|Thunderbolt|p2a: Porygon2
|-damage|p2a: Porygon2|27/100
|move|p2a: Porygon2|Recover|p2a: Porygon2
|-heal|p2a: Porygon2|77/100
|
|-heal|p1a: Zapdos|54/100|[from] item: Leftovers
|-heal|p2a: Porygon2|83/100|[from] item: Leftovers
|upkeep
|turn|42
|inactive|Mugua has 240 seconds left.
|
|t:|1728003381
|move|p1a: Zapdos|Thunderbolt|p2a: Porygon2
|-damage|p2a: Porygon2|50/100
|move|p2a: Porygon2|Ice Beam|p1a: Zapdos
|-supereffective|p1a: Zapdos
|-damage|p1a: Zapdos|22/100
|
|-heal|p1a: Zapdos|28/100|[from] item: Leftovers
|-heal|p2a: Porygon2|56/100|[from] item: Leftovers
|upkeep
|turn|43
|
|t:|1728003394
|move|p1a: Zapdos|Rest|p1a: Zapdos
|-status|p1a: Zapdos|slp|[from] move: Rest
|-heal|p1a: Zapdos|100/100 slp|[silent]
|move|p2a: Porygon2|Recover|p2a: Porygon2
|-heal|p2a: Porygon2|100/100
|
|upkeep
|turn|44
|
|t:|1728003413
|switch|p2a: Raikou|Raikou|94/100
|-damage|p2a: Raikou|69/100|[from] Spikes
|cant|p1a: Zapdos|slp
|move|p1a: Zapdos|Sleep Talk|p1a: Zapdos
|move|p1a: Zapdos|Roar|p2a: Raikou|[from]Sleep Talk
|drag|p2a: Zapdos|Zapdos|53/100
|
|upkeep
|turn|45
|
|t:|1728003421
|move|p2a: Zapdos|Baton Pass|p2a: Zapdos
|
|t:|1728003429
|switch|p2a: Raikou|Raikou|69/100|[from] Baton Pass
|-damage|p2a: Raikou|45/100|[from] Spikes
|cant|p1a: Zapdos|slp
|move|p1a: Zapdos|Sleep Talk|p1a: Zapdos
|move|p1a: Zapdos|Roar|p2a: Raikou|[from]Sleep Talk
|drag|p2a: Porygon2|Porygon2|100/100
|-damage|p2a: Porygon2|76/100|[from] Spikes
|-ability|p2a: Porygon2|Pressure|[from] ability: Trace|[of] p1a: Zapdos
|
|-heal|p2a: Porygon2|82/100|[from] item: Leftovers
|upkeep
|turn|46
|inactive|Mugua has 270 seconds left.
|
|t:|1728003442
|-curestatus|p1a: Zapdos|slp|[msg]
|move|p1a: Zapdos|Thunderbolt|p2a: Porygon2
|-damage|p2a: Porygon2|44/100
|move|p2a: Porygon2|Ice Beam|p1a: Zapdos
|-supereffective|p1a: Zapdos
|-damage|p1a: Zapdos|67/100
|
|-heal|p1a: Zapdos|73/100|[from] item: Leftovers
|-heal|p2a: Porygon2|50/100|[from] item: Leftovers
|upkeep
|turn|47
|inactive|Mugua has 270 seconds left.
|
|t:|1728003452
|move|p1a: Zapdos|Thunderbolt|p2a: Porygon2
|-damage|p2a: Porygon2|15/100
|move|p2a: Porygon2|Recover|p2a: Porygon2
|-heal|p2a: Porygon2|65/100
|
|-heal|p1a: Zapdos|79/100|[from] item: Leftovers
|-heal|p2a: Porygon2|72/100|[from] item: Leftovers
|upkeep
|turn|48
|inactive|Mugua has 270 seconds left.
|
|t:|1728003466
|switch|p1a: Misdreavus|Misdreavus, F|100/100 slp
|move|p2a: Porygon2|Recover|p2a: Porygon2
|-heal|p2a: Porygon2|100/100
|
|upkeep
|turn|49
|inactive|Mugua has 270 seconds left.
|inactive|alargemongoose has 270 seconds left.
|
|t:|1728003492
|cant|p1a: Misdreavus|slp
|move|p2a: Porygon2|Ice Beam|p1a: Misdreavus
|-damage|p1a: Misdreavus|82/100 slp
|
|-heal|p1a: Misdreavus|88/100 slp|[from] item: Leftovers
|upkeep
|turn|50
|
|t:|1728003498
|switch|p2a: Jolteon|Jolteon, F|88/100
|-damage|p2a: Jolteon|63/100|[from] Spikes
|cant|p1a: Misdreavus|slp
|
|-heal|p2a: Jolteon|69/100|[from] item: Leftovers
|-heal|p1a: Misdreavus|95/100 slp|[from] item: Leftovers
|upkeep
|turn|51
|
|t:|1728003512
|move|p2a: Jolteon|Thunderbolt|p1a: Misdreavus
|-damage|p1a: Misdreavus|58/100 slp
|-curestatus|p1a: Misdreavus|slp|[msg]
|move|p1a: Misdreavus|Mean Look|p2a: Jolteon
|-activate|p2a: Jolteon|trapped
|
|-heal|p2a: Jolteon|76/100|[from] item: Leftovers
|-heal|p1a: Misdreavus|64/100|[from] item: Leftovers
|upkeep
|turn|52
|inactive|Mugua has 270 seconds left.
|inactive|alargemongoose has 270 seconds left.
|
|t:|1728003552
|move|p2a: Jolteon|Hidden Power|p1a: Misdreavus
|-damage|p1a: Misdreavus|46/100
|move|p1a: Misdreavus|Perish Song|p1a: Misdreavus
|-start|p1a: Misdreavus|perish3|[silent]
|-start|p2a: Jolteon|perish3|[silent]
|-fieldactivate|move: Perish Song
|
|-heal|p2a: Jolteon|82/100|[from] item: Leftovers
|-heal|p1a: Misdreavus|52/100|[from] item: Leftovers
|-start|p2a: Jolteon|perish3
|-start|p1a: Misdreavus|perish3
|upkeep
|turn|53
|inactive|alargemongoose has 270 seconds left.
|
|t:|1728003567
|move|p2a: Jolteon|Thunderbolt|p1a: Misdreavus
|-crit|p1a: Misdreavus
|-damage|p1a: Misdreavus|0 fnt
|faint|p1a: Misdreavus
|inactive|Mugua has 240 seconds left.
|
|t:|1728003595
|switch|p1a: Moltres|Moltres|100/100
|
|-heal|p2a: Jolteon|88/100|[from] item: Leftovers
|-start|p2a: Jolteon|perish2
|upkeep
|turn|54
|
|t:|1728003606
|switch|p2a: Suicune|Suicune|63/100 slp
|-damage|p2a: Suicune|38/100 slp|[from] Spikes
|move|p1a: Moltres|Flamethrower|p2a: Suicune
|-resisted|p2a: Suicune
|-damage|p2a: Suicune|18/100 slp
|
|-heal|p2a: Suicune|24/100 slp|[from] item: Leftovers
|upkeep
|turn|55
|
|t:|1728003612
|move|p1a: Moltres|Hidden Power|p2a: Suicune
|-supereffective|p2a: Suicune
|-damage|p2a: Suicune|0 fnt
|faint|p2a: Suicune
|inactive|alargemongoose has 270 seconds left.
|
|t:|1728003634
|switch|p2a: Zapdos|Zapdos|53/100
|
|upkeep
|turn|56
|
|t:|1728003649
|switch|p1a: Flygon|Flygon, M|82/100
|move|p2a: Zapdos|Drill Peck|p1a: Flygon
|-damage|p1a: Flygon|38/100
|
|-heal|p1a: Flygon|44/100|[from] item: Leftovers
|upkeep
|turn|57
|inactive|alargemongoose has 270 seconds left.
|inactive|Mugua has 240 seconds left.
|
|t:|1728003669
|switch|p2a: Porygon2|Porygon2|100/100
|-damage|p2a: Porygon2|76/100|[from] Spikes
|-ability|p2a: Porygon2|Levitate|[from] ability: Trace|[of] p1a: Flygon
|move|p1a: Flygon|Protect||[still]
|-fail|p1a: Flygon
|
|-heal|p1a: Flygon|50/100|[from] item: Leftovers
|-heal|p2a: Porygon2|82/100|[from] item: Leftovers
|upkeep
|turn|58
|inactive|Mugua has 240 seconds left.
|inactive|alargemongoose has 270 seconds left.
|
|t:|1728003688
|move|p1a: Flygon|Protect|p1a: Flygon
|-singleturn|p1a: Flygon|Protect
|move|p2a: Porygon2|Ice Beam|p1a: Flygon
|-activate|p1a: Flygon|Protect
|
|-heal|p1a: Flygon|56/100|[from] item: Leftovers
|-heal|p2a: Porygon2|88/100|[from] item: Leftovers
|upkeep
|turn|59
|inactive|alargemongoose has 270 seconds left.
|inactive|Mugua has 240 seconds left.
|
|t:|1728003707
|switch|p1a: Moltres|Moltres|100/100
|move|p2a: Porygon2|Toxic|p1a: Moltres
|-status|p1a: Moltres|tox
|
|-damage|p1a: Moltres|94/100 tox|[from] psn
|-heal|p2a: Porygon2|94/100|[from] item: Leftovers
|upkeep
|turn|60
|inactive|Mugua has 240 seconds left.
|inactive|alargemongoose has 270 seconds left.
|inactive|Mugua has 210 seconds left.
|
|t:|1728003747
|switch|p1a: Zapdos|Zapdos|79/100
|move|p2a: Porygon2|Thunderbolt|p1a: Zapdos
|-crit|p1a: Zapdos
|-damage|p1a: Zapdos|45/100
|
|-heal|p1a: Zapdos|51/100|[from] item: Leftovers
|-heal|p2a: Porygon2|99/100|[from] item: Leftovers
|upkeep
|turn|61
|
|t:|1728003758
|move|p1a: Zapdos|Rest|p1a: Zapdos
|-status|p1a: Zapdos|slp|[from] move: Rest
|-heal|p1a: Zapdos|100/100 slp|[silent]
|move|p2a: Porygon2|Ice Beam|p1a: Zapdos
|-supereffective|p1a: Zapdos
|-damage|p1a: Zapdos|71/100 slp
|
|-heal|p1a: Zapdos|77/100 slp|[from] item: Leftovers
|-heal|p2a: Porygon2|100/100|[from] item: Leftovers
|upkeep
|turn|62
|inactive|Mugua has 210 seconds left.
|
|t:|1728003779
|switch|p1a: Flygon|Flygon, M|56/100
|move|p2a: Porygon2|Thunderbolt|p1a: Flygon
|-immune|p1a: Flygon
|
|-heal|p1a: Flygon|62/100|[from] item: Leftovers
|upkeep
|turn|63
|
|t:|1728003786
|move|p1a: Flygon|Protect|p1a: Flygon
|-singleturn|p1a: Flygon|Protect
|move|p2a: Porygon2|Toxic|p1a: Flygon
|-activate|p1a: Flygon|Protect
|
|-heal|p1a: Flygon|69/100|[from] item: Leftovers
|upkeep
|turn|64
|
|t:|1728003804
|switch|p1a: Zapdos|Zapdos|77/100 slp
|move|p2a: Porygon2|Thunderbolt|p1a: Zapdos
|-damage|p1a: Zapdos|62/100 slp
|
|-heal|p1a: Zapdos|68/100 slp|[from] item: Leftovers
|upkeep
|turn|65
|
|t:|1728003816
|cant|p1a: Zapdos|slp
|move|p1a: Zapdos|Sleep Talk|p1a: Zapdos
|move|p1a: Zapdos|Roar|p2a: Porygon2|[from]Sleep Talk
|drag|p2a: Jolteon|Jolteon, F|88/100
|-damage|p2a: Jolteon|63/100|[from] Spikes
|
|-heal|p2a: Jolteon|69/100|[from] item: Leftovers
|-heal|p1a: Zapdos|74/100 slp|[from] item: Leftovers
|upkeep
|turn|66
|
|t:|1728003825
|move|p2a: Jolteon|Thunderbolt|p1a: Zapdos
|-damage|p1a: Zapdos|47/100 slp
|cant|p1a: Zapdos|slp
|move|p1a: Zapdos|Sleep Talk|p1a: Zapdos
|move|p1a: Zapdos|Thunderbolt|p2a: Jolteon|[from]Sleep Talk
|-heal|p2a: Jolteon|94/100|[from] ability: Volt Absorb|[of] p1a: Zapdos
|
|-heal|p2a: Jolteon|100/100|[from] item: Leftovers
|-heal|p1a: Zapdos|53/100 slp|[from] item: Leftovers
|upkeep
|turn|67
|inactive|Mugua has 240 seconds left.
|
|t:|1728003836
|move|p2a: Jolteon|Thunderbolt|p1a: Zapdos
|-damage|p1a: Zapdos|25/100 slp
|-curestatus|p1a: Zapdos|slp|[msg]
|move|p1a: Zapdos|Rest|p1a: Zapdos
|-status|p1a: Zapdos|slp|[from] move: Rest
|-heal|p1a: Zapdos|100/100 slp|[silent]
|
|upkeep
|turn|68
|inactive|Mugua has 240 seconds left.
|inactive|alargemongoose has 240 seconds left.
|
|t:|1728003884
|move|p2a: Jolteon|Baton Pass|p2a: Jolteon
|
|t:|1728003885
|switch|p2a: Raikou|Raikou|45/100|[from] Baton Pass
|-damage|p2a: Raikou|20/100|[from] Spikes
|cant|p1a: Zapdos|slp
|move|p1a: Zapdos|Sleep Talk|p1a: Zapdos
|move|p1a: Zapdos|Roar|p2a: Raikou|[from]Sleep Talk
|drag|p2a: Zapdos|Zapdos|53/100
|
|upkeep
|turn|69
|inactive|Mugua has 240 seconds left.
|
|t:|1728003902
|move|p2a: Zapdos|Baton Pass|p2a: Zapdos
|
|t:|1728003906
|switch|p2a: Porygon2|Porygon2|100/100|[from] Baton Pass
|-damage|p2a: Porygon2|76/100|[from] Spikes
|-ability|p2a: Porygon2|Pressure|[from] ability: Trace|[of] p1a: Zapdos
|cant|p1a: Zapdos|slp
|move|p1a: Zapdos|Sleep Talk|p1a: Zapdos
|move|p1a: Zapdos|Rest|p1a: Zapdos|[from]Sleep Talk
|
|-heal|p2a: Porygon2|82/100|[from] item: Leftovers
|upkeep
|turn|70
|inactive|Mugua has 240 seconds left.
|
|t:|1728003924
|-curestatus|p1a: Zapdos|slp|[msg]
|move|p1a: Zapdos|Thunderbolt|p2a: Porygon2
|-damage|p2a: Porygon2|47/100
|move|p2a: Porygon2|Toxic|p1a: Zapdos
|-status|p1a: Zapdos|tox
|
|-damage|p1a: Zapdos|94/100 tox|[from] psn
|-heal|p2a: Porygon2|53/100|[from] item: Leftovers
|upkeep
|turn|71
|inactive|alargemongoose has 240 seconds left.
|
|t:|1728003934
|move|p1a: Zapdos|Thunderbolt|p2a: Porygon2
|-damage|p2a: Porygon2|15/100
|move|p2a: Porygon2|Recover|p2a: Porygon2
|-heal|p2a: Porygon2|65/100
|
|-heal|p1a: Zapdos|100/100 tox|[from] item: Leftovers
|-damage|p1a: Zapdos|88/100 tox|[from] psn
|-heal|p2a: Porygon2|71/100|[from] item: Leftovers
|upkeep
|turn|72
|inactive|alargemongoose has 240 seconds left.
|inactive|Mugua has 240 seconds left.
|
|t:|1728003950
|switch|p1a: Flygon|Flygon, M|69/100
|move|p2a: Porygon2|Recover|p2a: Porygon2
|-heal|p2a: Porygon2|100/100
|
|-heal|p1a: Flygon|75/100|[from] item: Leftovers
|upkeep
|turn|73
|inactive|alargemongoose has 240 seconds left.
|
|t:|1728003964
|move|p1a: Flygon|Protect|p1a: Flygon
|-singleturn|p1a: Flygon|Protect
|move|p2a: Porygon2|Ice Beam|p1a: Flygon
|-activate|p1a: Flygon|Protect
|
|-heal|p1a: Flygon|81/100|[from] item: Leftovers
|upkeep
|turn|74
|inactive|alargemongoose has 240 seconds left.
|
|t:|1728003986
|switch|p1a: Zapdos|Zapdos|88/100 tox
|move|p2a: Porygon2|Ice Beam|p1a: Zapdos
|-supereffective|p1a: Zapdos
|-damage|p1a: Zapdos|54/100 tox
|
|-heal|p1a: Zapdos|60/100 tox|[from] item: Leftovers
|-damage|p1a: Zapdos|54/100 tox|[from] psn
|upkeep
|turn|75
|
|t:|1728004003
|switch|p2a: Raikou|Raikou|20/100
|-damage|p2a: Raikou|0 fnt|[from] Spikes
|faint|p2a: Raikou
|
|t:|1728004007
|switch|p2a: Jolteon|Jolteon, F|100/100
|-damage|p2a: Jolteon|76/100|[from] Spikes
|
|-heal|p2a: Jolteon|82/100|[from] item: Leftovers
|-heal|p1a: Zapdos|60/100 tox|[from] item: Leftovers
|-damage|p1a: Zapdos|48/100 tox|[from] psn
|upkeep
|turn|76
|
|t:|1728004022
|move|p2a: Jolteon|Hidden Power|p1a: Zapdos
|-supereffective|p1a: Zapdos
|-damage|p1a: Zapdos|19/100 tox
|move|p1a: Zapdos|Rest|p1a: Zapdos
|-status|p1a: Zapdos|slp|[from] move: Rest
|-heal|p1a: Zapdos|100/100 slp|[silent]
|
|-heal|p2a: Jolteon|88/100|[from] item: Leftovers
|upkeep
|turn|77
|
|t:|1728004034
|move|p2a: Jolteon|Thunderbolt|p1a: Zapdos
|-damage|p1a: Zapdos|71/100 slp
|cant|p1a: Zapdos|slp
|move|p1a: Zapdos|Sleep Talk|p1a: Zapdos
|move|p1a: Zapdos|Roar|p2a: Jolteon|[from]Sleep Talk
|drag|p2a: Porygon2|Porygon2|100/100
|-damage|p2a: Porygon2|76/100|[from] Spikes
|-ability|p2a: Porygon2|Pressure|[from] ability: Trace|[of] p1a: Zapdos
|
|-heal|p1a: Zapdos|77/100 slp|[from] item: Leftovers
|-heal|p2a: Porygon2|82/100|[from] item: Leftovers
|upkeep
|turn|78
|
|t:|1728004052
|move|p2a: Porygon2|Toxic||[still]
|-fail|p2a: Porygon2
|cant|p1a: Zapdos|slp
|
|-heal|p1a: Zapdos|83/100 slp|[from] item: Leftovers
|-heal|p2a: Porygon2|88/100|[from] item: Leftovers
|upkeep
|turn|79
|
|t:|1728004064
|move|p2a: Porygon2|Toxic||[still]
|-fail|p2a: Porygon2
|-curestatus|p1a: Zapdos|slp|[msg]
|move|p1a: Zapdos|Roar|p2a: Porygon2
|drag|p2a: Zapdos|Zapdos|53/100
|
|-heal|p1a: Zapdos|89/100|[from] item: Leftovers
|upkeep
|turn|80
|
|t:|1728004076
|move|p2a: Zapdos|Baton Pass|p2a: Zapdos
|
|t:|1728004078
|switch|p2a: Jolteon|Jolteon, F|88/100|[from] Baton Pass
|-damage|p2a: Jolteon|63/100|[from] Spikes
|move|p1a: Zapdos|Thunderbolt|p2a: Jolteon
|-heal|p2a: Jolteon|88/100|[from] ability: Volt Absorb|[of] p1a: Zapdos
|
|-heal|p2a: Jolteon|94/100|[from] item: Leftovers
|-heal|p1a: Zapdos|95/100|[from] item: Leftovers
|upkeep
|turn|81
|
|t:|1728004091
|move|p2a: Jolteon|Roar|p1a: Zapdos
|drag|p1a: Flygon|Flygon, M|81/100
|
|-heal|p2a: Jolteon|100/100|[from] item: Leftovers
|-heal|p1a: Flygon|87/100|[from] item: Leftovers
|upkeep
|turn|82
|
|t:|1728004101
|move|p1a: Flygon|Protect|p1a: Flygon
|-singleturn|p1a: Flygon|Protect
|move|p2a: Jolteon|Baton Pass|p2a: Jolteon
|
|t:|1728004111
|switch|p2a: Porygon2|Porygon2|88/100|[from] Baton Pass
|-damage|p2a: Porygon2|63/100|[from] Spikes
|-ability|p2a: Porygon2|Levitate|[from] ability: Trace|[of] p1a: Flygon
|
|-heal|p1a: Flygon|93/100|[from] item: Leftovers
|-heal|p2a: Porygon2|69/100|[from] item: Leftovers
|upkeep
|turn|83
|
|t:|1728004120
|switch|p1a: Moltres|Moltres|94/100 tox
|move|p2a: Porygon2|Toxic|p1a: Moltres
|-fail|p1a: Moltres|tox
|
|-heal|p1a: Moltres|100/100 tox|[from] item: Leftovers
|-damage|p1a: Moltres|94/100 tox|[from] psn
|-heal|p2a: Porygon2|75/100|[from] item: Leftovers
|upkeep
|turn|84
|
|t:|1728004132
|move|p1a: Moltres|Flamethrower|p2a: Porygon2
|-damage|p2a: Porygon2|28/100
|move|p2a: Porygon2|Recover|p2a: Porygon2
|-heal|p2a: Porygon2|78/100
|
|-heal|p1a: Moltres|100/100 tox|[from] item: Leftovers
|-damage|p1a: Moltres|88/100 tox|[from] psn
|-heal|p2a: Porygon2|84/100|[from] item: Leftovers
|upkeep
|turn|85
|inactive|alargemongoose has 240 seconds left.
|
|t:|1728004156
|move|p1a: Moltres|Will-O-Wisp|p2a: Porygon2
|-status|p2a: Porygon2|brn
|move|p2a: Porygon2|Recover|p2a: Porygon2
|-heal|p2a: Porygon2|100/100 brn
|
|-heal|p1a: Moltres|94/100 tox|[from] item: Leftovers
|-damage|p1a: Moltres|76/100 tox|[from] psn
|-damage|p2a: Porygon2|88/100 brn|[from] brn
|upkeep
|turn|86
|
|t:|1728004179
|switch|p1a: Zapdos|Zapdos|95/100
|move|p2a: Porygon2|Thunderbolt|p1a: Zapdos
|-damage|p1a: Zapdos|80/100
|-status|p1a: Zapdos|par
|
|-heal|p2a: Porygon2|94/100 brn|[from] item: Leftovers
|-damage|p2a: Porygon2|82/100 brn|[from] brn
|-heal|p1a: Zapdos|86/100 par|[from] item: Leftovers
|upkeep
|turn|87
|inactive|alargemongoose has 210 seconds left.
|inactive|Mugua has 270 seconds left.
|
|t:|1728004211
|switch|p2a: Zapdos|Zapdos|53/100
|move|p1a: Zapdos|Roar|p2a: Zapdos
|drag|p2a: Jolteon|Jolteon, F|100/100
|-damage|p2a: Jolteon|76/100|[from] Spikes
|
|-heal|p2a: Jolteon|82/100|[from] item: Leftovers
|-heal|p1a: Zapdos|92/100 par|[from] item: Leftovers
|upkeep
|turn|88
|inactive|alargemongoose has 210 seconds left.
|
|t:|1728004228
|move|p2a: Jolteon|Hidden Power|p1a: Zapdos
|-supereffective|p1a: Zapdos
|-damage|p1a: Zapdos|61/100 par
|move|p1a: Zapdos|Roar|p2a: Jolteon
|drag|p2a: Porygon2|Porygon2|82/100 brn
|-damage|p2a: Porygon2|57/100 brn|[from] Spikes
|-ability|p2a: Porygon2|Pressure|[from] ability: Trace|[of] p1a: Zapdos
|
|-heal|p2a: Porygon2|63/100 brn|[from] item: Leftovers
|-damage|p2a: Porygon2|51/100 brn|[from] brn
|-heal|p1a: Zapdos|67/100 par|[from] item: Leftovers
|upkeep
|turn|89
|inactive|alargemongoose has 210 seconds left.
|
|t:|1728004241
|move|p2a: Porygon2|Recover|p2a: Porygon2
|-heal|p2a: Porygon2|100/100 brn
|move|p1a: Zapdos|Roar|p2a: Porygon2
|drag|p2a: Zapdos|Zapdos|53/100
|
|-heal|p1a: Zapdos|73/100 par|[from] item: Leftovers
|upkeep
|turn|90
|inactive|alargemongoose has 210 seconds left.
|inactive|Mugua has 270 seconds left.
|
|t:|1728004268
|switch|p2a: Porygon2|Porygon2|100/100 brn
|-damage|p2a: Porygon2|76/100 brn|[from] Spikes
|-ability|p2a: Porygon2|Pressure|[from] ability: Trace|[of] p1a: Zapdos
|move|p1a: Zapdos|Thunderbolt|p2a: Porygon2
|-damage|p2a: Porygon2|40/100 brn
|
|-heal|p2a: Porygon2|46/100 brn|[from] item: Leftovers
|-damage|p2a: Porygon2|34/100 brn|[from] brn
|-heal|p1a: Zapdos|79/100 par|[from] item: Leftovers
|upkeep
|turn|91
|inactive|Mugua has 270 seconds left.
|
|t:|1728004285
|switch|p1a: Moltres|Moltres|76/100 tox
|move|p2a: Porygon2|Recover|p2a: Porygon2
|-heal|p2a: Porygon2|84/100 brn
|
|-heal|p1a: Moltres|82/100 tox|[from] item: Leftovers
|-damage|p1a: Moltres|76/100 tox|[from] psn
|-heal|p2a: Porygon2|90/100 brn|[from] item: Leftovers
|-damage|p2a: Porygon2|78/100 brn|[from] brn
|upkeep
|turn|92
|
|t:|1728004292
|move|p1a: Moltres|Flamethrower|p2a: Porygon2
|-damage|p2a: Porygon2|32/100 brn
|move|p2a: Porygon2|Thunderbolt|p1a: Moltres
|-supereffective|p1a: Moltres
|-damage|p1a: Moltres|20/100 tox
|
|-heal|p1a: Moltres|26/100 tox|[from] item: Leftovers
|-damage|p1a: Moltres|13/100 tox|[from] psn
|-heal|p2a: Porygon2|38/100 brn|[from] item: Leftovers
|-damage|p2a: Porygon2|26/100 brn|[from] brn
|upkeep
|turn|93
|inactive|alargemongoose has 180 seconds left.
|
|t:|1728004330
|move|p1a: Moltres|Flamethrower|p2a: Porygon2
|-damage|p2a: Porygon2|0 fnt
|faint|p2a: Porygon2
|
|t:|1728004333
|switch|p2a: Zapdos|Zapdos|53/100
|
|-heal|p1a: Moltres|20/100 tox|[from] item: Leftovers
|-damage|p1a: Moltres|1/100 tox|[from] psn
|upkeep
|turn|94
|inactive|alargemongoose has 180 seconds left.
|
|t:|1728004341
|move|p2a: Zapdos|Drill Peck|p1a: Moltres
|-damage|p1a: Moltres|0 fnt
|faint|p1a: Moltres
|
|t:|1728004351
|switch|p1a: Flygon|Flygon, M|93/100
|
|-heal|p1a: Flygon|99/100|[from] item: Leftovers
|upkeep
|turn|95
|
|t:|1728004358
|move|p2a: Zapdos|Drill Peck|p1a: Flygon
|-damage|p1a: Flygon|57/100
|move|p1a: Flygon|Toxic|p2a: Zapdos
|-status|p2a: Zapdos|tox
|
|-damage|p2a: Zapdos|47/100 tox|[from] psn
|-heal|p1a: Flygon|63/100|[from] item: Leftovers
|upkeep
|turn|96
|
|t:|1728004371
|switch|p2a: Jolteon|Jolteon, F|82/100
|-damage|p2a: Jolteon|57/100|[from] Spikes
|move|p1a: Flygon|Protect||[still]
|-fail|p1a: Flygon
|
|-heal|p2a: Jolteon|63/100|[from] item: Leftovers
|-heal|p1a: Flygon|69/100|[from] item: Leftovers
|upkeep
|turn|97
|
|t:|1728004379
|move|p1a: Flygon|Protect|p1a: Flygon
|-singleturn|p1a: Flygon|Protect
|move|p2a: Jolteon|Hidden Power|p1a: Flygon
|-activate|p1a: Flygon|Protect
|
|-heal|p2a: Jolteon|69/100|[from] item: Leftovers
|-heal|p1a: Flygon|75/100|[from] item: Leftovers
|upkeep
|turn|98
|
|t:|1728004392
|switch|p1a: Zapdos|Zapdos|79/100 par
|move|p2a: Jolteon|Hidden Power|p1a: Zapdos
|-supereffective|p1a: Zapdos
|-damage|p1a: Zapdos|51/100 par
|
|-heal|p2a: Jolteon|76/100|[from] item: Leftovers
|-heal|p1a: Zapdos|57/100 par|[from] item: Leftovers
|upkeep
|turn|99
|
|t:|1728004408
|move|p2a: Jolteon|Thunderbolt|p1a: Zapdos
|-damage|p1a: Zapdos|29/100 par
|move|p1a: Zapdos|Rest|p1a: Zapdos
|-status|p1a: Zapdos|slp|[from] move: Rest
|-heal|p1a: Zapdos|100/100 slp|[silent]
|
|-heal|p2a: Jolteon|82/100|[from] item: Leftovers
|upkeep
|turn|100
|inactive|alargemongoose has 180 seconds left.
|
|t:|1728004431
|switch|p2a: Zapdos|Zapdos|47/100 tox
|cant|p1a: Zapdos|slp
|move|p1a: Zapdos|Sleep Talk|p1a: Zapdos
|move|p1a: Zapdos|Thunderbolt|p2a: Zapdos|[from]Sleep Talk
|-damage|p2a: Zapdos|2/100 tox
|
|-damage|p2a: Zapdos|0 fnt|[from] psn
|faint|p2a: Zapdos
|upkeep
|
|t:|1728004434
|switch|p2a: Jolteon|Jolteon, F|82/100
|-damage|p2a: Jolteon|57/100|[from] Spikes
|turn|101
|inactive|alargemongoose has 180 seconds left.
|
|t:|1728004449
|move|p2a: Jolteon|Baton Pass||[still]
|-fail|p2a: Jolteon
|cant|p1a: Zapdos|slp
|
|-heal|p2a: Jolteon|63/100|[from] item: Leftovers
|upkeep
|turn|102
|inactive|alargemongoose has 180 seconds left.
|
|t:|1728004474
|move|p2a: Jolteon|Baton Pass||[still]
|-fail|p2a: Jolteon
|-curestatus|p1a: Zapdos|slp|[msg]
|move|p1a: Zapdos|Roar||[still]
|-fail|p1a: Zapdos
|
|-heal|p2a: Jolteon|69/100|[from] item: Leftovers
|upkeep
|turn|103
|
|t:|1728004482
|move|p2a: Jolteon|Hidden Power|p1a: Zapdos
|-supereffective|p1a: Zapdos
|-crit|p1a: Zapdos
|-damage|p1a: Zapdos|38/100
|move|p1a: Zapdos|Roar||[still]
|-fail|p1a: Zapdos
|
|-heal|p2a: Jolteon|76/100|[from] item: Leftovers
|-heal|p1a: Zapdos|44/100|[from] item: Leftovers
|upkeep
|turn|104
|inactive|alargemongoose has 180 seconds left.
|
|t:|1728004497
|move|p2a: Jolteon|Baton Pass||[still]
|-fail|p2a: Jolteon
|move|p1a: Zapdos|Rest|p1a: Zapdos
|-status|p1a: Zapdos|slp|[from] move: Rest
|-heal|p1a: Zapdos|100/100 slp|[silent]
|
|-heal|p2a: Jolteon|82/100|[from] item: Leftovers
|upkeep
|turn|105
|inactive|alargemongoose has 180 seconds left.
|
|t:|1728004506
|move|p2a: Jolteon|Baton Pass||[still]
|-fail|p2a: Jolteon
|cant|p1a: Zapdos|slp
|
|-heal|p2a: Jolteon|88/100|[from] item: Leftovers
|upkeep
|turn|106
|
|t:|1728004511
|move|p2a: Jolteon|Baton Pass||[still]
|-fail|p2a: Jolteon
|cant|p1a: Zapdos|slp
|
|-heal|p2a: Jolteon|94/100|[from] item: Leftovers
|upkeep
|turn|107
|inactive|alargemongoose has 180 seconds left.
|
|t:|1728004533
|move|p2a: Jolteon|Baton Pass||[still]
|-fail|p2a: Jolteon
|-curestatus|p1a: Zapdos|slp|[msg]
|move|p1a: Zapdos|Roar||[still]
|-fail|p1a: Zapdos
|
|-heal|p2a: Jolteon|100/100|[from] item: Leftovers
|upkeep
|turn|108
|
|t:|1728004563
|move|p2a: Jolteon|Baton Pass||[still]
|-fail|p2a: Jolteon
|move|p1a: Zapdos|Roar||[still]
|-fail|p1a: Zapdos
|
|upkeep
|turn|109
|inactive|alargemongoose has 180 seconds left.
|
|t:|1728004580
|move|p2a: Jolteon|Hidden Power|p1a: Zapdos
|-supereffective|p1a: Zapdos
|-damage|p1a: Zapdos|71/100
|move|p1a: Zapdos|Roar||[still]
|-fail|p1a: Zapdos
|
|-heal|p1a: Zapdos|77/100|[from] item: Leftovers
|upkeep
|turn|110
|
|t:|1728004587
|move|p2a: Jolteon|Baton Pass||[still]
|-fail|p2a: Jolteon
|move|p1a: Zapdos|Roar||[still]
|-fail|p1a: Zapdos
|
|-heal|p1a: Zapdos|83/100|[from] item: Leftovers
|upkeep
|turn|111
|
|t:|1728004597
|move|p2a: Jolteon|Baton Pass||[still]
|-fail|p2a: Jolteon
|move|p1a: Zapdos|Roar||[still]
|-fail|p1a: Zapdos
|
|-heal|p1a: Zapdos|89/100|[from] item: Leftovers
|upkeep
|turn|112
|
|t:|1728004609
|move|p2a: Jolteon|Baton Pass||[still]
|-fail|p2a: Jolteon
|move|p1a: Zapdos|Roar||[still]
|-fail|p1a: Zapdos
|
|-heal|p1a: Zapdos|95/100|[from] item: Leftovers
|upkeep
|turn|113
|
|t:|1728004615
|move|p2a: Jolteon|Baton Pass||[still]
|-fail|p2a: Jolteon
|move|p1a: Zapdos|Thunderbolt|p2a: Jolteon
|-immune|p2a: Jolteon|[from] ability: Volt Absorb
|
|-heal|p1a: Zapdos|100/100|[from] item: Leftovers
|upkeep
|turn|114
|
|t:|1728004628
|move|p2a: Jolteon|Baton Pass||[still]
|-fail|p2a: Jolteon
|move|p1a: Zapdos|Thunderbolt|p2a: Jolteon
|-immune|p2a: Jolteon|[from] ability: Volt Absorb
|
|upkeep
|turn|115
|
|t:|1728004635
|move|p2a: Jolteon|Baton Pass||[still]
|-fail|p2a: Jolteon
|move|p1a: Zapdos|Roar||[still]
|-fail|p1a: Zapdos
|
|upkeep
|turn|116
|
|t:|1728004645
|move|p2a: Jolteon|Baton Pass||[still]
|-fail|p2a: Jolteon
|move|p1a: Zapdos|Roar||[still]
|-fail|p1a: Zapdos
|
|upkeep
|turn|117
|
|t:|1728004662
|move|p2a: Jolteon|Baton Pass||[still]
|-fail|p2a: Jolteon
|move|p1a: Zapdos|Roar||[still]
|-fail|p1a: Zapdos
|
|upkeep
|turn|118
|
|t:|1728004682
|move|p2a: Jolteon|Baton Pass||[still]
|-fail|p2a: Jolteon
|move|p1a: Zapdos|Roar||[still]
|-fail|p1a: Zapdos
|
|upkeep
|turn|119
|
|t:|1728004688
|move|p2a: Jolteon|Baton Pass||[still]
|-fail|p2a: Jolteon
|move|p1a: Zapdos|Roar||[still]
|-fail|p1a: Zapdos
|
|upkeep
|turn|120
|
|t:|1728004695
|move|p2a: Jolteon|Baton Pass||[still]
|-fail|p2a: Jolteon
|move|p1a: Zapdos|Roar||[still]
|-fail|p1a: Zapdos
|
|upkeep
|turn|121
|inactive|Mugua has 270 seconds left.
|
|t:|1728004746
|move|p2a: Jolteon|Hidden Power|p1a: Zapdos
|-supereffective|p1a: Zapdos
|-damage|p1a: Zapdos|69/100
|move|p1a: Zapdos|Roar||[still]
|-fail|p1a: Zapdos
|
|-heal|p1a: Zapdos|75/100|[from] item: Leftovers
|upkeep
|turn|122
|
|t:|1728004751
|move|p2a: Jolteon|Baton Pass||[still]
|-fail|p2a: Jolteon
|move|p1a: Zapdos|Rest|p1a: Zapdos
|-status|p1a: Zapdos|slp|[from] move: Rest
|-heal|p1a: Zapdos|100/100 slp|[silent]
|
|upkeep
|turn|123
|
|t:|1728004757
|move|p2a: Jolteon|Baton Pass||[still]
|-fail|p2a: Jolteon
|cant|p1a: Zapdos|slp
|
|upkeep
|turn|124
|
|t:|1728004761
|move|p2a: Jolteon|Baton Pass||[still]
|-fail|p2a: Jolteon
|cant|p1a: Zapdos|slp
|
|upkeep
|turn|125
|
|t:|1728004766
|move|p2a: Jolteon|Baton Pass||[still]
|-fail|p2a: Jolteon
|-curestatus|p1a: Zapdos|slp|[msg]
|move|p1a: Zapdos|Roar||[still]
|-fail|p1a: Zapdos
|
|upkeep
|turn|126
|
|t:|1728004776
|move|p2a: Jolteon|Baton Pass||[still]
|-fail|p2a: Jolteon
|move|p1a: Zapdos|Roar||[still]
|-fail|p1a: Zapdos
|
|upkeep
|turn|127
|
|t:|1728004782
|move|p2a: Jolteon|Baton Pass||[still]
|-fail|p2a: Jolteon
|move|p1a: Zapdos|Roar||[still]
|-fail|p1a: Zapdos
|
|upkeep
|turn|128
|
|t:|1728004789
|move|p2a: Jolteon|Baton Pass||[still]
|-fail|p2a: Jolteon
|move|p1a: Zapdos|Roar||[still]
|-fail|p1a: Zapdos
|
|upkeep
|turn|129
|
|t:|1728004794
|move|p2a: Jolteon|Baton Pass||[still]
|-fail|p2a: Jolteon
|move|p1a: Zapdos|Roar||[still]
|-fail|p1a: Zapdos
|
|upkeep
|turn|130
|
|t:|1728004801
|move|p2a: Jolteon|Baton Pass||[still]
|-fail|p2a: Jolteon
|move|p1a: Zapdos|Roar||[still]
|-fail|p1a: Zapdos
|
|upkeep
|turn|131
|
|t:|1728004806
|move|p2a: Jolteon|Baton Pass||[still]
|-fail|p2a: Jolteon
|move|p1a: Zapdos|Roar||[still]
|-fail|p1a: Zapdos
|
|upkeep
|turn|132
|
|t:|1728004810
|move|p2a: Jolteon|Baton Pass||[still]
|-fail|p2a: Jolteon
|move|p1a: Zapdos|Roar||[still]
|-fail|p1a: Zapdos
|
|upkeep
|turn|133
|
|t:|1728004816
|move|p2a: Jolteon|Baton Pass||[still]
|-fail|p2a: Jolteon
|move|p1a: Zapdos|Sleep Talk|p1a: Zapdos
|
|upkeep
|turn|134
|
|t:|1728004823
|move|p2a: Jolteon|Baton Pass||[still]
|-fail|p2a: Jolteon
|move|p1a: Zapdos|Sleep Talk|p1a: Zapdos
|
|upkeep
|turn|135
|
|t:|1728004827
|move|p2a: Jolteon|Baton Pass||[still]
|-fail|p2a: Jolteon
|move|p1a: Zapdos|Sleep Talk|p1a: Zapdos
|
|upkeep
|turn|136
|
|t:|1728004847
|move|p2a: Jolteon|Baton Pass||[still]
|-fail|p2a: Jolteon
|move|p1a: Zapdos|Sleep Talk|p1a: Zapdos
|
|upkeep
|turn|137
|
|t:|1728004851
|move|p2a: Jolteon|Baton Pass||[still]
|-fail|p2a: Jolteon
|move|p1a: Zapdos|Sleep Talk|p1a: Zapdos
|
|upkeep
|turn|138
|
|t:|1728004860
|move|p2a: Jolteon|Baton Pass||[still]
|-fail|p2a: Jolteon
|move|p1a: Zapdos|Sleep Talk|p1a: Zapdos
|
|upkeep
|turn|139
|
|t:|1728004864
|move|p2a: Jolteon|Baton Pass||[still]
|-fail|p2a: Jolteon
|move|p1a: Zapdos|Roar||[still]
|-fail|p1a: Zapdos
|
|upkeep
|turn|140
|
|t:|1728004879
|move|p2a: Jolteon|Thunderbolt|p1a: Zapdos
|-damage|p1a: Zapdos|71/100
|move|p1a: Zapdos|Rest|p1a: Zapdos
|-status|p1a: Zapdos|slp|[from] move: Rest
|-heal|p1a: Zapdos|100/100 slp|[silent]
|
|upkeep
|turn|141
|
|t:|1728004887
|move|p2a: Jolteon|Baton Pass||[still]
|-fail|p2a: Jolteon
|cant|p1a: Zapdos|slp
|
|upkeep
|turn|142
|
|t:|1728004891
|move|p2a: Jolteon|Baton Pass||[still]
|-fail|p2a: Jolteon
|cant|p1a: Zapdos|slp
|
|upkeep
|turn|143
|
|t:|1728004895
|move|p2a: Jolteon|Baton Pass||[still]
|-fail|p2a: Jolteon
|-curestatus|p1a: Zapdos|slp|[msg]
|move|p1a: Zapdos|Rest|p1a: Zapdos
|-fail|p1a: Zapdos|heal
|
|upkeep
|turn|144
|
|t:|1728004899
|move|p2a: Jolteon|Baton Pass||[still]
|-fail|p2a: Jolteon
|move|p1a: Zapdos|Rest|p1a: Zapdos
|-fail|p1a: Zapdos|heal
|
|upkeep
|turn|145
|
|t:|1728004902
|move|p2a: Jolteon|Baton Pass||[still]
|-fail|p2a: Jolteon
|move|p1a: Zapdos|Rest|p1a: Zapdos
|-fail|p1a: Zapdos|heal
|
|upkeep
|turn|146
|
|t:|1728004904
|move|p2a: Jolteon|Baton Pass||[still]
|-fail|p2a: Jolteon
|move|p1a: Zapdos|Rest|p1a: Zapdos
|-fail|p1a: Zapdos|heal
|
|upkeep
|turn|147
|
|t:|1728004907
|switch|p1a: Flygon|Flygon, M|75/100
|move|p2a: Jolteon|Baton Pass||[still]
|-fail|p2a: Jolteon
|
|-heal|p1a: Flygon|81/100|[from] item: Leftovers
|upkeep
|turn|148
|
|t:|1728004928
|move|p1a: Flygon|Protect|p1a: Flygon
|-singleturn|p1a: Flygon|Protect
|move|p2a: Jolteon|Baton Pass||[still]
|-fail|p2a: Jolteon
|
|-heal|p1a: Flygon|87/100|[from] item: Leftovers
|upkeep
|turn|149
|
|t:|1728004938
|switch|p1a: Zapdos|Zapdos|100/100
|move|p2a: Jolteon|Baton Pass||[still]
|-fail|p2a: Jolteon
|
|upkeep
|turn|150
|
|t:|1728004960
|move|p2a: Jolteon|Baton Pass||[still]
|-fail|p2a: Jolteon
|move|p1a: Zapdos|Rest|p1a: Zapdos
|-fail|p1a: Zapdos|heal
|
|upkeep
|turn|151
|
|t:|1728004989
|switch|p1a: Flygon|Flygon, M|87/100
|move|p2a: Jolteon|Baton Pass||[still]
|-fail|p2a: Jolteon
|
|-heal|p1a: Flygon|93/100|[from] item: Leftovers
|upkeep
|turn|152
|
|t:|1728004994
|move|p2a: Jolteon|Hidden Power|p1a: Flygon
|-supereffective|p1a: Flygon
|-damage|p1a: Flygon|0 fnt
|faint|p1a: Flygon
|c|☆Mugua|gg
|c|☆alargemongoose|gg
|-message|Mugua forfeited.
|
|win|alargemongoose
|c|☆Mugua|im so dumb
|c|☆alargemongoose|that was hell lol
|c|☆Mugua|i thought pressure was stalling
|c|☆Mugua|turns out
|c|☆Mugua|sorry for such a long stall lmao
|c|☆alargemongoose|all good haha
|c|☆alargemongoose|gl next round

</script>
<script type="application/json" class="data" id="replaydata-smogtours-gen3ou-794460">
{"id":"smogtours-gen3ou-794460","format":"[Gen 3] OU","players":["Mugua","alargemongoose"],"uploadtime":1728005006,"views":128,"formatid":"gen3ou","rating":null,"private":0,"password":null}
</script>

<script defer src="js/replays.js?9d40a366"></script>
