<!DOCTYPE html>
<meta charset="utf-8" />
<meta name="viewport" content="width=device-width" />

<title>[Gen 3] OU: Hydreigon &gt; Latias vs. qsns - Replays - Pok&eacute;mon Showdown!</title>

<meta name="description" content="Watch a replay of a Pok&eacute;mon battle between Hydreigon &gt; Latias and qsns! Format: [Gen 3] OU; Date: Nov 3, 2024" />
<!--

Hey, you! Looking in the source for the replay log?

You can find them in JSON format, just add `.json` at the end of a replay URL.

https://replay.pokemonshowdown.com/gen7randomdoublesbattle-865046831.json

Or, if you only need the log itself, add `.log` instead:

https://replay.pokemonshowdown.com/gen7randomdoublesbattle-865046831.log

-->

<link rel="stylesheet" href="//pokemonshowdown.com/style/global.css?0.023195364461161105" />
<link rel="stylesheet" href="//play.pokemonshowdown.com/style/font-awesome.css?0.13261647063804238" />
<link rel="stylesheet" href="//play.pokemonshowdown.com/style/battle.css?0.8753245789963631" />
<link rel="stylesheet" href="//play.pokemonshowdown.com/style/utilichart.css?0.8627959624976733" />

<!-- Global site tag (gtag.js) - Google Analytics -->
<script async src="https://www.googletagmanager.com/gtag/js?id=UA-26211653-1"></script>
<script>
  window.dataLayer = window.dataLayer || [];
  function gtag(){dataLayer.push(arguments);}
  gtag('js', new Date());

  gtag('config', 'UA-26211653-1');
</script>
<!-- End Google Analytics -->
<!-- Venatus Ad Manager - Install in <HEAD> of page -->
	<script src="https://hb.vntsm.com/v3/live/ad-manager.min.js" type="text/javascript" data-site-id="642aba63ec9a7b11c3c9c1be" data-mode="scan" async></script>
<!-- / Venatus Ad Manager -->

<style>
	@media (max-width:820px) {
		.battle {
			margin: 0 auto;
		}
		.battle-log {
			margin: 7px auto 0;
			max-width: 640px;
			height: 300px;
			position: static;
		}
	}
	.optgroup {
		display: inline-block;
		line-height: 22px;
		font-size: 10pt;
	}
	.optgroup .button {
		height: 25px;
		padding-top: 0;
		padding-bottom: 0;
	}
	.optgroup button.button {
		padding-left: 12px;
		padding-right: 12px;
	}
	.linklist {
		list-style: none;
		margin: 0.5em 0;
		padding: 0;
	}
	.linklist li {
		padding: 2px 0;
	}
	.sidebar {
		float: left;
		width: 320px;
	}
	.bar-wrapper {
		max-width: 1100px;
		margin: 0 auto;
	}
	.bar-wrapper.has-sidebar {
		max-width: 1430px;
	}
	.mainbar {
		margin: 0;
		padding-right: 1px;
	}
	.mainbar.has-sidebar {
		margin-left: 330px;
	}
	@media (min-width: 1511px) {
		.sidebar {
			width: 400px;
		}
		.bar-wrapper.has-sidebar {
			max-width: 1510px;
		}
		.mainbar.has-sidebar {
			margin-left: 410px;
		}
	}
	.section.first-section {
		margin-top: 9px;
	}
	.blocklink small {
		white-space: normal;
	}
	.button {
		vertical-align: middle;
	}
	.replay-controls {
		padding-top: 10px;
	}
	.replay-controls h1 {
		font-size: 16pt;
		font-weight: normal;
		color: #CCC;
	}
	.pagelink {
		text-align: center;
	}
	.pagelink a {
		width: 150px;
	}
	.textbox, .button {
		font-size: 11pt;
		vertical-align: middle;
	}
	@media (max-width: 450px) {
		.button {
			font-size: 9pt;
		}
	}
</style>

<div>

	<header>
		<div class="nav-wrapper"><ul class="nav">
			<li><a class="button nav-first" href="//pokemonshowdown.com/"><img src="//pokemonshowdown.com/images/pokemonshowdownbeta.png" srcset="//pokemonshowdown.com/images/pokemonshowdownbeta.png 1x, //pokemonshowdown.com/images/pokemonshowdownbeta@2x.png 2x" alt="Pok&eacute;mon Showdown" width="146" height="44" /> Home</a></li>
			<li><a class="button" href="//pokemonshowdown.com/dex/">Pok&eacute;dex</a></li>
			<li><a class="button cur" href="/">Replays</a></li>
			<li><a class="button" href="//pokemonshowdown.com/ladder/">Ladder</a></li>
			<li><a class="button nav-last" href="//pokemonshowdown.com/forums/">Forum</a></li>
			<li><a class="button greenbutton nav-first nav-last" href="//play.pokemonshowdown.com/">Play</a></li>
		</ul></div>
	</header>

	<div class="main" id="main">

		<noscript><section class="section">You need to enable JavaScript to use this page; sorry!</section></noscript>

	</div>

</div>

<script defer nomodule src="//play.pokemonshowdown.com/js/lib/ps-polyfill.js"></script>
<script defer src="//play.pokemonshowdown.com/js/lib/preact.min.js"></script>

<script defer src="//play.pokemonshowdown.com/config/config.js?2bddbc15"></script>
<script defer src="//play.pokemonshowdown.com/js/lib/jquery-1.11.0.min.js"></script>
<script defer src="//play.pokemonshowdown.com/js/lib/html-sanitizer-minified.js"></script>
<script defer src="//play.pokemonshowdown.com/js/battle-sound.js"></script>
<script defer src="//play.pokemonshowdown.com/js/battledata.js?0.7209276989879541"></script>
<script defer src="//play.pokemonshowdown.com/data/pokedex-mini.js?0.6111056340867951"></script>
<script defer src="//play.pokemonshowdown.com/data/pokedex-mini-bw.js?0.3532142036491459"></script>
<script defer src="//play.pokemonshowdown.com/data/graphics.js?0.24223875632456182"></script>
<script defer src="//play.pokemonshowdown.com/data/pokedex.js?0.38839984266356864"></script>
<script defer src="//play.pokemonshowdown.com/data/moves.js?0.21866028504024015"></script>
<script defer src="//play.pokemonshowdown.com/data/abilities.js?0.2005157953846628"></script>
<script defer src="//play.pokemonshowdown.com/data/items.js?0.9894211263848525"></script>
<script defer src="//play.pokemonshowdown.com/data/teambuilder-tables.js?0.6008791140282215"></script>
<script defer src="//play.pokemonshowdown.com/js/battle-tooltips.js?0.7580118955022959"></script>
<script defer src="//play.pokemonshowdown.com/js/battle.js?0.6057722274234274"></script>

<script defer src="js/utils.js?e31f9a17"></script>
<script defer src="js/replays-battle.js?7008c182"></script>

<!-- don't scrape this data! just add .json or .log after the URL!
Full API docs: https://github.com/smogon/pokemon-showdown-client/blob/master/WEB-API.md -->
<script type="text/plain" class="log" id="replaylog-smogtours-gen3ou-804192">
|inactive|Battle timer is ON: inactive players will automatically lose when time's up.
|t:|1730595733
|gametype|singles
|player|p1|Hydreigon > Latias|guitarist|
|player|p2|qsns|#scl4islanders2|
|teamsize|p1|6
|teamsize|p2|6
|gen|3
|tier|[Gen 3] OU
|rule|Sleep Clause Mod: Limit one foe put to sleep
|rule|Switch Priority Clause Mod: Faster Pokémon switch first
|rule|Species Clause: Limit one of each Pokémon
|rule|OHKO Clause: OHKO moves are banned
|rule|Evasion Items Clause: Evasion items are banned
|rule|Evasion Moves Clause: Evasion moves are banned
|rule|Endless Battle Clause: Forcing endless battles is banned
|rule|HP Percentage Mod: HP is shown in percentages
|rule|One Boost Passer Clause: Limit one Baton Passer that has a way to boost its stats
|rule|Freeze Clause Mod: Limit one foe frozen
|
|t:|1730595733
|start
|switch|p1a: Raikou|Raikou|100/100
|switch|p2a: Smeargle|Smeargle, F|100/100
|turn|1
|c|☆qsns|hf
|
|t:|1730595771
|move|p1a: Raikou|Substitute|p1a: Raikou
|-start|p1a: Raikou|Substitute
|-damage|p1a: Raikou|76/100
|move|p2a: Smeargle|Spore||[still]
|-fail|p2a: Smeargle
|
|upkeep
|turn|2
|
|t:|1730595782
|move|p1a: Raikou|Thunderbolt|p2a: Smeargle
|-damage|p2a: Smeargle|9/100
|move|p2a: Smeargle|Spikes|p1a: Raikou
|-sidestart|p1: Hydreigon > Latias|Spikes
|
|-enditem|p2a: Smeargle|Salac Berry|[eat]
|-boost|p2a: Smeargle|spe|1|[from] item: Salac Berry
|upkeep
|turn|3
|
|t:|1730595788
|move|p2a: Smeargle|Spikes|p1a: Raikou
|-sidestart|p1: Hydreigon > Latias|Spikes
|move|p1a: Raikou|Thunderbolt|p2a: Smeargle
|-damage|p2a: Smeargle|0 fnt
|faint|p2a: Smeargle
|
|t:|1730595796
|switch|p2a: Tyranitar|Tyranitar, M|100/100
|-weather|Sandstorm|[from] ability: Sand Stream|[of] p2a: Tyranitar
|
|-weather|Sandstorm|[upkeep]
|-damage|p1a: Raikou|69/100|[from] Sandstorm
|upkeep
|turn|4
|
|t:|1730595806
|move|p1a: Raikou|Thunderbolt|p2a: Tyranitar
|-damage|p2a: Tyranitar|53/100
|move|p2a: Tyranitar|Dragon Dance|p2a: Tyranitar
|-boost|p2a: Tyranitar|atk|1
|-boost|p2a: Tyranitar|spe|1
|
|-weather|Sandstorm|[upkeep]
|-damage|p1a: Raikou|63/100|[from] Sandstorm
|upkeep
|turn|5
|
|t:|1730595816
|move|p2a: Tyranitar|Earthquake|p1a: Raikou
|-supereffective|p1a: Raikou
|-end|p1a: Raikou|Substitute
|move|p1a: Raikou|Thunderbolt|p2a: Tyranitar
|-damage|p2a: Tyranitar|13/100
|
|-weather|Sandstorm|[upkeep]
|-damage|p1a: Raikou|57/100|[from] Sandstorm
|upkeep
|turn|6
|
|t:|1730595825
|move|p2a: Tyranitar|Rock Slide|p1a: Raikou
|-damage|p1a: Raikou|0 fnt
|faint|p1a: Raikou
|
|t:|1730595827
|switch|p1a: Dugtrio|Dugtrio, F|100/100
|-damage|p1a: Dugtrio|84/100|[from] Spikes
|
|-weather|Sandstorm|[upkeep]
|upkeep
|turn|7
|
|t:|1730595830
|move|p1a: Dugtrio|Earthquake|p2a: Tyranitar
|-supereffective|p2a: Tyranitar
|-damage|p2a: Tyranitar|0 fnt
|faint|p2a: Tyranitar
|
|t:|1730595832
|switch|p2a: Zapdos|Zapdos|100/100
|
|-weather|Sandstorm|[upkeep]
|-damage|p2a: Zapdos|94/100|[from] Sandstorm
|-heal|p2a: Zapdos|100/100|[from] item: Leftovers
|upkeep
|turn|8
|
|t:|1730595842
|move|p1a: Dugtrio|Earthquake|p2a: Zapdos
|-immune|p2a: Zapdos
|move|p2a: Zapdos|Thunder Wave|p1a: Dugtrio
|-immune|p1a: Dugtrio
|
|-weather|Sandstorm|[upkeep]
|-damage|p2a: Zapdos|94/100|[from] Sandstorm
|-heal|p2a: Zapdos|100/100|[from] item: Leftovers
|upkeep
|turn|9
|
|t:|1730595845
|move|p1a: Dugtrio|Earthquake|p2a: Zapdos
|-immune|p2a: Zapdos
|move|p2a: Zapdos|Thunder Wave|p1a: Dugtrio
|-immune|p1a: Dugtrio
|
|-weather|Sandstorm|[upkeep]
|-damage|p2a: Zapdos|94/100|[from] Sandstorm
|-heal|p2a: Zapdos|100/100|[from] item: Leftovers
|upkeep
|turn|10
|
|t:|1730595846
|move|p1a: Dugtrio|Earthquake|p2a: Zapdos
|-immune|p2a: Zapdos
|move|p2a: Zapdos|Thunder Wave|p1a: Dugtrio
|-immune|p1a: Dugtrio
|
|-weather|Sandstorm|[upkeep]
|-damage|p2a: Zapdos|94/100|[from] Sandstorm
|-heal|p2a: Zapdos|100/100|[from] item: Leftovers
|upkeep
|turn|11
|
|t:|1730595848
|move|p1a: Dugtrio|Earthquake|p2a: Zapdos
|-immune|p2a: Zapdos
|move|p2a: Zapdos|Hidden Power|p1a: Dugtrio
|-supereffective|p1a: Dugtrio
|-damage|p1a: Dugtrio|0 fnt
|faint|p1a: Dugtrio
|
|t:|1730595874
|switch|p1a: Jirachi|Jirachi|100/100
|-damage|p1a: Jirachi|84/100|[from] Spikes
|
|-weather|Sandstorm|[upkeep]
|-damage|p2a: Zapdos|94/100|[from] Sandstorm
|-heal|p2a: Zapdos|100/100|[from] item: Leftovers
|-heal|p1a: Jirachi|90/100|[from] item: Leftovers
|upkeep
|turn|12
|
|t:|1730595879
|move|p2a: Zapdos|Thunder Wave|p1a: Jirachi
|-status|p1a: Jirachi|par
|move|p1a: Jirachi|Calm Mind|p1a: Jirachi
|-boost|p1a: Jirachi|spa|1
|-boost|p1a: Jirachi|spd|1
|
|-weather|Sandstorm|[upkeep]
|-damage|p2a: Zapdos|94/100|[from] Sandstorm
|-heal|p2a: Zapdos|100/100|[from] item: Leftovers
|-heal|p1a: Jirachi|97/100 par|[from] item: Leftovers
|upkeep
|turn|13
|
|t:|1730595890
|switch|p2a: Swampert|Swampert, M|100/100
|move|p1a: Jirachi|Psychic|p2a: Swampert
|-damage|p2a: Swampert|48/100
|
|-weather|Sandstorm|[upkeep]
|-heal|p2a: Swampert|54/100|[from] item: Leftovers
|-heal|p1a: Jirachi|100/100 par|[from] item: Leftovers
|upkeep
|turn|14
|
|t:|1730595892
|move|p2a: Swampert|Earthquake|p1a: Jirachi
|-supereffective|p1a: Jirachi
|-damage|p1a: Jirachi|42/100 par
|move|p1a: Jirachi|Hidden Power|p2a: Swampert
|-supereffective|p2a: Swampert
|-damage|p2a: Swampert|0 fnt
|faint|p2a: Swampert
|
|t:|1730595899
|switch|p2a: Aerodactyl|Aerodactyl, F|100/100
|
|-weather|Sandstorm|[upkeep]
|-heal|p1a: Jirachi|49/100 par|[from] item: Leftovers
|upkeep
|turn|15
|
|t:|1730595909
|switch|p1a: Porygon2|Porygon2|100/100
|-damage|p1a: Porygon2|84/100|[from] Spikes
|-ability|p1a: Porygon2|Rock Head|[from] ability: Trace|[of] p2a: Aerodactyl
|move|p2a: Aerodactyl|Earthquake|p1a: Porygon2
|-damage|p1a: Porygon2|64/100
|
|-weather|Sandstorm|[upkeep]
|-damage|p1a: Porygon2|57/100|[from] Sandstorm
|-heal|p1a: Porygon2|64/100|[from] item: Leftovers
|upkeep
|turn|16
|
|t:|1730595917
|switch|p2a: Gengar|Gengar, F|100/100
|move|p1a: Porygon2|Thunder Wave|p2a: Gengar
|-status|p2a: Gengar|par
|
|-weather|Sandstorm|[upkeep]
|-damage|p1a: Porygon2|57/100|[from] Sandstorm
|-damage|p2a: Gengar|94/100 par|[from] Sandstorm
|-heal|p1a: Porygon2|64/100|[from] item: Leftovers
|-heal|p2a: Gengar|100/100 par|[from] item: Leftovers
|upkeep
|turn|17
|
|t:|1730595926
|switch|p1a: Jirachi|Jirachi|49/100 par
|-damage|p1a: Jirachi|32/100 par|[from] Spikes
|move|p2a: Gengar|Explosion|p1a: Jirachi
|-resisted|p1a: Jirachi
|-crit|p1a: Jirachi
|-damage|p1a: Jirachi|0 fnt
|faint|p2a: Gengar
|faint|p1a: Jirachi
|
|t:|1730595932
|switch|p2a: Aerodactyl|Aerodactyl, F|100/100
|switch|p1a: Zapdos|Zapdos|100/100
|
|-weather|Sandstorm|[upkeep]
|-damage|p1a: Zapdos|94/100|[from] Sandstorm
|-heal|p1a: Zapdos|100/100|[from] item: Leftovers
|upkeep
|turn|18
|
|t:|1730595937
|move|p2a: Aerodactyl|Substitute|p2a: Aerodactyl
|-start|p2a: Aerodactyl|Substitute
|-damage|p2a: Aerodactyl|75/100
|move|p1a: Zapdos|Roar|p2a: Aerodactyl
|drag|p2a: Zapdos|Zapdos|100/100
|
|-weather|Sandstorm|[upkeep]
|-damage|p1a: Zapdos|94/100|[from] Sandstorm
|-damage|p2a: Zapdos|94/100|[from] Sandstorm
|-heal|p1a: Zapdos|100/100|[from] item: Leftovers
|-heal|p2a: Zapdos|100/100|[from] item: Leftovers
|upkeep
|turn|19
|
|t:|1730595944
|move|p1a: Zapdos|Thunderbolt|p2a: Zapdos
|-damage|p2a: Zapdos|45/100
|move|p2a: Zapdos|Thunderbolt|p1a: Zapdos
|-damage|p1a: Zapdos|40/100
|
|-weather|Sandstorm|[upkeep]
|-damage|p1a: Zapdos|34/100|[from] Sandstorm
|-damage|p2a: Zapdos|38/100|[from] Sandstorm
|-heal|p1a: Zapdos|40/100|[from] item: Leftovers
|-heal|p2a: Zapdos|45/100|[from] item: Leftovers
|upkeep
|turn|20
|
|t:|1730595946
|move|p1a: Zapdos|Thunderbolt|p2a: Zapdos
|-damage|p2a: Zapdos|0 fnt
|faint|p2a: Zapdos
|
|t:|1730595948
|switch|p2a: Aerodactyl|Aerodactyl, F|75/100
|
|-weather|Sandstorm|[upkeep]
|-damage|p1a: Zapdos|34/100|[from] Sandstorm
|-heal|p1a: Zapdos|40/100|[from] item: Leftovers
|upkeep
|turn|21
|
|t:|1730595955
|move|p2a: Aerodactyl|Substitute|p2a: Aerodactyl
|-start|p2a: Aerodactyl|Substitute
|-damage|p2a: Aerodactyl|50/100
|move|p1a: Zapdos|Thunderbolt|p2a: Aerodactyl
|-supereffective|p2a: Aerodactyl
|-end|p2a: Aerodactyl|Substitute
|
|-weather|Sandstorm|[upkeep]
|-damage|p1a: Zapdos|34/100|[from] Sandstorm
|-heal|p1a: Zapdos|40/100|[from] item: Leftovers
|upkeep
|turn|22
|
|t:|1730595958
|move|p2a: Aerodactyl|Substitute|p2a: Aerodactyl
|-start|p2a: Aerodactyl|Substitute
|-damage|p2a: Aerodactyl|25/100
|move|p1a: Zapdos|Thunderbolt|p2a: Aerodactyl
|-supereffective|p2a: Aerodactyl
|-end|p2a: Aerodactyl|Substitute
|
|-weather|Sandstorm|[upkeep]
|-damage|p1a: Zapdos|34/100|[from] Sandstorm
|-enditem|p2a: Aerodactyl|Liechi Berry|[eat]
|-boost|p2a: Aerodactyl|atk|1|[from] item: Liechi Berry
|-heal|p1a: Zapdos|40/100|[from] item: Leftovers
|upkeep
|turn|23
|
|t:|1730595959
|move|p2a: Aerodactyl|Double-Edge|p1a: Zapdos
|-damage|p1a: Zapdos|0 fnt
|faint|p1a: Zapdos
|
|t:|1730595961
|switch|p1a: Porygon2|Porygon2|64/100
|-damage|p1a: Porygon2|47/100|[from] Spikes
|-ability|p1a: Porygon2|Rock Head|[from] ability: Trace|[of] p2a: Aerodactyl
|
|-weather|Sandstorm|[upkeep]
|-damage|p1a: Porygon2|41/100|[from] Sandstorm
|-heal|p1a: Porygon2|47/100|[from] item: Leftovers
|upkeep
|turn|24
|
|t:|1730595965
|move|p2a: Aerodactyl|Rock Slide|p1a: Porygon2
|-damage|p1a: Porygon2|9/100
|move|p1a: Porygon2|Ice Beam|p2a: Aerodactyl
|-supereffective|p2a: Aerodactyl
|-damage|p2a: Aerodactyl|0 fnt
|faint|p2a: Aerodactyl
|
|win|Hydreigon > Latias
|c|☆qsns|gg
|player|p2|
|player|p1|
|player|p1|Hydreigon > Latias|guitarist|

</script>
<script type="application/json" class="data" id="replaydata-smogtours-gen3ou-804192">
{"id":"smogtours-gen3ou-804192","format":"[Gen 3] OU","players":["Hydreigon > Latias","qsns"],"uploadtime":1730595965,"views":59,"formatid":"gen3ou","rating":null,"private":1,"password":null}
</script>

<script defer src="js/replays.js?9d40a366"></script>
