<!DOCTYPE html>
<meta charset="utf-8" />
<meta name="viewport" content="width=device-width" />

<title>[Gen 3] OU: G3neralR3van vs. Svejk97 - Replays - Pok&eacute;mon Showdown!</title>

<meta name="description" content="Watch a replay of a Pok&eacute;mon battle between G3neralR3van and Svejk97! Format: [Gen 3] OU; Date: Oct 22, 2024" />
<!--

Hey, you! Looking in the source for the replay log?

You can find them in JSON format, just add `.json` at the end of a replay URL.

https://replay.pokemonshowdown.com/gen7randomdoublesbattle-865046831.json

Or, if you only need the log itself, add `.log` instead:

https://replay.pokemonshowdown.com/gen7randomdoublesbattle-865046831.log

-->

<link rel="stylesheet" href="//pokemonshowdown.com/style/global.css?0.023195364461161105" />
<link rel="stylesheet" href="//play.pokemonshowdown.com/style/font-awesome.css?0.13261647063804238" />
<link rel="stylesheet" href="//play.pokemonshowdown.com/style/battle.css?0.8753245789963631" />
<link rel="stylesheet" href="//play.pokemonshowdown.com/style/utilichart.css?0.8627959624976733" />

<!-- Global site tag (gtag.js) - Google Analytics -->
<script async src="https://www.googletagmanager.com/gtag/js?id=UA-26211653-1"></script>
<script>
  window.dataLayer = window.dataLayer || [];
  function gtag(){dataLayer.push(arguments);}
  gtag('js', new Date());

  gtag('config', 'UA-26211653-1');
</script>
<!-- End Google Analytics -->
<!-- Venatus Ad Manager - Install in <HEAD> of page -->
	<script src="https://hb.vntsm.com/v3/live/ad-manager.min.js" type="text/javascript" data-site-id="642aba63ec9a7b11c3c9c1be" data-mode="scan" async></script>
<!-- / Venatus Ad Manager -->

<style>
	@media (max-width:820px) {
		.battle {
			margin: 0 auto;
		}
		.battle-log {
			margin: 7px auto 0;
			max-width: 640px;
			height: 300px;
			position: static;
		}
	}
	.optgroup {
		display: inline-block;
		line-height: 22px;
		font-size: 10pt;
	}
	.optgroup .button {
		height: 25px;
		padding-top: 0;
		padding-bottom: 0;
	}
	.optgroup button.button {
		padding-left: 12px;
		padding-right: 12px;
	}
	.linklist {
		list-style: none;
		margin: 0.5em 0;
		padding: 0;
	}
	.linklist li {
		padding: 2px 0;
	}
	.sidebar {
		float: left;
		width: 320px;
	}
	.bar-wrapper {
		max-width: 1100px;
		margin: 0 auto;
	}
	.bar-wrapper.has-sidebar {
		max-width: 1430px;
	}
	.mainbar {
		margin: 0;
		padding-right: 1px;
	}
	.mainbar.has-sidebar {
		margin-left: 330px;
	}
	@media (min-width: 1511px) {
		.sidebar {
			width: 400px;
		}
		.bar-wrapper.has-sidebar {
			max-width: 1510px;
		}
		.mainbar.has-sidebar {
			margin-left: 410px;
		}
	}
	.section.first-section {
		margin-top: 9px;
	}
	.blocklink small {
		white-space: normal;
	}
	.button {
		vertical-align: middle;
	}
	.replay-controls {
		padding-top: 10px;
	}
	.replay-controls h1 {
		font-size: 16pt;
		font-weight: normal;
		color: #CCC;
	}
	.pagelink {
		text-align: center;
	}
	.pagelink a {
		width: 150px;
	}
	.textbox, .button {
		font-size: 11pt;
		vertical-align: middle;
	}
	@media (max-width: 450px) {
		.button {
			font-size: 9pt;
		}
	}
</style>

<div>

	<header>
		<div class="nav-wrapper"><ul class="nav">
			<li><a class="button nav-first" href="//pokemonshowdown.com/"><img src="//pokemonshowdown.com/images/pokemonshowdownbeta.png" srcset="//pokemonshowdown.com/images/pokemonshowdownbeta.png 1x, //pokemonshowdown.com/images/pokemonshowdownbeta@2x.png 2x" alt="Pok&eacute;mon Showdown" width="146" height="44" /> Home</a></li>
			<li><a class="button" href="//pokemonshowdown.com/dex/">Pok&eacute;dex</a></li>
			<li><a class="button cur" href="/">Replays</a></li>
			<li><a class="button" href="//pokemonshowdown.com/ladder/">Ladder</a></li>
			<li><a class="button nav-last" href="//pokemonshowdown.com/forums/">Forum</a></li>
			<li><a class="button greenbutton nav-first nav-last" href="//play.pokemonshowdown.com/">Play</a></li>
		</ul></div>
	</header>

	<div class="main" id="main">

		<noscript><section class="section">You need to enable JavaScript to use this page; sorry!</section></noscript>

	</div>

</div>

<script defer nomodule src="//play.pokemonshowdown.com/js/lib/ps-polyfill.js"></script>
<script defer src="//play.pokemonshowdown.com/js/lib/preact.min.js"></script>

<script defer src="//play.pokemonshowdown.com/config/config.js?2bddbc15"></script>
<script defer src="//play.pokemonshowdown.com/js/lib/jquery-1.11.0.min.js"></script>
<script defer src="//play.pokemonshowdown.com/js/lib/html-sanitizer-minified.js"></script>
<script defer src="//play.pokemonshowdown.com/js/battle-sound.js"></script>
<script defer src="//play.pokemonshowdown.com/js/battledata.js?0.7209276989879541"></script>
<script defer src="//play.pokemonshowdown.com/data/pokedex-mini.js?0.6111056340867951"></script>
<script defer src="//play.pokemonshowdown.com/data/pokedex-mini-bw.js?0.3532142036491459"></script>
<script defer src="//play.pokemonshowdown.com/data/graphics.js?0.24223875632456182"></script>
<script defer src="//play.pokemonshowdown.com/data/pokedex.js?0.38839984266356864"></script>
<script defer src="//play.pokemonshowdown.com/data/moves.js?0.21866028504024015"></script>
<script defer src="//play.pokemonshowdown.com/data/abilities.js?0.2005157953846628"></script>
<script defer src="//play.pokemonshowdown.com/data/items.js?0.9894211263848525"></script>
<script defer src="//play.pokemonshowdown.com/data/teambuilder-tables.js?0.6008791140282215"></script>
<script defer src="//play.pokemonshowdown.com/js/battle-tooltips.js?0.7580118955022959"></script>
<script defer src="//play.pokemonshowdown.com/js/battle.js?0.6057722274234274"></script>

<script defer src="js/utils.js?e31f9a17"></script>
<script defer src="js/replays-battle.js?7008c182"></script>

<!-- don't scrape this data! just add .json or .log after the URL!
Full API docs: https://github.com/smogon/pokemon-showdown-client/blob/master/WEB-API.md -->
<script type="text/plain" class="log" id="replaylog-smogtours-gen3ou-801264">
|inactive|Battle timer is ON: inactive players will automatically lose when time's up.
|t:|1729630387
|gametype|singles
|player|p1|G3neralR3van|volkner|
|player|p2|Svejk97|hugh|
|teamsize|p1|6
|teamsize|p2|6
|gen|3
|tier|[Gen 3] OU
|rule|Sleep Clause Mod: Limit one foe put to sleep
|rule|Switch Priority Clause Mod: Faster Pokémon switch first
|rule|Species Clause: Limit one of each Pokémon
|rule|OHKO Clause: OHKO moves are banned
|rule|Evasion Items Clause: Evasion items are banned
|rule|Evasion Moves Clause: Evasion moves are banned
|rule|Endless Battle Clause: Forcing endless battles is banned
|rule|HP Percentage Mod: HP is shown in percentages
|rule|One Boost Passer Clause: Limit one Baton Passer that has a way to boost its stats
|rule|Freeze Clause Mod: Limit one foe frozen
|
|t:|1729630387
|start
|switch|p1a: Tyranitar|Tyranitar, M|100/100
|switch|p2a: Sukuna him self|Skarmory, M, shiny|100/100
|-weather|Sandstorm|[from] ability: Sand Stream|[of] p1a: Tyranitar
|turn|1
|c|☆G3neralR3van|ggs on the last one
|c|☆G3neralR3van|gl hf
|
|t:|1729630413
|switch|p2a: Grass hater|Swampert, F|100/100
|switch|p1a: Gengar|Gengar, F|100/100
|
|-weather|Sandstorm|[upkeep]
|-damage|p1a: Gengar|94/100|[from] Sandstorm
|-heal|p1a: Gengar|100/100|[from] item: Leftovers
|upkeep
|turn|2
|
|t:|1729630422
|move|p2a: Grass hater|Protect|p2a: Grass hater
|-singleturn|p2a: Grass hater|Protect
|move|p1a: Gengar|Giga Drain|p2a: Grass hater
|-activate|p2a: Grass hater|Protect
|
|-weather|Sandstorm|[upkeep]
|-damage|p1a: Gengar|94/100|[from] Sandstorm
|-heal|p1a: Gengar|100/100|[from] item: Leftovers
|upkeep
|turn|3
|
|t:|1729630440
|switch|p2a: Stealth Rock Lover|Articuno|100/100
|move|p1a: Gengar|Will-O-Wisp|p2a: Stealth Rock Lover
|-status|p2a: Stealth Rock Lover|brn
|
|-weather|Sandstorm|[upkeep]
|-damage|p1a: Gengar|94/100|[from] Sandstorm
|-damage|p2a: Stealth Rock Lover|94/100 brn|[from] Sandstorm
|-heal|p1a: Gengar|100/100|[from] item: Leftovers
|-heal|p2a: Stealth Rock Lover|100/100 brn|[from] item: Leftovers
|-damage|p2a: Stealth Rock Lover|88/100 brn|[from] brn
|upkeep
|turn|4
|
|t:|1729630461
|switch|p1a: Tyranitar|Tyranitar, M|100/100
|move|p2a: Stealth Rock Lover|Heal Bell|p2a: Stealth Rock Lover
|-activate|p2a: Stealth Rock Lover|move: Heal Bell
|-curestatus|p2a: Stealth Rock Lover|brn|[silent]
|
|-weather|Sandstorm|[upkeep]
|-damage|p2a: Stealth Rock Lover|82/100|[from] Sandstorm
|-heal|p2a: Stealth Rock Lover|88/100|[from] item: Leftovers
|upkeep
|turn|5
|
|t:|1729630474
|switch|p1a: Gengar|Gengar, F|100/100
|move|p2a: Stealth Rock Lover|Protect||[still]
|-fail|p2a: Stealth Rock Lover
|
|-weather|Sandstorm|[upkeep]
|-damage|p1a: Gengar|94/100|[from] Sandstorm
|-damage|p2a: Stealth Rock Lover|82/100|[from] Sandstorm
|-heal|p1a: Gengar|100/100|[from] item: Leftovers
|-heal|p2a: Stealth Rock Lover|88/100|[from] item: Leftovers
|upkeep
|turn|6
|
|t:|1729630491
|switch|p1a: Skarmory|Skarmory, M|100/100
|move|p2a: Stealth Rock Lover|Roar|p1a: Skarmory
|drag|p1a: Swampert|Swampert, F|100/100
|
|-weather|Sandstorm|[upkeep]
|-damage|p2a: Stealth Rock Lover|82/100|[from] Sandstorm
|-heal|p2a: Stealth Rock Lover|88/100|[from] item: Leftovers
|upkeep
|turn|7
|
|t:|1729630501
|move|p2a: Stealth Rock Lover|Ice Beam|p1a: Swampert
|-damage|p1a: Swampert|72/100
|move|p1a: Swampert|Toxic|p2a: Stealth Rock Lover
|-status|p2a: Stealth Rock Lover|tox
|
|-weather|Sandstorm|[upkeep]
|-damage|p2a: Stealth Rock Lover|82/100 tox|[from] Sandstorm
|-heal|p2a: Stealth Rock Lover|88/100 tox|[from] item: Leftovers
|-damage|p2a: Stealth Rock Lover|82/100 tox|[from] psn
|-heal|p1a: Swampert|78/100|[from] item: Leftovers
|upkeep
|turn|8
|
|t:|1729630515
|move|p2a: Stealth Rock Lover|Heal Bell|p2a: Stealth Rock Lover
|-activate|p2a: Stealth Rock Lover|move: Heal Bell
|-curestatus|p2a: Stealth Rock Lover|tox|[silent]
|move|p1a: Swampert|Surf|p2a: Stealth Rock Lover
|-damage|p2a: Stealth Rock Lover|67/100
|
|-weather|Sandstorm|[upkeep]
|-damage|p2a: Stealth Rock Lover|60/100|[from] Sandstorm
|-heal|p2a: Stealth Rock Lover|67/100|[from] item: Leftovers
|-heal|p1a: Swampert|84/100|[from] item: Leftovers
|upkeep
|turn|9
|
|t:|1729630527
|switch|p1a: Tyranitar|Tyranitar, M|100/100
|move|p2a: Stealth Rock Lover|Ice Beam|p1a: Tyranitar
|-damage|p1a: Tyranitar|74/100
|
|-weather|Sandstorm|[upkeep]
|-damage|p2a: Stealth Rock Lover|60/100|[from] Sandstorm
|-heal|p2a: Stealth Rock Lover|67/100|[from] item: Leftovers
|-heal|p1a: Tyranitar|80/100|[from] item: Leftovers
|upkeep
|turn|10
|
|t:|1729630537
|move|p2a: Stealth Rock Lover|Protect|p2a: Stealth Rock Lover
|-singleturn|p2a: Stealth Rock Lover|Protect
|move|p1a: Tyranitar|Rock Slide|p2a: Stealth Rock Lover
|-activate|p2a: Stealth Rock Lover|Protect
|
|-weather|Sandstorm|[upkeep]
|-damage|p2a: Stealth Rock Lover|60/100|[from] Sandstorm
|-heal|p2a: Stealth Rock Lover|67/100|[from] item: Leftovers
|-heal|p1a: Tyranitar|86/100|[from] item: Leftovers
|upkeep
|turn|11
|
|t:|1729630550
|switch|p2a: Grass hater|Swampert, F|100/100
|switch|p1a: Gengar|Gengar, F|100/100
|
|-weather|Sandstorm|[upkeep]
|-damage|p1a: Gengar|94/100|[from] Sandstorm
|-heal|p1a: Gengar|100/100|[from] item: Leftovers
|upkeep
|turn|12
|
|t:|1729630559
|move|p2a: Grass hater|Protect|p2a: Grass hater
|-singleturn|p2a: Grass hater|Protect
|move|p1a: Gengar|Will-O-Wisp|p2a: Grass hater
|-activate|p2a: Grass hater|Protect
|
|-weather|Sandstorm|[upkeep]
|-damage|p1a: Gengar|94/100|[from] Sandstorm
|-heal|p1a: Gengar|100/100|[from] item: Leftovers
|upkeep
|turn|13
|
|t:|1729630570
|switch|p2a: Beyblayd|Starmie|100/100
|move|p1a: Gengar|Will-O-Wisp|p2a: Beyblayd|[miss]
|-miss|p1a: Gengar|p2a: Beyblayd
|
|-weather|Sandstorm|[upkeep]
|-damage|p2a: Beyblayd|94/100|[from] Sandstorm
|-damage|p1a: Gengar|94/100|[from] Sandstorm
|-heal|p2a: Beyblayd|100/100|[from] item: Leftovers
|-heal|p1a: Gengar|100/100|[from] item: Leftovers
|upkeep
|turn|14
|
|t:|1729630584
|move|p2a: Beyblayd|Thunderbolt|p1a: Gengar
|-damage|p1a: Gengar|69/100
|move|p1a: Gengar|Thunderbolt|p2a: Beyblayd
|-supereffective|p2a: Beyblayd
|-damage|p2a: Beyblayd|19/100
|-status|p2a: Beyblayd|par
|
|-weather|Sandstorm|[upkeep]
|-damage|p1a: Gengar|63/100|[from] Sandstorm
|-damage|p2a: Beyblayd|13/100 par|[from] Sandstorm
|-heal|p1a: Gengar|69/100|[from] item: Leftovers
|-heal|p2a: Beyblayd|19/100 par|[from] item: Leftovers
|upkeep
|turn|15
|c|☆G3neralR3van|sry
|
|t:|1729630603
|-curestatus|p2a: Beyblayd|par|[from] ability: Natural Cure
|switch|p2a: Just Karen 🙄|Dusclops, F|100/100
|move|p1a: Gengar|Thunderbolt|p2a: Just Karen 🙄
|-damage|p2a: Just Karen 🙄|71/100
|
|-weather|Sandstorm|[upkeep]
|-damage|p1a: Gengar|63/100|[from] Sandstorm
|-damage|p2a: Just Karen 🙄|65/100|[from] Sandstorm
|-heal|p1a: Gengar|69/100|[from] item: Leftovers
|-heal|p2a: Just Karen 🙄|71/100|[from] item: Leftovers
|upkeep
|turn|16
|
|t:|1729630622
|switch|p1a: Swampert|Swampert, F|84/100
|move|p2a: Just Karen 🙄|Will-O-Wisp|p1a: Swampert
|-status|p1a: Swampert|brn
|
|-weather|Sandstorm|[upkeep]
|-damage|p2a: Just Karen 🙄|65/100|[from] Sandstorm
|-heal|p1a: Swampert|91/100 brn|[from] item: Leftovers
|-damage|p1a: Swampert|78/100 brn|[from] brn
|-heal|p2a: Just Karen 🙄|71/100|[from] item: Leftovers
|upkeep
|turn|17
|
|t:|1729630634
|move|p1a: Swampert|Toxic|p2a: Just Karen 🙄
|-status|p2a: Just Karen 🙄|tox
|move|p2a: Just Karen 🙄|Curse|p1a: Swampert
|-start|p1a: Swampert|Curse|[of] p2a: Just Karen 🙄
|-damage|p2a: Just Karen 🙄|21/100 tox
|
|-weather|Sandstorm|[upkeep]
|-damage|p2a: Just Karen 🙄|15/100 tox|[from] Sandstorm
|-heal|p1a: Swampert|84/100 brn|[from] item: Leftovers
|-damage|p1a: Swampert|72/100 brn|[from] brn
|-damage|p1a: Swampert|47/100 brn|[from] Curse
|-heal|p2a: Just Karen 🙄|21/100 tox|[from] item: Leftovers
|-damage|p2a: Just Karen 🙄|15/100 tox|[from] psn
|upkeep
|turn|18
|
|t:|1729630659
|move|p1a: Swampert|Refresh|p1a: Swampert
|-curestatus|p1a: Swampert|brn|[msg]
|move|p2a: Just Karen 🙄|Pain Split|p1a: Swampert
|-sethp|p1a: Swampert|29/100|[from] move: Pain Split|[silent]
|-sethp|p2a: Just Karen 🙄|41/100 tox|[from] move: Pain Split
|
|-weather|Sandstorm|[upkeep]
|-damage|p2a: Just Karen 🙄|35/100 tox|[from] Sandstorm
|-heal|p1a: Swampert|35/100|[from] item: Leftovers
|-damage|p1a: Swampert|10/100|[from] Curse
|-heal|p2a: Just Karen 🙄|41/100 tox|[from] item: Leftovers
|-damage|p2a: Just Karen 🙄|29/100 tox|[from] psn
|upkeep
|turn|19
|
|t:|1729630675
|switch|p1a: Gengar|Gengar, F|69/100
|move|p2a: Just Karen 🙄|Pain Split|p1a: Gengar
|-sethp|p1a: Gengar|49/100|[from] move: Pain Split|[silent]
|-sethp|p2a: Just Karen 🙄|49/100 tox|[from] move: Pain Split
|
|-weather|Sandstorm|[upkeep]
|-damage|p1a: Gengar|43/100|[from] Sandstorm
|-damage|p2a: Just Karen 🙄|43/100 tox|[from] Sandstorm
|-heal|p1a: Gengar|49/100|[from] item: Leftovers
|-heal|p2a: Just Karen 🙄|49/100 tox|[from] item: Leftovers
|-damage|p2a: Just Karen 🙄|31/100 tox|[from] psn
|upkeep
|turn|20
|inactive|Svejk97 has 270 seconds left.
|
|t:|1729630696
|switch|p2a: Stealth Rock Lover|Articuno|67/100
|move|p1a: Gengar|Thunderbolt|p2a: Stealth Rock Lover
|-supereffective|p2a: Stealth Rock Lover
|-damage|p2a: Stealth Rock Lover|34/100
|-status|p2a: Stealth Rock Lover|par
|
|-weather|Sandstorm|[upkeep]
|-damage|p1a: Gengar|43/100|[from] Sandstorm
|-damage|p2a: Stealth Rock Lover|27/100 par|[from] Sandstorm
|-heal|p1a: Gengar|49/100|[from] item: Leftovers
|-heal|p2a: Stealth Rock Lover|34/100 par|[from] item: Leftovers
|upkeep
|turn|21
|inactive|Svejk97 has 270 seconds left.
|
|t:|1729630722
|move|p1a: Gengar|Taunt|p2a: Stealth Rock Lover
|-start|p2a: Stealth Rock Lover|move: Taunt
|cant|p2a: Stealth Rock Lover|par
|
|-weather|Sandstorm|[upkeep]
|-damage|p1a: Gengar|43/100|[from] Sandstorm
|-damage|p2a: Stealth Rock Lover|27/100 par|[from] Sandstorm
|-heal|p1a: Gengar|49/100|[from] item: Leftovers
|-heal|p2a: Stealth Rock Lover|34/100 par|[from] item: Leftovers
|upkeep
|turn|22
|
|t:|1729630739
|switch|p2a: Sukuna him self|Skarmory, M, shiny|100/100
|move|p1a: Gengar|Thunderbolt|p2a: Sukuna him self
|-supereffective|p2a: Sukuna him self
|-damage|p2a: Sukuna him self|1/100
|
|-weather|Sandstorm|[upkeep]
|-damage|p1a: Gengar|43/100|[from] Sandstorm
|-heal|p1a: Gengar|49/100|[from] item: Leftovers
|-heal|p2a: Sukuna him self|7/100|[from] item: Leftovers
|upkeep
|turn|23
|inactive|Svejk97 has 240 seconds left.
|
|t:|1729630760
|switch|p2a: Beyblayd|Starmie|19/100
|move|p1a: Gengar|Thunderbolt|p2a: Beyblayd
|-supereffective|p2a: Beyblayd
|-damage|p2a: Beyblayd|0 fnt
|faint|p2a: Beyblayd
|inactive|Svejk97 has 240 seconds left.
|
|t:|1729630772
|switch|p2a: Iron Fist|Metagross|100/100
|
|-weather|Sandstorm|[upkeep]
|-damage|p1a: Gengar|43/100|[from] Sandstorm
|-heal|p1a: Gengar|49/100|[from] item: Leftovers
|upkeep
|turn|24
|inactive|Svejk97 has 240 seconds left.
|
|t:|1729630780
|switch|p1a: Skarmory|Skarmory, M|100/100
|move|p2a: Iron Fist|Agility|p2a: Iron Fist
|-boost|p2a: Iron Fist|spe|2
|
|-weather|Sandstorm|[upkeep]
|upkeep
|turn|25
|
|t:|1729630789
|move|p2a: Iron Fist|Meteor Mash|p1a: Skarmory
|-resisted|p1a: Skarmory
|-damage|p1a: Skarmory|80/100
|move|p1a: Skarmory|Roar|p2a: Iron Fist
|drag|p2a: Grass hater|Swampert, F|100/100
|
|-weather|Sandstorm|[upkeep]
|-heal|p1a: Skarmory|86/100|[from] item: Leftovers
|upkeep
|turn|26
|
|t:|1729630802
|switch|p2a: Stealth Rock Lover|Articuno|34/100 par
|move|p1a: Skarmory|Spikes|p2a: Stealth Rock Lover
|-sidestart|p2: Svejk97|Spikes
|
|-weather|Sandstorm|[upkeep]
|-damage|p2a: Stealth Rock Lover|27/100 par|[from] Sandstorm
|-heal|p1a: Skarmory|92/100|[from] item: Leftovers
|-heal|p2a: Stealth Rock Lover|34/100 par|[from] item: Leftovers
|upkeep
|turn|27
|
|t:|1729630812
|move|p1a: Skarmory|Spikes|p2a: Stealth Rock Lover
|-sidestart|p2: Svejk97|Spikes
|cant|p2a: Stealth Rock Lover|par
|
|-weather|Sandstorm|[upkeep]
|-damage|p2a: Stealth Rock Lover|27/100 par|[from] Sandstorm
|-heal|p1a: Skarmory|98/100|[from] item: Leftovers
|-heal|p2a: Stealth Rock Lover|34/100 par|[from] item: Leftovers
|upkeep
|turn|28
|c|☆Svejk97|gg
|-message|Svejk97 forfeited.
|
|win|G3neralR3van
|player|p2|
|c|☆G3neralR3van|gg

</script>
<script type="application/json" class="data" id="replaydata-smogtours-gen3ou-801264">
{"id":"smogtours-gen3ou-801264","format":"[Gen 3] OU","players":["G3neralR3van","Svejk97"],"uploadtime":1729630825,"views":102,"formatid":"gen3ou","rating":null,"private":0,"password":null}
</script>

<script defer src="js/replays.js?9d40a366"></script>
