<!DOCTYPE html>
<meta charset="utf-8" />
<meta name="viewport" content="width=device-width" />

<title>[Gen 3] OU: Christos vs. alphasapphire918 - Replays - Pok&eacute;mon Showdown!</title>

<meta name="description" content="Watch a replay of a Pok&eacute;mon battle between Christos and alphasapphire918! Format: [Gen 3] OU; Date: Oct 2, 2024" />
<!--

Hey, you! Looking in the source for the replay log?

You can find them in JSON format, just add `.json` at the end of a replay URL.

https://replay.pokemonshowdown.com/gen7randomdoublesbattle-865046831.json

Or, if you only need the log itself, add `.log` instead:

https://replay.pokemonshowdown.com/gen7randomdoublesbattle-865046831.log

-->

<link rel="stylesheet" href="//pokemonshowdown.com/style/global.css?0.767286132409787" />
<link rel="stylesheet" href="//play.pokemonshowdown.com/style/font-awesome.css?0.9266228007934947" />
<link rel="stylesheet" href="//play.pokemonshowdown.com/style/battle.css?0.7924700842790926" />
<link rel="stylesheet" href="//play.pokemonshowdown.com/style/utilichart.css?0.8777417872839479" />

<!-- Global site tag (gtag.js) - Google Analytics -->
<script async src="https://www.googletagmanager.com/gtag/js?id=UA-26211653-1"></script>
<script>
  window.dataLayer = window.dataLayer || [];
  function gtag(){dataLayer.push(arguments);}
  gtag('js', new Date());

  gtag('config', 'UA-26211653-1');
</script>
<!-- End Google Analytics -->
<!-- Venatus Ad Manager - Install in <HEAD> of page -->
	<script src="https://hb.vntsm.com/v3/live/ad-manager.min.js" type="text/javascript" data-site-id="642aba63ec9a7b11c3c9c1be" data-mode="scan" async></script>
<!-- / Venatus Ad Manager -->

<style>
	@media (max-width:820px) {
		.battle {
			margin: 0 auto;
		}
		.battle-log {
			margin: 7px auto 0;
			max-width: 640px;
			height: 300px;
			position: static;
		}
	}
	.optgroup {
		display: inline-block;
		line-height: 22px;
		font-size: 10pt;
	}
	.optgroup .button {
		height: 25px;
		padding-top: 0;
		padding-bottom: 0;
	}
	.optgroup button.button {
		padding-left: 12px;
		padding-right: 12px;
	}
	.linklist {
		list-style: none;
		margin: 0.5em 0;
		padding: 0;
	}
	.linklist li {
		padding: 2px 0;
	}
	.sidebar {
		float: left;
		width: 320px;
	}
	.bar-wrapper {
		max-width: 1100px;
		margin: 0 auto;
	}
	.bar-wrapper.has-sidebar {
		max-width: 1430px;
	}
	.mainbar {
		margin: 0;
		padding-right: 1px;
	}
	.mainbar.has-sidebar {
		margin-left: 330px;
	}
	@media (min-width: 1511px) {
		.sidebar {
			width: 400px;
		}
		.bar-wrapper.has-sidebar {
			max-width: 1510px;
		}
		.mainbar.has-sidebar {
			margin-left: 410px;
		}
	}
	.section.first-section {
		margin-top: 9px;
	}
	.blocklink small {
		white-space: normal;
	}
	.button {
		vertical-align: middle;
	}
	.replay-controls {
		padding-top: 10px;
	}
	.replay-controls h1 {
		font-size: 16pt;
		font-weight: normal;
		color: #CCC;
	}
	.pagelink {
		text-align: center;
	}
	.pagelink a {
		width: 150px;
	}
	.textbox, .button {
		font-size: 11pt;
		vertical-align: middle;
	}
	@media (max-width: 450px) {
		.button {
			font-size: 9pt;
		}
	}
</style>

<div>

	<header>
		<div class="nav-wrapper"><ul class="nav">
			<li><a class="button nav-first" href="//pokemonshowdown.com/"><img src="//pokemonshowdown.com/images/pokemonshowdownbeta.png" srcset="//pokemonshowdown.com/images/pokemonshowdownbeta.png 1x, //pokemonshowdown.com/images/pokemonshowdownbeta@2x.png 2x" alt="Pok&eacute;mon Showdown" width="146" height="44" /> Home</a></li>
			<li><a class="button" href="//pokemonshowdown.com/dex/">Pok&eacute;dex</a></li>
			<li><a class="button cur" href="/">Replays</a></li>
			<li><a class="button" href="//pokemonshowdown.com/ladder/">Ladder</a></li>
			<li><a class="button nav-last" href="//pokemonshowdown.com/forums/">Forum</a></li>
			<li><a class="button greenbutton nav-first nav-last" href="//play.pokemonshowdown.com/">Play</a></li>
		</ul></div>
	</header>

	<div class="main" id="main">

		<noscript><section class="section">You need to enable JavaScript to use this page; sorry!</section></noscript>

	</div>

</div>

<script defer nomodule src="//play.pokemonshowdown.com/js/lib/ps-polyfill.js"></script>
<script defer src="//play.pokemonshowdown.com/js/lib/preact.min.js"></script>

<script defer src="//play.pokemonshowdown.com/config/config.js?6dec07f6"></script>
<script defer src="//play.pokemonshowdown.com/js/lib/jquery-1.11.0.min.js"></script>
<script defer src="//play.pokemonshowdown.com/js/lib/html-sanitizer-minified.js"></script>
<script defer src="//play.pokemonshowdown.com/js/battle-sound.js"></script>
<script defer src="//play.pokemonshowdown.com/js/battledata.js?0.6315294753075389"></script>
<script defer src="//play.pokemonshowdown.com/data/pokedex-mini.js?0.7603743185311358"></script>
<script defer src="//play.pokemonshowdown.com/data/pokedex-mini-bw.js?0.030888842834281283"></script>
<script defer src="//play.pokemonshowdown.com/data/graphics.js?0.05593094747507488"></script>
<script defer src="//play.pokemonshowdown.com/data/pokedex.js?0.47064822249611904"></script>
<script defer src="//play.pokemonshowdown.com/data/moves.js?0.8583693120512459"></script>
<script defer src="//play.pokemonshowdown.com/data/abilities.js?0.16017181182386842"></script>
<script defer src="//play.pokemonshowdown.com/data/items.js?0.4163379185673943"></script>
<script defer src="//play.pokemonshowdown.com/data/teambuilder-tables.js?0.31075597372830477"></script>
<script defer src="//play.pokemonshowdown.com/js/battle-tooltips.js?0.6536193500708172"></script>
<script defer src="//play.pokemonshowdown.com/js/battle.js?0.1916591943277901"></script>

<script defer src="js/utils.js?e31f9a17"></script>
<script defer src="js/replays-battle.js?7008c182"></script>

<!-- don't scrape this data! just add .json or .log after the URL!
Full API docs: https://github.com/smogon/pokemon-showdown-client/blob/master/WEB-API.md -->
<script type="text/plain" class="log" id="replaylog-smogtours-gen3ou-793915">
|inactive|Battle timer is ON: inactive players will automatically lose when time's up.
|t:|1727863208
|gametype|singles
|player|p1|Christos|boarder|
|player|p2|alphasapphire918|galacticgruntf|
|teamsize|p1|6
|teamsize|p2|6
|gen|3
|tier|[Gen 3] OU
|rule|Sleep Clause Mod: Limit one foe put to sleep
|rule|Switch Priority Clause Mod: Faster Pokémon switch first
|rule|Species Clause: Limit one of each Pokémon
|rule|OHKO Clause: OHKO moves are banned
|rule|Evasion Items Clause: Evasion items are banned
|rule|Evasion Moves Clause: Evasion moves are banned
|rule|Endless Battle Clause: Forcing endless battles is banned
|rule|HP Percentage Mod: HP is shown in percentages
|rule|One Boost Passer Clause: Limit one Baton Passer that has a way to boost its stats
|rule|Freeze Clause Mod: Limit one foe frozen
|
|t:|1727863208
|start
|switch|p1a: Zapdos|Zapdos|100/100
|switch|p2a: DJ Cyber|Metagross, shiny|100/100
|turn|1
|
|t:|1727863223
|switch|p1a: Forretress|Forretress, M|100/100
|move|p2a: DJ Cyber|Rock Slide|p1a: Forretress|[miss]
|-miss|p2a: DJ Cyber|p1a: Forretress
|
|upkeep
|turn|2
|
|t:|1727863241
|move|p2a: DJ Cyber|Rock Slide|p1a: Forretress
|-damage|p1a: Forretress|70/100
|move|p1a: Forretress|Spikes|p2a: DJ Cyber
|-sidestart|p2: alphasapphire918|Spikes
|
|-heal|p1a: Forretress|76/100|[from] item: Leftovers
|upkeep
|turn|3
|
|t:|1727863248
|switch|p2a: Vinyl|Claydol|100/100
|switch|p1a: Swampert|Swampert, F|100/100
|
|upkeep
|turn|4
|
|t:|1727863262
|switch|p2a: Felix|Zapdos|100/100
|move|p1a: Swampert|Surf|p2a: Felix
|-damage|p2a: Felix|68/100
|
|-heal|p2a: Felix|75/100|[from] item: Leftovers
|upkeep
|turn|5
|
|t:|1727863283
|switch|p1a: Jirachi|Jirachi|100/100
|move|p2a: Felix|Baton Pass|p2a: Felix
|
|t:|1727863297
|switch|p2a: Tryce|Swampert, M, shiny|100/100|[from] Baton Pass
|-damage|p2a: Tryce|88/100|[from] Spikes
|
|-heal|p2a: Tryce|94/100|[from] item: Leftovers
|upkeep
|turn|6
|inactive|Christos has 270 seconds left.
|
|t:|1727863323
|switch|p1a: Zapdos|Zapdos|100/100
|move|p2a: Tryce|Surf|p1a: Zapdos
|-damage|p1a: Zapdos|83/100
|
|-heal|p1a: Zapdos|90/100|[from] item: Leftovers
|-heal|p2a: Tryce|100/100|[from] item: Leftovers
|upkeep
|turn|7
|inactive|Christos has 270 seconds left.
|
|t:|1727863339
|switch|p2a: Solace|Blissey, F, shiny|100/100
|-damage|p2a: Solace|88/100|[from] Spikes
|move|p1a: Zapdos|Roar|p2a: Solace
|drag|p2a: Tryce|Swampert, M, shiny|100/100
|-damage|p2a: Tryce|88/100|[from] Spikes
|
|-heal|p1a: Zapdos|96/100|[from] item: Leftovers
|-heal|p2a: Tryce|94/100|[from] item: Leftovers
|upkeep
|turn|8
|inactive|Christos has 270 seconds left.
|
|t:|1727863352
|move|p2a: Tryce|Protect|p2a: Tryce
|-singleturn|p2a: Tryce|Protect
|move|p1a: Zapdos|Roar|p2a: Tryce
|-activate|p2a: Tryce|Protect
|
|-heal|p1a: Zapdos|100/100|[from] item: Leftovers
|-heal|p2a: Tryce|100/100|[from] item: Leftovers
|upkeep
|turn|9
|
|t:|1727863366
|switch|p2a: Felix|Zapdos|75/100
|move|p1a: Zapdos|Roar|p2a: Felix
|drag|p2a: DJ Cyber|Metagross, shiny|100/100
|-damage|p2a: DJ Cyber|88/100|[from] Spikes
|
|upkeep
|turn|10
|inactive|Christos has 270 seconds left.
|
|t:|1727863392
|switch|p1a: Swampert|Swampert, F|100/100
|move|p2a: DJ Cyber|Rock Slide|p1a: Swampert
|-resisted|p1a: Swampert
|-damage|p1a: Swampert|85/100
|
|-heal|p1a: Swampert|91/100|[from] item: Leftovers
|upkeep
|turn|11
|inactive|Christos has 270 seconds left.
|inactive|alphasapphire918 has 270 seconds left.
|
|t:|1727863408
|switch|p2a: Felix|Zapdos|75/100
|move|p1a: Swampert|Ice Beam|p2a: Felix
|-supereffective|p2a: Felix
|-damage|p2a: Felix|35/100
|
|-heal|p2a: Felix|42/100|[from] item: Leftovers
|-heal|p1a: Swampert|98/100|[from] item: Leftovers
|upkeep
|turn|12
|inactive|Christos has 270 seconds left.
|inactive|alphasapphire918 has 270 seconds left.
|
|t:|1727863419
|switch|p1a: Tyranitar|Tyranitar, F|100/100
|-weather|Sandstorm|[from] ability: Sand Stream|[of] p1a: Tyranitar
|move|p2a: Felix|Hidden Power|p1a: Tyranitar
|-supereffective|p1a: Tyranitar
|-damage|p1a: Tyranitar|54/100
|
|-weather|Sandstorm|[upkeep]
|-damage|p2a: Felix|35/100|[from] Sandstorm
|-heal|p2a: Felix|42/100|[from] item: Leftovers
|-heal|p1a: Tyranitar|60/100|[from] item: Leftovers
|upkeep
|turn|13
|inactive|Christos has 270 seconds left.
|inactive|alphasapphire918 has 270 seconds left.
|
|t:|1727863444
|switch|p1a: Zapdos|Zapdos|100/100
|move|p2a: Felix|Baton Pass|p2a: Felix
|inactive|alphasapphire918 has 270 seconds left.
|
|t:|1727863455
|switch|p2a: Solace|Blissey, F, shiny|88/100|[from] Baton Pass
|-damage|p2a: Solace|76/100|[from] Spikes
|
|-weather|Sandstorm|[upkeep]
|-damage|p1a: Zapdos|94/100|[from] Sandstorm
|-damage|p2a: Solace|69/100|[from] Sandstorm
|-heal|p1a: Zapdos|100/100|[from] item: Leftovers
|-heal|p2a: Solace|76/100|[from] item: Leftovers
|upkeep
|turn|14
|inactive|Christos has 270 seconds left.
|inactive|alphasapphire918 has 270 seconds left.
|
|t:|1727863480
|switch|p1a: Jirachi|Jirachi|100/100
|move|p2a: Solace|Toxic|p1a: Jirachi
|-immune|p1a: Jirachi
|
|-weather|Sandstorm|[upkeep]
|-damage|p2a: Solace|69/100|[from] Sandstorm
|-heal|p2a: Solace|76/100|[from] item: Leftovers
|upkeep
|turn|15
|inactive|alphasapphire918 has 270 seconds left.
|
|t:|1727863489
|move|p1a: Jirachi|Toxic|p2a: Solace
|-status|p2a: Solace|tox
|move|p2a: Solace|Wish|p2a: Solace
|
|-weather|Sandstorm|[upkeep]
|-damage|p2a: Solace|69/100 tox|[from] Sandstorm
|-heal|p2a: Solace|76/100 tox|[from] item: Leftovers
|-damage|p2a: Solace|69/100 tox|[from] psn
|upkeep
|turn|16
|inactive|alphasapphire918 has 270 seconds left.
|
|t:|1727863508
|-curestatus|p2a: Solace|tox|[from] ability: Natural Cure
|switch|p2a: DJ Cyber|Metagross, shiny|88/100
|-damage|p2a: DJ Cyber|76/100|[from] Spikes
|move|p1a: Jirachi|Toxic|p2a: DJ Cyber
|-immune|p2a: DJ Cyber
|
|-heal|p2a: DJ Cyber|100/100|[from] move: Wish|[wisher] Solace
|-weather|Sandstorm|[upkeep]
|upkeep
|turn|17
|inactive|alphasapphire918 has 270 seconds left.
|
|t:|1727863526
|move|p1a: Jirachi|Protect|p1a: Jirachi
|-singleturn|p1a: Jirachi|Protect
|move|p2a: DJ Cyber|Explosion|p1a: Jirachi
|-activate|p1a: Jirachi|Protect
|faint|p2a: DJ Cyber
|c|☆alphasapphire918|nuts
|
|t:|1727863543
|switch|p2a: Faux|Tyranitar, M|100/100
|-damage|p2a: Faux|88/100|[from] Spikes
|
|-weather|Sandstorm|[upkeep]
|upkeep
|turn|18
|
|t:|1727863549
|switch|p1a: Swampert|Swampert, F|98/100
|move|p2a: Faux|Dragon Dance|p2a: Faux
|-boost|p2a: Faux|atk|1
|-boost|p2a: Faux|spe|1
|
|-weather|Sandstorm|[upkeep]
|-heal|p1a: Swampert|100/100|[from] item: Leftovers
|upkeep
|turn|19
|
|t:|1727863564
|switch|p2a: Solace|Blissey, F, shiny|69/100
|-damage|p2a: Solace|57/100|[from] Spikes
|move|p1a: Swampert|Earthquake|p2a: Solace
|-damage|p2a: Solace|22/100
|
|-weather|Sandstorm|[upkeep]
|-damage|p2a: Solace|16/100|[from] Sandstorm
|-heal|p2a: Solace|22/100|[from] item: Leftovers
|upkeep
|turn|20
|inactive|alphasapphire918 has 240 seconds left.
|
|t:|1727863590
|switch|p2a: Felix|Zapdos|42/100
|move|p1a: Swampert|Earthquake|p2a: Felix
|-immune|p2a: Felix
|
|-weather|Sandstorm|[upkeep]
|-damage|p2a: Felix|35/100|[from] Sandstorm
|-heal|p2a: Felix|42/100|[from] item: Leftovers
|upkeep
|turn|21
|inactive|alphasapphire918 has 240 seconds left.
|
|t:|1727863607
|switch|p1a: Jirachi|Jirachi|100/100
|move|p2a: Felix|Hidden Power|p1a: Jirachi
|-resisted|p1a: Jirachi
|-damage|p1a: Jirachi|93/100
|
|-weather|Sandstorm|[upkeep]
|-damage|p2a: Felix|35/100|[from] Sandstorm
|-heal|p2a: Felix|42/100|[from] item: Leftovers
|-heal|p1a: Jirachi|99/100|[from] item: Leftovers
|upkeep
|turn|22
|inactive|alphasapphire918 has 240 seconds left.
|inactive|Christos has 270 seconds left.
|
|t:|1727863630
|move|p2a: Felix|Baton Pass|p2a: Felix
|inactive|alphasapphire918 has 240 seconds left.
|
|t:|1727863643
|switch|p2a: Vinyl|Claydol|100/100|[from] Baton Pass
|move|p1a: Jirachi|Toxic|p2a: Vinyl
|-status|p2a: Vinyl|tox
|
|-weather|Sandstorm|[upkeep]
|-heal|p1a: Jirachi|100/100|[from] item: Leftovers
|-damage|p2a: Vinyl|94/100 tox|[from] psn
|upkeep
|turn|23
|inactive|alphasapphire918 has 240 seconds left.
|
|t:|1727863653
|move|p1a: Jirachi|Protect|p1a: Jirachi
|-singleturn|p1a: Jirachi|Protect
|move|p2a: Vinyl|Rapid Spin|p1a: Jirachi
|-activate|p1a: Jirachi|Protect
|
|-weather|Sandstorm|[upkeep]
|-heal|p2a: Vinyl|100/100 tox|[from] item: Leftovers
|-damage|p2a: Vinyl|88/100 tox|[from] psn
|upkeep
|turn|24
|
|t:|1727863669
|switch|p1a: Forretress|Forretress, M|76/100
|move|p2a: Vinyl|Hidden Power|p1a: Forretress
|-supereffective|p1a: Forretress
|-damage|p1a: Forretress|18/100
|
|-weather|Sandstorm|[upkeep]
|-heal|p2a: Vinyl|94/100 tox|[from] item: Leftovers
|-damage|p2a: Vinyl|76/100 tox|[from] psn
|-heal|p1a: Forretress|24/100|[from] item: Leftovers
|upkeep
|turn|25
|inactive|Christos has 270 seconds left.
|inactive|alphasapphire918 has 240 seconds left.
|
|t:|1727863708
|switch|p1a: Salamence|Salamence, F|100/100
|-ability|p1a: Salamence|Intimidate|boost
|-unboost|p2a: Vinyl|atk|1
|move|p2a: Vinyl|Rapid Spin|p1a: Salamence
|-damage|p1a: Salamence|97/100
|-sideend|p2: alphasapphire918|Spikes|[from] move: Rapid Spin|[of] p2a: Vinyl
|
|-weather|Sandstorm|[upkeep]
|-damage|p1a: Salamence|91/100|[from] Sandstorm
|-heal|p1a: Salamence|97/100|[from] item: Leftovers
|-heal|p2a: Vinyl|82/100 tox|[from] item: Leftovers
|-damage|p2a: Vinyl|57/100 tox|[from] psn
|upkeep
|turn|26
|inactive|alphasapphire918 has 240 seconds left.
|
|t:|1727863727
|switch|p1a: Forretress|Forretress, M|24/100
|move|p2a: Vinyl|Explosion|p1a: Forretress
|-resisted|p1a: Forretress
|-damage|p1a: Forretress|4/100
|faint|p2a: Vinyl
|
|t:|1727863738
|switch|p2a: Solace|Blissey, F, shiny|22/100
|
|-weather|Sandstorm|[upkeep]
|-damage|p2a: Solace|16/100|[from] Sandstorm
|-heal|p2a: Solace|22/100|[from] item: Leftovers
|-heal|p1a: Forretress|10/100|[from] item: Leftovers
|upkeep
|turn|27
|
|t:|1727863753
|move|p2a: Solace|Ice Beam|p1a: Forretress
|-resisted|p1a: Forretress
|-damage|p1a: Forretress|0 fnt
|faint|p1a: Forretress
|
|t:|1727863758
|switch|p1a: Salamence|Salamence, F|97/100
|-ability|p1a: Salamence|Intimidate|boost
|-unboost|p2a: Solace|atk|1
|
|-weather|Sandstorm|[upkeep]
|-damage|p1a: Salamence|91/100|[from] Sandstorm
|-damage|p2a: Solace|16/100|[from] Sandstorm
|-heal|p1a: Salamence|97/100|[from] item: Leftovers
|-heal|p2a: Solace|22/100|[from] item: Leftovers
|upkeep
|turn|28
|
|t:|1727863778
|move|p1a: Salamence|Hidden Power|p2a: Solace
|-damage|p2a: Solace|0 fnt
|faint|p2a: Solace
|
|t:|1727863783
|switch|p2a: Tryce|Swampert, M, shiny|100/100
|
|-weather|Sandstorm|[upkeep]
|-damage|p1a: Salamence|91/100|[from] Sandstorm
|-heal|p1a: Salamence|97/100|[from] item: Leftovers
|upkeep
|turn|29
|inactive|Christos has 270 seconds left.
|
|t:|1727863800
|-singleturn|p2a: Tryce|move: Focus Punch
|switch|p1a: Zapdos|Zapdos|100/100
|move|p2a: Tryce|Focus Punch|p1a: Zapdos
|-resisted|p1a: Zapdos
|-damage|p1a: Zapdos|72/100
|
|-weather|Sandstorm|[upkeep]
|-damage|p1a: Zapdos|66/100|[from] Sandstorm
|-heal|p1a: Zapdos|72/100|[from] item: Leftovers
|upkeep
|turn|30
|inactive|Christos has 270 seconds left.
|
|t:|1727863812
|move|p2a: Tryce|Protect|p2a: Tryce
|-singleturn|p2a: Tryce|Protect
|move|p1a: Zapdos|Roar|p2a: Tryce
|-activate|p2a: Tryce|Protect
|
|-weather|Sandstorm|[upkeep]
|-damage|p1a: Zapdos|66/100|[from] Sandstorm
|-heal|p1a: Zapdos|72/100|[from] item: Leftovers
|upkeep
|turn|31
|
|t:|1727863822
|move|p2a: Tryce|Surf|p1a: Zapdos
|-damage|p1a: Zapdos|55/100
|move|p1a: Zapdos|Roar|p2a: Tryce
|drag|p2a: Faux|Tyranitar, M|88/100
|
|-weather|Sandstorm|[upkeep]
|-damage|p1a: Zapdos|48/100|[from] Sandstorm
|-heal|p1a: Zapdos|55/100|[from] item: Leftovers
|upkeep
|turn|32
|
|t:|1727863838
|switch|p1a: Swampert|Swampert, F|100/100
|move|p2a: Faux|Earthquake|p1a: Swampert
|-damage|p1a: Swampert|74/100
|
|-weather|Sandstorm|[upkeep]
|-heal|p1a: Swampert|80/100|[from] item: Leftovers
|upkeep
|turn|33
|
|t:|1727863848
|switch|p2a: Tryce|Swampert, M, shiny|100/100
|move|p1a: Swampert|Surf|p2a: Tryce
|-damage|p2a: Tryce|70/100
|
|-weather|Sandstorm|[upkeep]
|-heal|p2a: Tryce|77/100|[from] item: Leftovers
|-heal|p1a: Swampert|87/100|[from] item: Leftovers
|upkeep
|turn|34
|
|t:|1727863860
|move|p2a: Tryce|Earthquake|p1a: Swampert
|-damage|p1a: Swampert|50/100
|move|p1a: Swampert|Earthquake|p2a: Tryce
|-damage|p2a: Tryce|40/100
|
|-weather|Sandstorm|[upkeep]
|-heal|p2a: Tryce|47/100|[from] item: Leftovers
|-heal|p1a: Swampert|56/100|[from] item: Leftovers
|upkeep
|turn|35
|
|t:|1727863884
|switch|p1a: Salamence|Salamence, F|97/100
|-ability|p1a: Salamence|Intimidate|boost
|-unboost|p2a: Tryce|atk|1
|move|p2a: Tryce|Earthquake|p1a: Salamence
|-immune|p1a: Salamence
|
|-weather|Sandstorm|[upkeep]
|-damage|p1a: Salamence|91/100|[from] Sandstorm
|-heal|p1a: Salamence|97/100|[from] item: Leftovers
|-heal|p2a: Tryce|53/100|[from] item: Leftovers
|upkeep
|turn|36
|
|t:|1727863903
|switch|p2a: Felix|Zapdos|42/100
|move|p1a: Salamence|Dragon Dance|p1a: Salamence
|-boost|p1a: Salamence|atk|1
|-boost|p1a: Salamence|spe|1
|
|-weather|Sandstorm|[upkeep]
|-damage|p1a: Salamence|91/100|[from] Sandstorm
|-damage|p2a: Felix|35/100|[from] Sandstorm
|-heal|p1a: Salamence|97/100|[from] item: Leftovers
|-heal|p2a: Felix|42/100|[from] item: Leftovers
|upkeep
|turn|37
|
|t:|1727863913
|move|p1a: Salamence|Rock Slide|p2a: Felix
|-supereffective|p2a: Felix
|-damage|p2a: Felix|0 fnt
|faint|p2a: Felix
|
|t:|1727863921
|switch|p2a: Faux|Tyranitar, M|88/100
|
|-weather|Sandstorm|[upkeep]
|-damage|p1a: Salamence|91/100|[from] Sandstorm
|-heal|p1a: Salamence|97/100|[from] item: Leftovers
|upkeep
|turn|38
|
|t:|1727863930
|move|p1a: Salamence|Earthquake|p2a: Faux
|-supereffective|p2a: Faux
|-damage|p2a: Faux|0 fnt
|faint|p2a: Faux
|c|☆alphasapphire918|gg
|c|☆Christos|gg
|
|t:|1727863936
|switch|p2a: Tryce|Swampert, M, shiny|53/100
|
|-weather|Sandstorm|[upkeep]
|-damage|p1a: Salamence|91/100|[from] Sandstorm
|-heal|p1a: Salamence|97/100|[from] item: Leftovers
|-heal|p2a: Tryce|59/100|[from] item: Leftovers
|upkeep
|turn|39
|
|t:|1727863945
|move|p1a: Salamence|Hidden Power|p2a: Tryce
|-damage|p2a: Tryce|0 fnt
|faint|p2a: Tryce
|
|win|Christos
|c|☆Christos|/log Christos made the replay of this battle unlisted.
|player|p1|
|c|☆alphasapphire918|we got the replay?

</script>
<script type="application/json" class="data" id="replaydata-smogtours-gen3ou-793915">
{"id":"smogtours-gen3ou-793915","format":"[Gen 3] OU","players":["Christos","alphasapphire918"],"uploadtime":1727863945,"views":139,"formatid":"gen3ou","rating":null,"private":1,"password":null}
</script>

<script defer src="js/replays.js?9d40a366"></script>
