<!DOCTYPE html>
<meta charset="utf-8" />
<meta name="viewport" content="width=device-width" />

<title>[Gen 3] OU: Oskari SOSA vs. violet river - Replays - Pok&eacute;mon Showdown!</title>

<meta name="description" content="Watch a replay of a Pok&eacute;mon battle between Oskari SOSA and violet river! Format: [Gen 3] OU; Date: Nov 1, 2024" />
<!--

Hey, you! Looking in the source for the replay log?

You can find them in JSON format, just add `.json` at the end of a replay URL.

https://replay.pokemonshowdown.com/gen7randomdoublesbattle-865046831.json

Or, if you only need the log itself, add `.log` instead:

https://replay.pokemonshowdown.com/gen7randomdoublesbattle-865046831.log

-->

<link rel="stylesheet" href="//pokemonshowdown.com/style/global.css?0.023195364461161105" />
<link rel="stylesheet" href="//play.pokemonshowdown.com/style/font-awesome.css?0.13261647063804238" />
<link rel="stylesheet" href="//play.pokemonshowdown.com/style/battle.css?0.8753245789963631" />
<link rel="stylesheet" href="//play.pokemonshowdown.com/style/utilichart.css?0.8627959624976733" />

<!-- Global site tag (gtag.js) - Google Analytics -->
<script async src="https://www.googletagmanager.com/gtag/js?id=UA-26211653-1"></script>
<script>
  window.dataLayer = window.dataLayer || [];
  function gtag(){dataLayer.push(arguments);}
  gtag('js', new Date());

  gtag('config', 'UA-26211653-1');
</script>
<!-- End Google Analytics -->
<!-- Venatus Ad Manager - Install in <HEAD> of page -->
	<script src="https://hb.vntsm.com/v3/live/ad-manager.min.js" type="text/javascript" data-site-id="642aba63ec9a7b11c3c9c1be" data-mode="scan" async></script>
<!-- / Venatus Ad Manager -->

<style>
	@media (max-width:820px) {
		.battle {
			margin: 0 auto;
		}
		.battle-log {
			margin: 7px auto 0;
			max-width: 640px;
			height: 300px;
			position: static;
		}
	}
	.optgroup {
		display: inline-block;
		line-height: 22px;
		font-size: 10pt;
	}
	.optgroup .button {
		height: 25px;
		padding-top: 0;
		padding-bottom: 0;
	}
	.optgroup button.button {
		padding-left: 12px;
		padding-right: 12px;
	}
	.linklist {
		list-style: none;
		margin: 0.5em 0;
		padding: 0;
	}
	.linklist li {
		padding: 2px 0;
	}
	.sidebar {
		float: left;
		width: 320px;
	}
	.bar-wrapper {
		max-width: 1100px;
		margin: 0 auto;
	}
	.bar-wrapper.has-sidebar {
		max-width: 1430px;
	}
	.mainbar {
		margin: 0;
		padding-right: 1px;
	}
	.mainbar.has-sidebar {
		margin-left: 330px;
	}
	@media (min-width: 1511px) {
		.sidebar {
			width: 400px;
		}
		.bar-wrapper.has-sidebar {
			max-width: 1510px;
		}
		.mainbar.has-sidebar {
			margin-left: 410px;
		}
	}
	.section.first-section {
		margin-top: 9px;
	}
	.blocklink small {
		white-space: normal;
	}
	.button {
		vertical-align: middle;
	}
	.replay-controls {
		padding-top: 10px;
	}
	.replay-controls h1 {
		font-size: 16pt;
		font-weight: normal;
		color: #CCC;
	}
	.pagelink {
		text-align: center;
	}
	.pagelink a {
		width: 150px;
	}
	.textbox, .button {
		font-size: 11pt;
		vertical-align: middle;
	}
	@media (max-width: 450px) {
		.button {
			font-size: 9pt;
		}
	}
</style>

<div>

	<header>
		<div class="nav-wrapper"><ul class="nav">
			<li><a class="button nav-first" href="//pokemonshowdown.com/"><img src="//pokemonshowdown.com/images/pokemonshowdownbeta.png" srcset="//pokemonshowdown.com/images/pokemonshowdownbeta.png 1x, //pokemonshowdown.com/images/pokemonshowdownbeta@2x.png 2x" alt="Pok&eacute;mon Showdown" width="146" height="44" /> Home</a></li>
			<li><a class="button" href="//pokemonshowdown.com/dex/">Pok&eacute;dex</a></li>
			<li><a class="button cur" href="/">Replays</a></li>
			<li><a class="button" href="//pokemonshowdown.com/ladder/">Ladder</a></li>
			<li><a class="button nav-last" href="//pokemonshowdown.com/forums/">Forum</a></li>
			<li><a class="button greenbutton nav-first nav-last" href="//play.pokemonshowdown.com/">Play</a></li>
		</ul></div>
	</header>

	<div class="main" id="main">

		<noscript><section class="section">You need to enable JavaScript to use this page; sorry!</section></noscript>

	</div>

</div>

<script defer nomodule src="//play.pokemonshowdown.com/js/lib/ps-polyfill.js"></script>
<script defer src="//play.pokemonshowdown.com/js/lib/preact.min.js"></script>

<script defer src="//play.pokemonshowdown.com/config/config.js?2bddbc15"></script>
<script defer src="//play.pokemonshowdown.com/js/lib/jquery-1.11.0.min.js"></script>
<script defer src="//play.pokemonshowdown.com/js/lib/html-sanitizer-minified.js"></script>
<script defer src="//play.pokemonshowdown.com/js/battle-sound.js"></script>
<script defer src="//play.pokemonshowdown.com/js/battledata.js?0.7209276989879541"></script>
<script defer src="//play.pokemonshowdown.com/data/pokedex-mini.js?0.6111056340867951"></script>
<script defer src="//play.pokemonshowdown.com/data/pokedex-mini-bw.js?0.3532142036491459"></script>
<script defer src="//play.pokemonshowdown.com/data/graphics.js?0.24223875632456182"></script>
<script defer src="//play.pokemonshowdown.com/data/pokedex.js?0.38839984266356864"></script>
<script defer src="//play.pokemonshowdown.com/data/moves.js?0.21866028504024015"></script>
<script defer src="//play.pokemonshowdown.com/data/abilities.js?0.2005157953846628"></script>
<script defer src="//play.pokemonshowdown.com/data/items.js?0.9894211263848525"></script>
<script defer src="//play.pokemonshowdown.com/data/teambuilder-tables.js?0.6008791140282215"></script>
<script defer src="//play.pokemonshowdown.com/js/battle-tooltips.js?0.7580118955022959"></script>
<script defer src="//play.pokemonshowdown.com/js/battle.js?0.6057722274234274"></script>

<script defer src="js/utils.js?e31f9a17"></script>
<script defer src="js/replays-battle.js?7008c182"></script>

<!-- don't scrape this data! just add .json or .log after the URL!
Full API docs: https://github.com/smogon/pokemon-showdown-client/blob/master/WEB-API.md -->
<script type="text/plain" class="log" id="replaylog-smogtours-gen3ou-803669">
|inactive|Battle timer is ON: inactive players will automatically lose when time's up.
|t:|1730430806
|gametype|singles
|player|p1|Oskari SOSA|giovanni|
|player|p2|violet river|jasmine-masters2|
|teamsize|p1|6
|teamsize|p2|6
|gen|3
|tier|[Gen 3] OU
|rule|Sleep Clause Mod: Limit one foe put to sleep
|rule|Switch Priority Clause Mod: Faster Pokémon switch first
|rule|Species Clause: Limit one of each Pokémon
|rule|OHKO Clause: OHKO moves are banned
|rule|Evasion Items Clause: Evasion items are banned
|rule|Evasion Moves Clause: Evasion moves are banned
|rule|Endless Battle Clause: Forcing endless battles is banned
|rule|HP Percentage Mod: HP is shown in percentages
|rule|One Boost Passer Clause: Limit one Baton Passer that has a way to boost its stats
|rule|Freeze Clause Mod: Limit one foe frozen
|
|t:|1730430806
|start
|switch|p1a: Salamence|Salamence, M|100/100
|switch|p2a: Glalie|Glalie, F|100/100
|-ability|p1a: Salamence|Intimidate|boost
|-unboost|p2a: Glalie|atk|1
|turn|1
|c|☆violet river|hf
|c|☆Oskari SOSA|likewise
|inactive|Oskari SOSA has 270 seconds left.
|
|t:|1730430844
|move|p1a: Salamence|Brick Break|p2a: Glalie
|-supereffective|p2a: Glalie
|-damage|p2a: Glalie|7/100
|move|p2a: Glalie|Spikes|p1a: Salamence
|-sidestart|p1: Oskari SOSA|Spikes
|
|-heal|p2a: Glalie|13/100|[from] item: Leftovers
|upkeep
|turn|2
|
|t:|1730430854
|switch|p2a: Banette|Banette, F|100/100
|move|p1a: Salamence|Brick Break|p2a: Banette
|-immune|p2a: Banette
|
|upkeep
|turn|3
|
|t:|1730430859
|switch|p1a: Blissey|Blissey, F|100/100
|-damage|p1a: Blissey|88/100|[from] Spikes
|switch|p2a: Glalie|Glalie, F|13/100
|
|-heal|p2a: Glalie|19/100|[from] item: Leftovers
|-heal|p1a: Blissey|94/100|[from] item: Leftovers
|upkeep
|turn|4
|
|t:|1730430864
|switch|p1a: Skarmory|Skarmory, M|100/100
|move|p2a: Glalie|Explosion|p1a: Skarmory
|-resisted|p1a: Skarmory
|-damage|p1a: Skarmory|70/100
|faint|p2a: Glalie
|
|t:|1730430871
|switch|p2a: Moltres|Moltres|100/100
|
|-heal|p1a: Skarmory|76/100|[from] item: Leftovers
|upkeep
|turn|5
|
|t:|1730430873
|move|p1a: Skarmory|Protect|p1a: Skarmory
|-singleturn|p1a: Skarmory|Protect
|move|p2a: Moltres|Flamethrower|p1a: Skarmory
|-activate|p1a: Skarmory|Protect
|
|-heal|p1a: Skarmory|82/100|[from] item: Leftovers
|upkeep
|turn|6
|
|t:|1730430877
|switch|p1a: Blissey|Blissey, F|94/100
|-damage|p1a: Blissey|82/100|[from] Spikes
|move|p2a: Moltres|Roar|p1a: Blissey
|drag|p1a: Swampert|Swampert, M|100/100
|-damage|p1a: Swampert|88/100|[from] Spikes
|
|-heal|p1a: Swampert|94/100|[from] item: Leftovers
|upkeep
|turn|7
|
|t:|1730430884
|move|p1a: Swampert|Protect|p1a: Swampert
|-singleturn|p1a: Swampert|Protect
|move|p2a: Moltres|Hidden Power|p1a: Swampert
|-activate|p1a: Swampert|Protect
|
|-heal|p1a: Swampert|100/100|[from] item: Leftovers
|upkeep
|turn|8
|
|t:|1730430898
|switch|p1a: Blissey|Blissey, F|82/100
|-damage|p1a: Blissey|69/100|[from] Spikes
|move|p2a: Moltres|Hidden Power|p1a: Blissey
|-damage|p1a: Blissey|59/100
|
|-heal|p1a: Blissey|65/100|[from] item: Leftovers
|upkeep
|turn|9
|
|t:|1730430903
|switch|p2a: Metagross|Metagross|100/100
|move|p1a: Blissey|Soft-Boiled|p1a: Blissey
|-heal|p1a: Blissey|100/100
|
|upkeep
|turn|10
|
|t:|1730430908
|switch|p2a: Banette|Banette, F|100/100
|switch|p1a: Magneton|Magneton|100/100
|-damage|p1a: Magneton|88/100|[from] Spikes
|
|upkeep
|turn|11
|
|t:|1730430913
|switch|p2a: Jolteon|Jolteon, M|100/100
|move|p1a: Magneton|Thunder Wave|p2a: Jolteon
|-status|p2a: Jolteon|par
|
|upkeep
|turn|12
|
|t:|1730430921
|switch|p1a: Blissey|Blissey, F|100/100
|-damage|p1a: Blissey|88/100|[from] Spikes
|move|p2a: Jolteon|Baton Pass|p2a: Jolteon
|
|t:|1730430927
|switch|p2a: Metagross|Metagross|100/100|[from] Baton Pass
|
|-heal|p1a: Blissey|94/100|[from] item: Leftovers
|upkeep
|turn|13
|
|t:|1730430932
|switch|p2a: Banette|Banette, F|100/100
|switch|p1a: Skarmory|Skarmory, M|82/100
|
|-heal|p1a: Skarmory|88/100|[from] item: Leftovers
|upkeep
|turn|14
|
|t:|1730430936
|move|p1a: Skarmory|Protect|p1a: Skarmory
|-singleturn|p1a: Skarmory|Protect
|move|p2a: Banette|Taunt|p1a: Skarmory
|-activate|p1a: Skarmory|Protect
|
|-heal|p1a: Skarmory|94/100|[from] item: Leftovers
|upkeep
|turn|15
|
|t:|1730430941
|switch|p1a: Zapdos|Zapdos|100/100
|move|p2a: Banette|Will-O-Wisp|p1a: Zapdos
|-status|p1a: Zapdos|brn
|
|-damage|p1a: Zapdos|88/100 brn|[from] brn
|upkeep
|turn|16
|
|t:|1730430945
|switch|p2a: Jolteon|Jolteon, M|100/100 par
|move|p1a: Zapdos|Thunderbolt|p2a: Jolteon
|-immune|p2a: Jolteon|[from] ability: Volt Absorb
|
|-heal|p1a: Zapdos|94/100 brn|[from] item: Leftovers
|-damage|p1a: Zapdos|82/100 brn|[from] brn
|upkeep
|turn|17
|
|t:|1730430948
|switch|p1a: Blissey|Blissey, F|94/100
|-damage|p1a: Blissey|82/100|[from] Spikes
|move|p2a: Jolteon|Thunderbolt|p1a: Blissey
|-damage|p1a: Blissey|63/100
|
|-heal|p1a: Blissey|69/100|[from] item: Leftovers
|upkeep
|turn|18
|
|t:|1730430955
|switch|p2a: Metagross|Metagross|100/100
|move|p1a: Blissey|Seismic Toss|p2a: Metagross
|-damage|p2a: Metagross|73/100
|
|-heal|p2a: Metagross|79/100|[from] item: Leftovers
|-heal|p1a: Blissey|75/100|[from] item: Leftovers
|upkeep
|turn|19
|
|t:|1730430959
|switch|p2a: Moltres|Moltres|100/100
|switch|p1a: Skarmory|Skarmory, M|94/100
|
|-heal|p1a: Skarmory|99/100|[from] item: Leftovers
|upkeep
|turn|20
|
|t:|1730430967
|move|p1a: Skarmory|Protect|p1a: Skarmory
|-singleturn|p1a: Skarmory|Protect
|move|p2a: Moltres|Overheat|p1a: Skarmory
|-activate|p1a: Skarmory|Protect
|
|-heal|p1a: Skarmory|100/100|[from] item: Leftovers
|upkeep
|turn|21
|
|t:|1730430972
|switch|p1a: Blissey|Blissey, F|75/100
|-damage|p1a: Blissey|63/100|[from] Spikes
|move|p2a: Moltres|Overheat|p1a: Blissey
|-damage|p1a: Blissey|31/100
|-unboost|p2a: Moltres|spa|2
|
|-heal|p1a: Blissey|38/100|[from] item: Leftovers
|upkeep
|turn|22
|
|t:|1730430981
|switch|p2a: Metagross|Metagross|79/100
|move|p1a: Blissey|Soft-Boiled|p1a: Blissey
|-heal|p1a: Blissey|87/100
|
|-heal|p2a: Metagross|85/100|[from] item: Leftovers
|-heal|p1a: Blissey|94/100|[from] item: Leftovers
|upkeep
|turn|23
|
|t:|1730430988
|switch|p2a: Moltres|Moltres|100/100
|switch|p1a: Skarmory|Skarmory, M|100/100
|
|upkeep
|turn|24
|
|t:|1730430992
|switch|p1a: Blissey|Blissey, F|94/100
|-damage|p1a: Blissey|81/100|[from] Spikes
|move|p2a: Moltres|Roar|p1a: Blissey
|drag|p1a: Swampert|Swampert, M|100/100
|-damage|p1a: Swampert|88/100|[from] Spikes
|
|-heal|p1a: Swampert|94/100|[from] item: Leftovers
|upkeep
|turn|25
|
|t:|1730431001
|switch|p1a: Salamence|Salamence, M|100/100
|-ability|p1a: Salamence|Intimidate|boost
|-unboost|p2a: Moltres|atk|1
|move|p2a: Moltres|Hidden Power|p1a: Salamence
|-resisted|p1a: Salamence
|-damage|p1a: Salamence|93/100
|
|upkeep
|turn|26
|
|t:|1730431010
|move|p1a: Salamence|Hidden Power|p2a: Moltres
|-damage|p2a: Moltres|34/100
|move|p2a: Moltres|Overheat|p1a: Salamence
|-resisted|p1a: Salamence
|-damage|p1a: Salamence|48/100
|-unboost|p2a: Moltres|spa|2
|
|-heal|p2a: Moltres|40/100|[from] item: Leftovers
|upkeep
|turn|27
|
|t:|1730431016
|switch|p1a: Skarmory|Skarmory, M|100/100
|switch|p2a: Metagross|Metagross|85/100
|
|-heal|p2a: Metagross|91/100|[from] item: Leftovers
|upkeep
|turn|28
|
|t:|1730431019
|switch|p2a: Moltres|Moltres|40/100
|move|p1a: Skarmory|Spikes|p2a: Moltres
|-sidestart|p2: violet river|Spikes
|
|-heal|p2a: Moltres|47/100|[from] item: Leftovers
|upkeep
|turn|29
|
|t:|1730431024
|switch|p1a: Blissey|Blissey, F|81/100
|-damage|p1a: Blissey|69/100|[from] Spikes
|move|p2a: Moltres|Roar|p1a: Blissey
|drag|p1a: Magneton|Magneton|88/100
|-damage|p1a: Magneton|75/100|[from] Spikes
|
|-heal|p2a: Moltres|53/100|[from] item: Leftovers
|upkeep
|turn|30
|
|t:|1730431032
|switch|p1a: Blissey|Blissey, F|69/100
|-damage|p1a: Blissey|56/100|[from] Spikes
|move|p2a: Moltres|Roar|p1a: Blissey
|drag|p1a: Salamence|Salamence, M|48/100
|-ability|p1a: Salamence|Intimidate|boost
|-unboost|p2a: Moltres|atk|1
|
|-heal|p2a: Moltres|59/100|[from] item: Leftovers
|upkeep
|turn|31
|
|t:|1730431039
|switch|p2a: Metagross|Metagross|91/100
|-damage|p2a: Metagross|79/100|[from] Spikes
|move|p1a: Salamence|Hidden Power|p2a: Metagross
|-resisted|p2a: Metagross
|-damage|p2a: Metagross|60/100
|
|-heal|p2a: Metagross|66/100|[from] item: Leftovers
|upkeep
|turn|32
|
|t:|1730431043
|switch|p1a: Zapdos|Zapdos|82/100 brn
|switch|p2a: Moltres|Moltres|59/100
|
|-heal|p2a: Moltres|65/100|[from] item: Leftovers
|-heal|p1a: Zapdos|88/100 brn|[from] item: Leftovers
|-damage|p1a: Zapdos|76/100 brn|[from] brn
|upkeep
|turn|33
|
|t:|1730431049
|switch|p2a: Jolteon|Jolteon, M|100/100 par
|-damage|p2a: Jolteon|88/100 par|[from] Spikes
|move|p1a: Zapdos|Roar|p2a: Jolteon
|drag|p2a: Banette|Banette, F|100/100
|-damage|p2a: Banette|88/100|[from] Spikes
|
|-heal|p1a: Zapdos|82/100 brn|[from] item: Leftovers
|-damage|p1a: Zapdos|69/100 brn|[from] brn
|-heal|p2a: Banette|94/100|[from] item: Leftovers
|upkeep
|turn|34
|
|t:|1730431052
|move|p2a: Banette|Shadow Ball|p1a: Zapdos
|-damage|p1a: Zapdos|35/100 brn
|move|p1a: Zapdos|Roar|p2a: Banette
|drag|p2a: Suicune|Suicune|100/100
|-damage|p2a: Suicune|88/100|[from] Spikes
|
|-heal|p2a: Suicune|94/100|[from] item: Leftovers
|-heal|p1a: Zapdos|41/100 brn|[from] item: Leftovers
|-damage|p1a: Zapdos|29/100 brn|[from] brn
|upkeep
|turn|35
|
|t:|1730431056
|move|p2a: Suicune|Ice Beam|p1a: Zapdos
|-supereffective|p1a: Zapdos
|-damage|p1a: Zapdos|0 fnt
|faint|p1a: Zapdos
|
|t:|1730431061
|switch|p1a: Blissey|Blissey, F|56/100
|-damage|p1a: Blissey|44/100|[from] Spikes
|
|-heal|p2a: Suicune|100/100|[from] item: Leftovers
|-heal|p1a: Blissey|50/100|[from] item: Leftovers
|upkeep
|turn|36
|
|t:|1730431068
|switch|p2a: Metagross|Metagross|66/100
|-damage|p2a: Metagross|54/100|[from] Spikes
|move|p1a: Blissey|Soft-Boiled|p1a: Blissey
|-heal|p1a: Blissey|99/100
|
|-heal|p2a: Metagross|60/100|[from] item: Leftovers
|-heal|p1a: Blissey|100/100|[from] item: Leftovers
|upkeep
|turn|37
|
|t:|1730431072
|switch|p2a: Moltres|Moltres|65/100
|switch|p1a: Skarmory|Skarmory, M|100/100
|
|-heal|p2a: Moltres|71/100|[from] item: Leftovers
|upkeep
|turn|38
|
|t:|1730431075
|switch|p1a: Blissey|Blissey, F|100/100
|-damage|p1a: Blissey|88/100|[from] Spikes
|move|p2a: Moltres|Roar|p1a: Blissey
|drag|p1a: Skarmory|Skarmory, M|100/100
|
|-heal|p2a: Moltres|78/100|[from] item: Leftovers
|upkeep
|turn|39
|
|t:|1730431080
|switch|p1a: Blissey|Blissey, F|88/100
|-damage|p1a: Blissey|76/100|[from] Spikes
|move|p2a: Moltres|Roar|p1a: Blissey
|drag|p1a: Salamence|Salamence, M|48/100
|-ability|p1a: Salamence|Intimidate|boost
|-unboost|p2a: Moltres|atk|1
|
|-heal|p2a: Moltres|84/100|[from] item: Leftovers
|upkeep
|turn|40
|
|t:|1730431085
|move|p1a: Salamence|Earthquake|p2a: Moltres
|-immune|p2a: Moltres
|move|p2a: Moltres|Overheat|p1a: Salamence
|-resisted|p1a: Salamence
|-damage|p1a: Salamence|1/100
|-unboost|p2a: Moltres|spa|2
|
|-heal|p2a: Moltres|90/100|[from] item: Leftovers
|upkeep
|turn|41
|
|t:|1730431094
|switch|p1a: Swampert|Swampert, M|94/100
|-damage|p1a: Swampert|82/100|[from] Spikes
|move|p2a: Moltres|Roar|p1a: Swampert
|drag|p1a: Skarmory|Skarmory, M|100/100
|
|-heal|p2a: Moltres|96/100|[from] item: Leftovers
|upkeep
|turn|42
|
|t:|1730431099
|switch|p1a: Blissey|Blissey, F|76/100
|-damage|p1a: Blissey|63/100|[from] Spikes
|move|p2a: Moltres|Overheat|p1a: Blissey
|-damage|p1a: Blissey|48/100
|-unboost|p2a: Moltres|spa|2
|
|-heal|p2a: Moltres|100/100|[from] item: Leftovers
|-heal|p1a: Blissey|54/100|[from] item: Leftovers
|upkeep
|turn|43
|
|t:|1730431101
|switch|p2a: Metagross|Metagross|60/100
|-damage|p2a: Metagross|48/100|[from] Spikes
|move|p1a: Blissey|Soft-Boiled|p1a: Blissey
|-heal|p1a: Blissey|100/100
|
|-heal|p2a: Metagross|54/100|[from] item: Leftovers
|upkeep
|turn|44
|
|t:|1730431106
|switch|p2a: Moltres|Moltres|100/100
|switch|p1a: Skarmory|Skarmory, M|100/100
|
|upkeep
|turn|45
|
|t:|1730431110
|switch|p1a: Blissey|Blissey, F|100/100
|-damage|p1a: Blissey|88/100|[from] Spikes
|move|p2a: Moltres|Flamethrower|p1a: Blissey
|-damage|p1a: Blissey|69/100
|-status|p1a: Blissey|brn
|
|-heal|p1a: Blissey|75/100 brn|[from] item: Leftovers
|-damage|p1a: Blissey|63/100 brn|[from] brn
|upkeep
|turn|46
|
|t:|1730431115
|switch|p2a: Banette|Banette, F|94/100
|-damage|p2a: Banette|82/100|[from] Spikes
|move|p1a: Blissey|Soft-Boiled|p1a: Blissey
|-heal|p1a: Blissey|100/100 brn
|
|-heal|p2a: Banette|88/100|[from] item: Leftovers
|-damage|p1a: Blissey|88/100 brn|[from] brn
|upkeep
|turn|47
|
|t:|1730431120
|-curestatus|p1a: Blissey|brn|[from] ability: Natural Cure
|switch|p1a: Magneton|Magneton|75/100
|-damage|p1a: Magneton|63/100|[from] Spikes
|move|p2a: Banette|Hidden Power|p1a: Magneton
|-supereffective|p1a: Magneton
|-damage|p1a: Magneton|18/100
|
|-heal|p2a: Banette|94/100|[from] item: Leftovers
|upkeep
|turn|48
|
|t:|1730431124
|switch|p2a: Jolteon|Jolteon, M|88/100 par
|-damage|p2a: Jolteon|76/100 par|[from] Spikes
|move|p1a: Magneton|Thunderbolt|p2a: Jolteon
|-heal|p2a: Jolteon|100/100 par|[from] ability: Volt Absorb|[of] p1a: Magneton
|
|upkeep
|turn|49
|
|t:|1730431127
|move|p1a: Magneton|Hidden Power|p2a: Jolteon
|-damage|p2a: Jolteon|65/100 par
|move|p2a: Jolteon|Thunderbolt|p1a: Magneton
|-resisted|p1a: Magneton
|-damage|p1a: Magneton|0 fnt
|faint|p1a: Magneton
|
|t:|1730431132
|switch|p1a: Salamence|Salamence, M|1/100
|-ability|p1a: Salamence|Intimidate|boost
|-unboost|p2a: Jolteon|atk|1
|
|-heal|p2a: Jolteon|71/100 par|[from] item: Leftovers
|upkeep
|turn|50
|c|☆violet river|cbmence kills everything 
|
|t:|1730431137
|move|p1a: Salamence|Rock Slide|p2a: Jolteon
|-damage|p2a: Jolteon|0 fnt
|faint|p2a: Jolteon
|
|t:|1730431152
|switch|p2a: Suicune|Suicune|100/100
|-damage|p2a: Suicune|88/100|[from] Spikes
|
|-heal|p2a: Suicune|94/100|[from] item: Leftovers
|upkeep
|turn|51
|
|t:|1730431155
|switch|p1a: Blissey|Blissey, F|88/100
|-damage|p1a: Blissey|76/100|[from] Spikes
|move|p2a: Suicune|Surf|p1a: Blissey
|-damage|p1a: Blissey|61/100
|
|-heal|p2a: Suicune|100/100|[from] item: Leftovers
|-heal|p1a: Blissey|67/100|[from] item: Leftovers
|upkeep
|turn|52
|
|t:|1730431158
|switch|p2a: Banette|Banette, F|94/100
|-damage|p2a: Banette|82/100|[from] Spikes
|move|p1a: Blissey|Soft-Boiled|p1a: Blissey
|-heal|p1a: Blissey|100/100
|
|-heal|p2a: Banette|88/100|[from] item: Leftovers
|upkeep
|turn|53
|
|t:|1730431163
|move|p2a: Banette|Hidden Power|p1a: Blissey
|-supereffective|p1a: Blissey
|-damage|p1a: Blissey|63/100
|move|p1a: Blissey|Ice Beam|p2a: Banette
|-damage|p2a: Banette|60/100
|
|-heal|p2a: Banette|66/100|[from] item: Leftovers
|-heal|p1a: Blissey|69/100|[from] item: Leftovers
|upkeep
|turn|54
|
|t:|1730431170
|move|p2a: Banette|Hidden Power|p1a: Blissey
|-supereffective|p1a: Blissey
|-damage|p1a: Blissey|36/100
|move|p1a: Blissey|Wish|p1a: Blissey
|
|-heal|p2a: Banette|72/100|[from] item: Leftovers
|-heal|p1a: Blissey|42/100|[from] item: Leftovers
|upkeep
|turn|55
|
|t:|1730431175
|move|p2a: Banette|Will-O-Wisp|p1a: Blissey
|-status|p1a: Blissey|brn
|move|p1a: Blissey|Ice Beam|p2a: Banette
|-damage|p2a: Banette|45/100
|
|-heal|p1a: Blissey|92/100 brn|[from] move: Wish|[wisher] Blissey
|-heal|p2a: Banette|51/100|[from] item: Leftovers
|-heal|p1a: Blissey|99/100 brn|[from] item: Leftovers
|-damage|p1a: Blissey|86/100 brn|[from] brn
|upkeep
|turn|56
|
|t:|1730431178
|-curestatus|p1a: Blissey|brn|[from] ability: Natural Cure
|switch|p1a: Swampert|Swampert, M|82/100
|-damage|p1a: Swampert|70/100|[from] Spikes
|move|p2a: Banette|Hidden Power|p1a: Swampert
|-damage|p1a: Swampert|56/100
|
|-heal|p2a: Banette|57/100|[from] item: Leftovers
|-heal|p1a: Swampert|62/100|[from] item: Leftovers
|upkeep
|turn|57
|
|t:|1730431181
|move|p2a: Banette|Will-O-Wisp|p1a: Swampert
|-status|p1a: Swampert|brn
|move|p1a: Swampert|Surf|p2a: Banette
|-damage|p2a: Banette|25/100
|
|-heal|p2a: Banette|31/100|[from] item: Leftovers
|-heal|p1a: Swampert|68/100 brn|[from] item: Leftovers
|-damage|p1a: Swampert|56/100 brn|[from] brn
|upkeep
|turn|58
|
|t:|1730431185
|move|p2a: Banette|Taunt|p1a: Swampert
|-start|p1a: Swampert|move: Taunt
|move|p1a: Swampert|Surf|p2a: Banette
|-damage|p2a: Banette|0 fnt
|faint|p2a: Banette
|
|t:|1730431189
|switch|p2a: Moltres|Moltres|100/100
|
|-heal|p1a: Swampert|62/100 brn|[from] item: Leftovers
|-damage|p1a: Swampert|50/100 brn|[from] brn
|upkeep
|turn|59
|
|t:|1730431192
|switch|p1a: Blissey|Blissey, F|86/100
|-damage|p1a: Blissey|74/100|[from] Spikes
|move|p2a: Moltres|Hidden Power|p1a: Blissey
|-damage|p1a: Blissey|64/100
|
|-heal|p1a: Blissey|70/100|[from] item: Leftovers
|upkeep
|turn|60
|
|t:|1730431199
|switch|p2a: Metagross|Metagross|54/100
|-damage|p2a: Metagross|41/100|[from] Spikes
|move|p1a: Blissey|Wish|p1a: Blissey
|
|-heal|p2a: Metagross|47/100|[from] item: Leftovers
|-heal|p1a: Blissey|76/100|[from] item: Leftovers
|upkeep
|turn|61
|
|t:|1730431203
|switch|p1a: Swampert|Swampert, M|50/100 brn
|-damage|p1a: Swampert|37/100 brn|[from] Spikes
|move|p2a: Metagross|Meteor Mash|p1a: Swampert
|-resisted|p1a: Swampert
|-damage|p1a: Swampert|20/100 brn
|
|-heal|p1a: Swampert|70/100 brn|[from] move: Wish|[wisher] Blissey
|-heal|p2a: Metagross|54/100|[from] item: Leftovers
|-heal|p1a: Swampert|76/100 brn|[from] item: Leftovers
|-damage|p1a: Swampert|64/100 brn|[from] brn
|upkeep
|turn|62
|
|t:|1730431208
|move|p2a: Metagross|Earthquake|p1a: Swampert
|-damage|p1a: Swampert|41/100 brn
|move|p1a: Swampert|Refresh|p1a: Swampert
|-curestatus|p1a: Swampert|brn|[msg]
|
|-heal|p2a: Metagross|60/100|[from] item: Leftovers
|-heal|p1a: Swampert|47/100|[from] item: Leftovers
|upkeep
|turn|63
|
|t:|1730431212
|switch|p2a: Moltres|Moltres|100/100
|move|p1a: Swampert|Protect||[still]
|-fail|p1a: Swampert
|
|-heal|p1a: Swampert|53/100|[from] item: Leftovers
|upkeep
|turn|64
|
|t:|1730431216
|move|p1a: Swampert|Protect|p1a: Swampert
|-singleturn|p1a: Swampert|Protect
|move|p2a: Moltres|Hidden Power|p1a: Swampert
|-activate|p1a: Swampert|Protect
|
|-heal|p1a: Swampert|60/100|[from] item: Leftovers
|upkeep
|turn|65
|
|t:|1730431219
|switch|p1a: Blissey|Blissey, F|76/100
|-damage|p1a: Blissey|64/100|[from] Spikes
|move|p2a: Moltres|Roar|p1a: Blissey
|drag|p1a: Skarmory|Skarmory, M|100/100
|
|upkeep
|turn|66
|
|t:|1730431222
|move|p1a: Skarmory|Protect|p1a: Skarmory
|-singleturn|p1a: Skarmory|Protect
|move|p2a: Moltres|Flamethrower|p1a: Skarmory
|-activate|p1a: Skarmory|Protect
|
|upkeep
|turn|67
|
|t:|1730431226
|switch|p1a: Blissey|Blissey, F|64/100
|-damage|p1a: Blissey|51/100|[from] Spikes
|move|p2a: Moltres|Roar|p1a: Blissey
|drag|p1a: Salamence|Salamence, M|1/100
|-ability|p1a: Salamence|Intimidate|boost
|-unboost|p2a: Moltres|atk|1
|
|upkeep
|turn|68
|
|t:|1730431230
|move|p1a: Salamence|Rock Slide|p2a: Moltres
|-supereffective|p2a: Moltres
|-crit|p2a: Moltres
|-damage|p2a: Moltres|0 fnt
|faint|p2a: Moltres
|
|t:|1730431234
|switch|p2a: Metagross|Metagross|60/100
|-damage|p2a: Metagross|47/100|[from] Spikes
|
|-heal|p2a: Metagross|53/100|[from] item: Leftovers
|upkeep
|turn|69
|
|t:|1730431238
|switch|p1a: Skarmory|Skarmory, M|100/100
|move|p2a: Metagross|Explosion|p1a: Skarmory
|-resisted|p1a: Skarmory
|-damage|p1a: Skarmory|40/100
|faint|p2a: Metagross
|
|t:|1730431241
|switch|p2a: Suicune|Suicune|100/100
|-damage|p2a: Suicune|88/100|[from] Spikes
|
|-heal|p2a: Suicune|94/100|[from] item: Leftovers
|-heal|p1a: Skarmory|46/100|[from] item: Leftovers
|upkeep
|turn|70
|
|t:|1730431244
|switch|p1a: Blissey|Blissey, F|51/100
|-damage|p1a: Blissey|39/100|[from] Spikes
|move|p2a: Suicune|Calm Mind|p2a: Suicune
|-boost|p2a: Suicune|spa|1
|-boost|p2a: Suicune|spd|1
|
|-heal|p2a: Suicune|100/100|[from] item: Leftovers
|-heal|p1a: Blissey|45/100|[from] item: Leftovers
|upkeep
|turn|71
|
|t:|1730431246
|move|p2a: Suicune|Calm Mind|p2a: Suicune
|-boost|p2a: Suicune|spa|1
|-boost|p2a: Suicune|spd|1
|move|p1a: Blissey|Soft-Boiled|p1a: Blissey
|-heal|p1a: Blissey|95/100
|
|-heal|p1a: Blissey|100/100|[from] item: Leftovers
|upkeep
|turn|72
|
|t:|1730431248
|move|p2a: Suicune|Calm Mind|p2a: Suicune
|-boost|p2a: Suicune|spa|1
|-boost|p2a: Suicune|spd|1
|move|p1a: Blissey|Seismic Toss|p2a: Suicune
|-damage|p2a: Suicune|73/100
|
|-heal|p2a: Suicune|79/100|[from] item: Leftovers
|upkeep
|turn|73
|
|t:|1730431251
|move|p2a: Suicune|Calm Mind|p2a: Suicune
|-boost|p2a: Suicune|spa|1
|-boost|p2a: Suicune|spd|1
|move|p1a: Blissey|Seismic Toss|p2a: Suicune
|-damage|p2a: Suicune|51/100
|
|-heal|p2a: Suicune|57/100|[from] item: Leftovers
|upkeep
|turn|74
|
|t:|1730431253
|move|p2a: Suicune|Rest|p2a: Suicune
|-status|p2a: Suicune|slp|[from] move: Rest
|-heal|p2a: Suicune|100/100 slp|[silent]
|move|p1a: Blissey|Seismic Toss|p2a: Suicune
|-damage|p2a: Suicune|73/100 slp
|
|-heal|p2a: Suicune|79/100 slp|[from] item: Leftovers
|upkeep
|turn|75
|
|t:|1730431256
|switch|p1a: Salamence|Salamence, M|1/100
|-ability|p1a: Salamence|Intimidate|boost
|-unboost|p2a: Suicune|atk|1
|cant|p2a: Suicune|slp
|
|-heal|p2a: Suicune|85/100 slp|[from] item: Leftovers
|upkeep
|turn|76
|
|t:|1730431259
|move|p1a: Salamence|Hidden Power|p2a: Suicune
|-damage|p2a: Suicune|35/100 slp
|cant|p2a: Suicune|slp
|
|-heal|p2a: Suicune|41/100 slp|[from] item: Leftovers
|upkeep
|turn|77
|c|☆violet river|ggwp
|
|t:|1730431263
|move|p1a: Salamence|Hidden Power|p2a: Suicune
|-damage|p2a: Suicune|0 fnt
|faint|p2a: Suicune
|
|win|Oskari SOSA
|c|☆Oskari SOSA|gg

</script>
<script type="application/json" class="data" id="replaydata-smogtours-gen3ou-803669">
{"id":"smogtours-gen3ou-803669","format":"[Gen 3] OU","players":["Oskari SOSA","violet river"],"uploadtime":1730431263,"views":133,"formatid":"gen3ou","rating":null,"private":0,"password":null}
</script>

<script defer src="js/replays.js?9d40a366"></script>
