<!DOCTYPE html>
<meta charset="utf-8" />
<meta name="viewport" content="width=device-width" />

<title>[Gen 3] OU: Venik777 vs. BillGatesAlt - Replays - Pok&eacute;mon Showdown!</title>

<meta name="description" content="Watch a replay of a Pok&eacute;mon battle between Venik777 and BillGatesAlt! Format: [Gen 3] OU; Date: Oct 27, 2024" />
<!--

Hey, you! Looking in the source for the replay log?

You can find them in JSON format, just add `.json` at the end of a replay URL.

https://replay.pokemonshowdown.com/gen7randomdoublesbattle-865046831.json

Or, if you only need the log itself, add `.log` instead:

https://replay.pokemonshowdown.com/gen7randomdoublesbattle-865046831.log

-->

<link rel="stylesheet" href="//pokemonshowdown.com/style/global.css?0.767286132409787" />
<link rel="stylesheet" href="//play.pokemonshowdown.com/style/font-awesome.css?0.9266228007934947" />
<link rel="stylesheet" href="//play.pokemonshowdown.com/style/battle.css?0.7924700842790926" />
<link rel="stylesheet" href="//play.pokemonshowdown.com/style/utilichart.css?0.8777417872839479" />

<!-- Global site tag (gtag.js) - Google Analytics -->
<script async src="https://www.googletagmanager.com/gtag/js?id=UA-26211653-1"></script>
<script>
  window.dataLayer = window.dataLayer || [];
  function gtag(){dataLayer.push(arguments);}
  gtag('js', new Date());

  gtag('config', 'UA-26211653-1');
</script>
<!-- End Google Analytics -->
<!-- Venatus Ad Manager - Install in <HEAD> of page -->
	<script src="https://hb.vntsm.com/v3/live/ad-manager.min.js" type="text/javascript" data-site-id="642aba63ec9a7b11c3c9c1be" data-mode="scan" async></script>
<!-- / Venatus Ad Manager -->

<style>
	@media (max-width:820px) {
		.battle {
			margin: 0 auto;
		}
		.battle-log {
			margin: 7px auto 0;
			max-width: 640px;
			height: 300px;
			position: static;
		}
	}
	.optgroup {
		display: inline-block;
		line-height: 22px;
		font-size: 10pt;
	}
	.optgroup .button {
		height: 25px;
		padding-top: 0;
		padding-bottom: 0;
	}
	.optgroup button.button {
		padding-left: 12px;
		padding-right: 12px;
	}
	.linklist {
		list-style: none;
		margin: 0.5em 0;
		padding: 0;
	}
	.linklist li {
		padding: 2px 0;
	}
	.sidebar {
		float: left;
		width: 320px;
	}
	.bar-wrapper {
		max-width: 1100px;
		margin: 0 auto;
	}
	.bar-wrapper.has-sidebar {
		max-width: 1430px;
	}
	.mainbar {
		margin: 0;
		padding-right: 1px;
	}
	.mainbar.has-sidebar {
		margin-left: 330px;
	}
	@media (min-width: 1511px) {
		.sidebar {
			width: 400px;
		}
		.bar-wrapper.has-sidebar {
			max-width: 1510px;
		}
		.mainbar.has-sidebar {
			margin-left: 410px;
		}
	}
	.section.first-section {
		margin-top: 9px;
	}
	.blocklink small {
		white-space: normal;
	}
	.button {
		vertical-align: middle;
	}
	.replay-controls {
		padding-top: 10px;
	}
	.replay-controls h1 {
		font-size: 16pt;
		font-weight: normal;
		color: #CCC;
	}
	.pagelink {
		text-align: center;
	}
	.pagelink a {
		width: 150px;
	}
	.textbox, .button {
		font-size: 11pt;
		vertical-align: middle;
	}
	@media (max-width: 450px) {
		.button {
			font-size: 9pt;
		}
	}
</style>

<div>

	<header>
		<div class="nav-wrapper"><ul class="nav">
			<li><a class="button nav-first" href="//pokemonshowdown.com/"><img src="//pokemonshowdown.com/images/pokemonshowdownbeta.png" srcset="//pokemonshowdown.com/images/pokemonshowdownbeta.png 1x, //pokemonshowdown.com/images/pokemonshowdownbeta@2x.png 2x" alt="Pok&eacute;mon Showdown" width="146" height="44" /> Home</a></li>
			<li><a class="button" href="//pokemonshowdown.com/dex/">Pok&eacute;dex</a></li>
			<li><a class="button cur" href="/">Replays</a></li>
			<li><a class="button" href="//pokemonshowdown.com/ladder/">Ladder</a></li>
			<li><a class="button nav-last" href="//pokemonshowdown.com/forums/">Forum</a></li>
			<li><a class="button greenbutton nav-first nav-last" href="//play.pokemonshowdown.com/">Play</a></li>
		</ul></div>
	</header>

	<div class="main" id="main">

		<noscript><section class="section">You need to enable JavaScript to use this page; sorry!</section></noscript>

	</div>

</div>

<script defer nomodule src="//play.pokemonshowdown.com/js/lib/ps-polyfill.js"></script>
<script defer src="//play.pokemonshowdown.com/js/lib/preact.min.js"></script>

<script defer src="//play.pokemonshowdown.com/config/config.js?6dec07f6"></script>
<script defer src="//play.pokemonshowdown.com/js/lib/jquery-1.11.0.min.js"></script>
<script defer src="//play.pokemonshowdown.com/js/lib/html-sanitizer-minified.js"></script>
<script defer src="//play.pokemonshowdown.com/js/battle-sound.js"></script>
<script defer src="//play.pokemonshowdown.com/js/battledata.js?0.6315294753075389"></script>
<script defer src="//play.pokemonshowdown.com/data/pokedex-mini.js?0.7603743185311358"></script>
<script defer src="//play.pokemonshowdown.com/data/pokedex-mini-bw.js?0.030888842834281283"></script>
<script defer src="//play.pokemonshowdown.com/data/graphics.js?0.05593094747507488"></script>
<script defer src="//play.pokemonshowdown.com/data/pokedex.js?0.47064822249611904"></script>
<script defer src="//play.pokemonshowdown.com/data/moves.js?0.8583693120512459"></script>
<script defer src="//play.pokemonshowdown.com/data/abilities.js?0.16017181182386842"></script>
<script defer src="//play.pokemonshowdown.com/data/items.js?0.4163379185673943"></script>
<script defer src="//play.pokemonshowdown.com/data/teambuilder-tables.js?0.31075597372830477"></script>
<script defer src="//play.pokemonshowdown.com/js/battle-tooltips.js?0.6536193500708172"></script>
<script defer src="//play.pokemonshowdown.com/js/battle.js?0.1916591943277901"></script>

<script defer src="js/utils.js?e31f9a17"></script>
<script defer src="js/replays-battle.js?7008c182"></script>

<!-- don't scrape this data! just add .json or .log after the URL!
Full API docs: https://github.com/smogon/pokemon-showdown-client/blob/master/WEB-API.md -->
<script type="text/plain" class="log" id="replaylog-smogtours-gen3ou-802721">
|inactive|Battle timer is ON: inactive players will automatically lose when time's up.
|t:|1730061100
|gametype|singles
|player|p1|Venik777|bellelba|
|player|p2|BillGatesAlt|clown|
|teamsize|p1|6
|teamsize|p2|6
|gen|3
|tier|[Gen 3] OU
|rule|Sleep Clause Mod: Limit one foe put to sleep
|rule|Switch Priority Clause Mod: Faster Pokémon switch first
|rule|Species Clause: Limit one of each Pokémon
|rule|OHKO Clause: OHKO moves are banned
|rule|Evasion Items Clause: Evasion items are banned
|rule|Evasion Moves Clause: Evasion moves are banned
|rule|Endless Battle Clause: Forcing endless battles is banned
|rule|HP Percentage Mod: HP is shown in percentages
|rule|One Boost Passer Clause: Limit one Baton Passer that has a way to boost its stats
|rule|Freeze Clause Mod: Limit one foe frozen
|
|t:|1730061100
|start
|switch|p1a: Snorlax|Snorlax, M|100/100
|switch|p2a: Get It Twisted|Slaking, F|100/100
|turn|1
|
|t:|1730061121
|-singleturn|p2a: Get It Twisted|move: Focus Punch
|switch|p1a: Salamence|Salamence, M|100/100
|-ability|p1a: Salamence|Intimidate|boost
|-unboost|p2a: Get It Twisted|atk|1
|move|p2a: Get It Twisted|Focus Punch|p1a: Salamence
|-resisted|p1a: Salamence
|-damage|p1a: Salamence|58/100
|
|-heal|p1a: Salamence|64/100|[from] item: Leftovers
|upkeep
|turn|2
|inactive|Venik777 has 270 seconds left.
|
|t:|1730061157
|switch|p2a: Lock-In|Claydol|100/100
|move|p1a: Salamence|Dragon Dance|p1a: Salamence
|-boost|p1a: Salamence|atk|1
|-boost|p1a: Salamence|spe|1
|
|-heal|p1a: Salamence|70/100|[from] item: Leftovers
|upkeep
|turn|3
|inactive|Venik777 has 270 seconds left.
|
|t:|1730061168
|move|p1a: Salamence|Hidden Power|p2a: Lock-In
|-damage|p2a: Lock-In|39/100
|move|p2a: Lock-In|Explosion|p1a: Salamence
|-damage|p1a: Salamence|0 fnt
|faint|p2a: Lock-In
|faint|p1a: Salamence
|inactive|Venik777 has 270 seconds left.
|
|t:|1730061190
|switch|p1a: Tyranitar|Tyranitar, M|100/100
|switch|p2a: Get It Twisted|Slaking, F|100/100
|-weather|Sandstorm|[from] ability: Sand Stream|[of] p1a: Tyranitar
|
|-weather|Sandstorm|[upkeep]
|-damage|p2a: Get It Twisted|94/100|[from] Sandstorm
|upkeep
|turn|4
|
|t:|1730061201
|switch|p1a: Celebi|Celebi|100/100
|move|p2a: Get It Twisted|Earthquake|p1a: Celebi
|-resisted|p1a: Celebi
|-damage|p1a: Celebi|77/100
|
|-weather|Sandstorm|[upkeep]
|-damage|p2a: Get It Twisted|88/100|[from] Sandstorm
|-damage|p1a: Celebi|71/100|[from] Sandstorm
|-heal|p1a: Celebi|77/100|[from] item: Leftovers
|upkeep
|turn|5
|
|t:|1730061210
|switch|p2a: Puck|Celebi|100/100
|move|p1a: Celebi|Leech Seed|p2a: Puck
|-immune|p2a: Puck
|
|-weather|Sandstorm|[upkeep]
|-damage|p2a: Puck|94/100|[from] Sandstorm
|-damage|p1a: Celebi|71/100|[from] Sandstorm
|-heal|p2a: Puck|100/100|[from] item: Leftovers
|-heal|p1a: Celebi|77/100|[from] item: Leftovers
|upkeep
|turn|6
|
|t:|1730061220
|move|p2a: Puck|Calm Mind|p2a: Puck
|-boost|p2a: Puck|spa|1
|-boost|p2a: Puck|spd|1
|move|p1a: Celebi|Swords Dance|p1a: Celebi
|-boost|p1a: Celebi|atk|2
|
|-weather|Sandstorm|[upkeep]
|-damage|p2a: Puck|94/100|[from] Sandstorm
|-damage|p1a: Celebi|71/100|[from] Sandstorm
|-heal|p2a: Puck|100/100|[from] item: Leftovers
|-heal|p1a: Celebi|77/100|[from] item: Leftovers
|upkeep
|turn|7
|
|t:|1730061231
|move|p2a: Puck|Baton Pass|p2a: Puck
|
|t:|1730061238
|switch|p2a: Moleman|Dugtrio, F|100/100|[from] Baton Pass
|move|p1a: Celebi|Baton Pass|p1a: Celebi
|
|t:|1730061251
|switch|p1a: Aerodactyl|Aerodactyl, M|100/100|[from] Baton Pass
|
|-weather|Sandstorm|[upkeep]
|upkeep
|turn|8
|
|t:|1730061259
|move|p1a: Aerodactyl|Substitute|p1a: Aerodactyl
|-start|p1a: Aerodactyl|Substitute
|-damage|p1a: Aerodactyl|76/100
|move|p2a: Moleman|Rock Slide|p1a: Aerodactyl|[miss]
|-miss|p2a: Moleman|p1a: Aerodactyl
|
|-weather|Sandstorm|[upkeep]
|upkeep
|turn|9
|c|☆Venik777|Ooh
|
|t:|1730061272
|move|p1a: Aerodactyl|Hidden Power|p2a: Moleman
|-damage|p2a: Moleman|0 fnt
|faint|p2a: Moleman
|
|t:|1730061294
|switch|p2a: THE DOG|Suicune|100/100
|
|-weather|Sandstorm|[upkeep]
|-damage|p2a: THE DOG|94/100|[from] Sandstorm
|-heal|p2a: THE DOG|100/100|[from] item: Leftovers
|upkeep
|turn|10
|
|t:|1730061299
|move|p1a: Aerodactyl|Rock Slide|p2a: THE DOG|[miss]
|-miss|p1a: Aerodactyl|p2a: THE DOG
|move|p2a: THE DOG|Surf|p1a: Aerodactyl
|-supereffective|p1a: Aerodactyl
|-end|p1a: Aerodactyl|Substitute
|
|-weather|Sandstorm|[upkeep]
|-damage|p2a: THE DOG|94/100|[from] Sandstorm
|-heal|p2a: THE DOG|100/100|[from] item: Leftovers
|upkeep
|turn|11
|
|t:|1730061317
|switch|p1a: Celebi|Celebi|77/100
|move|p2a: THE DOG|Surf|p1a: Celebi
|-resisted|p1a: Celebi
|-damage|p1a: Celebi|61/100
|
|-weather|Sandstorm|[upkeep]
|-damage|p1a: Celebi|55/100|[from] Sandstorm
|-damage|p2a: THE DOG|94/100|[from] Sandstorm
|-heal|p1a: Celebi|61/100|[from] item: Leftovers
|-heal|p2a: THE DOG|100/100|[from] item: Leftovers
|upkeep
|turn|12
|
|t:|1730061332
|switch|p2a: Get It Twisted|Slaking, F|88/100
|move|p1a: Celebi|Recover|p1a: Celebi
|-heal|p1a: Celebi|100/100
|
|-weather|Sandstorm|[upkeep]
|-damage|p2a: Get It Twisted|82/100|[from] Sandstorm
|-damage|p1a: Celebi|94/100|[from] Sandstorm
|-heal|p1a: Celebi|100/100|[from] item: Leftovers
|upkeep
|turn|13
|
|t:|1730061347
|switch|p1a: Snorlax|Snorlax, M|100/100
|move|p2a: Get It Twisted|Return|p1a: Snorlax
|-damage|p1a: Snorlax|18/100
|
|-weather|Sandstorm|[upkeep]
|-damage|p2a: Get It Twisted|76/100|[from] Sandstorm
|-damage|p1a: Snorlax|12/100|[from] Sandstorm
|upkeep
|turn|14
|
|t:|1730061361
|switch|p2a: Casino|Jirachi|100/100
|move|p1a: Snorlax|Self-Destruct|p2a: Casino
|-resisted|p2a: Casino
|-damage|p2a: Casino|0 fnt
|faint|p1a: Snorlax
|faint|p2a: Casino
|
|t:|1730061371
|switch|p2a: THE DOG|Suicune|100/100
|switch|p1a: Celebi|Celebi|100/100
|
|-weather|Sandstorm|[upkeep]
|-damage|p1a: Celebi|94/100|[from] Sandstorm
|-damage|p2a: THE DOG|94/100|[from] Sandstorm
|-heal|p1a: Celebi|100/100|[from] item: Leftovers
|-heal|p2a: THE DOG|100/100|[from] item: Leftovers
|upkeep
|turn|15
|
|t:|1730061380
|move|p1a: Celebi|Swords Dance|p1a: Celebi
|-boost|p1a: Celebi|atk|2
|move|p2a: THE DOG|Calm Mind|p2a: THE DOG
|-boost|p2a: THE DOG|spa|1
|-boost|p2a: THE DOG|spd|1
|
|-weather|Sandstorm|[upkeep]
|-damage|p1a: Celebi|94/100|[from] Sandstorm
|-damage|p2a: THE DOG|94/100|[from] Sandstorm
|-heal|p1a: Celebi|100/100|[from] item: Leftovers
|-heal|p2a: THE DOG|100/100|[from] item: Leftovers
|upkeep
|turn|16
|
|t:|1730061389
|move|p1a: Celebi|Baton Pass|p1a: Celebi
|
|t:|1730061391
|switch|p1a: Metagross|Metagross|100/100|[from] Baton Pass
|move|p2a: THE DOG|Surf|p1a: Metagross
|-crit|p1a: Metagross
|-damage|p1a: Metagross|0 fnt
|faint|p1a: Metagross
|c|☆BillGatesAlt|sorry
|
|t:|1730061407
|switch|p1a: Celebi|Celebi|100/100
|
|-weather|Sandstorm|[upkeep]
|-damage|p1a: Celebi|94/100|[from] Sandstorm
|-damage|p2a: THE DOG|94/100|[from] Sandstorm
|-heal|p1a: Celebi|100/100|[from] item: Leftovers
|-heal|p2a: THE DOG|100/100|[from] item: Leftovers
|upkeep
|turn|17
|
|t:|1730061414
|move|p1a: Celebi|Leech Seed|p2a: THE DOG
|-start|p2a: THE DOG|move: Leech Seed
|move|p2a: THE DOG|Calm Mind|p2a: THE DOG
|-boost|p2a: THE DOG|spa|1
|-boost|p2a: THE DOG|spd|1
|
|-weather|Sandstorm|[upkeep]
|-damage|p1a: Celebi|94/100|[from] Sandstorm
|-damage|p2a: THE DOG|94/100|[from] Sandstorm
|-heal|p1a: Celebi|100/100|[from] item: Leftovers
|-heal|p2a: THE DOG|100/100|[from] item: Leftovers
|-damage|p2a: THE DOG|88/100|[from] Leech Seed|[of] p1a: Celebi
|upkeep
|turn|18
|
|t:|1730061425
|move|p1a: Celebi|Swords Dance|p1a: Celebi
|-boost|p1a: Celebi|atk|2
|move|p2a: THE DOG|Surf|p1a: Celebi
|-resisted|p1a: Celebi
|-damage|p1a: Celebi|66/100
|
|-weather|Sandstorm|[upkeep]
|-damage|p1a: Celebi|59/100|[from] Sandstorm
|-damage|p2a: THE DOG|82/100|[from] Sandstorm
|-heal|p1a: Celebi|66/100|[from] item: Leftovers
|-heal|p2a: THE DOG|88/100|[from] item: Leftovers
|-damage|p2a: THE DOG|76/100|[from] Leech Seed|[of] p1a: Celebi
|-heal|p1a: Celebi|78/100|[silent]
|upkeep
|turn|19
|
|t:|1730061436
|move|p1a: Celebi|Swords Dance|p1a: Celebi
|-boost|p1a: Celebi|atk|2
|move|p2a: THE DOG|Surf|p1a: Celebi
|-resisted|p1a: Celebi
|-damage|p1a: Celebi|47/100
|
|-weather|Sandstorm|[upkeep]
|-damage|p1a: Celebi|41/100|[from] Sandstorm
|-damage|p2a: THE DOG|69/100|[from] Sandstorm
|-heal|p1a: Celebi|47/100|[from] item: Leftovers
|-heal|p2a: THE DOG|76/100|[from] item: Leftovers
|-damage|p2a: THE DOG|63/100|[from] Leech Seed|[of] p1a: Celebi
|-heal|p1a: Celebi|59/100|[silent]
|upkeep
|turn|20
|
|t:|1730061448
|move|p1a: Celebi|Recover|p1a: Celebi
|-heal|p1a: Celebi|100/100
|move|p2a: THE DOG|Surf|p1a: Celebi
|-resisted|p1a: Celebi
|-damage|p1a: Celebi|70/100
|
|-weather|Sandstorm|[upkeep]
|-damage|p1a: Celebi|64/100|[from] Sandstorm
|-damage|p2a: THE DOG|57/100|[from] Sandstorm
|-heal|p1a: Celebi|70/100|[from] item: Leftovers
|-heal|p2a: THE DOG|63/100|[from] item: Leftovers
|-damage|p2a: THE DOG|51/100|[from] Leech Seed|[of] p1a: Celebi
|-heal|p1a: Celebi|83/100|[silent]
|upkeep
|turn|21
|
|t:|1730061459
|move|p1a: Celebi|Swords Dance|p1a: Celebi
|-boost|p1a: Celebi|atk|2
|move|p2a: THE DOG|Surf|p1a: Celebi
|-resisted|p1a: Celebi
|-damage|p1a: Celebi|51/100
|
|-weather|Sandstorm|[upkeep]
|-damage|p1a: Celebi|45/100|[from] Sandstorm
|-damage|p2a: THE DOG|44/100|[from] Sandstorm
|-heal|p1a: Celebi|51/100|[from] item: Leftovers
|-heal|p2a: THE DOG|51/100|[from] item: Leftovers
|-damage|p2a: THE DOG|38/100|[from] Leech Seed|[of] p1a: Celebi
|-heal|p1a: Celebi|63/100|[silent]
|upkeep
|turn|22
|
|t:|1730061470
|move|p1a: Celebi|Recover|p1a: Celebi
|-heal|p1a: Celebi|100/100
|move|p2a: THE DOG|Surf|p1a: Celebi
|-resisted|p1a: Celebi
|-damage|p1a: Celebi|70/100
|
|-weather|Sandstorm|[upkeep]
|-damage|p1a: Celebi|64/100|[from] Sandstorm
|-damage|p2a: THE DOG|32/100|[from] Sandstorm
|-heal|p1a: Celebi|70/100|[from] item: Leftovers
|-heal|p2a: THE DOG|38/100|[from] item: Leftovers
|-damage|p2a: THE DOG|26/100|[from] Leech Seed|[of] p1a: Celebi
|-heal|p1a: Celebi|83/100|[silent]
|upkeep
|turn|23
|
|t:|1730061481
|move|p1a: Celebi|Leech Seed||[still]
|-fail|p1a: Celebi
|move|p2a: THE DOG|Surf|p1a: Celebi
|-resisted|p1a: Celebi
|-damage|p1a: Celebi|49/100
|
|-weather|Sandstorm|[upkeep]
|-damage|p1a: Celebi|43/100|[from] Sandstorm
|-damage|p2a: THE DOG|19/100|[from] Sandstorm
|-heal|p1a: Celebi|49/100|[from] item: Leftovers
|-heal|p2a: THE DOG|26/100|[from] item: Leftovers
|-damage|p2a: THE DOG|13/100|[from] Leech Seed|[of] p1a: Celebi
|-heal|p1a: Celebi|62/100|[silent]
|upkeep
|turn|24
|
|t:|1730061492
|move|p1a: Celebi|Recover|p1a: Celebi
|-heal|p1a: Celebi|100/100
|move|p2a: THE DOG|Rest|p2a: THE DOG
|-status|p2a: THE DOG|slp|[from] move: Rest
|-heal|p2a: THE DOG|100/100 slp|[silent]
|
|-weather|Sandstorm|[upkeep]
|-damage|p1a: Celebi|94/100|[from] Sandstorm
|-damage|p2a: THE DOG|94/100 slp|[from] Sandstorm
|-heal|p1a: Celebi|100/100|[from] item: Leftovers
|-heal|p2a: THE DOG|100/100 slp|[from] item: Leftovers
|-damage|p2a: THE DOG|88/100 slp|[from] Leech Seed|[of] p1a: Celebi
|upkeep
|turn|25
|
|t:|1730061504
|move|p1a: Celebi|Baton Pass|p1a: Celebi
|
|t:|1730061505
|switch|p1a: Aerodactyl|Aerodactyl, M|76/100|[from] Baton Pass
|cant|p2a: THE DOG|slp
|move|p2a: THE DOG|Sleep Talk|p2a: THE DOG
|move|p2a: THE DOG|Rest|p2a: THE DOG|[from]Sleep Talk
|
|-weather|Sandstorm|[upkeep]
|-damage|p2a: THE DOG|82/100 slp|[from] Sandstorm
|-heal|p2a: THE DOG|88/100 slp|[from] item: Leftovers
|-damage|p2a: THE DOG|76/100 slp|[from] Leech Seed|[of] p1a: Aerodactyl
|-heal|p1a: Aerodactyl|92/100|[silent]
|upkeep
|turn|26
|
|t:|1730061516
|move|p1a: Aerodactyl|Rock Slide|p2a: THE DOG
|-damage|p2a: THE DOG|0 fnt
|faint|p2a: THE DOG
|
|t:|1730061521
|switch|p2a: Get It Twisted|Slaking, F|76/100
|
|-weather|Sandstorm|[upkeep]
|-damage|p2a: Get It Twisted|70/100|[from] Sandstorm
|upkeep
|turn|27
|
|t:|1730061527
|-singleturn|p2a: Get It Twisted|move: Focus Punch
|move|p1a: Aerodactyl|Hidden Power|p2a: Get It Twisted
|-damage|p2a: Get It Twisted|0 fnt
|faint|p2a: Get It Twisted
|c|☆BillGatesAlt|gg
|-message|BillGatesAlt forfeited.
|
|win|Venik777
|player|p2|
|c|☆Venik777|gg

</script>
<script type="application/json" class="data" id="replaydata-smogtours-gen3ou-802721">
{"id":"smogtours-gen3ou-802721","format":"[Gen 3] OU","players":["Venik777","BillGatesAlt"],"uploadtime":1730061544,"views":79,"formatid":"gen3ou","rating":null,"private":0,"password":null}
</script>

<script defer src="js/replays.js?9d40a366"></script>
