<!DOCTYPE html>
<meta charset="utf-8" />
<meta name="viewport" content="width=device-width" />

<title>[Gen 3] OU: ByrneBabyyyyy vs. Xamvius - Replays - Pok&eacute;mon Showdown!</title>

<meta name="description" content="Watch a replay of a Pok&eacute;mon battle between ByrneBabyyyyy and Xamvius! Format: [Gen 3] OU; Date: Oct 13, 2024" />
<!--

Hey, you! Looking in the source for the replay log?

You can find them in JSON format, just add `.json` at the end of a replay URL.

https://replay.pokemonshowdown.com/gen7randomdoublesbattle-865046831.json

Or, if you only need the log itself, add `.log` instead:

https://replay.pokemonshowdown.com/gen7randomdoublesbattle-865046831.log

-->

<link rel="stylesheet" href="//pokemonshowdown.com/style/global.css?0.767286132409787" />
<link rel="stylesheet" href="//play.pokemonshowdown.com/style/font-awesome.css?0.9266228007934947" />
<link rel="stylesheet" href="//play.pokemonshowdown.com/style/battle.css?0.7924700842790926" />
<link rel="stylesheet" href="//play.pokemonshowdown.com/style/utilichart.css?0.8777417872839479" />

<!-- Global site tag (gtag.js) - Google Analytics -->
<script async src="https://www.googletagmanager.com/gtag/js?id=UA-26211653-1"></script>
<script>
  window.dataLayer = window.dataLayer || [];
  function gtag(){dataLayer.push(arguments);}
  gtag('js', new Date());

  gtag('config', 'UA-26211653-1');
</script>
<!-- End Google Analytics -->
<!-- Venatus Ad Manager - Install in <HEAD> of page -->
	<script src="https://hb.vntsm.com/v3/live/ad-manager.min.js" type="text/javascript" data-site-id="642aba63ec9a7b11c3c9c1be" data-mode="scan" async></script>
<!-- / Venatus Ad Manager -->

<style>
	@media (max-width:820px) {
		.battle {
			margin: 0 auto;
		}
		.battle-log {
			margin: 7px auto 0;
			max-width: 640px;
			height: 300px;
			position: static;
		}
	}
	.optgroup {
		display: inline-block;
		line-height: 22px;
		font-size: 10pt;
	}
	.optgroup .button {
		height: 25px;
		padding-top: 0;
		padding-bottom: 0;
	}
	.optgroup button.button {
		padding-left: 12px;
		padding-right: 12px;
	}
	.linklist {
		list-style: none;
		margin: 0.5em 0;
		padding: 0;
	}
	.linklist li {
		padding: 2px 0;
	}
	.sidebar {
		float: left;
		width: 320px;
	}
	.bar-wrapper {
		max-width: 1100px;
		margin: 0 auto;
	}
	.bar-wrapper.has-sidebar {
		max-width: 1430px;
	}
	.mainbar {
		margin: 0;
		padding-right: 1px;
	}
	.mainbar.has-sidebar {
		margin-left: 330px;
	}
	@media (min-width: 1511px) {
		.sidebar {
			width: 400px;
		}
		.bar-wrapper.has-sidebar {
			max-width: 1510px;
		}
		.mainbar.has-sidebar {
			margin-left: 410px;
		}
	}
	.section.first-section {
		margin-top: 9px;
	}
	.blocklink small {
		white-space: normal;
	}
	.button {
		vertical-align: middle;
	}
	.replay-controls {
		padding-top: 10px;
	}
	.replay-controls h1 {
		font-size: 16pt;
		font-weight: normal;
		color: #CCC;
	}
	.pagelink {
		text-align: center;
	}
	.pagelink a {
		width: 150px;
	}
	.textbox, .button {
		font-size: 11pt;
		vertical-align: middle;
	}
	@media (max-width: 450px) {
		.button {
			font-size: 9pt;
		}
	}
</style>

<div>

	<header>
		<div class="nav-wrapper"><ul class="nav">
			<li><a class="button nav-first" href="//pokemonshowdown.com/"><img src="//pokemonshowdown.com/images/pokemonshowdownbeta.png" srcset="//pokemonshowdown.com/images/pokemonshowdownbeta.png 1x, //pokemonshowdown.com/images/pokemonshowdownbeta@2x.png 2x" alt="Pok&eacute;mon Showdown" width="146" height="44" /> Home</a></li>
			<li><a class="button" href="//pokemonshowdown.com/dex/">Pok&eacute;dex</a></li>
			<li><a class="button cur" href="/">Replays</a></li>
			<li><a class="button" href="//pokemonshowdown.com/ladder/">Ladder</a></li>
			<li><a class="button nav-last" href="//pokemonshowdown.com/forums/">Forum</a></li>
			<li><a class="button greenbutton nav-first nav-last" href="//play.pokemonshowdown.com/">Play</a></li>
		</ul></div>
	</header>

	<div class="main" id="main">

		<noscript><section class="section">You need to enable JavaScript to use this page; sorry!</section></noscript>

	</div>

</div>

<script defer nomodule src="//play.pokemonshowdown.com/js/lib/ps-polyfill.js"></script>
<script defer src="//play.pokemonshowdown.com/js/lib/preact.min.js"></script>

<script defer src="//play.pokemonshowdown.com/config/config.js?6dec07f6"></script>
<script defer src="//play.pokemonshowdown.com/js/lib/jquery-1.11.0.min.js"></script>
<script defer src="//play.pokemonshowdown.com/js/lib/html-sanitizer-minified.js"></script>
<script defer src="//play.pokemonshowdown.com/js/battle-sound.js"></script>
<script defer src="//play.pokemonshowdown.com/js/battledata.js?0.6315294753075389"></script>
<script defer src="//play.pokemonshowdown.com/data/pokedex-mini.js?0.7603743185311358"></script>
<script defer src="//play.pokemonshowdown.com/data/pokedex-mini-bw.js?0.030888842834281283"></script>
<script defer src="//play.pokemonshowdown.com/data/graphics.js?0.05593094747507488"></script>
<script defer src="//play.pokemonshowdown.com/data/pokedex.js?0.47064822249611904"></script>
<script defer src="//play.pokemonshowdown.com/data/moves.js?0.8583693120512459"></script>
<script defer src="//play.pokemonshowdown.com/data/abilities.js?0.16017181182386842"></script>
<script defer src="//play.pokemonshowdown.com/data/items.js?0.4163379185673943"></script>
<script defer src="//play.pokemonshowdown.com/data/teambuilder-tables.js?0.31075597372830477"></script>
<script defer src="//play.pokemonshowdown.com/js/battle-tooltips.js?0.6536193500708172"></script>
<script defer src="//play.pokemonshowdown.com/js/battle.js?0.1916591943277901"></script>

<script defer src="js/utils.js?e31f9a17"></script>
<script defer src="js/replays-battle.js?7008c182"></script>

<!-- don't scrape this data! just add .json or .log after the URL!
Full API docs: https://github.com/smogon/pokemon-showdown-client/blob/master/WEB-API.md -->
<script type="text/plain" class="log" id="replaylog-smogtours-gen3ou-798278">
|inactive|Battle timer is ON: inactive players will automatically lose when time's up.
|t:|1728846446
|gametype|singles
|player|p1|ByrneBabyyyyy|blue-masters|
|player|p2|Xamvius|101|
|teamsize|p1|6
|teamsize|p2|6
|gen|3
|tier|[Gen 3] OU
|rule|Sleep Clause Mod: Limit one foe put to sleep
|rule|Switch Priority Clause Mod: Faster Pokémon switch first
|rule|Species Clause: Limit one of each Pokémon
|rule|OHKO Clause: OHKO moves are banned
|rule|Evasion Items Clause: Evasion items are banned
|rule|Evasion Moves Clause: Evasion moves are banned
|rule|Endless Battle Clause: Forcing endless battles is banned
|rule|HP Percentage Mod: HP is shown in percentages
|rule|One Boost Passer Clause: Limit one Baton Passer that has a way to boost its stats
|rule|Freeze Clause Mod: Limit one foe frozen
|
|t:|1728846446
|start
|switch|p1a: Zapdos|Zapdos|100/100
|switch|p2a: Celebi|Celebi|100/100
|turn|1
|c|☆ByrneBabyyyyy|glhf, bruv
|c|☆Xamvius|Glhf!
|inactive|ByrneBabyyyyy has 270 seconds left.
|
|t:|1728846489
|switch|p1a: Celebi|Celebi|100/100
|move|p2a: Celebi|Leech Seed|p1a: Celebi
|-immune|p1a: Celebi
|
|upkeep
|turn|2
|
|t:|1728846500
|move|p2a: Celebi|Light Screen|p2a: Celebi
|-sidestart|p2: Xamvius|Light Screen
|move|p1a: Celebi|Baton Pass|p1a: Celebi
|
|t:|1728846514
|switch|p1a: Charizard|Charizard, F|100/100|[from] Baton Pass
|
|upkeep
|turn|3
|
|t:|1728846521
|switch|p2a: Aerodactyl|Aerodactyl, F|100/100
|move|p1a: Charizard|Substitute|p1a: Charizard
|-start|p1a: Charizard|Substitute
|-damage|p1a: Charizard|76/100
|
|upkeep
|turn|4
|
|t:|1728846543
|-singleturn|p1a: Charizard|move: Focus Punch
|move|p2a: Aerodactyl|Rock Slide|p1a: Charizard
|-supereffective|p1a: Charizard
|-end|p1a: Charizard|Substitute
|move|p1a: Charizard|Focus Punch|p2a: Aerodactyl
|-damage|p2a: Aerodactyl|54/100
|
|upkeep
|turn|5
|inactive|ByrneBabyyyyy has 270 seconds left.
|
|t:|1728846564
|switch|p1a: Marowak|Marowak, F|100/100
|move|p2a: Aerodactyl|Rock Slide|p1a: Marowak
|-resisted|p1a: Marowak
|-damage|p1a: Marowak|70/100
|
|upkeep
|turn|6
|inactive|Xamvius has 270 seconds left.
|
|t:|1728846598
|switch|p2a: Skarmory|Skarmory, F|100/100
|switch|p1a: Zapdos|Zapdos|100/100
|
|-sideend|p2: Xamvius|Light Screen
|upkeep
|turn|7
|inactive|Xamvius has 270 seconds left.
|inactive|ByrneBabyyyyy has 270 seconds left.
|inactive|ByrneBabyyyyy has 240 seconds left.
|
|t:|1728846659
|move|p2a: Skarmory|Protect|p2a: Skarmory
|-singleturn|p2a: Skarmory|Protect
|move|p1a: Zapdos|Agility|p1a: Zapdos
|-boost|p1a: Zapdos|spe|2
|
|upkeep
|turn|8
|
|t:|1728846671
|move|p1a: Zapdos|Thunderbolt|p2a: Skarmory
|-supereffective|p2a: Skarmory
|-damage|p2a: Skarmory|7/100
|move|p2a: Skarmory|Roar|p1a: Zapdos
|drag|p1a: Marowak|Marowak, F|70/100
|
|-heal|p2a: Skarmory|13/100|[from] item: Leftovers
|upkeep
|turn|9
|
|t:|1728846678
|move|p1a: Marowak|Rock Slide|p2a: Skarmory
|-damage|p2a: Skarmory|0 fnt
|faint|p2a: Skarmory
|
|t:|1728846681
|switch|p2a: Swampert|Swampert, M|100/100
|
|upkeep
|turn|10
|
|t:|1728846686
|switch|p1a: Celebi|Celebi|100/100
|move|p2a: Swampert|Surf|p1a: Celebi
|-resisted|p1a: Celebi
|-damage|p1a: Celebi|90/100
|
|-heal|p1a: Celebi|96/100|[from] item: Leftovers
|upkeep
|turn|11
|
|t:|1728846700
|switch|p2a: Tyranitar|Tyranitar, M|100/100
|-weather|Sandstorm|[from] ability: Sand Stream|[of] p2a: Tyranitar
|move|p1a: Celebi|Baton Pass|p1a: Celebi
|
|t:|1728846708
|switch|p1a: Skarmory|Skarmory, F|100/100|[from] Baton Pass
|
|-weather|Sandstorm|[upkeep]
|upkeep
|turn|12
|
|t:|1728846713
|move|p1a: Skarmory|Spikes|p2a: Tyranitar
|-sidestart|p2: Xamvius|Spikes
|move|p2a: Tyranitar|Fire Blast|p1a: Skarmory|[miss]
|-miss|p2a: Tyranitar|p1a: Skarmory
|
|-weather|Sandstorm|[upkeep]
|upkeep
|turn|13
|inactive|ByrneBabyyyyy has 240 seconds left.
|
|t:|1728846749
|switch|p1a: Regice|Regice|100/100
|move|p2a: Tyranitar|Fire Blast|p1a: Regice
|-supereffective|p1a: Regice
|-damage|p1a: Regice|62/100
|
|-weather|Sandstorm|[upkeep]
|-damage|p1a: Regice|56/100|[from] Sandstorm
|-heal|p1a: Regice|62/100|[from] item: Leftovers
|upkeep
|turn|14
|
|t:|1728846765
|switch|p1a: Marowak|Marowak, F|70/100
|move|p2a: Tyranitar|Fire Blast|p1a: Marowak
|-damage|p1a: Marowak|17/100
|
|-weather|Sandstorm|[upkeep]
|upkeep
|turn|15
|
|t:|1728846771
|move|p1a: Marowak|Earthquake|p2a: Tyranitar
|-supereffective|p2a: Tyranitar
|-damage|p2a: Tyranitar|0 fnt
|faint|p2a: Tyranitar
|
|t:|1728846778
|switch|p2a: Aerodactyl|Aerodactyl, F|54/100
|
|-weather|Sandstorm|[upkeep]
|upkeep
|turn|16
|
|t:|1728846790
|switch|p1a: Skarmory|Skarmory, F|100/100
|move|p2a: Aerodactyl|Hidden Power|p1a: Skarmory
|-resisted|p1a: Skarmory
|-damage|p1a: Skarmory|95/100
|
|-weather|Sandstorm|[upkeep]
|-heal|p1a: Skarmory|100/100|[from] item: Leftovers
|upkeep
|turn|17
|
|t:|1728846795
|switch|p2a: Magneton|Magneton|100/100
|-damage|p2a: Magneton|88/100|[from] Spikes
|move|p1a: Skarmory|Spikes|p2a: Magneton
|-sidestart|p2: Xamvius|Spikes
|
|-weather|Sandstorm|[upkeep]
|-heal|p2a: Magneton|94/100|[from] item: Leftovers
|upkeep
|turn|18
|
|t:|1728846798
|move|p2a: Magneton|Thunderbolt|p1a: Skarmory
|-supereffective|p1a: Skarmory
|-damage|p1a: Skarmory|9/100
|move|p1a: Skarmory|Spikes|p2a: Magneton
|-sidestart|p2: Xamvius|Spikes
|
|-weather|Sandstorm|[upkeep]
|-heal|p2a: Magneton|100/100|[from] item: Leftovers
|-heal|p1a: Skarmory|15/100|[from] item: Leftovers
|upkeep
|turn|19
|inactive|ByrneBabyyyyy has 270 seconds left.
|
|t:|1728846803
|move|p2a: Magneton|Thunderbolt|p1a: Skarmory
|-supereffective|p1a: Skarmory
|-crit|p1a: Skarmory
|-damage|p1a: Skarmory|0 fnt
|faint|p1a: Skarmory
|inactive|ByrneBabyyyyy has 270 seconds left.
|
|t:|1728846811
|switch|p1a: Charizard|Charizard, F|76/100
|
|-weather|Sandstorm|[upkeep]
|-damage|p1a: Charizard|70/100|[from] Sandstorm
|upkeep
|turn|20
|
|t:|1728846819
|move|p1a: Charizard|Substitute|p1a: Charizard
|-start|p1a: Charizard|Substitute
|-damage|p1a: Charizard|45/100
|move|p2a: Magneton|Thunderbolt|p1a: Charizard
|-supereffective|p1a: Charizard
|-end|p1a: Charizard|Substitute
|
|-weather|Sandstorm|[upkeep]
|-damage|p1a: Charizard|39/100|[from] Sandstorm
|upkeep
|turn|21
|
|t:|1728846827
|move|p1a: Charizard|Fire Blast|p2a: Magneton|[miss]
|-miss|p1a: Charizard|p2a: Magneton
|move|p2a: Magneton|Thunderbolt|p1a: Charizard
|-supereffective|p1a: Charizard
|-crit|p1a: Charizard
|-damage|p1a: Charizard|0 fnt
|faint|p1a: Charizard
|
|t:|1728846831
|switch|p1a: Regice|Regice|62/100
|
|-weather|Sandstorm|[upkeep]
|-damage|p1a: Regice|56/100|[from] Sandstorm
|-heal|p1a: Regice|62/100|[from] item: Leftovers
|upkeep
|turn|22
|
|t:|1728846836
|move|p2a: Magneton|Toxic|p1a: Regice
|-status|p1a: Regice|tox
|move|p1a: Regice|Seismic Toss|p2a: Magneton
|-damage|p2a: Magneton|59/100
|
|-weather|Sandstorm|[upkeep]
|-damage|p1a: Regice|56/100 tox|[from] Sandstorm
|-heal|p2a: Magneton|65/100|[from] item: Leftovers
|-heal|p1a: Regice|62/100 tox|[from] item: Leftovers
|-damage|p1a: Regice|56/100 tox|[from] psn
|upkeep
|turn|23
|
|t:|1728846858
|switch|p1a: Zapdos|Zapdos|100/100
|move|p2a: Magneton|Hidden Power|p1a: Zapdos
|-damage|p1a: Zapdos|74/100
|
|-weather|Sandstorm|[upkeep]
|-damage|p1a: Zapdos|68/100|[from] Sandstorm
|-heal|p1a: Zapdos|74/100|[from] item: Leftovers
|-heal|p2a: Magneton|72/100|[from] item: Leftovers
|upkeep
|turn|24
|
|t:|1728846864
|move|p1a: Zapdos|Agility|p1a: Zapdos
|-boost|p1a: Zapdos|spe|2
|move|p2a: Magneton|Thunderbolt|p1a: Zapdos
|-crit|p1a: Zapdos
|-damage|p1a: Zapdos|0 fnt
|faint|p1a: Zapdos
|inactive|ByrneBabyyyyy has 270 seconds left.
|inactive|ByrneBabyyyyy has 240 seconds left.
|
|t:|1728846920
|switch|p1a: Regice|Regice|56/100 tox
|
|-weather|Sandstorm|[upkeep]
|-damage|p1a: Regice|50/100 tox|[from] Sandstorm
|-heal|p2a: Magneton|78/100|[from] item: Leftovers
|-heal|p1a: Regice|56/100 tox|[from] item: Leftovers
|-damage|p1a: Regice|50/100 tox|[from] psn
|upkeep
|turn|25
|
|t:|1728846924
|move|p2a: Magneton|Hidden Power|p1a: Regice
|-supereffective|p1a: Regice
|-damage|p1a: Regice|23/100 tox
|move|p1a: Regice|Ice Beam|p2a: Magneton
|-resisted|p2a: Magneton
|-damage|p2a: Magneton|36/100
|
|-weather|Sandstorm|[upkeep]
|-damage|p1a: Regice|17/100 tox|[from] Sandstorm
|-heal|p2a: Magneton|43/100|[from] item: Leftovers
|-heal|p1a: Regice|23/100 tox|[from] item: Leftovers
|-damage|p1a: Regice|11/100 tox|[from] psn
|upkeep
|turn|26
|
|t:|1728846934
|move|p2a: Magneton|Protect|p2a: Magneton
|-singleturn|p2a: Magneton|Protect
|move|p1a: Regice|Ice Beam|p2a: Magneton
|-activate|p2a: Magneton|Protect
|
|-weather|Sandstorm|[upkeep]
|-damage|p1a: Regice|5/100 tox|[from] Sandstorm
|-heal|p2a: Magneton|49/100|[from] item: Leftovers
|-heal|p1a: Regice|11/100 tox|[from] item: Leftovers
|-damage|p1a: Regice|0 fnt|[from] psn
|faint|p1a: Regice
|upkeep
|
|t:|1728846938
|switch|p1a: Celebi|Celebi|96/100
|turn|27
|
|t:|1728846944
|move|p1a: Celebi|Leech Seed|p2a: Magneton
|-start|p2a: Magneton|move: Leech Seed
|move|p2a: Magneton|Toxic|p1a: Celebi
|-status|p1a: Celebi|tox
|
|-weather|Sandstorm|[upkeep]
|-damage|p1a: Celebi|90/100 tox|[from] Sandstorm
|-heal|p1a: Celebi|96/100 tox|[from] item: Leftovers
|-damage|p1a: Celebi|90/100 tox|[from] psn
|-heal|p2a: Magneton|55/100|[from] item: Leftovers
|-damage|p2a: Magneton|43/100|[from] Leech Seed|[of] p1a: Celebi
|-heal|p1a: Celebi|98/100 tox|[silent]
|upkeep
|turn|28
|
|t:|1728846956
|move|p1a: Celebi|Heal Bell|p1a: Celebi
|-activate|p1a: Celebi|move: Heal Bell
|-curestatus|p1a: Celebi|tox|[silent]
|move|p2a: Magneton|Hidden Power|p1a: Celebi
|-supereffective|p1a: Celebi
|-damage|p1a: Celebi|58/100
|
|-weather|Sandstorm|[upkeep]
|-damage|p1a: Celebi|52/100|[from] Sandstorm
|-heal|p1a: Celebi|58/100|[from] item: Leftovers
|-heal|p2a: Magneton|49/100|[from] item: Leftovers
|-damage|p2a: Magneton|36/100|[from] Leech Seed|[of] p1a: Celebi
|-heal|p1a: Celebi|66/100|[silent]
|upkeep
|turn|29
|
|t:|1728846965
|move|p1a: Celebi|Recover|p1a: Celebi
|-heal|p1a: Celebi|100/100
|move|p2a: Magneton|Hidden Power|p1a: Celebi
|-supereffective|p1a: Celebi
|-damage|p1a: Celebi|59/100
|
|-weather|Sandstorm|[upkeep]
|-damage|p1a: Celebi|53/100|[from] Sandstorm
|-heal|p1a: Celebi|59/100|[from] item: Leftovers
|-heal|p2a: Magneton|43/100|[from] item: Leftovers
|-damage|p2a: Magneton|30/100|[from] Leech Seed|[of] p1a: Celebi
|-heal|p1a: Celebi|66/100|[silent]
|upkeep
|turn|30
|inactive|ByrneBabyyyyy has 270 seconds left.
|
|t:|1728846971
|move|p1a: Celebi|Recover|p1a: Celebi
|-heal|p1a: Celebi|100/100
|move|p2a: Magneton|Toxic|p1a: Celebi
|-status|p1a: Celebi|tox
|
|-weather|Sandstorm|[upkeep]
|-damage|p1a: Celebi|94/100 tox|[from] Sandstorm
|-heal|p1a: Celebi|100/100 tox|[from] item: Leftovers
|-damage|p1a: Celebi|94/100 tox|[from] psn
|-heal|p2a: Magneton|36/100|[from] item: Leftovers
|-damage|p2a: Magneton|24/100|[from] Leech Seed|[of] p1a: Celebi
|-heal|p1a: Celebi|100/100 tox|[silent]
|upkeep
|turn|31
|inactive|ByrneBabyyyyy has 270 seconds left.
|c|☆ByrneBabyyyyy|gg, next game
|-message|ByrneBabyyyyy forfeited.
|
|win|Xamvius
|player|p1|
|c|☆Xamvius|Gg!

</script>
<script type="application/json" class="data" id="replaydata-smogtours-gen3ou-798278">
{"id":"smogtours-gen3ou-798278","format":"[Gen 3] OU","players":["ByrneBabyyyyy","Xamvius"],"uploadtime":1728846988,"views":79,"formatid":"gen3ou","rating":null,"private":0,"password":null}
</script>

<script defer src="js/replays.js?9d40a366"></script>
