<!DOCTYPE html>
<meta charset="utf-8" />
<meta name="viewport" content="width=device-width" />

<title>[Gen 3] OU: busyboi vs. tub69 - Replays - Pok&eacute;mon Showdown!</title>

<meta name="description" content="Watch a replay of a Pok&eacute;mon battle between busyboi and tub69! Format: [Gen 3] OU; Date: Oct 17, 2024" />
<!--

Hey, you! Looking in the source for the replay log?

You can find them in JSON format, just add `.json` at the end of a replay URL.

https://replay.pokemonshowdown.com/gen7randomdoublesbattle-865046831.json

Or, if you only need the log itself, add `.log` instead:

https://replay.pokemonshowdown.com/gen7randomdoublesbattle-865046831.log

-->

<link rel="stylesheet" href="//pokemonshowdown.com/style/global.css?0.023195364461161105" />
<link rel="stylesheet" href="//play.pokemonshowdown.com/style/font-awesome.css?0.13261647063804238" />
<link rel="stylesheet" href="//play.pokemonshowdown.com/style/battle.css?0.8753245789963631" />
<link rel="stylesheet" href="//play.pokemonshowdown.com/style/utilichart.css?0.8627959624976733" />

<!-- Global site tag (gtag.js) - Google Analytics -->
<script async src="https://www.googletagmanager.com/gtag/js?id=UA-26211653-1"></script>
<script>
  window.dataLayer = window.dataLayer || [];
  function gtag(){dataLayer.push(arguments);}
  gtag('js', new Date());

  gtag('config', 'UA-26211653-1');
</script>
<!-- End Google Analytics -->
<!-- Venatus Ad Manager - Install in <HEAD> of page -->
	<script src="https://hb.vntsm.com/v3/live/ad-manager.min.js" type="text/javascript" data-site-id="642aba63ec9a7b11c3c9c1be" data-mode="scan" async></script>
<!-- / Venatus Ad Manager -->

<style>
	@media (max-width:820px) {
		.battle {
			margin: 0 auto;
		}
		.battle-log {
			margin: 7px auto 0;
			max-width: 640px;
			height: 300px;
			position: static;
		}
	}
	.optgroup {
		display: inline-block;
		line-height: 22px;
		font-size: 10pt;
	}
	.optgroup .button {
		height: 25px;
		padding-top: 0;
		padding-bottom: 0;
	}
	.optgroup button.button {
		padding-left: 12px;
		padding-right: 12px;
	}
	.linklist {
		list-style: none;
		margin: 0.5em 0;
		padding: 0;
	}
	.linklist li {
		padding: 2px 0;
	}
	.sidebar {
		float: left;
		width: 320px;
	}
	.bar-wrapper {
		max-width: 1100px;
		margin: 0 auto;
	}
	.bar-wrapper.has-sidebar {
		max-width: 1430px;
	}
	.mainbar {
		margin: 0;
		padding-right: 1px;
	}
	.mainbar.has-sidebar {
		margin-left: 330px;
	}
	@media (min-width: 1511px) {
		.sidebar {
			width: 400px;
		}
		.bar-wrapper.has-sidebar {
			max-width: 1510px;
		}
		.mainbar.has-sidebar {
			margin-left: 410px;
		}
	}
	.section.first-section {
		margin-top: 9px;
	}
	.blocklink small {
		white-space: normal;
	}
	.button {
		vertical-align: middle;
	}
	.replay-controls {
		padding-top: 10px;
	}
	.replay-controls h1 {
		font-size: 16pt;
		font-weight: normal;
		color: #CCC;
	}
	.pagelink {
		text-align: center;
	}
	.pagelink a {
		width: 150px;
	}
	.textbox, .button {
		font-size: 11pt;
		vertical-align: middle;
	}
	@media (max-width: 450px) {
		.button {
			font-size: 9pt;
		}
	}
</style>

<div>

	<header>
		<div class="nav-wrapper"><ul class="nav">
			<li><a class="button nav-first" href="//pokemonshowdown.com/"><img src="//pokemonshowdown.com/images/pokemonshowdownbeta.png" srcset="//pokemonshowdown.com/images/pokemonshowdownbeta.png 1x, //pokemonshowdown.com/images/pokemonshowdownbeta@2x.png 2x" alt="Pok&eacute;mon Showdown" width="146" height="44" /> Home</a></li>
			<li><a class="button" href="//pokemonshowdown.com/dex/">Pok&eacute;dex</a></li>
			<li><a class="button cur" href="/">Replays</a></li>
			<li><a class="button" href="//pokemonshowdown.com/ladder/">Ladder</a></li>
			<li><a class="button nav-last" href="//pokemonshowdown.com/forums/">Forum</a></li>
			<li><a class="button greenbutton nav-first nav-last" href="//play.pokemonshowdown.com/">Play</a></li>
		</ul></div>
	</header>

	<div class="main" id="main">

		<noscript><section class="section">You need to enable JavaScript to use this page; sorry!</section></noscript>

	</div>

</div>

<script defer nomodule src="//play.pokemonshowdown.com/js/lib/ps-polyfill.js"></script>
<script defer src="//play.pokemonshowdown.com/js/lib/preact.min.js"></script>

<script defer src="//play.pokemonshowdown.com/config/config.js?2bddbc15"></script>
<script defer src="//play.pokemonshowdown.com/js/lib/jquery-1.11.0.min.js"></script>
<script defer src="//play.pokemonshowdown.com/js/lib/html-sanitizer-minified.js"></script>
<script defer src="//play.pokemonshowdown.com/js/battle-sound.js"></script>
<script defer src="//play.pokemonshowdown.com/js/battledata.js?0.7209276989879541"></script>
<script defer src="//play.pokemonshowdown.com/data/pokedex-mini.js?0.6111056340867951"></script>
<script defer src="//play.pokemonshowdown.com/data/pokedex-mini-bw.js?0.3532142036491459"></script>
<script defer src="//play.pokemonshowdown.com/data/graphics.js?0.24223875632456182"></script>
<script defer src="//play.pokemonshowdown.com/data/pokedex.js?0.38839984266356864"></script>
<script defer src="//play.pokemonshowdown.com/data/moves.js?0.21866028504024015"></script>
<script defer src="//play.pokemonshowdown.com/data/abilities.js?0.2005157953846628"></script>
<script defer src="//play.pokemonshowdown.com/data/items.js?0.9894211263848525"></script>
<script defer src="//play.pokemonshowdown.com/data/teambuilder-tables.js?0.6008791140282215"></script>
<script defer src="//play.pokemonshowdown.com/js/battle-tooltips.js?0.7580118955022959"></script>
<script defer src="//play.pokemonshowdown.com/js/battle.js?0.6057722274234274"></script>

<script defer src="js/utils.js?e31f9a17"></script>
<script defer src="js/replays-battle.js?7008c182"></script>

<!-- don't scrape this data! just add .json or .log after the URL!
Full API docs: https://github.com/smogon/pokemon-showdown-client/blob/master/WEB-API.md -->
<script type="text/plain" class="log" id="replaylog-smogtours-gen3ou-799268">
|inactive|Battle timer is ON: inactive players will automatically lose when time's up.
|t:|1729177389
|gametype|singles
|player|p1|busyboi|266|
|player|p2|tub69|169|
|teamsize|p1|6
|teamsize|p2|6
|gen|3
|tier|[Gen 3] OU
|rule|Sleep Clause Mod: Limit one foe put to sleep
|rule|Switch Priority Clause Mod: Faster Pokémon switch first
|rule|Species Clause: Limit one of each Pokémon
|rule|OHKO Clause: OHKO moves are banned
|rule|Evasion Items Clause: Evasion items are banned
|rule|Evasion Moves Clause: Evasion moves are banned
|rule|Endless Battle Clause: Forcing endless battles is banned
|rule|HP Percentage Mod: HP is shown in percentages
|rule|One Boost Passer Clause: Limit one Baton Passer that has a way to boost its stats
|rule|Freeze Clause Mod: Limit one foe frozen
|
|t:|1729177389
|start
|switch|p1a: Breloom|Breloom, M|100/100
|switch|p2a: Zapdos|Zapdos|100/100
|turn|1
|c|☆tub69|glhf
|
|t:|1729177398
|switch|p1a: Blissey|Blissey, F|100/100
|move|p2a: Zapdos|Drill Peck|p1a: Blissey
|-damage|p1a: Blissey|74/100
|
|-heal|p1a: Blissey|80/100|[from] item: Leftovers
|upkeep
|turn|2
|c|☆busyboi|glhf
|
|t:|1729177415
|move|p2a: Zapdos|Drill Peck|p1a: Blissey
|-damage|p1a: Blissey|54/100
|move|p1a: Blissey|Toxic|p2a: Zapdos
|-status|p2a: Zapdos|tox
|
|-damage|p2a: Zapdos|94/100 tox|[from] psn
|-heal|p1a: Blissey|60/100|[from] item: Leftovers
|upkeep
|turn|3
|
|t:|1729177420
|switch|p2a: Dugtrio|Dugtrio, F|100/100
|move|p1a: Blissey|Soft-Boiled|p1a: Blissey
|-heal|p1a: Blissey|100/100
|
|upkeep
|turn|4
|
|t:|1729177423
|switch|p2a: Celebi|Celebi|100/100
|move|p1a: Blissey|Ice Beam|p2a: Celebi
|-supereffective|p2a: Celebi
|-damage|p2a: Celebi|58/100
|
|-heal|p2a: Celebi|64/100|[from] item: Leftovers
|upkeep
|turn|5
|
|t:|1729177431
|move|p2a: Celebi|Baton Pass|p2a: Celebi
|
|t:|1729177433
|switch|p2a: Swampert|Swampert, M|100/100|[from] Baton Pass
|move|p1a: Blissey|Ice Beam|p2a: Swampert
|-damage|p2a: Swampert|79/100
|
|-heal|p2a: Swampert|85/100|[from] item: Leftovers
|upkeep
|turn|6
|
|t:|1729177437
|move|p2a: Swampert|Toxic|p1a: Blissey
|-status|p1a: Blissey|tox
|move|p1a: Blissey|Toxic|p2a: Swampert
|-status|p2a: Swampert|tox
|
|-heal|p2a: Swampert|91/100 tox|[from] item: Leftovers
|-damage|p2a: Swampert|85/100 tox|[from] psn
|-damage|p1a: Blissey|94/100 tox|[from] psn
|upkeep
|turn|7
|
|t:|1729177443
|-curestatus|p1a: Blissey|tox|[from] ability: Natural Cure
|switch|p1a: Forretress|Forretress, M|100/100
|move|p2a: Swampert|Refresh|p2a: Swampert
|-curestatus|p2a: Swampert|tox|[msg]
|
|-heal|p2a: Swampert|91/100|[from] item: Leftovers
|upkeep
|turn|8
|
|t:|1729177453
|switch|p2a: Entei|Entei|100/100
|move|p1a: Forretress|Spikes|p2a: Entei
|-sidestart|p2: tub69|Spikes
|
|upkeep
|turn|9
|
|t:|1729177465
|switch|p1a: Swampert|Swampert, M|100/100
|move|p2a: Entei|Sunny Day|p2a: Entei
|-weather|SunnyDay
|
|-weather|SunnyDay|[upkeep]
|upkeep
|turn|10
|
|t:|1729177471
|move|p1a: Swampert|Protect|p1a: Swampert
|-singleturn|p1a: Swampert|Protect
|move|p2a: Entei|Solar Beam||[still]
|-prepare|p2a: Entei|Solar Beam
|-anim|p2a: Entei|Solar Beam|p1a: Swampert
|-activate|p1a: Swampert|Protect
|
|-weather|SunnyDay|[upkeep]
|upkeep
|turn|11
|
|t:|1729177480
|switch|p1a: Tyranitar|Tyranitar, M|100/100
|-weather|Sandstorm|[from] ability: Sand Stream|[of] p1a: Tyranitar
|move|p2a: Entei|Solar Beam||[still]
|-prepare|p2a: Entei|Solar Beam
|
|-weather|Sandstorm|[upkeep]
|-damage|p2a: Entei|94/100|[from] Sandstorm
|-heal|p2a: Entei|100/100|[from] item: Leftovers
|upkeep
|turn|12
|
|t:|1729177488
|switch|p1a: Blissey|Blissey, F|94/100
|move|p2a: Entei|Solar Beam|p1a: Blissey|[from]lockedmove
|-damage|p1a: Blissey|88/100
|
|-weather|Sandstorm|[upkeep]
|-damage|p2a: Entei|94/100|[from] Sandstorm
|-damage|p1a: Blissey|81/100|[from] Sandstorm
|-heal|p2a: Entei|100/100|[from] item: Leftovers
|-heal|p1a: Blissey|88/100|[from] item: Leftovers
|upkeep
|turn|13
|
|t:|1729177497
|switch|p2a: Swampert|Swampert, M|91/100
|-damage|p2a: Swampert|79/100|[from] Spikes
|move|p1a: Blissey|Seismic Toss|p2a: Swampert
|-damage|p2a: Swampert|54/100
|
|-weather|Sandstorm|[upkeep]
|-damage|p1a: Blissey|81/100|[from] Sandstorm
|-heal|p2a: Swampert|60/100|[from] item: Leftovers
|-heal|p1a: Blissey|88/100|[from] item: Leftovers
|upkeep
|turn|14
|
|t:|1729177504
|switch|p1a: Forretress|Forretress, M|100/100
|move|p2a: Swampert|Protect||[still]
|-fail|p2a: Swampert
|
|-weather|Sandstorm|[upkeep]
|-heal|p2a: Swampert|67/100|[from] item: Leftovers
|upkeep
|turn|15
|
|t:|1729177520
|switch|p2a: Celebi|Celebi|64/100
|-damage|p2a: Celebi|52/100|[from] Spikes
|move|p1a: Forretress|Spikes|p2a: Celebi
|-sidestart|p2: tub69|Spikes
|
|-weather|Sandstorm|[upkeep]
|-damage|p2a: Celebi|46/100|[from] Sandstorm
|-heal|p2a: Celebi|52/100|[from] item: Leftovers
|upkeep
|turn|16
|
|t:|1729177527
|switch|p1a: Tyranitar|Tyranitar, M|100/100
|move|p2a: Celebi|Hidden Power|p1a: Tyranitar
|-resisted|p1a: Tyranitar
|-damage|p1a: Tyranitar|93/100
|
|-weather|Sandstorm|[upkeep]
|-damage|p2a: Celebi|46/100|[from] Sandstorm
|-heal|p2a: Celebi|52/100|[from] item: Leftovers
|-heal|p1a: Tyranitar|99/100|[from] item: Leftovers
|upkeep
|turn|17
|
|t:|1729177531
|move|p2a: Celebi|Giga Drain|p1a: Tyranitar
|-supereffective|p1a: Tyranitar
|-damage|p1a: Tyranitar|63/100
|-heal|p2a: Celebi|70/100|[from] drain|[of] p1a: Tyranitar
|move|p1a: Tyranitar|Crunch|p2a: Celebi
|-supereffective|p2a: Celebi
|-damage|p2a: Celebi|4/100
|-unboost|p2a: Celebi|spd|1
|
|-weather|Sandstorm|[upkeep]
|-damage|p2a: Celebi|0 fnt|[from] Sandstorm
|faint|p2a: Celebi
|-heal|p1a: Tyranitar|70/100|[from] item: Leftovers
|upkeep
|
|t:|1729177551
|switch|p2a: Swampert|Swampert, M|67/100
|-damage|p2a: Swampert|50/100|[from] Spikes
|turn|18
|
|t:|1729177554
|switch|p1a: Forretress|Forretress, M|100/100
|move|p2a: Swampert|Protect||[still]
|-fail|p2a: Swampert
|
|-weather|Sandstorm|[upkeep]
|-heal|p2a: Swampert|56/100|[from] item: Leftovers
|upkeep
|turn|19
|
|t:|1729177560
|switch|p2a: Entei|Entei|100/100
|-damage|p2a: Entei|84/100|[from] Spikes
|move|p1a: Forretress|Spikes|p2a: Entei
|-sidestart|p2: tub69|Spikes
|
|-weather|Sandstorm|[upkeep]
|-damage|p2a: Entei|78/100|[from] Sandstorm
|-heal|p2a: Entei|84/100|[from] item: Leftovers
|upkeep
|turn|20
|
|t:|1729177565
|switch|p1a: Swampert|Swampert, M|100/100
|move|p2a: Entei|Flamethrower|p1a: Swampert
|-resisted|p1a: Swampert
|-damage|p1a: Swampert|84/100
|
|-weather|Sandstorm|[upkeep]
|-damage|p2a: Entei|78/100|[from] Sandstorm
|-heal|p2a: Entei|84/100|[from] item: Leftovers
|-heal|p1a: Swampert|90/100|[from] item: Leftovers
|upkeep
|turn|21
|
|t:|1729177572
|switch|p2a: Zapdos|Zapdos|94/100 tox
|move|p1a: Swampert|Surf|p2a: Zapdos
|-damage|p2a: Zapdos|60/100 tox
|
|-weather|Sandstorm|[upkeep]
|-damage|p2a: Zapdos|53/100 tox|[from] Sandstorm
|-heal|p2a: Zapdos|60/100 tox|[from] item: Leftovers
|-damage|p2a: Zapdos|53/100 tox|[from] psn
|-heal|p1a: Swampert|96/100|[from] item: Leftovers
|upkeep
|turn|22
|
|t:|1729177578
|move|p1a: Swampert|Protect|p1a: Swampert
|-singleturn|p1a: Swampert|Protect
|move|p2a: Zapdos|Sunny Day|p2a: Zapdos
|-weather|SunnyDay
|
|-weather|SunnyDay|[upkeep]
|-heal|p2a: Zapdos|60/100 tox|[from] item: Leftovers
|-damage|p2a: Zapdos|47/100 tox|[from] psn
|-heal|p1a: Swampert|100/100|[from] item: Leftovers
|upkeep
|turn|23
|
|t:|1729177583
|switch|p1a: Tyranitar|Tyranitar, M|70/100
|-weather|Sandstorm|[from] ability: Sand Stream|[of] p1a: Tyranitar
|move|p2a: Zapdos|Hidden Power|p1a: Tyranitar
|-supereffective|p1a: Tyranitar
|-damage|p1a: Tyranitar|27/100
|
|-weather|Sandstorm|[upkeep]
|-damage|p2a: Zapdos|41/100 tox|[from] Sandstorm
|-heal|p2a: Zapdos|47/100 tox|[from] item: Leftovers
|-damage|p2a: Zapdos|29/100 tox|[from] psn
|-heal|p1a: Tyranitar|34/100|[from] item: Leftovers
|upkeep
|turn|24
|
|t:|1729177591
|switch|p1a: Forretress|Forretress, M|100/100
|move|p2a: Zapdos|Hidden Power|p1a: Forretress
|-resisted|p1a: Forretress
|-damage|p1a: Forretress|94/100
|
|-weather|Sandstorm|[upkeep]
|-damage|p2a: Zapdos|22/100 tox|[from] Sandstorm
|-heal|p2a: Zapdos|29/100 tox|[from] item: Leftovers
|-damage|p2a: Zapdos|4/100 tox|[from] psn
|-heal|p1a: Forretress|99/100|[from] item: Leftovers
|upkeep
|turn|25
|
|t:|1729177599
|move|p2a: Zapdos|Sunny Day|p2a: Zapdos
|-weather|SunnyDay
|move|p1a: Forretress|Earthquake|p2a: Zapdos
|-immune|p2a: Zapdos
|
|-weather|SunnyDay|[upkeep]
|-heal|p2a: Zapdos|10/100 tox|[from] item: Leftovers
|-damage|p2a: Zapdos|0 fnt|[from] psn
|faint|p2a: Zapdos
|-heal|p1a: Forretress|100/100|[from] item: Leftovers
|upkeep
|
|t:|1729177602
|switch|p2a: Exeggutor|Exeggutor, F|100/100
|-damage|p2a: Exeggutor|76/100|[from] Spikes
|turn|26
|
|t:|1729177610
|switch|p1a: Blissey|Blissey, F|88/100
|move|p2a: Exeggutor|Sleep Powder|p1a: Blissey|[miss]
|-miss|p2a: Exeggutor|p1a: Blissey
|
|-weather|SunnyDay|[upkeep]
|-heal|p2a: Exeggutor|82/100|[from] item: Leftovers
|-heal|p1a: Blissey|94/100|[from] item: Leftovers
|upkeep
|turn|27
|
|t:|1729177616
|move|p2a: Exeggutor|Explosion|p1a: Blissey
|-damage|p1a: Blissey|2/100
|faint|p2a: Exeggutor
|
|t:|1729177618
|switch|p2a: Dugtrio|Dugtrio, F|100/100
|-damage|p2a: Dugtrio|76/100|[from] Spikes
|
|-weather|SunnyDay|[upkeep]
|-heal|p1a: Blissey|8/100|[from] item: Leftovers
|upkeep
|turn|28
|
|t:|1729177625
|move|p2a: Dugtrio|Earthquake|p1a: Blissey
|-damage|p1a: Blissey|0 fnt
|faint|p1a: Blissey
|
|t:|1729177628
|switch|p1a: Porygon2|Porygon2|100/100
|-ability|p1a: Porygon2|Arena Trap|[from] ability: Trace|[of] p2a: Dugtrio
|
|-weather|SunnyDay|[upkeep]
|upkeep
|turn|29
|
|t:|1729177632
|move|p2a: Dugtrio|Earthquake|p1a: Porygon2
|-damage|p1a: Porygon2|57/100
|move|p1a: Porygon2|Recover|p1a: Porygon2
|-heal|p1a: Porygon2|100/100
|
|-weather|none
|upkeep
|turn|30
|
|t:|1729177637
|move|p2a: Dugtrio|Earthquake|p1a: Porygon2
|-damage|p1a: Porygon2|61/100
|move|p1a: Porygon2|Ice Beam|p2a: Dugtrio
|-supereffective|p2a: Dugtrio
|-damage|p2a: Dugtrio|0 fnt
|faint|p2a: Dugtrio
|
|t:|1729177646
|switch|p2a: Entei|Entei|84/100
|-damage|p2a: Entei|59/100|[from] Spikes
|
|-heal|p2a: Entei|65/100|[from] item: Leftovers
|-heal|p1a: Porygon2|67/100|[from] item: Leftovers
|upkeep
|turn|31
|
|t:|1729177654
|move|p2a: Entei|Flamethrower|p1a: Porygon2
|-damage|p1a: Porygon2|32/100
|move|p1a: Porygon2|Toxic|p2a: Entei
|-status|p2a: Entei|tox
|
|-heal|p2a: Entei|72/100 tox|[from] item: Leftovers
|-damage|p2a: Entei|65/100 tox|[from] psn
|-heal|p1a: Porygon2|38/100|[from] item: Leftovers
|upkeep
|turn|32
|
|t:|1729177660
|move|p2a: Entei|Sunny Day|p2a: Entei
|-weather|SunnyDay
|move|p1a: Porygon2|Recover|p1a: Porygon2
|-heal|p1a: Porygon2|88/100
|
|-weather|SunnyDay|[upkeep]
|-heal|p2a: Entei|72/100 tox|[from] item: Leftovers
|-damage|p2a: Entei|59/100 tox|[from] psn
|-heal|p1a: Porygon2|94/100|[from] item: Leftovers
|upkeep
|turn|33
|
|t:|1729177664
|switch|p1a: Tyranitar|Tyranitar, M|34/100
|-weather|Sandstorm|[from] ability: Sand Stream|[of] p1a: Tyranitar
|move|p2a: Entei|Flamethrower|p1a: Tyranitar
|-resisted|p1a: Tyranitar
|-crit|p1a: Tyranitar
|-damage|p1a: Tyranitar|3/100
|
|-weather|Sandstorm|[upkeep]
|-damage|p2a: Entei|53/100 tox|[from] Sandstorm
|-heal|p2a: Entei|59/100 tox|[from] item: Leftovers
|-damage|p2a: Entei|40/100 tox|[from] psn
|-heal|p1a: Tyranitar|10/100|[from] item: Leftovers
|upkeep
|turn|34
|
|t:|1729177671
|switch|p1a: Swampert|Swampert, M|100/100
|move|p2a: Entei|Flamethrower|p1a: Swampert
|-resisted|p1a: Swampert
|-damage|p1a: Swampert|83/100
|
|-weather|Sandstorm|[upkeep]
|-damage|p2a: Entei|34/100 tox|[from] Sandstorm
|-heal|p2a: Entei|40/100 tox|[from] item: Leftovers
|-damage|p2a: Entei|15/100 tox|[from] psn
|-heal|p1a: Swampert|90/100|[from] item: Leftovers
|upkeep
|turn|35
|
|t:|1729177676
|move|p2a: Entei|Flamethrower|p1a: Swampert
|-resisted|p1a: Swampert
|-damage|p1a: Swampert|72/100
|move|p1a: Swampert|Surf|p2a: Entei
|-supereffective|p2a: Entei
|-damage|p2a: Entei|0 fnt
|faint|p2a: Entei
|
|t:|1729177679
|switch|p2a: Swampert|Swampert, M|56/100
|-damage|p2a: Swampert|31/100|[from] Spikes
|
|-weather|Sandstorm|[upkeep]
|-heal|p2a: Swampert|37/100|[from] item: Leftovers
|-heal|p1a: Swampert|78/100|[from] item: Leftovers
|upkeep
|turn|36
|
|t:|1729177681
|move|p2a: Swampert|Protect|p2a: Swampert
|-singleturn|p2a: Swampert|Protect
|move|p1a: Swampert|Earthquake|p2a: Swampert
|-activate|p2a: Swampert|Protect
|
|-weather|Sandstorm|[upkeep]
|-heal|p2a: Swampert|44/100|[from] item: Leftovers
|-heal|p1a: Swampert|84/100|[from] item: Leftovers
|upkeep
|turn|37
|
|t:|1729177684
|move|p2a: Swampert|Toxic|p1a: Swampert
|-status|p1a: Swampert|tox
|move|p1a: Swampert|Earthquake|p2a: Swampert
|-damage|p2a: Swampert|17/100
|
|-weather|Sandstorm|[upkeep]
|-heal|p2a: Swampert|23/100|[from] item: Leftovers
|-heal|p1a: Swampert|91/100 tox|[from] item: Leftovers
|-damage|p1a: Swampert|84/100 tox|[from] psn
|upkeep
|turn|38
|
|t:|1729177687
|move|p2a: Swampert|Surf|p1a: Swampert
|-damage|p1a: Swampert|45/100 tox
|move|p1a: Swampert|Earthquake|p2a: Swampert
|-damage|p2a: Swampert|0 fnt
|faint|p2a: Swampert
|
|win|busyboi
|c|☆tub69|gg
|c|☆busyboi|gg

</script>
<script type="application/json" class="data" id="replaydata-smogtours-gen3ou-799268">
{"id":"smogtours-gen3ou-799268","format":"[Gen 3] OU","players":["busyboi","tub69"],"uploadtime":1729177687,"views":99,"formatid":"gen3ou","rating":null,"private":0,"password":null}
</script>

<script defer src="js/replays.js?9d40a366"></script>
