<!DOCTYPE html>
<meta charset="utf-8" />
<meta name="viewport" content="width=device-width" />

<title>[Gen 3] OU: Colteor vs. Xenocles - Replays - Pok&eacute;mon Showdown!</title>

<meta name="description" content="Watch a replay of a Pok&eacute;mon battle between Colteor and Xenocles! Format: [Gen 3] OU; Date: Oct 10, 2024" />
<!--

Hey, you! Looking in the source for the replay log?

You can find them in JSON format, just add `.json` at the end of a replay URL.

https://replay.pokemonshowdown.com/gen7randomdoublesbattle-865046831.json

Or, if you only need the log itself, add `.log` instead:

https://replay.pokemonshowdown.com/gen7randomdoublesbattle-865046831.log

-->

<link rel="stylesheet" href="//pokemonshowdown.com/style/global.css?0.023195364461161105" />
<link rel="stylesheet" href="//play.pokemonshowdown.com/style/font-awesome.css?0.13261647063804238" />
<link rel="stylesheet" href="//play.pokemonshowdown.com/style/battle.css?0.8753245789963631" />
<link rel="stylesheet" href="//play.pokemonshowdown.com/style/utilichart.css?0.8627959624976733" />

<!-- Global site tag (gtag.js) - Google Analytics -->
<script async src="https://www.googletagmanager.com/gtag/js?id=UA-26211653-1"></script>
<script>
  window.dataLayer = window.dataLayer || [];
  function gtag(){dataLayer.push(arguments);}
  gtag('js', new Date());

  gtag('config', 'UA-26211653-1');
</script>
<!-- End Google Analytics -->
<!-- Venatus Ad Manager - Install in <HEAD> of page -->
	<script src="https://hb.vntsm.com/v3/live/ad-manager.min.js" type="text/javascript" data-site-id="642aba63ec9a7b11c3c9c1be" data-mode="scan" async></script>
<!-- / Venatus Ad Manager -->

<style>
	@media (max-width:820px) {
		.battle {
			margin: 0 auto;
		}
		.battle-log {
			margin: 7px auto 0;
			max-width: 640px;
			height: 300px;
			position: static;
		}
	}
	.optgroup {
		display: inline-block;
		line-height: 22px;
		font-size: 10pt;
	}
	.optgroup .button {
		height: 25px;
		padding-top: 0;
		padding-bottom: 0;
	}
	.optgroup button.button {
		padding-left: 12px;
		padding-right: 12px;
	}
	.linklist {
		list-style: none;
		margin: 0.5em 0;
		padding: 0;
	}
	.linklist li {
		padding: 2px 0;
	}
	.sidebar {
		float: left;
		width: 320px;
	}
	.bar-wrapper {
		max-width: 1100px;
		margin: 0 auto;
	}
	.bar-wrapper.has-sidebar {
		max-width: 1430px;
	}
	.mainbar {
		margin: 0;
		padding-right: 1px;
	}
	.mainbar.has-sidebar {
		margin-left: 330px;
	}
	@media (min-width: 1511px) {
		.sidebar {
			width: 400px;
		}
		.bar-wrapper.has-sidebar {
			max-width: 1510px;
		}
		.mainbar.has-sidebar {
			margin-left: 410px;
		}
	}
	.section.first-section {
		margin-top: 9px;
	}
	.blocklink small {
		white-space: normal;
	}
	.button {
		vertical-align: middle;
	}
	.replay-controls {
		padding-top: 10px;
	}
	.replay-controls h1 {
		font-size: 16pt;
		font-weight: normal;
		color: #CCC;
	}
	.pagelink {
		text-align: center;
	}
	.pagelink a {
		width: 150px;
	}
	.textbox, .button {
		font-size: 11pt;
		vertical-align: middle;
	}
	@media (max-width: 450px) {
		.button {
			font-size: 9pt;
		}
	}
</style>

<div>

	<header>
		<div class="nav-wrapper"><ul class="nav">
			<li><a class="button nav-first" href="//pokemonshowdown.com/"><img src="//pokemonshowdown.com/images/pokemonshowdownbeta.png" srcset="//pokemonshowdown.com/images/pokemonshowdownbeta.png 1x, //pokemonshowdown.com/images/pokemonshowdownbeta@2x.png 2x" alt="Pok&eacute;mon Showdown" width="146" height="44" /> Home</a></li>
			<li><a class="button" href="//pokemonshowdown.com/dex/">Pok&eacute;dex</a></li>
			<li><a class="button cur" href="/">Replays</a></li>
			<li><a class="button" href="//pokemonshowdown.com/ladder/">Ladder</a></li>
			<li><a class="button nav-last" href="//pokemonshowdown.com/forums/">Forum</a></li>
			<li><a class="button greenbutton nav-first nav-last" href="//play.pokemonshowdown.com/">Play</a></li>
		</ul></div>
	</header>

	<div class="main" id="main">

		<noscript><section class="section">You need to enable JavaScript to use this page; sorry!</section></noscript>

	</div>

</div>

<script defer nomodule src="//play.pokemonshowdown.com/js/lib/ps-polyfill.js"></script>
<script defer src="//play.pokemonshowdown.com/js/lib/preact.min.js"></script>

<script defer src="//play.pokemonshowdown.com/config/config.js?2bddbc15"></script>
<script defer src="//play.pokemonshowdown.com/js/lib/jquery-1.11.0.min.js"></script>
<script defer src="//play.pokemonshowdown.com/js/lib/html-sanitizer-minified.js"></script>
<script defer src="//play.pokemonshowdown.com/js/battle-sound.js"></script>
<script defer src="//play.pokemonshowdown.com/js/battledata.js?0.7209276989879541"></script>
<script defer src="//play.pokemonshowdown.com/data/pokedex-mini.js?0.6111056340867951"></script>
<script defer src="//play.pokemonshowdown.com/data/pokedex-mini-bw.js?0.3532142036491459"></script>
<script defer src="//play.pokemonshowdown.com/data/graphics.js?0.24223875632456182"></script>
<script defer src="//play.pokemonshowdown.com/data/pokedex.js?0.38839984266356864"></script>
<script defer src="//play.pokemonshowdown.com/data/moves.js?0.21866028504024015"></script>
<script defer src="//play.pokemonshowdown.com/data/abilities.js?0.2005157953846628"></script>
<script defer src="//play.pokemonshowdown.com/data/items.js?0.9894211263848525"></script>
<script defer src="//play.pokemonshowdown.com/data/teambuilder-tables.js?0.6008791140282215"></script>
<script defer src="//play.pokemonshowdown.com/js/battle-tooltips.js?0.7580118955022959"></script>
<script defer src="//play.pokemonshowdown.com/js/battle.js?0.6057722274234274"></script>

<script defer src="js/utils.js?e31f9a17"></script>
<script defer src="js/replays-battle.js?7008c182"></script>

<!-- don't scrape this data! just add .json or .log after the URL!
Full API docs: https://github.com/smogon/pokemon-showdown-client/blob/master/WEB-API.md -->
<script type="text/plain" class="log" id="replaylog-smogtours-gen3ou-796831">
|inactive|Battle timer is ON: inactive players will automatically lose when time's up.
|t:|1728520311
|gametype|singles
|player|p1|Colteor|#roaplixmauvillemagnetons|
|player|p2|Xenocles|burglar|
|teamsize|p1|6
|teamsize|p2|6
|gen|3
|tier|[Gen 3] OU
|rule|Sleep Clause Mod: Limit one foe put to sleep
|rule|Switch Priority Clause Mod: Faster Pokémon switch first
|rule|Species Clause: Limit one of each Pokémon
|rule|OHKO Clause: OHKO moves are banned
|rule|Evasion Items Clause: Evasion items are banned
|rule|Evasion Moves Clause: Evasion moves are banned
|rule|Endless Battle Clause: Forcing endless battles is banned
|rule|HP Percentage Mod: HP is shown in percentages
|rule|One Boost Passer Clause: Limit one Baton Passer that has a way to boost its stats
|rule|Freeze Clause Mod: Limit one foe frozen
|
|t:|1728520311
|start
|switch|p1a: Smeargle|Smeargle, F|100/100
|switch|p2a: Tyranitar|Tyranitar, F|100/100
|-weather|Sandstorm|[from] ability: Sand Stream|[of] p2a: Tyranitar
|turn|1
|inactive|Xenocles also wants the timer to be on.
|c|☆Colteor|gl hf
|c|☆Xenocles|you too
|
|t:|1728520333
|move|p1a: Smeargle|Spore|p2a: Tyranitar
|-status|p2a: Tyranitar|slp|[from] move: Spore
|cant|p2a: Tyranitar|slp
|
|-weather|Sandstorm|[upkeep]
|-damage|p1a: Smeargle|95/100|[from] Sandstorm
|upkeep
|turn|2
|
|t:|1728520339
|move|p1a: Smeargle|Spikes|p2a: Tyranitar
|-sidestart|p2: Xenocles|Spikes
|-curestatus|p2a: Tyranitar|slp|[msg]
|move|p2a: Tyranitar|Substitute|p2a: Tyranitar
|-start|p2a: Tyranitar|Substitute
|-damage|p2a: Tyranitar|75/100
|
|-weather|Sandstorm|[upkeep]
|-damage|p1a: Smeargle|89/100|[from] Sandstorm
|-heal|p2a: Tyranitar|82/100|[from] item: Leftovers
|upkeep
|turn|3
|
|t:|1728520342
|-singleturn|p2a: Tyranitar|move: Focus Punch
|move|p1a: Smeargle|Destiny Bond|p1a: Smeargle
|-singlemove|p1a: Smeargle|Destiny Bond
|move|p2a: Tyranitar|Focus Punch|p1a: Smeargle
|-supereffective|p1a: Smeargle
|-damage|p1a: Smeargle|0 fnt
|faint|p1a: Smeargle
|-activate|p1a: Smeargle|move: Destiny Bond
|faint|p2a: Tyranitar
|inactive|Xenocles has 270 seconds left.
|
|t:|1728520383
|switch|p1a: Swampert|Swampert, M|100/100
|switch|p2a: Registeel|Registeel|100/100
|-damage|p2a: Registeel|88/100|[from] Spikes
|
|-weather|Sandstorm|[upkeep]
|-heal|p2a: Registeel|94/100|[from] item: Leftovers
|upkeep
|turn|4
|
|t:|1728520398
|move|p1a: Swampert|Substitute|p1a: Swampert
|-start|p1a: Swampert|Substitute
|-damage|p1a: Swampert|76/100
|move|p2a: Registeel|Seismic Toss|p1a: Swampert
|-end|p1a: Swampert|Substitute
|
|-weather|Sandstorm|[upkeep]
|-heal|p2a: Registeel|99/100|[from] item: Leftovers
|upkeep
|turn|5
|inactive|Xenocles has 240 seconds left.
|inactive|Xenocles has 210 seconds left.
|
|t:|1728520471
|switch|p2a: Skarmory|Skarmory, M|100/100
|move|p1a: Swampert|Hydro Pump|p2a: Skarmory|[miss]
|-miss|p1a: Swampert|p2a: Skarmory
|
|-weather|Sandstorm|[upkeep]
|upkeep
|turn|6
|
|t:|1728520478
|move|p1a: Swampert|Hydro Pump|p2a: Skarmory
|-damage|p2a: Skarmory|50/100
|move|p2a: Skarmory|Toxic|p1a: Swampert
|-status|p1a: Swampert|tox
|
|-weather|Sandstorm|[upkeep]
|-damage|p1a: Swampert|69/100 tox|[from] psn
|-heal|p2a: Skarmory|56/100|[from] item: Leftovers
|upkeep
|turn|7
|inactive|Xenocles has 210 seconds left.
|
|t:|1728520487
|switch|p2a: Celebi|Celebi|100/100
|-damage|p2a: Celebi|88/100|[from] Spikes
|move|p1a: Swampert|Hydro Pump|p2a: Celebi
|-resisted|p2a: Celebi
|-damage|p2a: Celebi|69/100
|
|-weather|Sandstorm|[upkeep]
|-damage|p2a: Celebi|63/100|[from] Sandstorm
|-heal|p2a: Celebi|69/100|[from] item: Leftovers
|-damage|p1a: Swampert|57/100 tox|[from] psn
|upkeep
|turn|8
|inactive|Xenocles has 210 seconds left.
|
|t:|1728520507
|switch|p1a: Gengar|Gengar, F|100/100
|move|p2a: Celebi|Giga Drain|p1a: Gengar
|-resisted|p1a: Gengar
|-damage|p1a: Gengar|79/100
|-heal|p2a: Celebi|76/100|[from] drain|[of] p1a: Gengar
|
|-weather|Sandstorm|[upkeep]
|-damage|p1a: Gengar|73/100|[from] Sandstorm
|-damage|p2a: Celebi|70/100|[from] Sandstorm
|-heal|p1a: Gengar|79/100|[from] item: Leftovers
|-heal|p2a: Celebi|76/100|[from] item: Leftovers
|upkeep
|turn|9
|inactive|Xenocles has 210 seconds left.
|
|t:|1728520520
|switch|p1a: Tyranitar|Tyranitar, F|100/100
|switch|p2a: Registeel|Registeel|99/100
|-damage|p2a: Registeel|88/100|[from] Spikes
|
|-weather|Sandstorm|[upkeep]
|-heal|p2a: Registeel|94/100|[from] item: Leftovers
|upkeep
|turn|10
|inactive|Colteor has 270 seconds left.
|
|t:|1728520546
|move|p1a: Tyranitar|Earthquake|p2a: Registeel
|-supereffective|p2a: Registeel
|-damage|p2a: Registeel|50/100
|move|p2a: Registeel|Thunder Wave|p1a: Tyranitar
|-status|p1a: Tyranitar|par
|-enditem|p1a: Tyranitar|Lum Berry|[eat]
|-curestatus|p1a: Tyranitar|par|[msg]
|
|-weather|Sandstorm|[upkeep]
|-heal|p2a: Registeel|56/100|[from] item: Leftovers
|upkeep
|turn|11
|inactive|Colteor has 270 seconds left.
|inactive|Xenocles has 210 seconds left.
|
|t:|1728520588
|move|p1a: Tyranitar|Rock Slide|p2a: Registeel
|-resisted|p2a: Registeel
|-damage|p2a: Registeel|44/100
|move|p2a: Registeel|Thunder Wave|p1a: Tyranitar
|-status|p1a: Tyranitar|par
|
|-weather|Sandstorm|[upkeep]
|-heal|p2a: Registeel|50/100|[from] item: Leftovers
|upkeep
|turn|12
|
|t:|1728520597
|switch|p2a: Claydol|Claydol|100/100
|move|p1a: Tyranitar|Earthquake|p2a: Claydol
|-immune|p2a: Claydol
|
|-weather|Sandstorm|[upkeep]
|upkeep
|turn|13
|
|t:|1728520600
|switch|p1a: Gengar|Gengar, F|79/100
|move|p2a: Claydol|Earthquake|p1a: Gengar
|-immune|p1a: Gengar
|
|-weather|Sandstorm|[upkeep]
|-damage|p1a: Gengar|73/100|[from] Sandstorm
|-heal|p1a: Gengar|79/100|[from] item: Leftovers
|upkeep
|turn|14
|inactive|Colteor has 270 seconds left.
|
|t:|1728520620
|move|p1a: Gengar|Ice Punch|p2a: Claydol
|-supereffective|p2a: Claydol
|-damage|p2a: Claydol|45/100
|move|p2a: Claydol|Shadow Ball|p1a: Gengar
|-supereffective|p1a: Gengar
|-damage|p1a: Gengar|10/100
|
|-weather|Sandstorm|[upkeep]
|-damage|p1a: Gengar|4/100|[from] Sandstorm
|-heal|p1a: Gengar|10/100|[from] item: Leftovers
|-heal|p2a: Claydol|51/100|[from] item: Leftovers
|upkeep
|turn|15
|inactive|Xenocles has 210 seconds left.
|
|t:|1728520637
|switch|p2a: Registeel|Registeel|50/100
|-damage|p2a: Registeel|38/100|[from] Spikes
|move|p1a: Gengar|Ice Punch|p2a: Registeel
|-resisted|p2a: Registeel
|-damage|p2a: Registeel|30/100
|
|-weather|Sandstorm|[upkeep]
|-damage|p1a: Gengar|4/100|[from] Sandstorm
|-heal|p1a: Gengar|10/100|[from] item: Leftovers
|-heal|p2a: Registeel|36/100|[from] item: Leftovers
|upkeep
|turn|16
|
|t:|1728520641
|switch|p1a: Tyranitar|Tyranitar, F|100/100 par
|move|p2a: Registeel|Thunder Wave|p1a: Tyranitar
|-fail|p1a: Tyranitar|par
|
|-weather|Sandstorm|[upkeep]
|-heal|p2a: Registeel|43/100|[from] item: Leftovers
|upkeep
|turn|17
|
|t:|1728520647
|switch|p2a: Skarmory|Skarmory, M|56/100
|move|p1a: Tyranitar|Hidden Power|p2a: Skarmory
|-resisted|p2a: Skarmory
|-damage|p2a: Skarmory|52/100
|
|-weather|Sandstorm|[upkeep]
|-heal|p2a: Skarmory|58/100|[from] item: Leftovers
|upkeep
|turn|18
|
|t:|1728520658
|move|p2a: Skarmory|Spikes|p1a: Tyranitar
|-sidestart|p1: Colteor|Spikes
|move|p1a: Tyranitar|Rock Slide|p2a: Skarmory
|-damage|p2a: Skarmory|24/100
|
|-weather|Sandstorm|[upkeep]
|-heal|p2a: Skarmory|30/100|[from] item: Leftovers
|upkeep
|turn|19
|
|t:|1728520667
|move|p2a: Skarmory|Spikes|p1a: Tyranitar
|-sidestart|p1: Colteor|Spikes
|cant|p1a: Tyranitar|par
|
|-weather|Sandstorm|[upkeep]
|-heal|p2a: Skarmory|36/100|[from] item: Leftovers
|upkeep
|turn|20
|
|t:|1728520671
|cant|p1a: Tyranitar|par
|move|p2a: Skarmory|Roar|p1a: Tyranitar
|drag|p1a: Metagross|Metagross|100/100
|-damage|p1a: Metagross|84/100|[from] Spikes
|
|-weather|Sandstorm|[upkeep]
|-heal|p2a: Skarmory|42/100|[from] item: Leftovers
|upkeep
|turn|21
|inactive|Xenocles has 240 seconds left.
|
|t:|1728520703
|move|p1a: Metagross|Meteor Mash|p2a: Skarmory
|-resisted|p2a: Skarmory
|-crit|p2a: Skarmory
|-damage|p2a: Skarmory|0 fnt
|faint|p2a: Skarmory
|
|t:|1728520708
|switch|p2a: Salamence|Salamence, M|100/100
|-ability|p2a: Salamence|Intimidate|boost
|-fail|p1a: Metagross|unboost|[from] ability: Clear Body|[of] p1a: Metagross
|
|-weather|Sandstorm|[upkeep]
|-damage|p2a: Salamence|94/100|[from] Sandstorm
|-heal|p2a: Salamence|100/100|[from] item: Leftovers
|upkeep
|turn|22
|
|t:|1728520720
|move|p2a: Salamence|Fire Blast|p1a: Metagross
|-supereffective|p1a: Metagross
|-damage|p1a: Metagross|1/100
|move|p1a: Metagross|Explosion|p2a: Salamence
|-damage|p2a: Salamence|0 fnt
|faint|p1a: Metagross
|faint|p2a: Salamence
|c|☆Xenocles|guh
|inactive|Xenocles has 240 seconds left.
|
|t:|1728520735
|switch|p2a: Claydol|Claydol|51/100
|switch|p1a: Gengar|Gengar, F|10/100
|
|-weather|Sandstorm|[upkeep]
|-damage|p1a: Gengar|4/100|[from] Sandstorm
|-heal|p1a: Gengar|10/100|[from] item: Leftovers
|-heal|p2a: Claydol|57/100|[from] item: Leftovers
|upkeep
|turn|23
|
|t:|1728520740
|move|p1a: Gengar|Ice Punch|p2a: Claydol
|-supereffective|p2a: Claydol
|-damage|p2a: Claydol|0 fnt
|faint|p2a: Claydol
|
|t:|1728520750
|switch|p2a: Registeel|Registeel|43/100
|-damage|p2a: Registeel|30/100|[from] Spikes
|
|-weather|Sandstorm|[upkeep]
|-damage|p1a: Gengar|4/100|[from] Sandstorm
|-heal|p1a: Gengar|10/100|[from] item: Leftovers
|-heal|p2a: Registeel|36/100|[from] item: Leftovers
|upkeep
|turn|24
|
|t:|1728520754
|switch|p1a: Swampert|Swampert, M|57/100 tox
|-damage|p1a: Swampert|41/100 tox|[from] Spikes
|move|p2a: Registeel|Thunder Wave|p1a: Swampert
|-immune|p1a: Swampert
|
|-weather|Sandstorm|[upkeep]
|-damage|p1a: Swampert|35/100 tox|[from] psn
|-heal|p2a: Registeel|42/100|[from] item: Leftovers
|upkeep
|turn|25
|
|t:|1728520761
|move|p1a: Swampert|Hydro Pump|p2a: Registeel|[miss]
|-miss|p1a: Swampert|p2a: Registeel
|move|p2a: Registeel|Seismic Toss|p1a: Swampert
|-damage|p1a: Swampert|5/100 tox
|
|-weather|Sandstorm|[upkeep]
|-enditem|p1a: Swampert|Salac Berry|[eat]
|-boost|p1a: Swampert|spe|1|[from] item: Salac Berry
|-damage|p1a: Swampert|0 fnt|[from] psn
|faint|p1a: Swampert
|-heal|p2a: Registeel|48/100|[from] item: Leftovers
|upkeep
|
|t:|1728520767
|switch|p1a: Tyranitar|Tyranitar, F|100/100 par
|-damage|p1a: Tyranitar|84/100 par|[from] Spikes
|turn|26
|inactive|Xenocles has 270 seconds left.
|
|t:|1728520773
|move|p2a: Registeel|Seismic Toss|p1a: Tyranitar
|-damage|p1a: Tyranitar|55/100 par
|cant|p1a: Tyranitar|par
|
|-weather|Sandstorm|[upkeep]
|-heal|p2a: Registeel|54/100|[from] item: Leftovers
|upkeep
|turn|27
|inactive|Xenocles has 270 seconds left.
|inactive|Xenocles has 240 seconds left.
|
|t:|1728520817
|move|p2a: Registeel|Seismic Toss|p1a: Tyranitar
|-damage|p1a: Tyranitar|25/100 par
|move|p1a: Tyranitar|Earthquake|p2a: Registeel
|-supereffective|p2a: Registeel
|-damage|p2a: Registeel|8/100
|
|-weather|Sandstorm|[upkeep]
|-heal|p2a: Registeel|14/100|[from] item: Leftovers
|upkeep
|turn|28
|
|t:|1728520820
|move|p2a: Registeel|Seismic Toss|p1a: Tyranitar
|-damage|p1a: Tyranitar|0 fnt
|faint|p1a: Tyranitar
|
|t:|1728520826
|switch|p1a: Aerodactyl|Aerodactyl, M|100/100
|
|-weather|Sandstorm|[upkeep]
|-heal|p2a: Registeel|20/100|[from] item: Leftovers
|upkeep
|turn|29
|
|t:|1728520831
|move|p1a: Aerodactyl|Earthquake|p2a: Registeel
|-supereffective|p2a: Registeel
|-damage|p2a: Registeel|0 fnt
|faint|p2a: Registeel
|
|t:|1728520833
|switch|p2a: Celebi|Celebi|76/100
|-damage|p2a: Celebi|64/100|[from] Spikes
|
|-weather|Sandstorm|[upkeep]
|-damage|p2a: Celebi|57/100|[from] Sandstorm
|-heal|p2a: Celebi|64/100|[from] item: Leftovers
|upkeep
|turn|30
|inactive|Xenocles has 270 seconds left.
|
|t:|1728520839
|move|p1a: Aerodactyl|Substitute|p1a: Aerodactyl
|-start|p1a: Aerodactyl|Substitute
|-damage|p1a: Aerodactyl|76/100
|move|p2a: Celebi|Giga Drain|p1a: Aerodactyl
|-end|p1a: Aerodactyl|Substitute
|-heal|p2a: Celebi|73/100|[from] drain|[of] p1a: Aerodactyl
|
|-weather|Sandstorm|[upkeep]
|-damage|p2a: Celebi|67/100|[from] Sandstorm
|-heal|p2a: Celebi|73/100|[from] item: Leftovers
|upkeep
|turn|31
|
|t:|1728520845
|move|p1a: Aerodactyl|Double-Edge|p2a: Celebi
|-damage|p2a: Celebi|45/100
|move|p2a: Celebi|Giga Drain|p1a: Aerodactyl
|-damage|p1a: Aerodactyl|35/100
|-heal|p2a: Celebi|60/100|[from] drain|[of] p1a: Aerodactyl
|
|-weather|Sandstorm|[upkeep]
|-damage|p2a: Celebi|54/100|[from] Sandstorm
|-heal|p2a: Celebi|60/100|[from] item: Leftovers
|upkeep
|turn|32
|
|t:|1728520851
|move|p1a: Aerodactyl|Substitute|p1a: Aerodactyl
|-start|p1a: Aerodactyl|Substitute
|-damage|p1a: Aerodactyl|10/100
|move|p2a: Celebi|Giga Drain|p1a: Aerodactyl
|-end|p1a: Aerodactyl|Substitute
|-heal|p2a: Celebi|70/100|[from] drain|[of] p1a: Aerodactyl
|
|-weather|Sandstorm|[upkeep]
|-damage|p2a: Celebi|64/100|[from] Sandstorm
|-enditem|p1a: Aerodactyl|Liechi Berry|[eat]
|-boost|p1a: Aerodactyl|atk|1|[from] item: Liechi Berry
|-heal|p2a: Celebi|70/100|[from] item: Leftovers
|upkeep
|turn|33
|
|t:|1728520854
|move|p1a: Aerodactyl|Double-Edge|p2a: Celebi
|-damage|p2a: Celebi|20/100
|move|p2a: Celebi|Giga Drain|p1a: Aerodactyl
|-damage|p1a: Aerodactyl|0 fnt
|-heal|p2a: Celebi|24/100|[from] drain|[of] p1a: Aerodactyl
|faint|p1a: Aerodactyl
|
|t:|1728520855
|switch|p1a: Gengar|Gengar, F|10/100
|
|-weather|Sandstorm|[upkeep]
|-damage|p1a: Gengar|4/100|[from] Sandstorm
|-damage|p2a: Celebi|18/100|[from] Sandstorm
|-heal|p1a: Gengar|10/100|[from] item: Leftovers
|-heal|p2a: Celebi|24/100|[from] item: Leftovers
|upkeep
|turn|34
|
|t:|1728520857
|move|p1a: Gengar|Ice Punch|p2a: Celebi
|-supereffective|p2a: Celebi
|-damage|p2a: Celebi|0 fnt
|faint|p2a: Celebi
|
|win|Colteor
|c|☆Colteor|gg
|c|☆Xenocles|gg
|player|p2|
|player|p1|

</script>
<script type="application/json" class="data" id="replaydata-smogtours-gen3ou-796831">
{"id":"smogtours-gen3ou-796831","format":"[Gen 3] OU","players":["Colteor","Xenocles"],"uploadtime":1728520857,"views":99,"formatid":"gen3ou","rating":null,"private":0,"password":null}
</script>

<script defer src="js/replays.js?9d40a366"></script>
