<!DOCTYPE html>
<meta charset="utf-8" />
<meta name="viewport" content="width=device-width" />

<title>[Gen 3] OU: donk27 vs. zinc3 - Replays - Pok&eacute;mon Showdown!</title>

<meta name="description" content="Watch a replay of a Pok&eacute;mon battle between donk27 and zinc3! Format: [Gen 3] OU; Date: Nov 13, 2024" />
<!--

Hey, you! Looking in the source for the replay log?

You can find them in JSON format, just add `.json` at the end of a replay URL.

https://replay.pokemonshowdown.com/gen7randomdoublesbattle-865046831.json

Or, if you only need the log itself, add `.log` instead:

https://replay.pokemonshowdown.com/gen7randomdoublesbattle-865046831.log

-->

<link rel="stylesheet" href="//pokemonshowdown.com/style/global.css?0.767286132409787" />
<link rel="stylesheet" href="//play.pokemonshowdown.com/style/font-awesome.css?0.9266228007934947" />
<link rel="stylesheet" href="//play.pokemonshowdown.com/style/battle.css?0.7924700842790926" />
<link rel="stylesheet" href="//play.pokemonshowdown.com/style/utilichart.css?0.8777417872839479" />

<!-- Global site tag (gtag.js) - Google Analytics -->
<script async src="https://www.googletagmanager.com/gtag/js?id=UA-26211653-1"></script>
<script>
  window.dataLayer = window.dataLayer || [];
  function gtag(){dataLayer.push(arguments);}
  gtag('js', new Date());

  gtag('config', 'UA-26211653-1');
</script>
<!-- End Google Analytics -->
<!-- Venatus Ad Manager - Install in <HEAD> of page -->
	<script src="https://hb.vntsm.com/v3/live/ad-manager.min.js" type="text/javascript" data-site-id="642aba63ec9a7b11c3c9c1be" data-mode="scan" async></script>
<!-- / Venatus Ad Manager -->

<style>
	@media (max-width:820px) {
		.battle {
			margin: 0 auto;
		}
		.battle-log {
			margin: 7px auto 0;
			max-width: 640px;
			height: 300px;
			position: static;
		}
	}
	.optgroup {
		display: inline-block;
		line-height: 22px;
		font-size: 10pt;
	}
	.optgroup .button {
		height: 25px;
		padding-top: 0;
		padding-bottom: 0;
	}
	.optgroup button.button {
		padding-left: 12px;
		padding-right: 12px;
	}
	.linklist {
		list-style: none;
		margin: 0.5em 0;
		padding: 0;
	}
	.linklist li {
		padding: 2px 0;
	}
	.sidebar {
		float: left;
		width: 320px;
	}
	.bar-wrapper {
		max-width: 1100px;
		margin: 0 auto;
	}
	.bar-wrapper.has-sidebar {
		max-width: 1430px;
	}
	.mainbar {
		margin: 0;
		padding-right: 1px;
	}
	.mainbar.has-sidebar {
		margin-left: 330px;
	}
	@media (min-width: 1511px) {
		.sidebar {
			width: 400px;
		}
		.bar-wrapper.has-sidebar {
			max-width: 1510px;
		}
		.mainbar.has-sidebar {
			margin-left: 410px;
		}
	}
	.section.first-section {
		margin-top: 9px;
	}
	.blocklink small {
		white-space: normal;
	}
	.button {
		vertical-align: middle;
	}
	.replay-controls {
		padding-top: 10px;
	}
	.replay-controls h1 {
		font-size: 16pt;
		font-weight: normal;
		color: #CCC;
	}
	.pagelink {
		text-align: center;
	}
	.pagelink a {
		width: 150px;
	}
	.textbox, .button {
		font-size: 11pt;
		vertical-align: middle;
	}
	@media (max-width: 450px) {
		.button {
			font-size: 9pt;
		}
	}
</style>

<div>

	<header>
		<div class="nav-wrapper"><ul class="nav">
			<li><a class="button nav-first" href="//pokemonshowdown.com/"><img src="//pokemonshowdown.com/images/pokemonshowdownbeta.png" srcset="//pokemonshowdown.com/images/pokemonshowdownbeta.png 1x, //pokemonshowdown.com/images/pokemonshowdownbeta@2x.png 2x" alt="Pok&eacute;mon Showdown" width="146" height="44" /> Home</a></li>
			<li><a class="button" href="//pokemonshowdown.com/dex/">Pok&eacute;dex</a></li>
			<li><a class="button cur" href="/">Replays</a></li>
			<li><a class="button" href="//pokemonshowdown.com/ladder/">Ladder</a></li>
			<li><a class="button nav-last" href="//pokemonshowdown.com/forums/">Forum</a></li>
			<li><a class="button greenbutton nav-first nav-last" href="//play.pokemonshowdown.com/">Play</a></li>
		</ul></div>
	</header>

	<div class="main" id="main">

		<noscript><section class="section">You need to enable JavaScript to use this page; sorry!</section></noscript>

	</div>

</div>

<script defer nomodule src="//play.pokemonshowdown.com/js/lib/ps-polyfill.js"></script>
<script defer src="//play.pokemonshowdown.com/js/lib/preact.min.js"></script>

<script defer src="//play.pokemonshowdown.com/config/config.js?6dec07f6"></script>
<script defer src="//play.pokemonshowdown.com/js/lib/jquery-1.11.0.min.js"></script>
<script defer src="//play.pokemonshowdown.com/js/lib/html-sanitizer-minified.js"></script>
<script defer src="//play.pokemonshowdown.com/js/battle-sound.js"></script>
<script defer src="//play.pokemonshowdown.com/js/battledata.js?0.6315294753075389"></script>
<script defer src="//play.pokemonshowdown.com/data/pokedex-mini.js?0.7603743185311358"></script>
<script defer src="//play.pokemonshowdown.com/data/pokedex-mini-bw.js?0.030888842834281283"></script>
<script defer src="//play.pokemonshowdown.com/data/graphics.js?0.05593094747507488"></script>
<script defer src="//play.pokemonshowdown.com/data/pokedex.js?0.47064822249611904"></script>
<script defer src="//play.pokemonshowdown.com/data/moves.js?0.8583693120512459"></script>
<script defer src="//play.pokemonshowdown.com/data/abilities.js?0.16017181182386842"></script>
<script defer src="//play.pokemonshowdown.com/data/items.js?0.4163379185673943"></script>
<script defer src="//play.pokemonshowdown.com/data/teambuilder-tables.js?0.31075597372830477"></script>
<script defer src="//play.pokemonshowdown.com/js/battle-tooltips.js?0.6536193500708172"></script>
<script defer src="//play.pokemonshowdown.com/js/battle.js?0.1916591943277901"></script>

<script defer src="js/utils.js?e31f9a17"></script>
<script defer src="js/replays-battle.js?7008c182"></script>

<!-- don't scrape this data! just add .json or .log after the URL!
Full API docs: https://github.com/smogon/pokemon-showdown-client/blob/master/WEB-API.md -->
<script type="text/plain" class="log" id="replaylog-smogtours-gen3ou-806133">
|inactive|Battle timer is ON: inactive players will automatically lose when time's up.
|t:|1731465184
|gametype|singles
|player|p1|donk27|jasmine|
|player|p2|zinc3|touristf|
|teamsize|p1|6
|teamsize|p2|6
|gen|3
|tier|[Gen 3] OU
|rule|Sleep Clause Mod: Limit one foe put to sleep
|rule|Switch Priority Clause Mod: Faster Pokémon switch first
|rule|Species Clause: Limit one of each Pokémon
|rule|OHKO Clause: OHKO moves are banned
|rule|Evasion Items Clause: Evasion items are banned
|rule|Evasion Moves Clause: Evasion moves are banned
|rule|Endless Battle Clause: Forcing endless battles is banned
|rule|HP Percentage Mod: HP is shown in percentages
|rule|One Boost Passer Clause: Limit one Baton Passer that has a way to boost its stats
|rule|Freeze Clause Mod: Limit one foe frozen
|
|t:|1731465184
|start
|switch|p1a: Vaporeon|Vaporeon, F|100/100
|switch|p2a: Metagross|Metagross|100/100
|turn|1
|inactive|zinc3 has 270 seconds left.
|
|t:|1731465220
|switch|p2a: Porygon2|Porygon2|100/100
|-ability|p2a: Porygon2|Water Absorb|[from] ability: Trace|[of] p1a: Vaporeon
|move|p1a: Vaporeon|Surf|p2a: Porygon2
|-immune|p2a: Porygon2|[from] ability: Water Absorb
|
|upkeep
|turn|2
|
|t:|1731465228
|switch|p1a: Celebi|Celebi|100/100
|move|p2a: Porygon2|Thunderbolt|p1a: Celebi
|-resisted|p1a: Celebi
|-damage|p1a: Celebi|90/100
|
|-heal|p1a: Celebi|96/100|[from] item: Leftovers
|upkeep
|turn|3
|
|t:|1731465238
|switch|p2a: Charizard|Charizard, M|100/100
|move|p1a: Celebi|Calm Mind|p1a: Celebi
|-boost|p1a: Celebi|spa|1
|-boost|p1a: Celebi|spd|1
|
|-heal|p1a: Celebi|100/100|[from] item: Leftovers
|upkeep
|turn|4
|
|t:|1731465248
|switch|p2a: Snorlax|Snorlax, F|100/100
|switch|p1a: Vaporeon|Vaporeon, F|100/100
|
|upkeep
|turn|5
|
|t:|1731465265
|switch|p1a: Metagross|Metagross|100/100
|move|p2a: Snorlax|Curse|p2a: Snorlax
|-unboost|p2a: Snorlax|spe|1
|-boost|p2a: Snorlax|atk|1
|-boost|p2a: Snorlax|def|1
|
|upkeep
|turn|6
|
|t:|1731465278
|move|p1a: Metagross|Meteor Mash|p2a: Snorlax
|-damage|p2a: Snorlax|57/100
|move|p2a: Snorlax|Earthquake|p1a: Metagross
|-supereffective|p1a: Metagross
|-damage|p1a: Metagross|36/100
|
|-heal|p2a: Snorlax|63/100|[from] item: Leftovers
|upkeep
|turn|7
|
|t:|1731465294
|switch|p2a: Metagross|Metagross|100/100
|move|p1a: Metagross|Meteor Mash|p2a: Metagross
|-resisted|p2a: Metagross
|-damage|p2a: Metagross|68/100
|
|-heal|p2a: Metagross|74/100|[from] item: Leftovers
|upkeep
|turn|8
|
|t:|1731465308
|switch|p1a: Zapdos|Zapdos|100/100
|move|p2a: Metagross|Agility|p2a: Metagross
|-boost|p2a: Metagross|spe|2
|
|-heal|p2a: Metagross|80/100|[from] item: Leftovers
|upkeep
|turn|9
|inactive|zinc3 has 270 seconds left.
|inactive|zinc3 has 240 seconds left.
|inactive|zinc3 has 210 seconds left.
|inactive|zinc3 has 180 seconds left.
|
|t:|1731465424
|switch|p1a: Metagross|Metagross|36/100
|move|p2a: Metagross|Explosion|p1a: Metagross
|-resisted|p1a: Metagross
|-damage|p1a: Metagross|0 fnt
|faint|p2a: Metagross
|faint|p1a: Metagross
|inactive|zinc3 has 180 seconds left.
|
|t:|1731465432
|switch|p2a: Snorlax|Snorlax, F|63/100
|switch|p1a: Gengar|Gengar, M|100/100
|
|-heal|p2a: Snorlax|69/100|[from] item: Leftovers
|upkeep
|turn|10
|inactive|zinc3 has 180 seconds left.
|
|t:|1731465446
|switch|p2a: Porygon2|Porygon2|100/100
|-ability|p2a: Porygon2|Levitate|[from] ability: Trace|[of] p1a: Gengar
|move|p1a: Gengar|Hypnosis|p2a: Porygon2
|-status|p2a: Porygon2|slp|[from] move: Hypnosis
|
|upkeep
|turn|11
|
|t:|1731465454
|switch|p1a: Zapdos|Zapdos|100/100
|switch|p2a: Snorlax|Snorlax, F|69/100
|
|-heal|p2a: Snorlax|75/100|[from] item: Leftovers
|upkeep
|turn|12
|
|t:|1731465462
|move|p1a: Zapdos|Thunder Wave|p2a: Snorlax
|-status|p2a: Snorlax|par
|move|p2a: Snorlax|Double-Edge|p1a: Zapdos
|-damage|p1a: Zapdos|40/100
|-damage|p2a: Snorlax|59/100 par|[from] Recoil|[of] p1a: Zapdos
|
|-heal|p1a: Zapdos|46/100|[from] item: Leftovers
|-heal|p2a: Snorlax|65/100 par|[from] item: Leftovers
|upkeep
|turn|13
|
|t:|1731465470
|switch|p1a: Vaporeon|Vaporeon, F|100/100
|cant|p2a: Snorlax|par
|
|-heal|p2a: Snorlax|71/100 par|[from] item: Leftovers
|upkeep
|turn|14
|
|t:|1731465475
|move|p1a: Vaporeon|Substitute|p1a: Vaporeon
|-start|p1a: Vaporeon|Substitute
|-damage|p1a: Vaporeon|75/100
|move|p2a: Snorlax|Double-Edge|p1a: Vaporeon
|-end|p1a: Vaporeon|Substitute
|-damage|p2a: Snorlax|64/100 par|[from] Recoil|[of] p1a: Vaporeon
|
|-heal|p2a: Snorlax|70/100 par|[from] item: Leftovers
|upkeep
|turn|15
|inactive|zinc3 has 210 seconds left.
|
|t:|1731465489
|move|p1a: Vaporeon|Substitute|p1a: Vaporeon
|-start|p1a: Vaporeon|Substitute
|-damage|p1a: Vaporeon|50/100
|move|p2a: Snorlax|Double-Edge|p1a: Vaporeon
|-end|p1a: Vaporeon|Substitute
|-damage|p2a: Snorlax|63/100 par|[from] Recoil|[of] p1a: Vaporeon
|
|-heal|p2a: Snorlax|70/100 par|[from] item: Leftovers
|upkeep
|turn|16
|inactive|zinc3 has 210 seconds left.
|
|t:|1731465503
|move|p1a: Vaporeon|Surf|p2a: Snorlax
|-damage|p2a: Snorlax|40/100 par
|move|p2a: Snorlax|Double-Edge|p1a: Vaporeon
|-damage|p1a: Vaporeon|0 fnt
|-damage|p2a: Snorlax|26/100 par|[from] Recoil|[of] p1a: Vaporeon
|faint|p1a: Vaporeon
|
|t:|1731465507
|switch|p1a: Dugtrio|Dugtrio, M|100/100
|
|-heal|p2a: Snorlax|32/100 par|[from] item: Leftovers
|upkeep
|turn|17
|
|t:|1731465517
|move|p1a: Dugtrio|Earthquake|p2a: Snorlax
|-damage|p2a: Snorlax|0 fnt
|faint|p2a: Snorlax
|inactive|zinc3 has 210 seconds left.
|
|t:|1731465554
|switch|p2a: Charizard|Charizard, M|100/100
|
|upkeep
|turn|18
|
|t:|1731465568
|switch|p1a: Gengar|Gengar, M|100/100
|move|p2a: Charizard|Substitute|p2a: Charizard
|-start|p2a: Charizard|Substitute
|-damage|p2a: Charizard|76/100
|
|-heal|p2a: Charizard|82/100|[from] item: Leftovers
|upkeep
|turn|19
|inactive|zinc3 has 180 seconds left.
|
|t:|1731465586
|move|p1a: Gengar|Thunderbolt|p2a: Charizard
|-supereffective|p2a: Charizard
|-end|p2a: Charizard|Substitute
|move|p2a: Charizard|Substitute|p2a: Charizard
|-start|p2a: Charizard|Substitute
|-damage|p2a: Charizard|57/100
|
|-heal|p2a: Charizard|63/100|[from] item: Leftovers
|upkeep
|turn|20
|
|t:|1731465589
|move|p1a: Gengar|Thunderbolt|p2a: Charizard
|-supereffective|p2a: Charizard
|-crit|p2a: Charizard
|-end|p2a: Charizard|Substitute
|move|p2a: Charizard|Substitute|p2a: Charizard
|-start|p2a: Charizard|Substitute
|-damage|p2a: Charizard|38/100
|
|-heal|p2a: Charizard|44/100|[from] item: Leftovers
|upkeep
|turn|21
|
|t:|1731465593
|move|p1a: Gengar|Thunderbolt|p2a: Charizard
|-supereffective|p2a: Charizard
|-end|p2a: Charizard|Substitute
|move|p2a: Charizard|Substitute|p2a: Charizard
|-start|p2a: Charizard|Substitute
|-damage|p2a: Charizard|19/100
|
|-heal|p2a: Charizard|25/100|[from] item: Leftovers
|upkeep
|turn|22
|
|t:|1731465597
|move|p1a: Gengar|Thunderbolt|p2a: Charizard
|-supereffective|p2a: Charizard
|-end|p2a: Charizard|Substitute
|move|p2a: Charizard|Flamethrower|p1a: Gengar
|-crit|p1a: Gengar
|-damage|p1a: Gengar|0 fnt
|faint|p1a: Gengar
|
|t:|1731465605
|switch|p1a: Zapdos|Zapdos|46/100
|
|-heal|p1a: Zapdos|52/100|[from] item: Leftovers
|-heal|p2a: Charizard|31/100|[from] item: Leftovers
|upkeep
|turn|23
|
|t:|1731465614
|switch|p2a: Celebi|Celebi|100/100
|move|p1a: Zapdos|Thunderbolt|p2a: Celebi
|-resisted|p2a: Celebi
|-damage|p2a: Celebi|84/100
|
|-heal|p1a: Zapdos|59/100|[from] item: Leftovers
|-heal|p2a: Celebi|90/100|[from] item: Leftovers
|upkeep
|turn|24
|inactive|zinc3 has 210 seconds left.
|inactive|zinc3 has 180 seconds left.
|
|t:|1731465666
|move|p1a: Zapdos|Thunder Wave|p2a: Celebi
|-status|p2a: Celebi|par
|move|p2a: Celebi|Calm Mind|p2a: Celebi
|-boost|p2a: Celebi|spa|1
|-boost|p2a: Celebi|spd|1
|
|-heal|p1a: Zapdos|65/100|[from] item: Leftovers
|-heal|p2a: Celebi|96/100 par|[from] item: Leftovers
|upkeep
|turn|25
|
|t:|1731465671
|move|p1a: Zapdos|Baton Pass|p1a: Zapdos
|
|t:|1731465673
|switch|p1a: Celebi|Celebi|100/100|[from] Baton Pass
|move|p2a: Celebi|Giga Drain|p1a: Celebi
|-resisted|p1a: Celebi
|-damage|p1a: Celebi|80/100
|-heal|p2a: Celebi|100/100 par|[from] drain|[of] p1a: Celebi
|
|-heal|p1a: Celebi|86/100|[from] item: Leftovers
|upkeep
|turn|26
|
|t:|1731465682
|-curestatus|p2a: Celebi|par|[from] ability: Natural Cure
|switch|p2a: Charizard|Charizard, M|31/100
|move|p1a: Celebi|Calm Mind|p1a: Celebi
|-boost|p1a: Celebi|spa|1
|-boost|p1a: Celebi|spd|1
|
|-heal|p2a: Charizard|37/100|[from] item: Leftovers
|-heal|p1a: Celebi|92/100|[from] item: Leftovers
|upkeep
|turn|27
|
|t:|1731465692
|move|p2a: Charizard|Substitute|p2a: Charizard
|-start|p2a: Charizard|Substitute
|-damage|p2a: Charizard|12/100
|move|p1a: Celebi|Psychic|p2a: Charizard
|-end|p2a: Charizard|Substitute
|
|-heal|p2a: Charizard|18/100|[from] item: Leftovers
|-heal|p1a: Celebi|98/100|[from] item: Leftovers
|upkeep
|turn|28
|inactive|donk27 has 270 seconds left.
|
|t:|1731465722
|switch|p1a: Dugtrio|Dugtrio, M|100/100
|move|p2a: Charizard|Flamethrower|p1a: Dugtrio
|-damage|p1a: Dugtrio|0 fnt
|faint|p1a: Dugtrio
|
|t:|1731465725
|switch|p1a: Zapdos|Zapdos|65/100
|
|-heal|p1a: Zapdos|71/100|[from] item: Leftovers
|-heal|p2a: Charizard|24/100|[from] item: Leftovers
|upkeep
|turn|29
|
|t:|1731465732
|switch|p2a: Celebi|Celebi|100/100
|move|p1a: Zapdos|Hidden Power|p2a: Celebi
|-supereffective|p2a: Celebi
|-damage|p2a: Celebi|63/100
|
|-heal|p1a: Zapdos|77/100|[from] item: Leftovers
|-heal|p2a: Celebi|69/100|[from] item: Leftovers
|upkeep
|turn|30
|inactive|zinc3 has 210 seconds left.
|inactive|zinc3 has 180 seconds left.
|inactive|zinc3 has 150 seconds left.
|
|t:|1731465811
|move|p1a: Zapdos|Thunder Wave|p2a: Celebi
|-status|p2a: Celebi|par
|cant|p2a: Celebi|par
|
|-heal|p1a: Zapdos|84/100|[from] item: Leftovers
|-heal|p2a: Celebi|75/100 par|[from] item: Leftovers
|upkeep
|turn|31
|inactive|zinc3 has 150 seconds left.
|
|t:|1731465850
|-curestatus|p2a: Celebi|par|[from] ability: Natural Cure
|switch|p2a: Starmie|Starmie|100/100
|move|p1a: Zapdos|Hidden Power|p2a: Starmie
|-resisted|p2a: Starmie
|-crit|p2a: Starmie
|-damage|p2a: Starmie|68/100
|
|-heal|p2a: Starmie|74/100|[from] item: Leftovers
|-heal|p1a: Zapdos|90/100|[from] item: Leftovers
|upkeep
|turn|32
|
|t:|1731465868
|move|p2a: Starmie|Ice Beam|p1a: Zapdos
|-supereffective|p1a: Zapdos
|-crit|p1a: Zapdos
|-damage|p1a: Zapdos|0 fnt
|faint|p1a: Zapdos
|c|☆zinc3|mb
|
|t:|1731465875
|switch|p1a: Celebi|Celebi|98/100
|
|-heal|p2a: Starmie|80/100|[from] item: Leftovers
|-heal|p1a: Celebi|100/100|[from] item: Leftovers
|upkeep
|turn|33
|c|☆donk27|happens 
|inactive|zinc3 has 120 seconds left.
|inactive|zinc3 has 90 seconds left.
|
|t:|1731465938
|move|p2a: Starmie|Ice Beam|p1a: Celebi
|-supereffective|p1a: Celebi
|-damage|p1a: Celebi|49/100
|move|p1a: Celebi|Calm Mind|p1a: Celebi
|-boost|p1a: Celebi|spa|1
|-boost|p1a: Celebi|spd|1
|
|-heal|p2a: Starmie|86/100|[from] item: Leftovers
|-heal|p1a: Celebi|55/100|[from] item: Leftovers
|upkeep
|turn|34
|
|t:|1731465947
|move|p2a: Starmie|Ice Beam|p1a: Celebi
|-supereffective|p1a: Celebi
|-damage|p1a: Celebi|20/100
|move|p1a: Celebi|Giga Drain|p2a: Starmie
|-supereffective|p2a: Starmie
|-crit|p2a: Starmie
|-damage|p2a: Starmie|0 fnt
|-heal|p1a: Celebi|52/100|[from] drain|[of] p2a: Starmie
|faint|p2a: Starmie
|c|☆donk27|gg
|
|t:|1731465952
|switch|p2a: Charizard|Charizard, M|24/100
|
|-heal|p2a: Charizard|30/100|[from] item: Leftovers
|-heal|p1a: Celebi|59/100|[from] item: Leftovers
|upkeep
|turn|35
|
|t:|1731465954
|move|p2a: Charizard|Flamethrower|p1a: Celebi
|-supereffective|p1a: Celebi
|-damage|p1a: Celebi|0 fnt
|faint|p1a: Celebi
|
|win|zinc3
|player|p1|
|c|☆zinc3|ggs

</script>
<script type="application/json" class="data" id="replaydata-smogtours-gen3ou-806133">
{"id":"smogtours-gen3ou-806133","format":"[Gen 3] OU","players":["donk27","zinc3"],"uploadtime":1731465954,"views":63,"formatid":"gen3ou","rating":null,"private":0,"password":null}
</script>

<script defer src="js/replays.js?9d40a366"></script>
