<!DOCTYPE html>
<meta charset="utf-8" />
<meta name="viewport" content="width=device-width" />

<title>[Gen 3] OU: Big Chungus irl vs. tanao - Replays - Pok&eacute;mon Showdown!</title>

<meta name="description" content="Watch a replay of a Pok&eacute;mon battle between Big Chungus irl and tanao! Format: [Gen 3] OU; Date: Oct 2, 2024" />
<!--

Hey, you! Looking in the source for the replay log?

You can find them in JSON format, just add `.json` at the end of a replay URL.

https://replay.pokemonshowdown.com/gen7randomdoublesbattle-865046831.json

Or, if you only need the log itself, add `.log` instead:

https://replay.pokemonshowdown.com/gen7randomdoublesbattle-865046831.log

-->

<link rel="stylesheet" href="//pokemonshowdown.com/style/global.css?0.767286132409787" />
<link rel="stylesheet" href="//play.pokemonshowdown.com/style/font-awesome.css?0.9266228007934947" />
<link rel="stylesheet" href="//play.pokemonshowdown.com/style/battle.css?0.7924700842790926" />
<link rel="stylesheet" href="//play.pokemonshowdown.com/style/utilichart.css?0.8777417872839479" />

<!-- Global site tag (gtag.js) - Google Analytics -->
<script async src="https://www.googletagmanager.com/gtag/js?id=UA-26211653-1"></script>
<script>
  window.dataLayer = window.dataLayer || [];
  function gtag(){dataLayer.push(arguments);}
  gtag('js', new Date());

  gtag('config', 'UA-26211653-1');
</script>
<!-- End Google Analytics -->
<!-- Venatus Ad Manager - Install in <HEAD> of page -->
	<script src="https://hb.vntsm.com/v3/live/ad-manager.min.js" type="text/javascript" data-site-id="642aba63ec9a7b11c3c9c1be" data-mode="scan" async></script>
<!-- / Venatus Ad Manager -->

<style>
	@media (max-width:820px) {
		.battle {
			margin: 0 auto;
		}
		.battle-log {
			margin: 7px auto 0;
			max-width: 640px;
			height: 300px;
			position: static;
		}
	}
	.optgroup {
		display: inline-block;
		line-height: 22px;
		font-size: 10pt;
	}
	.optgroup .button {
		height: 25px;
		padding-top: 0;
		padding-bottom: 0;
	}
	.optgroup button.button {
		padding-left: 12px;
		padding-right: 12px;
	}
	.linklist {
		list-style: none;
		margin: 0.5em 0;
		padding: 0;
	}
	.linklist li {
		padding: 2px 0;
	}
	.sidebar {
		float: left;
		width: 320px;
	}
	.bar-wrapper {
		max-width: 1100px;
		margin: 0 auto;
	}
	.bar-wrapper.has-sidebar {
		max-width: 1430px;
	}
	.mainbar {
		margin: 0;
		padding-right: 1px;
	}
	.mainbar.has-sidebar {
		margin-left: 330px;
	}
	@media (min-width: 1511px) {
		.sidebar {
			width: 400px;
		}
		.bar-wrapper.has-sidebar {
			max-width: 1510px;
		}
		.mainbar.has-sidebar {
			margin-left: 410px;
		}
	}
	.section.first-section {
		margin-top: 9px;
	}
	.blocklink small {
		white-space: normal;
	}
	.button {
		vertical-align: middle;
	}
	.replay-controls {
		padding-top: 10px;
	}
	.replay-controls h1 {
		font-size: 16pt;
		font-weight: normal;
		color: #CCC;
	}
	.pagelink {
		text-align: center;
	}
	.pagelink a {
		width: 150px;
	}
	.textbox, .button {
		font-size: 11pt;
		vertical-align: middle;
	}
	@media (max-width: 450px) {
		.button {
			font-size: 9pt;
		}
	}
</style>

<div>

	<header>
		<div class="nav-wrapper"><ul class="nav">
			<li><a class="button nav-first" href="//pokemonshowdown.com/"><img src="//pokemonshowdown.com/images/pokemonshowdownbeta.png" srcset="//pokemonshowdown.com/images/pokemonshowdownbeta.png 1x, //pokemonshowdown.com/images/pokemonshowdownbeta@2x.png 2x" alt="Pok&eacute;mon Showdown" width="146" height="44" /> Home</a></li>
			<li><a class="button" href="//pokemonshowdown.com/dex/">Pok&eacute;dex</a></li>
			<li><a class="button cur" href="/">Replays</a></li>
			<li><a class="button" href="//pokemonshowdown.com/ladder/">Ladder</a></li>
			<li><a class="button nav-last" href="//pokemonshowdown.com/forums/">Forum</a></li>
			<li><a class="button greenbutton nav-first nav-last" href="//play.pokemonshowdown.com/">Play</a></li>
		</ul></div>
	</header>

	<div class="main" id="main">

		<noscript><section class="section">You need to enable JavaScript to use this page; sorry!</section></noscript>

	</div>

</div>

<script defer nomodule src="//play.pokemonshowdown.com/js/lib/ps-polyfill.js"></script>
<script defer src="//play.pokemonshowdown.com/js/lib/preact.min.js"></script>

<script defer src="//play.pokemonshowdown.com/config/config.js?6dec07f6"></script>
<script defer src="//play.pokemonshowdown.com/js/lib/jquery-1.11.0.min.js"></script>
<script defer src="//play.pokemonshowdown.com/js/lib/html-sanitizer-minified.js"></script>
<script defer src="//play.pokemonshowdown.com/js/battle-sound.js"></script>
<script defer src="//play.pokemonshowdown.com/js/battledata.js?0.6315294753075389"></script>
<script defer src="//play.pokemonshowdown.com/data/pokedex-mini.js?0.7603743185311358"></script>
<script defer src="//play.pokemonshowdown.com/data/pokedex-mini-bw.js?0.030888842834281283"></script>
<script defer src="//play.pokemonshowdown.com/data/graphics.js?0.05593094747507488"></script>
<script defer src="//play.pokemonshowdown.com/data/pokedex.js?0.47064822249611904"></script>
<script defer src="//play.pokemonshowdown.com/data/moves.js?0.8583693120512459"></script>
<script defer src="//play.pokemonshowdown.com/data/abilities.js?0.16017181182386842"></script>
<script defer src="//play.pokemonshowdown.com/data/items.js?0.4163379185673943"></script>
<script defer src="//play.pokemonshowdown.com/data/teambuilder-tables.js?0.31075597372830477"></script>
<script defer src="//play.pokemonshowdown.com/js/battle-tooltips.js?0.6536193500708172"></script>
<script defer src="//play.pokemonshowdown.com/js/battle.js?0.1916591943277901"></script>

<script defer src="js/utils.js?e31f9a17"></script>
<script defer src="js/replays-battle.js?7008c182"></script>

<!-- don't scrape this data! just add .json or .log after the URL!
Full API docs: https://github.com/smogon/pokemon-showdown-client/blob/master/WEB-API.md -->
<script type="text/plain" class="log" id="replaylog-smogtours-gen3ou-793922">
|inactive|Battle timer is ON: inactive players will automatically lose when time's up.
|t:|1727869398
|gametype|singles
|player|p1|Big Chungus irl|firebreather|
|player|p2|tanao|tuber|
|teamsize|p1|6
|teamsize|p2|6
|gen|3
|tier|[Gen 3] OU
|rule|Sleep Clause Mod: Limit one foe put to sleep
|rule|Switch Priority Clause Mod: Faster Pokémon switch first
|rule|Species Clause: Limit one of each Pokémon
|rule|OHKO Clause: OHKO moves are banned
|rule|Evasion Items Clause: Evasion items are banned
|rule|Evasion Moves Clause: Evasion moves are banned
|rule|Endless Battle Clause: Forcing endless battles is banned
|rule|HP Percentage Mod: HP is shown in percentages
|rule|One Boost Passer Clause: Limit one Baton Passer that has a way to boost its stats
|rule|Freeze Clause Mod: Limit one foe frozen
|
|t:|1727869398
|start
|switch|p1a: Skarmory|Skarmory, M|100/100
|switch|p2a: Tyranitar|Tyranitar, F|100/100
|-weather|Sandstorm|[from] ability: Sand Stream|[of] p2a: Tyranitar
|turn|1
|
|t:|1727869419
|move|p2a: Tyranitar|Taunt|p1a: Skarmory
|-start|p1a: Skarmory|move: Taunt
|cant|p1a: Skarmory|move: Taunt|Spikes
|
|-weather|Sandstorm|[upkeep]
|upkeep
|turn|2
|
|t:|1727869427
|switch|p1a: Flygon|Flygon, M|100/100
|move|p2a: Tyranitar|Toxic|p1a: Flygon|[miss]
|-miss|p2a: Tyranitar|p1a: Flygon
|
|-weather|Sandstorm|[upkeep]
|upkeep
|turn|3
|
|t:|1727869434
|switch|p2a: Skarmory|Skarmory, M|100/100
|move|p1a: Flygon|Substitute|p1a: Flygon
|-start|p1a: Flygon|Substitute
|-damage|p1a: Flygon|76/100
|
|-weather|Sandstorm|[upkeep]
|-heal|p1a: Flygon|82/100|[from] item: Leftovers
|upkeep
|turn|4
|
|t:|1727869442
|switch|p1a: Magneton|Magneton, shiny|100/100
|move|p2a: Skarmory|Spikes|p1a: Magneton
|-sidestart|p1: Big Chungus irl|Spikes
|
|-weather|Sandstorm|[upkeep]
|upkeep
|turn|5
|
|t:|1727869454
|move|p1a: Magneton|Thunderbolt|p2a: Skarmory
|-supereffective|p2a: Skarmory
|-damage|p2a: Skarmory|14/100
|move|p2a: Skarmory|Whirlwind|p1a: Magneton
|drag|p1a: Flygon|Flygon, M|82/100
|
|-weather|Sandstorm|[upkeep]
|-heal|p1a: Flygon|88/100|[from] item: Leftovers
|-heal|p2a: Skarmory|20/100|[from] item: Leftovers
|upkeep
|turn|6
|
|t:|1727869464
|switch|p1a: Magneton|Magneton, shiny|100/100
|-damage|p1a: Magneton|88/100|[from] Spikes
|switch|p2a: Swampert|Swampert, F|100/100
|
|-weather|Sandstorm|[upkeep]
|upkeep
|turn|7
|
|t:|1727869473
|switch|p1a: Skarmory|Skarmory, M|100/100
|move|p2a: Swampert|Ice Beam|p1a: Skarmory
|-damage|p1a: Skarmory|81/100
|
|-weather|Sandstorm|[upkeep]
|-heal|p1a: Skarmory|87/100|[from] item: Leftovers
|upkeep
|turn|8
|
|t:|1727869481
|move|p1a: Skarmory|Spikes|p2a: Swampert
|-sidestart|p2: tanao|Spikes
|move|p2a: Swampert|Hydro Pump|p1a: Skarmory|[miss]
|-miss|p2a: Swampert|p1a: Skarmory
|
|-weather|Sandstorm|[upkeep]
|-heal|p1a: Skarmory|93/100|[from] item: Leftovers
|upkeep
|turn|9
|
|t:|1727869490
|move|p1a: Skarmory|Protect|p1a: Skarmory
|-singleturn|p1a: Skarmory|Protect
|move|p2a: Swampert|Hydro Pump|p1a: Skarmory|[miss]
|-miss|p2a: Swampert|p1a: Skarmory
|
|-weather|Sandstorm|[upkeep]
|-heal|p1a: Skarmory|99/100|[from] item: Leftovers
|upkeep
|turn|10
|
|t:|1727869497
|move|p1a: Skarmory|Spikes|p2a: Swampert
|-sidestart|p2: tanao|Spikes
|move|p2a: Swampert|Hydro Pump|p1a: Skarmory|[miss]
|-miss|p2a: Swampert|p1a: Skarmory
|
|-weather|Sandstorm|[upkeep]
|-heal|p1a: Skarmory|100/100|[from] item: Leftovers
|upkeep
|turn|11
|c|☆Big Chungus irl|sorry for the luck
|c|☆tanao|it's fine
|
|t:|1727869511
|move|p1a: Skarmory|Spikes|p2a: Swampert
|-sidestart|p2: tanao|Spikes
|move|p2a: Swampert|Hydro Pump|p1a: Skarmory
|-damage|p1a: Skarmory|62/100
|
|-weather|Sandstorm|[upkeep]
|-heal|p1a: Skarmory|68/100|[from] item: Leftovers
|upkeep
|turn|12
|
|t:|1727869525
|move|p1a: Skarmory|Protect|p1a: Skarmory
|-singleturn|p1a: Skarmory|Protect
|move|p2a: Swampert|Hydro Pump|p1a: Skarmory
|-activate|p1a: Skarmory|Protect
|
|-weather|Sandstorm|[upkeep]
|-heal|p1a: Skarmory|74/100|[from] item: Leftovers
|upkeep
|turn|13
|
|t:|1727869540
|move|p1a: Skarmory|Protect||[still]
|-fail|p1a: Skarmory
|move|p2a: Swampert|Ice Beam|p1a: Skarmory
|-damage|p1a: Skarmory|56/100
|
|-weather|Sandstorm|[upkeep]
|-heal|p1a: Skarmory|62/100|[from] item: Leftovers
|upkeep
|turn|14
|
|t:|1727869551
|move|p1a: Skarmory|Protect|p1a: Skarmory
|-singleturn|p1a: Skarmory|Protect
|move|p2a: Swampert|Protect||[still]
|-fail|p2a: Swampert
|
|-weather|Sandstorm|[upkeep]
|-heal|p1a: Skarmory|68/100|[from] item: Leftovers
|upkeep
|turn|15
|
|t:|1727869559
|switch|p1a: Starmie|Starmie|100/100
|-damage|p1a: Starmie|88/100|[from] Spikes
|switch|p2a: Moltres|Moltres|100/100
|
|-weather|Sandstorm|[upkeep]
|-damage|p1a: Starmie|82/100|[from] Sandstorm
|-damage|p2a: Moltres|94/100|[from] Sandstorm
|-heal|p1a: Starmie|88/100|[from] item: Leftovers
|-heal|p2a: Moltres|100/100|[from] item: Leftovers
|upkeep
|turn|16
|
|t:|1727869570
|switch|p2a: Blissey|Blissey, F|100/100
|-damage|p2a: Blissey|76/100|[from] Spikes
|move|p1a: Starmie|Hydro Pump|p2a: Blissey
|-damage|p2a: Blissey|53/100
|
|-weather|Sandstorm|[upkeep]
|-damage|p1a: Starmie|82/100|[from] Sandstorm
|-damage|p2a: Blissey|47/100|[from] Sandstorm
|-heal|p1a: Starmie|88/100|[from] item: Leftovers
|-heal|p2a: Blissey|53/100|[from] item: Leftovers
|upkeep
|turn|17
|
|t:|1727869583
|move|p1a: Starmie|Rapid Spin|p2a: Blissey
|-damage|p2a: Blissey|50/100
|-sideend|p1: Big Chungus irl|Spikes|[from] move: Rapid Spin|[of] p1a: Starmie
|move|p2a: Blissey|Soft-Boiled|p2a: Blissey
|-heal|p2a: Blissey|99/100
|
|-weather|Sandstorm|[upkeep]
|-damage|p1a: Starmie|82/100|[from] Sandstorm
|-damage|p2a: Blissey|94/100|[from] Sandstorm
|-heal|p1a: Starmie|88/100|[from] item: Leftovers
|-heal|p2a: Blissey|99/100|[from] item: Leftovers
|upkeep
|turn|18
|
|t:|1727869604
|switch|p1a: Jirachi|Jirachi|100/100
|move|p2a: Blissey|Toxic|p1a: Jirachi
|-immune|p1a: Jirachi
|
|-weather|Sandstorm|[upkeep]
|-damage|p2a: Blissey|94/100|[from] Sandstorm
|-heal|p2a: Blissey|99/100|[from] item: Leftovers
|upkeep
|turn|19
|
|t:|1727869612
|move|p1a: Jirachi|Fire Punch|p2a: Blissey
|-damage|p2a: Blissey|94/100
|move|p2a: Blissey|Seismic Toss|p1a: Jirachi
|-damage|p1a: Jirachi|76/100
|
|-weather|Sandstorm|[upkeep]
|-damage|p2a: Blissey|88/100|[from] Sandstorm
|-heal|p1a: Jirachi|82/100|[from] item: Leftovers
|-heal|p2a: Blissey|94/100|[from] item: Leftovers
|upkeep
|turn|20
|
|t:|1727869622
|move|p1a: Jirachi|Toxic|p2a: Blissey
|-status|p2a: Blissey|tox
|move|p2a: Blissey|Seismic Toss|p1a: Jirachi
|-damage|p1a: Jirachi|57/100
|
|-weather|Sandstorm|[upkeep]
|-damage|p2a: Blissey|88/100 tox|[from] Sandstorm
|-heal|p1a: Jirachi|63/100|[from] item: Leftovers
|-heal|p2a: Blissey|94/100 tox|[from] item: Leftovers
|-damage|p2a: Blissey|88/100 tox|[from] psn
|upkeep
|turn|21
|
|t:|1727869649
|-curestatus|p2a: Blissey|tox|[from] ability: Natural Cure
|switch|p2a: Moltres|Moltres|100/100
|move|p1a: Jirachi|Toxic|p2a: Moltres
|-status|p2a: Moltres|tox
|
|-weather|Sandstorm|[upkeep]
|-damage|p2a: Moltres|94/100 tox|[from] Sandstorm
|-heal|p2a: Moltres|100/100 tox|[from] item: Leftovers
|-damage|p2a: Moltres|94/100 tox|[from] psn
|-heal|p1a: Jirachi|70/100|[from] item: Leftovers
|upkeep
|turn|22
|
|t:|1727869663
|move|p1a: Jirachi|Protect|p1a: Jirachi
|-singleturn|p1a: Jirachi|Protect
|move|p2a: Moltres|Will-O-Wisp|p1a: Jirachi
|-activate|p1a: Jirachi|Protect
|
|-weather|Sandstorm|[upkeep]
|-damage|p2a: Moltres|88/100 tox|[from] Sandstorm
|-heal|p2a: Moltres|94/100 tox|[from] item: Leftovers
|-damage|p2a: Moltres|82/100 tox|[from] psn
|-heal|p1a: Jirachi|76/100|[from] item: Leftovers
|upkeep
|turn|23
|
|t:|1727869677
|switch|p1a: Starmie|Starmie|88/100
|move|p2a: Moltres|Hidden Power|p1a: Starmie
|-supereffective|p1a: Starmie
|-damage|p1a: Starmie|6/100
|
|-weather|Sandstorm|[upkeep]
|-damage|p1a: Starmie|0 fnt|[from] Sandstorm
|-damage|p2a: Moltres|76/100 tox|[from] Sandstorm
|faint|p1a: Starmie
|-heal|p2a: Moltres|82/100 tox|[from] item: Leftovers
|-damage|p2a: Moltres|63/100 tox|[from] psn
|upkeep
|
|t:|1727869692
|switch|p1a: Flygon|Flygon, M|88/100
|turn|24
|
|t:|1727869709
|switch|p2a: Skarmory|Skarmory, M|20/100
|move|p1a: Flygon|Substitute|p1a: Flygon
|-start|p1a: Flygon|Substitute
|-damage|p1a: Flygon|63/100
|
|-weather|Sandstorm|[upkeep]
|-heal|p1a: Flygon|69/100|[from] item: Leftovers
|-heal|p2a: Skarmory|26/100|[from] item: Leftovers
|upkeep
|turn|25
|inactive|tanao has 270 seconds left.
|
|t:|1727869725
|move|p1a: Flygon|Rock Slide|p2a: Skarmory
|-damage|p2a: Skarmory|6/100
|move|p2a: Skarmory|Whirlwind|p1a: Flygon
|drag|p1a: Skarmory|Skarmory, M|68/100
|
|-weather|Sandstorm|[upkeep]
|-heal|p2a: Skarmory|12/100|[from] item: Leftovers
|-heal|p1a: Skarmory|74/100|[from] item: Leftovers
|upkeep
|turn|26
|
|t:|1727869734
|move|p2a: Skarmory|Spikes|p1a: Skarmory
|-sidestart|p1: Big Chungus irl|Spikes
|move|p1a: Skarmory|Roar|p2a: Skarmory
|drag|p2a: Moltres|Moltres|63/100 tox
|
|-weather|Sandstorm|[upkeep]
|-damage|p2a: Moltres|57/100 tox|[from] Sandstorm
|-heal|p2a: Moltres|63/100 tox|[from] item: Leftovers
|-damage|p2a: Moltres|57/100 tox|[from] psn
|-heal|p1a: Skarmory|80/100|[from] item: Leftovers
|upkeep
|turn|27
|
|t:|1727869744
|move|p1a: Skarmory|Protect|p1a: Skarmory
|-singleturn|p1a: Skarmory|Protect
|move|p2a: Moltres|Flamethrower|p1a: Skarmory
|-activate|p1a: Skarmory|Protect
|
|-weather|Sandstorm|[upkeep]
|-damage|p2a: Moltres|51/100 tox|[from] Sandstorm
|-heal|p2a: Moltres|57/100 tox|[from] item: Leftovers
|-damage|p2a: Moltres|44/100 tox|[from] psn
|-heal|p1a: Skarmory|86/100|[from] item: Leftovers
|upkeep
|turn|28
|
|t:|1727869754
|switch|p1a: Tyranitar|Tyranitar, M|100/100
|-damage|p1a: Tyranitar|88/100|[from] Spikes
|move|p2a: Moltres|Flamethrower|p1a: Tyranitar
|-resisted|p1a: Tyranitar
|-crit|p1a: Tyranitar
|-damage|p1a: Tyranitar|40/100
|
|-weather|Sandstorm|[upkeep]
|-damage|p2a: Moltres|38/100 tox|[from] Sandstorm
|-heal|p2a: Moltres|44/100 tox|[from] item: Leftovers
|-damage|p2a: Moltres|26/100 tox|[from] psn
|-heal|p1a: Tyranitar|46/100|[from] item: Leftovers
|upkeep
|turn|29
|inactive|tanao has 270 seconds left.
|
|t:|1727869797
|move|p2a: Moltres|Hidden Power|p1a: Tyranitar
|-supereffective|p1a: Tyranitar
|-damage|p1a: Tyranitar|0 fnt
|faint|p1a: Tyranitar
|
|t:|1727869804
|switch|p1a: Flygon|Flygon, M|69/100
|
|-weather|Sandstorm|[upkeep]
|-damage|p2a: Moltres|20/100 tox|[from] Sandstorm
|-heal|p1a: Flygon|75/100|[from] item: Leftovers
|-heal|p2a: Moltres|26/100 tox|[from] item: Leftovers
|-damage|p2a: Moltres|1/100 tox|[from] psn
|upkeep
|turn|30
|
|t:|1727869813
|move|p1a: Flygon|Rock Slide|p2a: Moltres
|-supereffective|p2a: Moltres
|-damage|p2a: Moltres|0 fnt
|faint|p2a: Moltres
|
|t:|1727869832
|switch|p2a: Gengar|Gengar, M|100/100
|
|-weather|Sandstorm|[upkeep]
|-damage|p2a: Gengar|94/100|[from] Sandstorm
|-heal|p2a: Gengar|100/100|[from] item: Leftovers
|-heal|p1a: Flygon|81/100|[from] item: Leftovers
|upkeep
|turn|31
|
|t:|1727869847
|switch|p1a: Skarmory|Skarmory, M|86/100
|move|p2a: Gengar|Ice Punch|p1a: Skarmory
|-damage|p1a: Skarmory|65/100
|
|-weather|Sandstorm|[upkeep]
|-damage|p2a: Gengar|94/100|[from] Sandstorm
|-heal|p2a: Gengar|100/100|[from] item: Leftovers
|-heal|p1a: Skarmory|71/100|[from] item: Leftovers
|upkeep
|turn|32
|
|t:|1727869855
|move|p1a: Skarmory|Protect|p1a: Skarmory
|-singleturn|p1a: Skarmory|Protect
|move|p2a: Gengar|Thunderbolt|p1a: Skarmory
|-activate|p1a: Skarmory|Protect
|
|-weather|Sandstorm|[upkeep]
|-damage|p2a: Gengar|94/100|[from] Sandstorm
|-heal|p2a: Gengar|100/100|[from] item: Leftovers
|-heal|p1a: Skarmory|77/100|[from] item: Leftovers
|upkeep
|turn|33
|
|t:|1727869867
|move|p2a: Gengar|Thunderbolt|p1a: Skarmory
|-supereffective|p1a: Skarmory
|-damage|p1a: Skarmory|27/100
|move|p1a: Skarmory|Drill Peck|p2a: Gengar
|-damage|p2a: Gengar|69/100
|
|-weather|Sandstorm|[upkeep]
|-damage|p2a: Gengar|63/100|[from] Sandstorm
|-heal|p2a: Gengar|69/100|[from] item: Leftovers
|-heal|p1a: Skarmory|33/100|[from] item: Leftovers
|upkeep
|turn|34
|inactive|tanao has 270 seconds left.
|
|t:|1727869879
|move|p1a: Skarmory|Protect|p1a: Skarmory
|-singleturn|p1a: Skarmory|Protect
|move|p2a: Gengar|Thunderbolt|p1a: Skarmory
|-activate|p1a: Skarmory|Protect
|
|-weather|Sandstorm|[upkeep]
|-damage|p2a: Gengar|63/100|[from] Sandstorm
|-heal|p2a: Gengar|69/100|[from] item: Leftovers
|-heal|p1a: Skarmory|39/100|[from] item: Leftovers
|upkeep
|turn|35
|inactive|tanao has 270 seconds left.
|
|t:|1727869889
|switch|p1a: Magneton|Magneton, shiny|88/100
|-damage|p1a: Magneton|76/100|[from] Spikes
|move|p2a: Gengar|Thunderbolt|p1a: Magneton
|-resisted|p1a: Magneton
|-damage|p1a: Magneton|48/100
|
|-weather|Sandstorm|[upkeep]
|-damage|p2a: Gengar|63/100|[from] Sandstorm
|-heal|p2a: Gengar|69/100|[from] item: Leftovers
|upkeep
|turn|36
|inactive|tanao has 270 seconds left.
|
|t:|1727869900
|switch|p2a: Swampert|Swampert, F|100/100
|-damage|p2a: Swampert|76/100|[from] Spikes
|move|p1a: Magneton|Thunderbolt|p2a: Swampert
|-immune|p2a: Swampert
|
|-weather|Sandstorm|[upkeep]
|-heal|p2a: Swampert|82/100|[from] item: Leftovers
|upkeep
|turn|37
|inactive|tanao has 270 seconds left.
|
|t:|1727869911
|move|p1a: Magneton|Toxic|p2a: Swampert
|-status|p2a: Swampert|tox
|move|p2a: Swampert|Earthquake|p1a: Magneton
|-supereffective|p1a: Magneton
|-damage|p1a: Magneton|0 fnt
|faint|p1a: Magneton
|
|t:|1727869921
|switch|p1a: Jirachi|Jirachi|76/100
|-damage|p1a: Jirachi|63/100|[from] Spikes
|
|-weather|Sandstorm|[upkeep]
|-heal|p1a: Jirachi|70/100|[from] item: Leftovers
|-heal|p2a: Swampert|88/100 tox|[from] item: Leftovers
|-damage|p2a: Swampert|82/100 tox|[from] psn
|upkeep
|turn|38
|inactive|tanao has 270 seconds left.
|
|t:|1727869937
|move|p1a: Jirachi|Wish|p1a: Jirachi
|move|p2a: Swampert|Earthquake|p1a: Jirachi
|-supereffective|p1a: Jirachi
|-damage|p1a: Jirachi|23/100
|
|-weather|Sandstorm|[upkeep]
|-heal|p1a: Jirachi|29/100|[from] item: Leftovers
|-heal|p2a: Swampert|88/100 tox|[from] item: Leftovers
|-damage|p2a: Swampert|76/100 tox|[from] psn
|upkeep
|turn|39
|inactive|tanao has 270 seconds left.
|
|t:|1727869971
|switch|p2a: Gengar|Gengar, M|69/100
|move|p1a: Jirachi|Protect||[still]
|-fail|p1a: Jirachi
|
|-heal|p1a: Jirachi|79/100|[from] move: Wish|[wisher] Jirachi
|-weather|Sandstorm|[upkeep]
|-damage|p2a: Gengar|63/100|[from] Sandstorm
|-heal|p2a: Gengar|69/100|[from] item: Leftovers
|-heal|p1a: Jirachi|85/100|[from] item: Leftovers
|upkeep
|turn|40
|
|t:|1727869984
|move|p1a: Jirachi|Protect|p1a: Jirachi
|-singleturn|p1a: Jirachi|Protect
|move|p2a: Gengar|Will-O-Wisp|p1a: Jirachi
|-activate|p1a: Jirachi|Protect
|
|-weather|Sandstorm|[upkeep]
|-damage|p2a: Gengar|63/100|[from] Sandstorm
|-heal|p2a: Gengar|69/100|[from] item: Leftovers
|-heal|p1a: Jirachi|92/100|[from] item: Leftovers
|upkeep
|turn|41
|
|t:|1727869994
|move|p2a: Gengar|Will-O-Wisp|p1a: Jirachi
|-status|p1a: Jirachi|brn
|move|p1a: Jirachi|Fire Punch|p2a: Gengar
|-damage|p2a: Gengar|49/100
|-status|p2a: Gengar|brn
|
|-weather|Sandstorm|[upkeep]
|-damage|p2a: Gengar|42/100 brn|[from] Sandstorm
|-heal|p2a: Gengar|49/100 brn|[from] item: Leftovers
|-damage|p2a: Gengar|36/100 brn|[from] brn
|-heal|p1a: Jirachi|98/100 brn|[from] item: Leftovers
|-damage|p1a: Jirachi|85/100 brn|[from] brn
|upkeep
|turn|42
|inactive|tanao has 240 seconds left.
|
|t:|1727870020
|switch|p2a: Tyranitar|Tyranitar, F|100/100
|-damage|p2a: Tyranitar|75/100|[from] Spikes
|move|p1a: Jirachi|Wish|p1a: Jirachi
|
|-weather|Sandstorm|[upkeep]
|-heal|p1a: Jirachi|92/100 brn|[from] item: Leftovers
|-damage|p1a: Jirachi|79/100 brn|[from] brn
|-heal|p2a: Tyranitar|82/100|[from] item: Leftovers
|upkeep
|turn|43
|inactive|tanao has 240 seconds left.
|
|t:|1727870033
|move|p1a: Jirachi|Toxic|p2a: Tyranitar
|-status|p2a: Tyranitar|tox
|move|p2a: Tyranitar|Rock Slide|p1a: Jirachi
|-resisted|p1a: Jirachi
|-damage|p1a: Jirachi|67/100 brn
|
|-heal|p1a: Jirachi|100/100 brn|[from] move: Wish|[wisher] Jirachi
|-weather|Sandstorm|[upkeep]
|-damage|p1a: Jirachi|88/100 brn|[from] brn
|-heal|p2a: Tyranitar|88/100 tox|[from] item: Leftovers
|-damage|p2a: Tyranitar|82/100 tox|[from] psn
|upkeep
|turn|44
|inactive|tanao has 240 seconds left.
|
|t:|1727870065
|move|p1a: Jirachi|Wish|p1a: Jirachi
|move|p2a: Tyranitar|Taunt|p1a: Jirachi
|-start|p1a: Jirachi|move: Taunt
|
|-weather|Sandstorm|[upkeep]
|-heal|p1a: Jirachi|94/100 brn|[from] item: Leftovers
|-damage|p1a: Jirachi|82/100 brn|[from] brn
|-heal|p2a: Tyranitar|88/100 tox|[from] item: Leftovers
|-damage|p2a: Tyranitar|75/100 tox|[from] psn
|upkeep
|turn|45
|
|t:|1727870077
|switch|p1a: Skarmory|Skarmory, M|39/100
|move|p2a: Tyranitar|Earthquake|p1a: Skarmory
|-immune|p1a: Skarmory
|
|-heal|p1a: Skarmory|89/100|[from] move: Wish|[wisher] Jirachi
|-weather|Sandstorm|[upkeep]
|-heal|p2a: Tyranitar|82/100 tox|[from] item: Leftovers
|-damage|p2a: Tyranitar|63/100 tox|[from] psn
|-heal|p1a: Skarmory|95/100|[from] item: Leftovers
|upkeep
|turn|46
|inactive|tanao has 210 seconds left.
|
|t:|1727870095
|move|p1a: Skarmory|Protect|p1a: Skarmory
|-singleturn|p1a: Skarmory|Protect
|move|p2a: Tyranitar|Rock Slide|p1a: Skarmory
|-activate|p1a: Skarmory|Protect
|
|-weather|Sandstorm|[upkeep]
|-heal|p2a: Tyranitar|69/100 tox|[from] item: Leftovers
|-damage|p2a: Tyranitar|45/100 tox|[from] psn
|-heal|p1a: Skarmory|100/100|[from] item: Leftovers
|upkeep
|turn|47
|inactive|tanao has 210 seconds left.
|
|t:|1727870109
|move|p1a: Skarmory|Protect|p1a: Skarmory
|-singleturn|p1a: Skarmory|Protect
|move|p2a: Tyranitar|Rock Slide|p1a: Skarmory
|-activate|p1a: Skarmory|Protect
|
|-weather|Sandstorm|[upkeep]
|-heal|p2a: Tyranitar|51/100 tox|[from] item: Leftovers
|-damage|p2a: Tyranitar|20/100 tox|[from] psn
|upkeep
|turn|48
|
|t:|1727870118
|move|p1a: Skarmory|Protect||[still]
|-fail|p1a: Skarmory
|move|p2a: Tyranitar|Rock Slide|p1a: Skarmory|[miss]
|-miss|p2a: Tyranitar|p1a: Skarmory
|
|-weather|Sandstorm|[upkeep]
|-heal|p2a: Tyranitar|26/100 tox|[from] item: Leftovers
|-damage|p2a: Tyranitar|0 fnt|[from] psn
|faint|p2a: Tyranitar
|upkeep
|inactive|tanao has 210 seconds left.
|
|t:|1727870152
|switch|p2a: Blissey|Blissey, F|88/100
|-damage|p2a: Blissey|63/100|[from] Spikes
|turn|49
|
|t:|1727870161
|move|p2a: Blissey|Seismic Toss|p1a: Skarmory
|-damage|p1a: Skarmory|71/100
|move|p1a: Skarmory|Roar|p2a: Blissey
|drag|p2a: Swampert|Swampert, F|76/100 tox
|-damage|p2a: Swampert|51/100 tox|[from] Spikes
|
|-weather|Sandstorm|[upkeep]
|-heal|p1a: Skarmory|77/100|[from] item: Leftovers
|-heal|p2a: Swampert|57/100 tox|[from] item: Leftovers
|-damage|p2a: Swampert|51/100 tox|[from] psn
|upkeep
|turn|50
|
|t:|1727870173
|move|p1a: Skarmory|Protect|p1a: Skarmory
|-singleturn|p1a: Skarmory|Protect
|move|p2a: Swampert|Ice Beam|p1a: Skarmory
|-activate|p1a: Skarmory|Protect
|
|-weather|Sandstorm|[upkeep]
|-heal|p1a: Skarmory|83/100|[from] item: Leftovers
|-heal|p2a: Swampert|57/100 tox|[from] item: Leftovers
|-damage|p2a: Swampert|45/100 tox|[from] psn
|upkeep
|turn|51
|
|t:|1727870182
|move|p1a: Skarmory|Drill Peck|p2a: Swampert
|-damage|p2a: Swampert|28/100 tox
|move|p2a: Swampert|Hydro Pump|p1a: Skarmory
|-damage|p1a: Skarmory|25/100
|
|-weather|Sandstorm|[upkeep]
|-heal|p1a: Skarmory|31/100|[from] item: Leftovers
|-heal|p2a: Swampert|34/100 tox|[from] item: Leftovers
|-damage|p2a: Swampert|16/100 tox|[from] psn
|upkeep
|turn|52
|inactive|tanao has 210 seconds left.
|
|t:|1727870204
|move|p1a: Skarmory|Protect|p1a: Skarmory
|-singleturn|p1a: Skarmory|Protect
|move|p2a: Swampert|Protect||[still]
|-fail|p2a: Swampert
|
|-weather|Sandstorm|[upkeep]
|-heal|p1a: Skarmory|37/100|[from] item: Leftovers
|-heal|p2a: Swampert|22/100 tox|[from] item: Leftovers
|-damage|p2a: Swampert|0 fnt|[from] psn
|faint|p2a: Swampert
|upkeep
|
|t:|1727870223
|switch|p2a: Blissey|Blissey, F|63/100
|-damage|p2a: Blissey|38/100|[from] Spikes
|turn|53
|
|t:|1727870238
|switch|p1a: Jirachi|Jirachi|82/100 brn
|-damage|p1a: Jirachi|70/100 brn|[from] Spikes
|move|p2a: Blissey|Seismic Toss|p1a: Jirachi
|-damage|p1a: Jirachi|45/100 brn
|
|-weather|Sandstorm|[upkeep]
|-damage|p2a: Blissey|32/100|[from] Sandstorm
|-heal|p1a: Jirachi|51/100 brn|[from] item: Leftovers
|-damage|p1a: Jirachi|39/100 brn|[from] brn
|-heal|p2a: Blissey|38/100|[from] item: Leftovers
|upkeep
|turn|54
|
|t:|1727870249
|move|p1a: Jirachi|Wish|p1a: Jirachi
|move|p2a: Blissey|Soft-Boiled|p2a: Blissey
|-heal|p2a: Blissey|88/100
|
|-weather|Sandstorm|[upkeep]
|-damage|p2a: Blissey|82/100|[from] Sandstorm
|-heal|p1a: Jirachi|45/100 brn|[from] item: Leftovers
|-damage|p1a: Jirachi|32/100 brn|[from] brn
|-heal|p2a: Blissey|88/100|[from] item: Leftovers
|upkeep
|turn|55
|
|t:|1727870261
|move|p1a: Jirachi|Toxic|p2a: Blissey|[miss]
|-miss|p1a: Jirachi|p2a: Blissey
|move|p2a: Blissey|Seismic Toss|p1a: Jirachi
|-damage|p1a: Jirachi|8/100 brn
|
|-heal|p1a: Jirachi|58/100 brn|[from] move: Wish|[wisher] Jirachi
|-weather|Sandstorm|[upkeep]
|-damage|p2a: Blissey|82/100|[from] Sandstorm
|-heal|p1a: Jirachi|64/100 brn|[from] item: Leftovers
|-damage|p1a: Jirachi|51/100 brn|[from] brn
|-heal|p2a: Blissey|88/100|[from] item: Leftovers
|upkeep
|turn|56
|
|t:|1727870275
|move|p1a: Jirachi|Wish|p1a: Jirachi
|move|p2a: Blissey|Seismic Toss|p1a: Jirachi
|-damage|p1a: Jirachi|27/100 brn
|
|-weather|Sandstorm|[upkeep]
|-damage|p2a: Blissey|82/100|[from] Sandstorm
|-heal|p1a: Jirachi|33/100 brn|[from] item: Leftovers
|-damage|p1a: Jirachi|21/100 brn|[from] brn
|-heal|p2a: Blissey|88/100|[from] item: Leftovers
|upkeep
|turn|57
|
|t:|1727870287
|move|p1a: Jirachi|Protect|p1a: Jirachi
|-singleturn|p1a: Jirachi|Protect
|move|p2a: Blissey|Seismic Toss|p1a: Jirachi
|-activate|p1a: Jirachi|Protect
|
|-heal|p1a: Jirachi|71/100 brn|[from] move: Wish|[wisher] Jirachi
|-weather|Sandstorm|[upkeep]
|-damage|p2a: Blissey|82/100|[from] Sandstorm
|-heal|p1a: Jirachi|77/100 brn|[from] item: Leftovers
|-damage|p1a: Jirachi|64/100 brn|[from] brn
|-heal|p2a: Blissey|88/100|[from] item: Leftovers
|upkeep
|turn|58
|
|t:|1727870299
|move|p1a: Jirachi|Wish|p1a: Jirachi
|move|p2a: Blissey|Seismic Toss|p1a: Jirachi
|-damage|p1a: Jirachi|40/100 brn
|
|-weather|Sandstorm|[upkeep]
|-damage|p2a: Blissey|82/100|[from] Sandstorm
|-heal|p1a: Jirachi|46/100 brn|[from] item: Leftovers
|-damage|p1a: Jirachi|33/100 brn|[from] brn
|-heal|p2a: Blissey|88/100|[from] item: Leftovers
|upkeep
|turn|59
|
|t:|1727870309
|move|p1a: Jirachi|Protect|p1a: Jirachi
|-singleturn|p1a: Jirachi|Protect
|move|p2a: Blissey|Seismic Toss|p1a: Jirachi
|-activate|p1a: Jirachi|Protect
|
|-heal|p1a: Jirachi|83/100 brn|[from] move: Wish|[wisher] Jirachi
|-weather|Sandstorm|[upkeep]
|-damage|p2a: Blissey|82/100|[from] Sandstorm
|-heal|p1a: Jirachi|90/100 brn|[from] item: Leftovers
|-damage|p1a: Jirachi|77/100 brn|[from] brn
|-heal|p2a: Blissey|88/100|[from] item: Leftovers
|upkeep
|turn|60
|
|t:|1727870322
|move|p1a: Jirachi|Wish|p1a: Jirachi
|move|p2a: Blissey|Seismic Toss|p1a: Jirachi
|-damage|p1a: Jirachi|52/100 brn
|
|-weather|Sandstorm|[upkeep]
|-damage|p2a: Blissey|82/100|[from] Sandstorm
|-heal|p1a: Jirachi|59/100 brn|[from] item: Leftovers
|-damage|p1a: Jirachi|46/100 brn|[from] brn
|-heal|p2a: Blissey|88/100|[from] item: Leftovers
|upkeep
|turn|61
|
|t:|1727870332
|move|p1a: Jirachi|Toxic|p2a: Blissey
|-status|p2a: Blissey|tox
|move|p2a: Blissey|Seismic Toss|p1a: Jirachi
|-damage|p1a: Jirachi|22/100 brn
|
|-heal|p1a: Jirachi|72/100 brn|[from] move: Wish|[wisher] Jirachi
|-weather|Sandstorm|[upkeep]
|-damage|p2a: Blissey|82/100 tox|[from] Sandstorm
|-heal|p1a: Jirachi|78/100 brn|[from] item: Leftovers
|-damage|p1a: Jirachi|65/100 brn|[from] brn
|-heal|p2a: Blissey|88/100 tox|[from] item: Leftovers
|-damage|p2a: Blissey|82/100 tox|[from] psn
|upkeep
|turn|62
|
|t:|1727870345
|-curestatus|p2a: Blissey|tox|[from] ability: Natural Cure
|switch|p2a: Skarmory|Skarmory, M|12/100
|move|p1a: Jirachi|Fire Punch|p2a: Skarmory
|-supereffective|p2a: Skarmory
|-damage|p2a: Skarmory|0 fnt
|faint|p2a: Skarmory
|
|t:|1727870359
|switch|p2a: Blissey|Blissey, F|82/100
|-damage|p2a: Blissey|57/100|[from] Spikes
|
|-weather|Sandstorm|[upkeep]
|-damage|p2a: Blissey|51/100|[from] Sandstorm
|-heal|p1a: Jirachi|72/100 brn|[from] item: Leftovers
|-damage|p1a: Jirachi|59/100 brn|[from] brn
|-heal|p2a: Blissey|57/100|[from] item: Leftovers
|upkeep
|turn|63
|
|t:|1727870368
|move|p1a: Jirachi|Wish|p1a: Jirachi
|move|p2a: Blissey|Seismic Toss|p1a: Jirachi
|-damage|p1a: Jirachi|34/100 brn
|
|-weather|Sandstorm|[upkeep]
|-damage|p2a: Blissey|51/100|[from] Sandstorm
|-heal|p1a: Jirachi|41/100 brn|[from] item: Leftovers
|-damage|p1a: Jirachi|28/100 brn|[from] brn
|-heal|p2a: Blissey|57/100|[from] item: Leftovers
|upkeep
|turn|64
|
|t:|1727870377
|move|p1a: Jirachi|Protect|p1a: Jirachi
|-singleturn|p1a: Jirachi|Protect
|move|p2a: Blissey|Seismic Toss|p1a: Jirachi
|-activate|p1a: Jirachi|Protect
|
|-heal|p1a: Jirachi|78/100 brn|[from] move: Wish|[wisher] Jirachi
|-weather|Sandstorm|[upkeep]
|-damage|p2a: Blissey|51/100|[from] Sandstorm
|-heal|p1a: Jirachi|84/100 brn|[from] item: Leftovers
|-damage|p1a: Jirachi|72/100 brn|[from] brn
|-heal|p2a: Blissey|57/100|[from] item: Leftovers
|upkeep
|turn|65
|inactive|tanao has 210 seconds left.
|
|t:|1727870389
|move|p1a: Jirachi|Toxic|p2a: Blissey|[miss]
|-miss|p1a: Jirachi|p2a: Blissey
|move|p2a: Blissey|Seismic Toss|p1a: Jirachi
|-damage|p1a: Jirachi|47/100 brn
|
|-weather|Sandstorm|[upkeep]
|-damage|p2a: Blissey|51/100|[from] Sandstorm
|-heal|p1a: Jirachi|53/100 brn|[from] item: Leftovers
|-damage|p1a: Jirachi|41/100 brn|[from] brn
|-heal|p2a: Blissey|57/100|[from] item: Leftovers
|upkeep
|turn|66
|inactive|tanao has 210 seconds left.
|
|t:|1727870399
|move|p1a: Jirachi|Wish|p1a: Jirachi
|move|p2a: Blissey|Seismic Toss|p1a: Jirachi
|-damage|p1a: Jirachi|16/100 brn
|
|-weather|Sandstorm|[upkeep]
|-damage|p2a: Blissey|51/100|[from] Sandstorm
|-heal|p1a: Jirachi|23/100 brn|[from] item: Leftovers
|-damage|p1a: Jirachi|10/100 brn|[from] brn
|-heal|p2a: Blissey|57/100|[from] item: Leftovers
|upkeep
|turn|67
|inactive|tanao has 210 seconds left.
|
|t:|1727870408
|move|p1a: Jirachi|Protect|p1a: Jirachi
|-singleturn|p1a: Jirachi|Protect
|move|p2a: Blissey|Soft-Boiled|p2a: Blissey
|-heal|p2a: Blissey|100/100
|
|-heal|p1a: Jirachi|60/100 brn|[from] move: Wish|[wisher] Jirachi
|-weather|Sandstorm|[upkeep]
|-damage|p2a: Blissey|94/100|[from] Sandstorm
|-heal|p1a: Jirachi|66/100 brn|[from] item: Leftovers
|-damage|p1a: Jirachi|54/100 brn|[from] brn
|-heal|p2a: Blissey|100/100|[from] item: Leftovers
|upkeep
|turn|68
|inactive|tanao has 210 seconds left.
|
|t:|1727870420
|move|p1a: Jirachi|Wish|p1a: Jirachi
|move|p2a: Blissey|Seismic Toss|p1a: Jirachi
|-damage|p1a: Jirachi|29/100 brn
|
|-weather|Sandstorm|[upkeep]
|-damage|p2a: Blissey|94/100|[from] Sandstorm
|-heal|p1a: Jirachi|35/100 brn|[from] item: Leftovers
|-damage|p1a: Jirachi|23/100 brn|[from] brn
|-heal|p2a: Blissey|100/100|[from] item: Leftovers
|upkeep
|turn|69
|
|t:|1727870429
|move|p1a: Jirachi|Protect|p1a: Jirachi
|-singleturn|p1a: Jirachi|Protect
|move|p2a: Blissey|Seismic Toss|p1a: Jirachi
|-activate|p1a: Jirachi|Protect
|
|-heal|p1a: Jirachi|73/100 brn|[from] move: Wish|[wisher] Jirachi
|-weather|Sandstorm|[upkeep]
|-damage|p2a: Blissey|94/100|[from] Sandstorm
|-heal|p1a: Jirachi|79/100 brn|[from] item: Leftovers
|-damage|p1a: Jirachi|67/100 brn|[from] brn
|-heal|p2a: Blissey|100/100|[from] item: Leftovers
|upkeep
|turn|70
|
|t:|1727870442
|move|p1a: Jirachi|Wish|p1a: Jirachi
|move|p2a: Blissey|Seismic Toss|p1a: Jirachi
|-damage|p1a: Jirachi|42/100 brn
|
|-weather|Sandstorm|[upkeep]
|-damage|p2a: Blissey|94/100|[from] Sandstorm
|-heal|p1a: Jirachi|48/100 brn|[from] item: Leftovers
|-damage|p1a: Jirachi|36/100 brn|[from] brn
|-heal|p2a: Blissey|100/100|[from] item: Leftovers
|upkeep
|turn|71
|
|t:|1727870451
|move|p1a: Jirachi|Toxic|p2a: Blissey
|-status|p2a: Blissey|tox
|move|p2a: Blissey|Seismic Toss|p1a: Jirachi
|-damage|p1a: Jirachi|11/100 brn
|
|-heal|p1a: Jirachi|61/100 brn|[from] move: Wish|[wisher] Jirachi
|-weather|Sandstorm|[upkeep]
|-damage|p2a: Blissey|94/100 tox|[from] Sandstorm
|-heal|p1a: Jirachi|67/100 brn|[from] item: Leftovers
|-damage|p1a: Jirachi|55/100 brn|[from] brn
|-heal|p2a: Blissey|100/100 tox|[from] item: Leftovers
|-damage|p2a: Blissey|94/100 tox|[from] psn
|upkeep
|turn|72
|
|t:|1727870464
|move|p1a: Jirachi|Wish|p1a: Jirachi
|move|p2a: Blissey|Seismic Toss|p1a: Jirachi
|-damage|p1a: Jirachi|30/100 brn
|
|-weather|Sandstorm|[upkeep]
|-damage|p2a: Blissey|88/100 tox|[from] Sandstorm
|-heal|p1a: Jirachi|36/100 brn|[from] item: Leftovers
|-damage|p1a: Jirachi|24/100 brn|[from] brn
|-heal|p2a: Blissey|94/100 tox|[from] item: Leftovers
|-damage|p2a: Blissey|82/100 tox|[from] psn
|upkeep
|turn|73
|inactive|tanao has 210 seconds left.
|
|t:|1727870502
|move|p1a: Jirachi|Protect|p1a: Jirachi
|-singleturn|p1a: Jirachi|Protect
|move|p2a: Blissey|Seismic Toss|p1a: Jirachi
|-activate|p1a: Jirachi|Protect
|
|-heal|p1a: Jirachi|74/100 brn|[from] move: Wish|[wisher] Jirachi
|-weather|Sandstorm|[upkeep]
|-damage|p2a: Blissey|76/100 tox|[from] Sandstorm
|-heal|p1a: Jirachi|80/100 brn|[from] item: Leftovers
|-damage|p1a: Jirachi|68/100 brn|[from] brn
|-heal|p2a: Blissey|82/100 tox|[from] item: Leftovers
|-damage|p2a: Blissey|64/100 tox|[from] psn
|upkeep
|turn|74
|
|t:|1727870518
|move|p1a: Jirachi|Wish|p1a: Jirachi
|move|p2a: Blissey|Seismic Toss|p1a: Jirachi
|-damage|p1a: Jirachi|43/100 brn
|
|-weather|Sandstorm|[upkeep]
|-damage|p2a: Blissey|57/100 tox|[from] Sandstorm
|-heal|p1a: Jirachi|49/100 brn|[from] item: Leftovers
|-damage|p1a: Jirachi|37/100 brn|[from] brn
|-heal|p2a: Blissey|64/100 tox|[from] item: Leftovers
|-damage|p2a: Blissey|39/100 tox|[from] psn
|upkeep
|turn|75
|
|t:|1727870528
|move|p1a: Jirachi|Fire Punch|p2a: Blissey
|-damage|p2a: Blissey|32/100 tox
|move|p2a: Blissey|Soft-Boiled|p2a: Blissey
|-heal|p2a: Blissey|82/100 tox
|
|-heal|p1a: Jirachi|87/100 brn|[from] move: Wish|[wisher] Jirachi
|-weather|Sandstorm|[upkeep]
|-damage|p2a: Blissey|76/100 tox|[from] Sandstorm
|-heal|p1a: Jirachi|93/100 brn|[from] item: Leftovers
|-damage|p1a: Jirachi|81/100 brn|[from] brn
|-heal|p2a: Blissey|82/100 tox|[from] item: Leftovers
|-damage|p2a: Blissey|52/100 tox|[from] psn
|upkeep
|turn|76
|
|t:|1727870544
|move|p1a: Jirachi|Fire Punch|p2a: Blissey
|-damage|p2a: Blissey|45/100 tox
|move|p2a: Blissey|Seismic Toss|p1a: Jirachi
|-damage|p1a: Jirachi|56/100 brn
|
|-weather|Sandstorm|[upkeep]
|-damage|p2a: Blissey|39/100 tox|[from] Sandstorm
|-heal|p1a: Jirachi|62/100 brn|[from] item: Leftovers
|-damage|p1a: Jirachi|50/100 brn|[from] brn
|-heal|p2a: Blissey|45/100 tox|[from] item: Leftovers
|-damage|p2a: Blissey|8/100 tox|[from] psn
|upkeep
|turn|77
|
|t:|1727870555
|move|p1a: Jirachi|Wish|p1a: Jirachi
|move|p2a: Blissey|Seismic Toss|p1a: Jirachi
|-damage|p1a: Jirachi|25/100 brn
|
|-weather|Sandstorm|[upkeep]
|-damage|p2a: Blissey|2/100 tox|[from] Sandstorm
|-heal|p1a: Jirachi|31/100 brn|[from] item: Leftovers
|-damage|p1a: Jirachi|19/100 brn|[from] brn
|-heal|p2a: Blissey|8/100 tox|[from] item: Leftovers
|-damage|p2a: Blissey|0 fnt|[from] psn
|faint|p2a: Blissey
|upkeep
|inactive|tanao has 180 seconds left.
|
|t:|1727870566
|switch|p2a: Gengar|Gengar, M|36/100 brn
|turn|78
|
|t:|1727870572
|move|p1a: Jirachi|Protect|p1a: Jirachi
|-singleturn|p1a: Jirachi|Protect
|move|p2a: Gengar|Taunt|p1a: Jirachi
|-activate|p1a: Jirachi|Protect
|
|-heal|p1a: Jirachi|69/100 brn|[from] move: Wish|[wisher] Jirachi
|-weather|Sandstorm|[upkeep]
|-damage|p2a: Gengar|30/100 brn|[from] Sandstorm
|-heal|p2a: Gengar|36/100 brn|[from] item: Leftovers
|-damage|p2a: Gengar|24/100 brn|[from] brn
|-heal|p1a: Jirachi|75/100 brn|[from] item: Leftovers
|-damage|p1a: Jirachi|63/100 brn|[from] brn
|upkeep
|turn|79
|c|☆Big Chungus irl|gg
|c|☆Big Chungus irl|sorry for the luck again
|
|t:|1727870585
|move|p2a: Gengar|Thunderbolt|p1a: Jirachi
|-damage|p1a: Jirachi|38/100 brn
|move|p1a: Jirachi|Fire Punch|p2a: Gengar
|-damage|p2a: Gengar|4/100 brn
|
|-weather|Sandstorm|[upkeep]
|-damage|p2a: Gengar|0 fnt|[from] Sandstorm
|faint|p2a: Gengar
|
|win|Big Chungus irl
|upkeep

</script>
<script type="application/json" class="data" id="replaydata-smogtours-gen3ou-793922">
{"id":"smogtours-gen3ou-793922","format":"[Gen 3] OU","players":["Big Chungus irl","tanao"],"uploadtime":1727870585,"views":127,"formatid":"gen3ou","rating":null,"private":0,"password":null}
</script>

<script defer src="js/replays.js?9d40a366"></script>
