<!DOCTYPE html>
<meta charset="utf-8" />
<meta name="viewport" content="width=device-width" />

<title>[Gen 3] OU: 1P1o1s1h1e1 vs. Strawbbz - Replays - Pok&eacute;mon Showdown!</title>

<meta name="description" content="Watch a replay of a Pok&eacute;mon battle between 1P1o1s1h1e1 and Strawbbz! Format: [Gen 3] OU; Date: Oct 8, 2024" />
<!--

Hey, you! Looking in the source for the replay log?

You can find them in JSON format, just add `.json` at the end of a replay URL.

https://replay.pokemonshowdown.com/gen7randomdoublesbattle-865046831.json

Or, if you only need the log itself, add `.log` instead:

https://replay.pokemonshowdown.com/gen7randomdoublesbattle-865046831.log

-->

<link rel="stylesheet" href="//pokemonshowdown.com/style/global.css?0.767286132409787" />
<link rel="stylesheet" href="//play.pokemonshowdown.com/style/font-awesome.css?0.9266228007934947" />
<link rel="stylesheet" href="//play.pokemonshowdown.com/style/battle.css?0.7924700842790926" />
<link rel="stylesheet" href="//play.pokemonshowdown.com/style/utilichart.css?0.8777417872839479" />

<!-- Global site tag (gtag.js) - Google Analytics -->
<script async src="https://www.googletagmanager.com/gtag/js?id=UA-26211653-1"></script>
<script>
  window.dataLayer = window.dataLayer || [];
  function gtag(){dataLayer.push(arguments);}
  gtag('js', new Date());

  gtag('config', 'UA-26211653-1');
</script>
<!-- End Google Analytics -->
<!-- Venatus Ad Manager - Install in <HEAD> of page -->
	<script src="https://hb.vntsm.com/v3/live/ad-manager.min.js" type="text/javascript" data-site-id="642aba63ec9a7b11c3c9c1be" data-mode="scan" async></script>
<!-- / Venatus Ad Manager -->

<style>
	@media (max-width:820px) {
		.battle {
			margin: 0 auto;
		}
		.battle-log {
			margin: 7px auto 0;
			max-width: 640px;
			height: 300px;
			position: static;
		}
	}
	.optgroup {
		display: inline-block;
		line-height: 22px;
		font-size: 10pt;
	}
	.optgroup .button {
		height: 25px;
		padding-top: 0;
		padding-bottom: 0;
	}
	.optgroup button.button {
		padding-left: 12px;
		padding-right: 12px;
	}
	.linklist {
		list-style: none;
		margin: 0.5em 0;
		padding: 0;
	}
	.linklist li {
		padding: 2px 0;
	}
	.sidebar {
		float: left;
		width: 320px;
	}
	.bar-wrapper {
		max-width: 1100px;
		margin: 0 auto;
	}
	.bar-wrapper.has-sidebar {
		max-width: 1430px;
	}
	.mainbar {
		margin: 0;
		padding-right: 1px;
	}
	.mainbar.has-sidebar {
		margin-left: 330px;
	}
	@media (min-width: 1511px) {
		.sidebar {
			width: 400px;
		}
		.bar-wrapper.has-sidebar {
			max-width: 1510px;
		}
		.mainbar.has-sidebar {
			margin-left: 410px;
		}
	}
	.section.first-section {
		margin-top: 9px;
	}
	.blocklink small {
		white-space: normal;
	}
	.button {
		vertical-align: middle;
	}
	.replay-controls {
		padding-top: 10px;
	}
	.replay-controls h1 {
		font-size: 16pt;
		font-weight: normal;
		color: #CCC;
	}
	.pagelink {
		text-align: center;
	}
	.pagelink a {
		width: 150px;
	}
	.textbox, .button {
		font-size: 11pt;
		vertical-align: middle;
	}
	@media (max-width: 450px) {
		.button {
			font-size: 9pt;
		}
	}
</style>

<div>

	<header>
		<div class="nav-wrapper"><ul class="nav">
			<li><a class="button nav-first" href="//pokemonshowdown.com/"><img src="//pokemonshowdown.com/images/pokemonshowdownbeta.png" srcset="//pokemonshowdown.com/images/pokemonshowdownbeta.png 1x, //pokemonshowdown.com/images/pokemonshowdownbeta@2x.png 2x" alt="Pok&eacute;mon Showdown" width="146" height="44" /> Home</a></li>
			<li><a class="button" href="//pokemonshowdown.com/dex/">Pok&eacute;dex</a></li>
			<li><a class="button cur" href="/">Replays</a></li>
			<li><a class="button" href="//pokemonshowdown.com/ladder/">Ladder</a></li>
			<li><a class="button nav-last" href="//pokemonshowdown.com/forums/">Forum</a></li>
			<li><a class="button greenbutton nav-first nav-last" href="//play.pokemonshowdown.com/">Play</a></li>
		</ul></div>
	</header>

	<div class="main" id="main">

		<noscript><section class="section">You need to enable JavaScript to use this page; sorry!</section></noscript>

	</div>

</div>

<script defer nomodule src="//play.pokemonshowdown.com/js/lib/ps-polyfill.js"></script>
<script defer src="//play.pokemonshowdown.com/js/lib/preact.min.js"></script>

<script defer src="//play.pokemonshowdown.com/config/config.js?6dec07f6"></script>
<script defer src="//play.pokemonshowdown.com/js/lib/jquery-1.11.0.min.js"></script>
<script defer src="//play.pokemonshowdown.com/js/lib/html-sanitizer-minified.js"></script>
<script defer src="//play.pokemonshowdown.com/js/battle-sound.js"></script>
<script defer src="//play.pokemonshowdown.com/js/battledata.js?0.6315294753075389"></script>
<script defer src="//play.pokemonshowdown.com/data/pokedex-mini.js?0.7603743185311358"></script>
<script defer src="//play.pokemonshowdown.com/data/pokedex-mini-bw.js?0.030888842834281283"></script>
<script defer src="//play.pokemonshowdown.com/data/graphics.js?0.05593094747507488"></script>
<script defer src="//play.pokemonshowdown.com/data/pokedex.js?0.47064822249611904"></script>
<script defer src="//play.pokemonshowdown.com/data/moves.js?0.8583693120512459"></script>
<script defer src="//play.pokemonshowdown.com/data/abilities.js?0.16017181182386842"></script>
<script defer src="//play.pokemonshowdown.com/data/items.js?0.4163379185673943"></script>
<script defer src="//play.pokemonshowdown.com/data/teambuilder-tables.js?0.31075597372830477"></script>
<script defer src="//play.pokemonshowdown.com/js/battle-tooltips.js?0.6536193500708172"></script>
<script defer src="//play.pokemonshowdown.com/js/battle.js?0.1916591943277901"></script>

<script defer src="js/utils.js?e31f9a17"></script>
<script defer src="js/replays-battle.js?7008c182"></script>

<!-- don't scrape this data! just add .json or .log after the URL!
Full API docs: https://github.com/smogon/pokemon-showdown-client/blob/master/WEB-API.md -->
<script type="text/plain" class="log" id="replaylog-smogtours-gen3ou-796505">
|inactive|Battle timer is ON: inactive players will automatically lose when time's up.
|t:|1728423694
|gametype|singles
|player|p1|1P1o1s1h1e1|101|
|player|p2|Strawbbz|silver-gen2|
|teamsize|p1|6
|teamsize|p2|6
|gen|3
|tier|[Gen 3] OU
|rule|Sleep Clause Mod: Limit one foe put to sleep
|rule|Switch Priority Clause Mod: Faster Pokémon switch first
|rule|Species Clause: Limit one of each Pokémon
|rule|OHKO Clause: OHKO moves are banned
|rule|Evasion Items Clause: Evasion items are banned
|rule|Evasion Moves Clause: Evasion moves are banned
|rule|Endless Battle Clause: Forcing endless battles is banned
|rule|HP Percentage Mod: HP is shown in percentages
|rule|One Boost Passer Clause: Limit one Baton Passer that has a way to boost its stats
|rule|Freeze Clause Mod: Limit one foe frozen
|
|t:|1728423694
|start
|switch|p1a: Salamence|Salamence, F|100/100
|switch|p2a: Ohm's Law|Zapdos|100/100
|-ability|p1a: Salamence|Intimidate|boost
|-unboost|p2a: Ohm's Law|atk|1
|turn|1
|
|t:|1728423723
|switch|p1a: Blissey|Blissey, F|100/100
|move|p2a: Ohm's Law|Substitute|p2a: Ohm's Law
|-start|p2a: Ohm's Law|Substitute
|-damage|p2a: Ohm's Law|76/100
|
|-heal|p2a: Ohm's Law|82/100|[from] item: Leftovers
|upkeep
|turn|2
|
|t:|1728423733
|move|p2a: Ohm's Law|Agility|p2a: Ohm's Law
|-boost|p2a: Ohm's Law|spe|2
|move|p1a: Blissey|Seismic Toss|p2a: Ohm's Law
|-end|p2a: Ohm's Law|Substitute
|
|-heal|p2a: Ohm's Law|88/100|[from] item: Leftovers
|upkeep
|turn|3
|
|t:|1728423743
|move|p2a: Ohm's Law|Baton Pass|p2a: Ohm's Law
|
|t:|1728423757
|switch|p2a: Sui****|Suicune|100/100|[from] Baton Pass
|move|p1a: Blissey|Thunder Wave|p2a: Sui****
|-status|p2a: Sui****|par
|
|upkeep
|turn|4
|
|t:|1728423767
|switch|p1a: Tyranitar|Tyranitar, F|100/100
|-weather|Sandstorm|[from] ability: Sand Stream|[of] p1a: Tyranitar
|move|p2a: Sui****|Calm Mind|p2a: Sui****
|-boost|p2a: Sui****|spa|1
|-boost|p2a: Sui****|spd|1
|
|-weather|Sandstorm|[upkeep]
|-damage|p2a: Sui****|94/100 par|[from] Sandstorm
|-heal|p2a: Sui****|100/100 par|[from] item: Leftovers
|upkeep
|turn|5
|
|t:|1728423784
|switch|p1a: Blissey|Blissey, F|100/100
|cant|p2a: Sui****|par
|
|-weather|Sandstorm|[upkeep]
|-damage|p1a: Blissey|94/100|[from] Sandstorm
|-damage|p2a: Sui****|94/100 par|[from] Sandstorm
|-heal|p1a: Blissey|100/100|[from] item: Leftovers
|-heal|p2a: Sui****|100/100 par|[from] item: Leftovers
|upkeep
|turn|6
|
|t:|1728423788
|move|p1a: Blissey|Seismic Toss|p2a: Sui****
|-damage|p2a: Sui****|75/100 par
|move|p2a: Sui****|Calm Mind|p2a: Sui****
|-boost|p2a: Sui****|spa|1
|-boost|p2a: Sui****|spd|1
|
|-weather|Sandstorm|[upkeep]
|-damage|p1a: Blissey|94/100|[from] Sandstorm
|-damage|p2a: Sui****|68/100 par|[from] Sandstorm
|-heal|p1a: Blissey|100/100|[from] item: Leftovers
|-heal|p2a: Sui****|75/100 par|[from] item: Leftovers
|upkeep
|turn|7
|
|t:|1728423794
|move|p1a: Blissey|Seismic Toss|p2a: Sui****
|-damage|p2a: Sui****|49/100 par
|cant|p2a: Sui****|par
|
|-weather|Sandstorm|[upkeep]
|-damage|p1a: Blissey|94/100|[from] Sandstorm
|-damage|p2a: Sui****|43/100 par|[from] Sandstorm
|-heal|p1a: Blissey|100/100|[from] item: Leftovers
|-heal|p2a: Sui****|49/100 par|[from] item: Leftovers
|upkeep
|turn|8
|
|t:|1728423800
|move|p1a: Blissey|Seismic Toss|p2a: Sui****
|-damage|p2a: Sui****|23/100 par
|move|p2a: Sui****|Rest|p2a: Sui****
|-status|p2a: Sui****|slp|[from] move: Rest
|-heal|p2a: Sui****|100/100 slp|[silent]
|
|-weather|Sandstorm|[upkeep]
|-damage|p2a: Sui****|94/100 slp|[from] Sandstorm
|-damage|p1a: Blissey|94/100|[from] Sandstorm
|-heal|p2a: Sui****|100/100 slp|[from] item: Leftovers
|-heal|p1a: Blissey|100/100|[from] item: Leftovers
|upkeep
|turn|9
|
|t:|1728423825
|cant|p2a: Sui****|slp
|move|p1a: Blissey|Seismic Toss|p2a: Sui****
|-damage|p2a: Sui****|75/100 slp
|
|-weather|Sandstorm|[upkeep]
|-damage|p2a: Sui****|68/100 slp|[from] Sandstorm
|-damage|p1a: Blissey|94/100|[from] Sandstorm
|-heal|p2a: Sui****|75/100 slp|[from] item: Leftovers
|-heal|p1a: Blissey|100/100|[from] item: Leftovers
|upkeep
|turn|10
|
|t:|1728423831
|cant|p2a: Sui****|slp
|move|p1a: Blissey|Seismic Toss|p2a: Sui****
|-damage|p2a: Sui****|49/100 slp
|
|-weather|Sandstorm|[upkeep]
|-damage|p2a: Sui****|43/100 slp|[from] Sandstorm
|-damage|p1a: Blissey|94/100|[from] Sandstorm
|-heal|p2a: Sui****|49/100 slp|[from] item: Leftovers
|-heal|p1a: Blissey|100/100|[from] item: Leftovers
|upkeep
|turn|11
|
|t:|1728423838
|-curestatus|p2a: Sui****|slp|[msg]
|move|p2a: Sui****|Calm Mind|p2a: Sui****
|-boost|p2a: Sui****|spa|1
|-boost|p2a: Sui****|spd|1
|move|p1a: Blissey|Seismic Toss|p2a: Sui****
|-damage|p2a: Sui****|23/100
|
|-weather|Sandstorm|[upkeep]
|-damage|p2a: Sui****|17/100|[from] Sandstorm
|-damage|p1a: Blissey|94/100|[from] Sandstorm
|-heal|p2a: Sui****|23/100|[from] item: Leftovers
|-heal|p1a: Blissey|100/100|[from] item: Leftovers
|upkeep
|turn|12
|
|t:|1728423846
|switch|p1a: Salamence|Salamence, F|100/100
|-ability|p1a: Salamence|Intimidate|boost
|-unboost|p2a: Sui****|atk|1
|move|p2a: Sui****|Rest|p2a: Sui****
|-status|p2a: Sui****|slp|[from] move: Rest
|-heal|p2a: Sui****|100/100 slp|[silent]
|
|-weather|Sandstorm|[upkeep]
|-damage|p2a: Sui****|94/100 slp|[from] Sandstorm
|-damage|p1a: Salamence|95/100|[from] Sandstorm
|-heal|p2a: Sui****|100/100 slp|[from] item: Leftovers
|-heal|p1a: Salamence|100/100|[from] item: Leftovers
|upkeep
|turn|13
|
|t:|1728423851
|cant|p2a: Sui****|slp
|move|p1a: Salamence|Roar|p2a: Sui****
|drag|p2a: Matchup Fishing|Magneton|100/100
|
|-weather|Sandstorm|[upkeep]
|-damage|p1a: Salamence|95/100|[from] Sandstorm
|-heal|p1a: Salamence|100/100|[from] item: Leftovers
|upkeep
|turn|14
|
|t:|1728423865
|move|p2a: Matchup Fishing|Protect|p2a: Matchup Fishing
|-singleturn|p2a: Matchup Fishing|Protect
|move|p1a: Salamence|Fire Blast|p2a: Matchup Fishing
|-activate|p2a: Matchup Fishing|Protect
|
|-weather|Sandstorm|[upkeep]
|-damage|p1a: Salamence|95/100|[from] Sandstorm
|-heal|p1a: Salamence|100/100|[from] item: Leftovers
|upkeep
|turn|15
|
|t:|1728423884
|switch|p2a: Sui****|Suicune|100/100 slp
|move|p1a: Salamence|Fire Blast|p2a: Sui****
|-resisted|p2a: Sui****
|-damage|p2a: Sui****|84/100 slp
|
|-weather|Sandstorm|[upkeep]
|-damage|p1a: Salamence|95/100|[from] Sandstorm
|-damage|p2a: Sui****|78/100 slp|[from] Sandstorm
|-heal|p1a: Salamence|100/100|[from] item: Leftovers
|-heal|p2a: Sui****|84/100 slp|[from] item: Leftovers
|upkeep
|turn|16
|
|t:|1728423892
|move|p1a: Salamence|Dragon Claw|p2a: Sui****
|-crit|p2a: Sui****
|-damage|p2a: Sui****|17/100 slp
|cant|p2a: Sui****|slp
|
|-weather|Sandstorm|[upkeep]
|-damage|p1a: Salamence|95/100|[from] Sandstorm
|-damage|p2a: Sui****|11/100 slp|[from] Sandstorm
|-heal|p1a: Salamence|100/100|[from] item: Leftovers
|-heal|p2a: Sui****|17/100 slp|[from] item: Leftovers
|upkeep
|turn|17
|inactive|Strawbbz has 270 seconds left.
|
|t:|1728423924
|move|p1a: Salamence|Dragon Claw|p2a: Sui****
|-damage|p2a: Sui****|0 fnt
|faint|p2a: Sui****
|
|t:|1728423926
|switch|p2a: Ohm's Law|Zapdos|88/100
|
|-weather|Sandstorm|[upkeep]
|-damage|p1a: Salamence|95/100|[from] Sandstorm
|-damage|p2a: Ohm's Law|82/100|[from] Sandstorm
|-heal|p2a: Ohm's Law|88/100|[from] item: Leftovers
|-heal|p1a: Salamence|100/100|[from] item: Leftovers
|upkeep
|turn|18
|
|t:|1728423935
|switch|p1a: Blissey|Blissey, F|100/100
|move|p2a: Ohm's Law|Agility|p2a: Ohm's Law
|-boost|p2a: Ohm's Law|spe|2
|
|-weather|Sandstorm|[upkeep]
|-damage|p2a: Ohm's Law|82/100|[from] Sandstorm
|-damage|p1a: Blissey|94/100|[from] Sandstorm
|-heal|p2a: Ohm's Law|88/100|[from] item: Leftovers
|-heal|p1a: Blissey|100/100|[from] item: Leftovers
|upkeep
|turn|19
|
|t:|1728423944
|move|p2a: Ohm's Law|Baton Pass|p2a: Ohm's Law
|
|t:|1728423946
|switch|p2a: Free Ninjask|Marowak, F|100/100|[from] Baton Pass
|move|p1a: Blissey|Seismic Toss|p2a: Free Ninjask
|-damage|p2a: Free Ninjask|62/100
|
|-weather|Sandstorm|[upkeep]
|-damage|p1a: Blissey|94/100|[from] Sandstorm
|-heal|p1a: Blissey|100/100|[from] item: Leftovers
|upkeep
|turn|20
|
|t:|1728423965
|move|p2a: Free Ninjask|Swords Dance|p2a: Free Ninjask
|-boost|p2a: Free Ninjask|atk|2
|move|p1a: Blissey|Seismic Toss|p2a: Free Ninjask
|-damage|p2a: Free Ninjask|24/100
|
|-weather|Sandstorm|[upkeep]
|-damage|p1a: Blissey|94/100|[from] Sandstorm
|-heal|p1a: Blissey|100/100|[from] item: Leftovers
|upkeep
|turn|21
|
|t:|1728423985
|switch|p1a: Jirachi|Jirachi|100/100
|move|p2a: Free Ninjask|Rock Slide|p1a: Jirachi
|-resisted|p1a: Jirachi
|-damage|p1a: Jirachi|77/100
|
|-weather|Sandstorm|[upkeep]
|-heal|p1a: Jirachi|84/100|[from] item: Leftovers
|upkeep
|turn|22
|inactive|1P1o1s1h1e1 has 270 seconds left.
|
|t:|1728424011
|switch|p1a: Salamence|Salamence, F|100/100
|-ability|p1a: Salamence|Intimidate|boost
|-unboost|p2a: Free Ninjask|atk|1
|move|p2a: Free Ninjask|Bonemerang|p1a: Salamence
|-immune|p1a: Salamence
|
|-weather|Sandstorm|[upkeep]
|-damage|p1a: Salamence|95/100|[from] Sandstorm
|-heal|p1a: Salamence|100/100|[from] item: Leftovers
|upkeep
|turn|23
|
|t:|1728424033
|switch|p1a: Jirachi|Jirachi|84/100
|move|p2a: Free Ninjask|Rock Slide|p1a: Jirachi
|-resisted|p1a: Jirachi
|-damage|p1a: Jirachi|65/100
|
|-weather|Sandstorm|[upkeep]
|-heal|p1a: Jirachi|71/100|[from] item: Leftovers
|upkeep
|turn|24
|
|t:|1728424042
|move|p2a: Free Ninjask|Swords Dance|p2a: Free Ninjask
|-boost|p2a: Free Ninjask|atk|2
|move|p1a: Jirachi|Fire Punch|p2a: Free Ninjask
|-damage|p2a: Free Ninjask|0 fnt
|faint|p2a: Free Ninjask
|-message|Strawbbz forfeited.
|
|win|1P1o1s1h1e1

</script>
<script type="application/json" class="data" id="replaydata-smogtours-gen3ou-796505">
{"id":"smogtours-gen3ou-796505","format":"[Gen 3] OU","players":["1P1o1s1h1e1","Strawbbz"],"uploadtime":1728424045,"views":144,"formatid":"gen3ou","rating":null,"private":0,"password":null}
</script>

<script defer src="js/replays.js?9d40a366"></script>
