<!DOCTYPE html>
<meta charset="utf-8" />
<meta name="viewport" content="width=device-width" />

<title>[Gen 3] OU: alargemongoose vs. yd12k - Replays - Pok&eacute;mon Showdown!</title>

<meta name="description" content="Watch a replay of a Pok&eacute;mon battle between alargemongoose and yd12k! Format: [Gen 3] OU; Date: Oct 20, 2024" />
<!--

Hey, you! Looking in the source for the replay log?

You can find them in JSON format, just add `.json` at the end of a replay URL.

https://replay.pokemonshowdown.com/gen7randomdoublesbattle-865046831.json

Or, if you only need the log itself, add `.log` instead:

https://replay.pokemonshowdown.com/gen7randomdoublesbattle-865046831.log

-->

<link rel="stylesheet" href="//pokemonshowdown.com/style/global.css?0.023195364461161105" />
<link rel="stylesheet" href="//play.pokemonshowdown.com/style/font-awesome.css?0.13261647063804238" />
<link rel="stylesheet" href="//play.pokemonshowdown.com/style/battle.css?0.8753245789963631" />
<link rel="stylesheet" href="//play.pokemonshowdown.com/style/utilichart.css?0.8627959624976733" />

<!-- Global site tag (gtag.js) - Google Analytics -->
<script async src="https://www.googletagmanager.com/gtag/js?id=UA-26211653-1"></script>
<script>
  window.dataLayer = window.dataLayer || [];
  function gtag(){dataLayer.push(arguments);}
  gtag('js', new Date());

  gtag('config', 'UA-26211653-1');
</script>
<!-- End Google Analytics -->
<!-- Venatus Ad Manager - Install in <HEAD> of page -->
	<script src="https://hb.vntsm.com/v3/live/ad-manager.min.js" type="text/javascript" data-site-id="642aba63ec9a7b11c3c9c1be" data-mode="scan" async></script>
<!-- / Venatus Ad Manager -->

<style>
	@media (max-width:820px) {
		.battle {
			margin: 0 auto;
		}
		.battle-log {
			margin: 7px auto 0;
			max-width: 640px;
			height: 300px;
			position: static;
		}
	}
	.optgroup {
		display: inline-block;
		line-height: 22px;
		font-size: 10pt;
	}
	.optgroup .button {
		height: 25px;
		padding-top: 0;
		padding-bottom: 0;
	}
	.optgroup button.button {
		padding-left: 12px;
		padding-right: 12px;
	}
	.linklist {
		list-style: none;
		margin: 0.5em 0;
		padding: 0;
	}
	.linklist li {
		padding: 2px 0;
	}
	.sidebar {
		float: left;
		width: 320px;
	}
	.bar-wrapper {
		max-width: 1100px;
		margin: 0 auto;
	}
	.bar-wrapper.has-sidebar {
		max-width: 1430px;
	}
	.mainbar {
		margin: 0;
		padding-right: 1px;
	}
	.mainbar.has-sidebar {
		margin-left: 330px;
	}
	@media (min-width: 1511px) {
		.sidebar {
			width: 400px;
		}
		.bar-wrapper.has-sidebar {
			max-width: 1510px;
		}
		.mainbar.has-sidebar {
			margin-left: 410px;
		}
	}
	.section.first-section {
		margin-top: 9px;
	}
	.blocklink small {
		white-space: normal;
	}
	.button {
		vertical-align: middle;
	}
	.replay-controls {
		padding-top: 10px;
	}
	.replay-controls h1 {
		font-size: 16pt;
		font-weight: normal;
		color: #CCC;
	}
	.pagelink {
		text-align: center;
	}
	.pagelink a {
		width: 150px;
	}
	.textbox, .button {
		font-size: 11pt;
		vertical-align: middle;
	}
	@media (max-width: 450px) {
		.button {
			font-size: 9pt;
		}
	}
</style>

<div>

	<header>
		<div class="nav-wrapper"><ul class="nav">
			<li><a class="button nav-first" href="//pokemonshowdown.com/"><img src="//pokemonshowdown.com/images/pokemonshowdownbeta.png" srcset="//pokemonshowdown.com/images/pokemonshowdownbeta.png 1x, //pokemonshowdown.com/images/pokemonshowdownbeta@2x.png 2x" alt="Pok&eacute;mon Showdown" width="146" height="44" /> Home</a></li>
			<li><a class="button" href="//pokemonshowdown.com/dex/">Pok&eacute;dex</a></li>
			<li><a class="button cur" href="/">Replays</a></li>
			<li><a class="button" href="//pokemonshowdown.com/ladder/">Ladder</a></li>
			<li><a class="button nav-last" href="//pokemonshowdown.com/forums/">Forum</a></li>
			<li><a class="button greenbutton nav-first nav-last" href="//play.pokemonshowdown.com/">Play</a></li>
		</ul></div>
	</header>

	<div class="main" id="main">

		<noscript><section class="section">You need to enable JavaScript to use this page; sorry!</section></noscript>

	</div>

</div>

<script defer nomodule src="//play.pokemonshowdown.com/js/lib/ps-polyfill.js"></script>
<script defer src="//play.pokemonshowdown.com/js/lib/preact.min.js"></script>

<script defer src="//play.pokemonshowdown.com/config/config.js?2bddbc15"></script>
<script defer src="//play.pokemonshowdown.com/js/lib/jquery-1.11.0.min.js"></script>
<script defer src="//play.pokemonshowdown.com/js/lib/html-sanitizer-minified.js"></script>
<script defer src="//play.pokemonshowdown.com/js/battle-sound.js"></script>
<script defer src="//play.pokemonshowdown.com/js/battledata.js?0.7209276989879541"></script>
<script defer src="//play.pokemonshowdown.com/data/pokedex-mini.js?0.6111056340867951"></script>
<script defer src="//play.pokemonshowdown.com/data/pokedex-mini-bw.js?0.3532142036491459"></script>
<script defer src="//play.pokemonshowdown.com/data/graphics.js?0.24223875632456182"></script>
<script defer src="//play.pokemonshowdown.com/data/pokedex.js?0.38839984266356864"></script>
<script defer src="//play.pokemonshowdown.com/data/moves.js?0.21866028504024015"></script>
<script defer src="//play.pokemonshowdown.com/data/abilities.js?0.2005157953846628"></script>
<script defer src="//play.pokemonshowdown.com/data/items.js?0.9894211263848525"></script>
<script defer src="//play.pokemonshowdown.com/data/teambuilder-tables.js?0.6008791140282215"></script>
<script defer src="//play.pokemonshowdown.com/js/battle-tooltips.js?0.7580118955022959"></script>
<script defer src="//play.pokemonshowdown.com/js/battle.js?0.6057722274234274"></script>

<script defer src="js/utils.js?e31f9a17"></script>
<script defer src="js/replays-battle.js?7008c182"></script>

<!-- don't scrape this data! just add .json or .log after the URL!
Full API docs: https://github.com/smogon/pokemon-showdown-client/blob/master/WEB-API.md -->
<script type="text/plain" class="log" id="replaylog-smogtours-gen3ou-800480">
|inactive|Battle timer is ON: inactive players will automatically lose when time's up.
|t:|1729439915
|gametype|singles
|player|p1|alargemongoose|101|
|player|p2|yd12k|veteranf|
|teamsize|p1|6
|teamsize|p2|6
|gen|3
|tier|[Gen 3] OU
|rule|Sleep Clause Mod: Limit one foe put to sleep
|rule|Switch Priority Clause Mod: Faster Pokémon switch first
|rule|Species Clause: Limit one of each Pokémon
|rule|OHKO Clause: OHKO moves are banned
|rule|Evasion Items Clause: Evasion items are banned
|rule|Evasion Moves Clause: Evasion moves are banned
|rule|Endless Battle Clause: Forcing endless battles is banned
|rule|HP Percentage Mod: HP is shown in percentages
|rule|One Boost Passer Clause: Limit one Baton Passer that has a way to boost its stats
|rule|Freeze Clause Mod: Limit one foe frozen
|
|t:|1729439915
|start
|switch|p1a: Skarmory|Skarmory, M, shiny|100/100
|switch|p2a: Tyranitar|Tyranitar, M|100/100
|-weather|Sandstorm|[from] ability: Sand Stream|[of] p2a: Tyranitar
|turn|1
|c|☆alargemongoose|gl hf
|
|t:|1729439929
|switch|p2a: Jirachi|Jirachi|100/100
|move|p1a: Skarmory|Spikes|p2a: Jirachi
|-sidestart|p2: yd12k|Spikes
|
|-weather|Sandstorm|[upkeep]
|upkeep
|turn|2
|
|t:|1729439939
|switch|p1a: Moltres|Moltres|100/100
|move|p2a: Jirachi|Fire Punch|p1a: Moltres
|-resisted|p1a: Moltres
|-damage|p1a: Moltres|91/100
|
|-weather|Sandstorm|[upkeep]
|-damage|p1a: Moltres|85/100|[from] Sandstorm
|-heal|p1a: Moltres|91/100|[from] item: Leftovers
|upkeep
|turn|3
|
|t:|1729439964
|switch|p2a: Tyranitar|Tyranitar, M|100/100
|-damage|p2a: Tyranitar|88/100|[from] Spikes
|move|p1a: Moltres|Toxic|p2a: Tyranitar
|-status|p2a: Tyranitar|tox
|
|-weather|Sandstorm|[upkeep]
|-damage|p1a: Moltres|85/100|[from] Sandstorm
|-heal|p1a: Moltres|91/100|[from] item: Leftovers
|-heal|p2a: Tyranitar|94/100 tox|[from] item: Leftovers
|-damage|p2a: Tyranitar|88/100 tox|[from] psn
|upkeep
|turn|4
|
|t:|1729439977
|switch|p1a: Flygon|Flygon, M, shiny|100/100
|move|p2a: Tyranitar|Rock Slide|p1a: Flygon
|-resisted|p1a: Flygon
|-damage|p1a: Flygon|83/100
|
|-weather|Sandstorm|[upkeep]
|-heal|p1a: Flygon|89/100|[from] item: Leftovers
|-heal|p2a: Tyranitar|94/100 tox|[from] item: Leftovers
|-damage|p2a: Tyranitar|82/100 tox|[from] psn
|upkeep
|turn|5
|inactive|yd12k has 270 seconds left.
|
|t:|1729440006
|switch|p2a: Forretress|Forretress, F|100/100
|-damage|p2a: Forretress|88/100|[from] Spikes
|move|p1a: Flygon|Earthquake|p2a: Forretress
|-damage|p2a: Forretress|62/100
|
|-weather|Sandstorm|[upkeep]
|-heal|p1a: Flygon|95/100|[from] item: Leftovers
|-heal|p2a: Forretress|68/100|[from] item: Leftovers
|upkeep
|turn|6
|
|t:|1729440017
|switch|p1a: Moltres|Moltres|91/100
|move|p2a: Forretress|Rapid Spin|p1a: Moltres
|-damage|p1a: Moltres|86/100
|-sideend|p2: yd12k|Spikes|[from] move: Rapid Spin|[of] p2a: Forretress
|
|-weather|Sandstorm|[upkeep]
|-damage|p1a: Moltres|80/100|[from] Sandstorm
|-heal|p1a: Moltres|86/100|[from] item: Leftovers
|-heal|p2a: Forretress|74/100|[from] item: Leftovers
|upkeep
|turn|7
|
|t:|1729440031
|switch|p2a: Tyranitar|Tyranitar, M|82/100 tox
|move|p1a: Moltres|Flamethrower|p2a: Tyranitar
|-resisted|p2a: Tyranitar
|-damage|p2a: Tyranitar|62/100 tox
|
|-weather|Sandstorm|[upkeep]
|-damage|p1a: Moltres|80/100|[from] Sandstorm
|-heal|p1a: Moltres|86/100|[from] item: Leftovers
|-heal|p2a: Tyranitar|68/100 tox|[from] item: Leftovers
|-damage|p2a: Tyranitar|62/100 tox|[from] psn
|upkeep
|turn|8
|inactive|yd12k has 270 seconds left.
|
|t:|1729440046
|switch|p2a: Gengar|Gengar, F|100/100
|move|p1a: Moltres|Protect||[still]
|-fail|p1a: Moltres
|
|-weather|Sandstorm|[upkeep]
|-damage|p2a: Gengar|94/100|[from] Sandstorm
|-damage|p1a: Moltres|80/100|[from] Sandstorm
|-heal|p2a: Gengar|100/100|[from] item: Leftovers
|-heal|p1a: Moltres|86/100|[from] item: Leftovers
|upkeep
|turn|9
|inactive|yd12k has 270 seconds left.
|
|t:|1729440059
|switch|p1a: Blissey|Blissey, F, shiny|100/100
|move|p2a: Gengar|Thunderbolt|p1a: Blissey
|-crit|p1a: Blissey
|-damage|p1a: Blissey|80/100
|
|-weather|Sandstorm|[upkeep]
|-damage|p2a: Gengar|94/100|[from] Sandstorm
|-damage|p1a: Blissey|74/100|[from] Sandstorm
|-heal|p2a: Gengar|100/100|[from] item: Leftovers
|-heal|p1a: Blissey|80/100|[from] item: Leftovers
|upkeep
|turn|10
|inactive|yd12k has 270 seconds left.
|
|t:|1729440069
|move|p2a: Gengar|Taunt|p1a: Blissey
|-start|p1a: Blissey|move: Taunt
|move|p1a: Blissey|Ice Beam|p2a: Gengar
|-damage|p2a: Gengar|71/100
|-status|p2a: Gengar|frz
|
|-weather|Sandstorm|[upkeep]
|-damage|p2a: Gengar|65/100 frz|[from] Sandstorm
|-damage|p1a: Blissey|74/100|[from] Sandstorm
|-heal|p2a: Gengar|71/100 frz|[from] item: Leftovers
|-heal|p1a: Blissey|80/100|[from] item: Leftovers
|upkeep
|turn|11
|inactive|yd12k has 270 seconds left.
|
|t:|1729440082
|switch|p2a: Dugtrio|Dugtrio, M|100/100
|switch|p1a: Moltres|Moltres|86/100
|
|-weather|Sandstorm|[upkeep]
|-damage|p1a: Moltres|80/100|[from] Sandstorm
|-heal|p1a: Moltres|86/100|[from] item: Leftovers
|upkeep
|turn|12
|
|t:|1729440092
|switch|p1a: Flygon|Flygon, M, shiny|95/100
|move|p2a: Dugtrio|Rock Slide|p1a: Flygon
|-resisted|p1a: Flygon
|-damage|p1a: Flygon|83/100
|
|-weather|Sandstorm|[upkeep]
|-heal|p1a: Flygon|89/100|[from] item: Leftovers
|upkeep
|turn|13
|inactive|yd12k has 270 seconds left.
|
|t:|1729440121
|switch|p2a: Gengar|Gengar, F|71/100 frz
|switch|p1a: Moltres|Moltres|86/100
|
|-weather|Sandstorm|[upkeep]
|-damage|p2a: Gengar|65/100 frz|[from] Sandstorm
|-damage|p1a: Moltres|80/100|[from] Sandstorm
|-heal|p2a: Gengar|71/100 frz|[from] item: Leftovers
|-heal|p1a: Moltres|86/100|[from] item: Leftovers
|upkeep
|turn|14
|inactive|yd12k has 270 seconds left.
|
|t:|1729440132
|cant|p2a: Gengar|frz
|move|p1a: Moltres|Flamethrower|p2a: Gengar
|-damage|p2a: Gengar|10/100 frz
|-curestatus|p2a: Gengar|frz|[msg]
|
|-weather|Sandstorm|[upkeep]
|-damage|p2a: Gengar|4/100|[from] Sandstorm
|-damage|p1a: Moltres|80/100|[from] Sandstorm
|-heal|p2a: Gengar|10/100|[from] item: Leftovers
|-heal|p1a: Moltres|86/100|[from] item: Leftovers
|upkeep
|turn|15
|inactive|yd12k has 270 seconds left.
|
|t:|1729440149
|switch|p1a: Blissey|Blissey, F, shiny|80/100
|move|p2a: Gengar|Thunderbolt|p1a: Blissey
|-damage|p1a: Blissey|68/100
|
|-weather|Sandstorm|[upkeep]
|-damage|p2a: Gengar|4/100|[from] Sandstorm
|-damage|p1a: Blissey|62/100|[from] Sandstorm
|-heal|p2a: Gengar|10/100|[from] item: Leftovers
|-heal|p1a: Blissey|68/100|[from] item: Leftovers
|upkeep
|turn|16
|inactive|yd12k has 270 seconds left.
|
|t:|1729440163
|switch|p2a: Jirachi|Jirachi|100/100
|move|p1a: Blissey|Soft-Boiled|p1a: Blissey
|-heal|p1a: Blissey|100/100
|
|-weather|Sandstorm|[upkeep]
|-damage|p1a: Blissey|94/100|[from] Sandstorm
|-heal|p1a: Blissey|100/100|[from] item: Leftovers
|upkeep
|turn|17
|inactive|yd12k has 270 seconds left.
|
|t:|1729440175
|switch|p1a: Gengar|Gengar, M|100/100
|move|p2a: Jirachi|Calm Mind|p2a: Jirachi
|-boost|p2a: Jirachi|spa|1
|-boost|p2a: Jirachi|spd|1
|
|-weather|Sandstorm|[upkeep]
|-damage|p1a: Gengar|94/100|[from] Sandstorm
|-heal|p1a: Gengar|100/100|[from] item: Leftovers
|upkeep
|turn|18
|inactive|yd12k has 270 seconds left.
|
|t:|1729440183
|move|p1a: Gengar|Will-O-Wisp|p2a: Jirachi
|-status|p2a: Jirachi|brn
|move|p2a: Jirachi|Psychic|p1a: Gengar
|-supereffective|p1a: Gengar
|-damage|p1a: Gengar|0 fnt
|faint|p1a: Gengar
|
|t:|1729440189
|switch|p1a: Zapdos|Zapdos|100/100
|
|-weather|Sandstorm|[upkeep]
|-damage|p1a: Zapdos|94/100|[from] Sandstorm
|-damage|p2a: Jirachi|88/100 brn|[from] brn
|-heal|p1a: Zapdos|100/100|[from] item: Leftovers
|upkeep
|turn|19
|
|t:|1729440201
|move|p2a: Jirachi|Psychic|p1a: Zapdos
|-damage|p1a: Zapdos|64/100
|move|p1a: Zapdos|Roar|p2a: Jirachi
|drag|p2a: Gengar|Gengar, F|10/100
|
|-weather|Sandstorm|[upkeep]
|-damage|p2a: Gengar|4/100|[from] Sandstorm
|-damage|p1a: Zapdos|58/100|[from] Sandstorm
|-heal|p2a: Gengar|10/100|[from] item: Leftovers
|-heal|p1a: Zapdos|64/100|[from] item: Leftovers
|upkeep
|turn|20
|
|t:|1729440213
|move|p2a: Gengar|Ice Punch|p1a: Zapdos
|-supereffective|p1a: Zapdos
|-damage|p1a: Zapdos|32/100
|move|p1a: Zapdos|Thunderbolt|p2a: Gengar
|-damage|p2a: Gengar|0 fnt
|faint|p2a: Gengar
|inactive|yd12k has 270 seconds left.
|
|t:|1729440250
|switch|p2a: Dugtrio|Dugtrio, M|100/100
|
|-weather|Sandstorm|[upkeep]
|-damage|p1a: Zapdos|26/100|[from] Sandstorm
|-heal|p1a: Zapdos|32/100|[from] item: Leftovers
|upkeep
|turn|21
|
|t:|1729440263
|switch|p1a: Skarmory|Skarmory, M, shiny|100/100
|move|p2a: Dugtrio|Rock Slide|p1a: Skarmory
|-damage|p1a: Skarmory|78/100
|
|-weather|Sandstorm|[upkeep]
|-heal|p1a: Skarmory|84/100|[from] item: Leftovers
|upkeep
|turn|22
|
|t:|1729440274
|switch|p2a: Forretress|Forretress, F|74/100
|move|p1a: Skarmory|Spikes|p2a: Forretress
|-sidestart|p2: yd12k|Spikes
|
|-weather|Sandstorm|[upkeep]
|-heal|p1a: Skarmory|90/100|[from] item: Leftovers
|-heal|p2a: Forretress|80/100|[from] item: Leftovers
|upkeep
|turn|23
|
|t:|1729440285
|switch|p1a: Zapdos|Zapdos|32/100
|move|p2a: Forretress|Spikes|p1a: Zapdos
|-sidestart|p1: alargemongoose|Spikes
|
|-weather|Sandstorm|[upkeep]
|-damage|p1a: Zapdos|26/100|[from] Sandstorm
|-heal|p1a: Zapdos|32/100|[from] item: Leftovers
|-heal|p2a: Forretress|86/100|[from] item: Leftovers
|upkeep
|turn|24
|
|t:|1729440294
|move|p1a: Zapdos|Rest|p1a: Zapdos
|-status|p1a: Zapdos|slp|[from] move: Rest
|-heal|p1a: Zapdos|100/100 slp|[silent]
|move|p2a: Forretress|Rapid Spin|p1a: Zapdos
|-damage|p1a: Zapdos|96/100 slp
|-sideend|p2: yd12k|Spikes|[from] move: Rapid Spin|[of] p2a: Forretress
|
|-weather|Sandstorm|[upkeep]
|-damage|p1a: Zapdos|90/100 slp|[from] Sandstorm
|-heal|p1a: Zapdos|96/100 slp|[from] item: Leftovers
|-heal|p2a: Forretress|93/100|[from] item: Leftovers
|upkeep
|turn|25
|
|t:|1729440305
|switch|p2a: Jirachi|Jirachi|88/100 brn
|cant|p1a: Zapdos|slp
|move|p1a: Zapdos|Sleep Talk|p1a: Zapdos
|move|p1a: Zapdos|Roar|p2a: Jirachi|[from]Sleep Talk
|drag|p2a: Dugtrio|Dugtrio, M|100/100
|
|-weather|Sandstorm|[upkeep]
|-damage|p1a: Zapdos|90/100 slp|[from] Sandstorm
|-heal|p1a: Zapdos|96/100 slp|[from] item: Leftovers
|upkeep
|turn|26
|
|t:|1729440316
|switch|p1a: Flygon|Flygon, M, shiny|89/100
|move|p2a: Dugtrio|Rock Slide|p1a: Flygon
|-resisted|p1a: Flygon
|-damage|p1a: Flygon|78/100
|
|-weather|Sandstorm|[upkeep]
|-heal|p1a: Flygon|84/100|[from] item: Leftovers
|upkeep
|turn|27
|
|t:|1729440335
|switch|p2a: Jirachi|Jirachi|88/100 brn
|move|p1a: Flygon|Earthquake|p2a: Jirachi
|-supereffective|p2a: Jirachi
|-damage|p2a: Jirachi|32/100 brn
|
|-weather|Sandstorm|[upkeep]
|-heal|p2a: Jirachi|38/100 brn|[from] item: Leftovers
|-damage|p2a: Jirachi|26/100 brn|[from] brn
|-heal|p1a: Flygon|90/100|[from] item: Leftovers
|upkeep
|turn|28
|
|t:|1729440358
|switch|p1a: Blissey|Blissey, F, shiny|100/100
|-damage|p1a: Blissey|88/100|[from] Spikes
|move|p2a: Jirachi|Fire Punch|p1a: Blissey
|-damage|p1a: Blissey|81/100
|
|-weather|Sandstorm|[upkeep]
|-damage|p1a: Blissey|74/100|[from] Sandstorm
|-heal|p2a: Jirachi|32/100 brn|[from] item: Leftovers
|-damage|p2a: Jirachi|20/100 brn|[from] brn
|-heal|p1a: Blissey|81/100|[from] item: Leftovers
|upkeep
|turn|29
|
|t:|1729440369
|move|p2a: Jirachi|Fire Punch|p1a: Blissey
|-damage|p1a: Blissey|73/100
|move|p1a: Blissey|Aromatherapy|p1a: Blissey
|-cureteam|p1a: Blissey|[from] move: Aromatherapy
|
|-weather|Sandstorm|[upkeep]
|-damage|p1a: Blissey|67/100|[from] Sandstorm
|-heal|p2a: Jirachi|26/100 brn|[from] item: Leftovers
|-damage|p2a: Jirachi|14/100 brn|[from] brn
|-heal|p1a: Blissey|73/100|[from] item: Leftovers
|upkeep
|turn|30
|
|t:|1729440383
|switch|p2a: Forretress|Forretress, F|93/100
|move|p1a: Blissey|Soft-Boiled|p1a: Blissey
|-heal|p1a: Blissey|100/100
|
|-weather|Sandstorm|[upkeep]
|-damage|p1a: Blissey|94/100|[from] Sandstorm
|-heal|p1a: Blissey|100/100|[from] item: Leftovers
|-heal|p2a: Forretress|99/100|[from] item: Leftovers
|upkeep
|turn|31
|
|t:|1729440404
|switch|p1a: Skarmory|Skarmory, M, shiny|90/100
|switch|p2a: Tyranitar|Tyranitar, M|62/100 tox
|
|-weather|Sandstorm|[upkeep]
|-heal|p1a: Skarmory|96/100|[from] item: Leftovers
|-heal|p2a: Tyranitar|68/100 tox|[from] item: Leftovers
|-damage|p2a: Tyranitar|62/100 tox|[from] psn
|upkeep
|turn|32
|
|t:|1729440415
|move|p1a: Skarmory|Spikes|p2a: Tyranitar
|-sidestart|p2: yd12k|Spikes
|move|p2a: Tyranitar|Rock Slide|p1a: Skarmory
|-damage|p1a: Skarmory|64/100
|
|-weather|Sandstorm|[upkeep]
|-heal|p1a: Skarmory|70/100|[from] item: Leftovers
|-heal|p2a: Tyranitar|68/100 tox|[from] item: Leftovers
|-damage|p2a: Tyranitar|56/100 tox|[from] psn
|upkeep
|turn|33
|
|t:|1729440424
|move|p2a: Tyranitar|Rock Slide|p1a: Skarmory
|-damage|p1a: Skarmory|34/100
|move|p1a: Skarmory|Roar|p2a: Tyranitar
|drag|p2a: Houndoom|Houndoom, M|100/100
|-damage|p2a: Houndoom|88/100|[from] Spikes
|
|-weather|Sandstorm|[upkeep]
|-damage|p2a: Houndoom|82/100|[from] Sandstorm
|-heal|p2a: Houndoom|88/100|[from] item: Leftovers
|-heal|p1a: Skarmory|40/100|[from] item: Leftovers
|upkeep
|turn|34
|
|t:|1729440438
|switch|p1a: Blissey|Blissey, F, shiny|100/100
|-damage|p1a: Blissey|88/100|[from] Spikes
|move|p2a: Houndoom|Fire Blast|p1a: Blissey
|-damage|p1a: Blissey|66/100
|
|-weather|Sandstorm|[upkeep]
|-damage|p2a: Houndoom|82/100|[from] Sandstorm
|-damage|p1a: Blissey|59/100|[from] Sandstorm
|-heal|p2a: Houndoom|88/100|[from] item: Leftovers
|-heal|p1a: Blissey|66/100|[from] item: Leftovers
|upkeep
|turn|35
|
|t:|1729440451
|move|p2a: Houndoom|Crunch|p1a: Blissey
|-damage|p1a: Blissey|51/100
|move|p1a: Blissey|Seismic Toss|p2a: Houndoom
|-damage|p2a: Houndoom|55/100
|
|-weather|Sandstorm|[upkeep]
|-damage|p2a: Houndoom|49/100|[from] Sandstorm
|-damage|p1a: Blissey|45/100|[from] Sandstorm
|-heal|p2a: Houndoom|55/100|[from] item: Leftovers
|-heal|p1a: Blissey|51/100|[from] item: Leftovers
|upkeep
|turn|36
|
|t:|1729440463
|move|p2a: Houndoom|Crunch|p1a: Blissey
|-damage|p1a: Blissey|37/100
|move|p1a: Blissey|Soft-Boiled|p1a: Blissey
|-heal|p1a: Blissey|87/100
|
|-weather|Sandstorm|[upkeep]
|-damage|p2a: Houndoom|49/100|[from] Sandstorm
|-damage|p1a: Blissey|81/100|[from] Sandstorm
|-heal|p2a: Houndoom|55/100|[from] item: Leftovers
|-heal|p1a: Blissey|87/100|[from] item: Leftovers
|upkeep
|turn|37
|
|t:|1729440475
|switch|p2a: Dugtrio|Dugtrio, M|100/100
|-damage|p2a: Dugtrio|88/100|[from] Spikes
|move|p1a: Blissey|Seismic Toss|p2a: Dugtrio
|-damage|p2a: Dugtrio|41/100
|
|-weather|Sandstorm|[upkeep]
|-damage|p1a: Blissey|81/100|[from] Sandstorm
|-heal|p1a: Blissey|87/100|[from] item: Leftovers
|upkeep
|turn|38
|
|t:|1729440484
|move|p2a: Dugtrio|Earthquake|p1a: Blissey
|-damage|p1a: Blissey|28/100
|move|p1a: Blissey|Seismic Toss|p2a: Dugtrio
|-damage|p2a: Dugtrio|0 fnt
|faint|p2a: Dugtrio
|
|t:|1729440503
|switch|p2a: Forretress|Forretress, F|99/100
|-damage|p2a: Forretress|86/100|[from] Spikes
|
|-weather|Sandstorm|[upkeep]
|-damage|p1a: Blissey|22/100|[from] Sandstorm
|-heal|p1a: Blissey|28/100|[from] item: Leftovers
|-heal|p2a: Forretress|93/100|[from] item: Leftovers
|upkeep
|turn|39
|
|t:|1729440510
|move|p1a: Blissey|Soft-Boiled|p1a: Blissey
|-heal|p1a: Blissey|78/100
|move|p2a: Forretress|Earthquake|p1a: Blissey
|-damage|p1a: Blissey|57/100
|
|-weather|Sandstorm|[upkeep]
|-damage|p1a: Blissey|51/100|[from] Sandstorm
|-heal|p1a: Blissey|57/100|[from] item: Leftovers
|-heal|p2a: Forretress|99/100|[from] item: Leftovers
|upkeep
|turn|40
|-message|yd12k forfeited.
|
|win|alargemongoose

</script>
<script type="application/json" class="data" id="replaydata-smogtours-gen3ou-800480">
{"id":"smogtours-gen3ou-800480","format":"[Gen 3] OU","players":["alargemongoose","yd12k"],"uploadtime":1729440526,"views":89,"formatid":"gen3ou","rating":null,"private":0,"password":null}
</script>

<script defer src="js/replays.js?9d40a366"></script>
