<!DOCTYPE html>
<meta charset="utf-8" />
<meta name="viewport" content="width=device-width" />

<title>[Gen 3] OU: lax vs. When the 2) - Replays - Pok&eacute;mon Showdown!</title>

<meta name="description" content="Watch a replay of a Pok&eacute;mon battle between lax and When the 2)! Format: [Gen 3] OU; Date: Oct 3, 2024" />
<!--

Hey, you! Looking in the source for the replay log?

You can find them in JSON format, just add `.json` at the end of a replay URL.

https://replay.pokemonshowdown.com/gen7randomdoublesbattle-865046831.json

Or, if you only need the log itself, add `.log` instead:

https://replay.pokemonshowdown.com/gen7randomdoublesbattle-865046831.log

-->

<link rel="stylesheet" href="//pokemonshowdown.com/style/global.css?0.767286132409787" />
<link rel="stylesheet" href="//play.pokemonshowdown.com/style/font-awesome.css?0.9266228007934947" />
<link rel="stylesheet" href="//play.pokemonshowdown.com/style/battle.css?0.7924700842790926" />
<link rel="stylesheet" href="//play.pokemonshowdown.com/style/utilichart.css?0.8777417872839479" />

<!-- Global site tag (gtag.js) - Google Analytics -->
<script async src="https://www.googletagmanager.com/gtag/js?id=UA-26211653-1"></script>
<script>
  window.dataLayer = window.dataLayer || [];
  function gtag(){dataLayer.push(arguments);}
  gtag('js', new Date());

  gtag('config', 'UA-26211653-1');
</script>
<!-- End Google Analytics -->
<!-- Venatus Ad Manager - Install in <HEAD> of page -->
	<script src="https://hb.vntsm.com/v3/live/ad-manager.min.js" type="text/javascript" data-site-id="642aba63ec9a7b11c3c9c1be" data-mode="scan" async></script>
<!-- / Venatus Ad Manager -->

<style>
	@media (max-width:820px) {
		.battle {
			margin: 0 auto;
		}
		.battle-log {
			margin: 7px auto 0;
			max-width: 640px;
			height: 300px;
			position: static;
		}
	}
	.optgroup {
		display: inline-block;
		line-height: 22px;
		font-size: 10pt;
	}
	.optgroup .button {
		height: 25px;
		padding-top: 0;
		padding-bottom: 0;
	}
	.optgroup button.button {
		padding-left: 12px;
		padding-right: 12px;
	}
	.linklist {
		list-style: none;
		margin: 0.5em 0;
		padding: 0;
	}
	.linklist li {
		padding: 2px 0;
	}
	.sidebar {
		float: left;
		width: 320px;
	}
	.bar-wrapper {
		max-width: 1100px;
		margin: 0 auto;
	}
	.bar-wrapper.has-sidebar {
		max-width: 1430px;
	}
	.mainbar {
		margin: 0;
		padding-right: 1px;
	}
	.mainbar.has-sidebar {
		margin-left: 330px;
	}
	@media (min-width: 1511px) {
		.sidebar {
			width: 400px;
		}
		.bar-wrapper.has-sidebar {
			max-width: 1510px;
		}
		.mainbar.has-sidebar {
			margin-left: 410px;
		}
	}
	.section.first-section {
		margin-top: 9px;
	}
	.blocklink small {
		white-space: normal;
	}
	.button {
		vertical-align: middle;
	}
	.replay-controls {
		padding-top: 10px;
	}
	.replay-controls h1 {
		font-size: 16pt;
		font-weight: normal;
		color: #CCC;
	}
	.pagelink {
		text-align: center;
	}
	.pagelink a {
		width: 150px;
	}
	.textbox, .button {
		font-size: 11pt;
		vertical-align: middle;
	}
	@media (max-width: 450px) {
		.button {
			font-size: 9pt;
		}
	}
</style>

<div>

	<header>
		<div class="nav-wrapper"><ul class="nav">
			<li><a class="button nav-first" href="//pokemonshowdown.com/"><img src="//pokemonshowdown.com/images/pokemonshowdownbeta.png" srcset="//pokemonshowdown.com/images/pokemonshowdownbeta.png 1x, //pokemonshowdown.com/images/pokemonshowdownbeta@2x.png 2x" alt="Pok&eacute;mon Showdown" width="146" height="44" /> Home</a></li>
			<li><a class="button" href="//pokemonshowdown.com/dex/">Pok&eacute;dex</a></li>
			<li><a class="button cur" href="/">Replays</a></li>
			<li><a class="button" href="//pokemonshowdown.com/ladder/">Ladder</a></li>
			<li><a class="button nav-last" href="//pokemonshowdown.com/forums/">Forum</a></li>
			<li><a class="button greenbutton nav-first nav-last" href="//play.pokemonshowdown.com/">Play</a></li>
		</ul></div>
	</header>

	<div class="main" id="main">

		<noscript><section class="section">You need to enable JavaScript to use this page; sorry!</section></noscript>

	</div>

</div>

<script defer nomodule src="//play.pokemonshowdown.com/js/lib/ps-polyfill.js"></script>
<script defer src="//play.pokemonshowdown.com/js/lib/preact.min.js"></script>

<script defer src="//play.pokemonshowdown.com/config/config.js?6dec07f6"></script>
<script defer src="//play.pokemonshowdown.com/js/lib/jquery-1.11.0.min.js"></script>
<script defer src="//play.pokemonshowdown.com/js/lib/html-sanitizer-minified.js"></script>
<script defer src="//play.pokemonshowdown.com/js/battle-sound.js"></script>
<script defer src="//play.pokemonshowdown.com/js/battledata.js?0.6315294753075389"></script>
<script defer src="//play.pokemonshowdown.com/data/pokedex-mini.js?0.7603743185311358"></script>
<script defer src="//play.pokemonshowdown.com/data/pokedex-mini-bw.js?0.030888842834281283"></script>
<script defer src="//play.pokemonshowdown.com/data/graphics.js?0.05593094747507488"></script>
<script defer src="//play.pokemonshowdown.com/data/pokedex.js?0.47064822249611904"></script>
<script defer src="//play.pokemonshowdown.com/data/moves.js?0.8583693120512459"></script>
<script defer src="//play.pokemonshowdown.com/data/abilities.js?0.16017181182386842"></script>
<script defer src="//play.pokemonshowdown.com/data/items.js?0.4163379185673943"></script>
<script defer src="//play.pokemonshowdown.com/data/teambuilder-tables.js?0.31075597372830477"></script>
<script defer src="//play.pokemonshowdown.com/js/battle-tooltips.js?0.6536193500708172"></script>
<script defer src="//play.pokemonshowdown.com/js/battle.js?0.1916591943277901"></script>

<script defer src="js/utils.js?e31f9a17"></script>
<script defer src="js/replays-battle.js?7008c182"></script>

<!-- don't scrape this data! just add .json or .log after the URL!
Full API docs: https://github.com/smogon/pokemon-showdown-client/blob/master/WEB-API.md -->
<script type="text/plain" class="log" id="replaylog-gen3ou-2215133870-5oykw6sscnabj3hluf67kgcrwletihbpw">
|j|☆lax
|j|☆When the 2)
|t:|1727971752
|gametype|singles
|player|p1|lax|#lax|
|player|p2|When the 2)|clown|
|teamsize|p1|6
|teamsize|p2|6
|gen|3
|tier|[Gen 3] OU
|rule|Sleep Clause Mod: Limit one foe put to sleep
|rule|Switch Priority Clause Mod: Faster Pokémon switch first
|rule|Species Clause: Limit one of each Pokémon
|rule|OHKO Clause: OHKO moves are banned
|rule|Evasion Items Clause: Evasion items are banned
|rule|Evasion Moves Clause: Evasion moves are banned
|rule|Endless Battle Clause: Forcing endless battles is banned
|rule|HP Percentage Mod: HP is shown in percentages
|rule|One Boost Passer Clause: Limit one Baton Passer that has a way to boost its stats
|rule|Freeze Clause Mod: Limit one foe frozen
|
|t:|1727971752
|start
|switch|p1a: Zapdos|Zapdos|100/100
|switch|p2a: Twinky Winky|Gengar, M|100/100
|turn|1
|inactive|Battle timer is ON: inactive players will automatically lose when time's up. (requested by When the 2))
|
|t:|1727971766
|switch|p2a: pink blob #15|Blissey, F|100/100
|move|p1a: Zapdos|Thunder Wave|p2a: pink blob #15
|-status|p2a: pink blob #15|par
|
|upkeep
|turn|2
|
|t:|1727971776
|switch|p1a: Snorlax|Snorlax, F|100/100
|-curestatus|p2a: pink blob #15|par|[from] ability: Natural Cure
|switch|p2a: Swamperc|Swampert, M|100/100
|
|upkeep
|turn|3
|
|t:|1727971785
|switch|p2a: Miguelito|Skarmory, F|100/100
|move|p1a: Snorlax|Curse|p1a: Snorlax
|-unboost|p1a: Snorlax|spe|1
|-boost|p1a: Snorlax|atk|1
|-boost|p1a: Snorlax|def|1
|
|upkeep
|turn|4
|
|t:|1727971793
|switch|p1a: Magneton|Magneton|100/100
|move|p2a: Miguelito|Roar|p1a: Magneton
|drag|p1a: Metagross|Metagross|100/100
|
|upkeep
|turn|5
|
|t:|1727971801
|switch|p1a: Magneton|Magneton|100/100
|move|p2a: Miguelito|Protect||[still]
|-fail|p2a: Miguelito
|
|upkeep
|turn|6
|
|t:|1727971804
|move|p1a: Magneton|Thunderbolt|p2a: Miguelito
|-supereffective|p2a: Miguelito
|-damage|p2a: Miguelito|0 fnt
|faint|p2a: Miguelito
|
|t:|1727971812
|switch|p2a: Barney from Oblock|Tyranitar, F|100/100
|-weather|Sandstorm|[from] ability: Sand Stream|[of] p2a: Barney from Oblock
|
|-weather|Sandstorm|[upkeep]
|upkeep
|turn|7
|
|t:|1727971818
|move|p1a: Magneton|Thunderbolt|p2a: Barney from Oblock
|-damage|p2a: Barney from Oblock|57/100
|move|p2a: Barney from Oblock|Rock Slide|p1a: Magneton
|-resisted|p1a: Magneton
|-crit|p1a: Magneton
|-damage|p1a: Magneton|41/100
|
|-weather|Sandstorm|[upkeep]
|-heal|p2a: Barney from Oblock|63/100|[from] item: Leftovers
|upkeep
|turn|8
|
|t:|1727971826
|switch|p2a: pink blob #15|Blissey, F|100/100
|move|p1a: Magneton|Thunderbolt|p2a: pink blob #15
|-damage|p2a: pink blob #15|77/100
|
|-weather|Sandstorm|[upkeep]
|-damage|p2a: pink blob #15|71/100|[from] Sandstorm
|-heal|p2a: pink blob #15|77/100|[from] item: Leftovers
|upkeep
|turn|9
|
|t:|1727971831
|move|p1a: Magneton|Toxic|p2a: pink blob #15
|-status|p2a: pink blob #15|tox
|move|p2a: pink blob #15|Seismic Toss|p1a: Magneton
|-damage|p1a: Magneton|0 fnt
|faint|p1a: Magneton
|
|t:|1727971839
|switch|p1a: Snorlax|Snorlax, F|100/100
|
|-weather|Sandstorm|[upkeep]
|-damage|p2a: pink blob #15|71/100 tox|[from] Sandstorm
|-damage|p1a: Snorlax|94/100|[from] Sandstorm
|-heal|p2a: pink blob #15|77/100 tox|[from] item: Leftovers
|-damage|p2a: pink blob #15|71/100 tox|[from] psn
|-heal|p1a: Snorlax|100/100|[from] item: Leftovers
|upkeep
|turn|10
|
|t:|1727971847
|-curestatus|p2a: pink blob #15|tox|[from] ability: Natural Cure
|switch|p2a: Swamperc|Swampert, M|100/100
|move|p1a: Snorlax|Shadow Ball|p2a: Swamperc
|-damage|p2a: Swamperc|84/100
|
|-weather|Sandstorm|[upkeep]
|-damage|p1a: Snorlax|94/100|[from] Sandstorm
|-heal|p2a: Swamperc|90/100|[from] item: Leftovers
|-heal|p1a: Snorlax|100/100|[from] item: Leftovers
|upkeep
|turn|11
|
|t:|1727971853
|move|p2a: Swamperc|Hydro Pump|p1a: Snorlax
|-damage|p1a: Snorlax|81/100
|move|p1a: Snorlax|Body Slam|p2a: Swamperc
|-damage|p2a: Swamperc|65/100
|
|-weather|Sandstorm|[upkeep]
|-damage|p1a: Snorlax|75/100|[from] Sandstorm
|-heal|p2a: Swamperc|71/100|[from] item: Leftovers
|-heal|p1a: Snorlax|81/100|[from] item: Leftovers
|upkeep
|turn|12
|
|t:|1727971861
|switch|p2a: Twinky Winky|Gengar, M|100/100
|move|p1a: Snorlax|Body Slam|p2a: Twinky Winky
|-immune|p2a: Twinky Winky
|
|-weather|Sandstorm|[upkeep]
|-damage|p2a: Twinky Winky|94/100|[from] Sandstorm
|-damage|p1a: Snorlax|75/100|[from] Sandstorm
|-heal|p2a: Twinky Winky|100/100|[from] item: Leftovers
|-heal|p1a: Snorlax|81/100|[from] item: Leftovers
|upkeep
|turn|13
|
|t:|1727971867
|move|p2a: Twinky Winky|Will-O-Wisp|p1a: Snorlax|[miss]
|-miss|p2a: Twinky Winky|p1a: Snorlax
|move|p1a: Snorlax|Shadow Ball|p2a: Twinky Winky
|-supereffective|p2a: Twinky Winky
|-damage|p2a: Twinky Winky|7/100
|-unboost|p2a: Twinky Winky|spd|1
|
|-weather|Sandstorm|[upkeep]
|-damage|p2a: Twinky Winky|1/100|[from] Sandstorm
|-damage|p1a: Snorlax|75/100|[from] Sandstorm
|-heal|p2a: Twinky Winky|7/100|[from] item: Leftovers
|-heal|p1a: Snorlax|81/100|[from] item: Leftovers
|upkeep
|turn|14
|
|t:|1727971873
|switch|p1a: Zapdos|Zapdos|100/100
|move|p2a: Twinky Winky|Will-O-Wisp|p1a: Zapdos
|-status|p1a: Zapdos|brn
|
|-weather|Sandstorm|[upkeep]
|-damage|p2a: Twinky Winky|1/100|[from] Sandstorm
|-damage|p1a: Zapdos|94/100 brn|[from] Sandstorm
|-heal|p2a: Twinky Winky|7/100|[from] item: Leftovers
|-heal|p1a: Zapdos|100/100 brn|[from] item: Leftovers
|-damage|p1a: Zapdos|88/100 brn|[from] brn
|upkeep
|turn|15
|
|t:|1727971877
|switch|p2a: pink blob #15|Blissey, F|71/100
|move|p1a: Zapdos|Thunderbolt|p2a: pink blob #15
|-damage|p2a: pink blob #15|54/100
|
|-weather|Sandstorm|[upkeep]
|-damage|p1a: Zapdos|82/100 brn|[from] Sandstorm
|-damage|p2a: pink blob #15|48/100|[from] Sandstorm
|-heal|p1a: Zapdos|88/100 brn|[from] item: Leftovers
|-damage|p1a: Zapdos|76/100 brn|[from] brn
|-heal|p2a: pink blob #15|54/100|[from] item: Leftovers
|upkeep
|turn|16
|
|t:|1727971879
|switch|p1a: Snorlax|Snorlax, F|81/100
|move|p2a: pink blob #15|Soft-Boiled|p2a: pink blob #15
|-heal|p2a: pink blob #15|100/100
|
|-weather|Sandstorm|[upkeep]
|-damage|p2a: pink blob #15|94/100|[from] Sandstorm
|-damage|p1a: Snorlax|75/100|[from] Sandstorm
|-heal|p2a: pink blob #15|100/100|[from] item: Leftovers
|-heal|p1a: Snorlax|81/100|[from] item: Leftovers
|upkeep
|turn|17
|
|t:|1727971894
|move|p2a: pink blob #15|Soft-Boiled||[still]
|-fail|p2a: pink blob #15|heal
|move|p1a: Snorlax|Curse|p1a: Snorlax
|-unboost|p1a: Snorlax|spe|1
|-boost|p1a: Snorlax|atk|1
|-boost|p1a: Snorlax|def|1
|
|-weather|Sandstorm|[upkeep]
|-damage|p2a: pink blob #15|94/100|[from] Sandstorm
|-damage|p1a: Snorlax|75/100|[from] Sandstorm
|-heal|p2a: pink blob #15|100/100|[from] item: Leftovers
|-heal|p1a: Snorlax|81/100|[from] item: Leftovers
|upkeep
|turn|18
|
|t:|1727971900
|switch|p2a: Swamperc|Swampert, M|71/100
|move|p1a: Snorlax|Shadow Ball|p2a: Swamperc
|-damage|p2a: Swamperc|48/100
|
|-weather|Sandstorm|[upkeep]
|-damage|p1a: Snorlax|75/100|[from] Sandstorm
|-heal|p2a: Swamperc|54/100|[from] item: Leftovers
|-heal|p1a: Snorlax|81/100|[from] item: Leftovers
|upkeep
|turn|19
|
|t:|1727971902
|move|p1a: Snorlax|Body Slam|p2a: Swamperc
|-damage|p2a: Swamperc|13/100
|-status|p2a: Swamperc|par
|move|p2a: Swamperc|Roar|p1a: Snorlax
|drag|p1a: Tyranitar|Tyranitar, F|100/100
|
|-weather|Sandstorm|[upkeep]
|-heal|p2a: Swamperc|19/100 par|[from] item: Leftovers
|upkeep
|turn|20
|
|t:|1727971914
|move|p1a: Tyranitar|Earthquake|p2a: Swamperc
|-damage|p2a: Swamperc|0 fnt
|faint|p2a: Swamperc
|
|t:|1727971921
|switch|p2a: starm|Starmie|100/100
|
|-weather|Sandstorm|[upkeep]
|-damage|p2a: starm|94/100|[from] Sandstorm
|-heal|p2a: starm|100/100|[from] item: Leftovers
|upkeep
|turn|21
|inactive|lax has 270 seconds left.
|
|t:|1727971952
|switch|p1a: Snorlax|Snorlax, F|81/100
|move|p2a: starm|Hydro Pump|p1a: Snorlax
|-damage|p1a: Snorlax|51/100
|
|-weather|Sandstorm|[upkeep]
|-damage|p2a: starm|94/100|[from] Sandstorm
|-damage|p1a: Snorlax|45/100|[from] Sandstorm
|-heal|p2a: starm|100/100|[from] item: Leftovers
|-heal|p1a: Snorlax|51/100|[from] item: Leftovers
|upkeep
|turn|22
|
|t:|1727971961
|move|p2a: starm|Hydro Pump|p1a: Snorlax
|-damage|p1a: Snorlax|22/100
|move|p1a: Snorlax|Shadow Ball|p2a: starm
|-supereffective|p2a: starm
|-damage|p2a: starm|33/100
|
|-weather|Sandstorm|[upkeep]
|-damage|p2a: starm|26/100|[from] Sandstorm
|-damage|p1a: Snorlax|16/100|[from] Sandstorm
|-heal|p2a: starm|33/100|[from] item: Leftovers
|-heal|p1a: Snorlax|22/100|[from] item: Leftovers
|upkeep
|turn|23
|
|t:|1727971968
|move|p2a: starm|Hydro Pump|p1a: Snorlax
|-damage|p1a: Snorlax|0 fnt
|faint|p1a: Snorlax
|
|t:|1727971981
|switch|p1a: Zapdos|Zapdos|76/100 brn
|
|-weather|Sandstorm|[upkeep]
|-damage|p2a: starm|26/100|[from] Sandstorm
|-damage|p1a: Zapdos|70/100 brn|[from] Sandstorm
|-heal|p2a: starm|33/100|[from] item: Leftovers
|-heal|p1a: Zapdos|76/100 brn|[from] item: Leftovers
|-damage|p1a: Zapdos|63/100 brn|[from] brn
|upkeep
|turn|24
|
|t:|1727971995
|move|p2a: starm|Ice Beam|p1a: Zapdos
|-supereffective|p1a: Zapdos
|-damage|p1a: Zapdos|9/100 brn
|move|p1a: Zapdos|Thunderbolt|p2a: starm
|-supereffective|p2a: starm
|-damage|p2a: starm|0 fnt
|faint|p2a: starm
|
|t:|1727972010
|switch|p2a: Twinky Winky|Gengar, M|7/100
|
|-weather|Sandstorm|[upkeep]
|-damage|p2a: Twinky Winky|1/100|[from] Sandstorm
|-damage|p1a: Zapdos|3/100 brn|[from] Sandstorm
|-heal|p2a: Twinky Winky|7/100|[from] item: Leftovers
|-heal|p1a: Zapdos|9/100 brn|[from] item: Leftovers
|-damage|p1a: Zapdos|0 fnt|[from] brn
|faint|p1a: Zapdos
|upkeep
|
|t:|1727972019
|switch|p1a: Tyranitar|Tyranitar, F|100/100
|turn|25
|
|t:|1727972024
|move|p2a: Twinky Winky|Will-O-Wisp|p1a: Tyranitar
|-status|p1a: Tyranitar|brn
|-enditem|p1a: Tyranitar|Lum Berry|[eat]
|-curestatus|p1a: Tyranitar|brn|[msg]
|move|p1a: Tyranitar|Hidden Power|p2a: Twinky Winky
|-resisted|p2a: Twinky Winky
|-damage|p2a: Twinky Winky|0 fnt
|faint|p2a: Twinky Winky
|
|t:|1727972032
|switch|p2a: pink blob #15|Blissey, F|100/100
|
|-weather|Sandstorm|[upkeep]
|-damage|p2a: pink blob #15|94/100|[from] Sandstorm
|-heal|p2a: pink blob #15|100/100|[from] item: Leftovers
|upkeep
|turn|26
|
|t:|1727972035
|move|p1a: Tyranitar|Dragon Dance|p1a: Tyranitar
|-boost|p1a: Tyranitar|atk|1
|-boost|p1a: Tyranitar|spe|1
|move|p2a: pink blob #15|Toxic|p1a: Tyranitar
|-status|p1a: Tyranitar|tox
|
|-weather|Sandstorm|[upkeep]
|-damage|p2a: pink blob #15|94/100|[from] Sandstorm
|-damage|p1a: Tyranitar|94/100 tox|[from] psn
|-heal|p2a: pink blob #15|100/100|[from] item: Leftovers
|upkeep
|turn|27
|
|t:|1727972041
|move|p1a: Tyranitar|Rock Slide|p2a: pink blob #15
|-damage|p2a: pink blob #15|41/100
|move|p2a: pink blob #15|Seismic Toss|p1a: Tyranitar
|-damage|p1a: Tyranitar|68/100 tox
|
|-weather|Sandstorm|[upkeep]
|-damage|p2a: pink blob #15|35/100|[from] Sandstorm
|-damage|p1a: Tyranitar|56/100 tox|[from] psn
|-heal|p2a: pink blob #15|41/100|[from] item: Leftovers
|upkeep
|turn|28
|
|t:|1727972044
|move|p1a: Tyranitar|Earthquake|p2a: pink blob #15
|-damage|p2a: pink blob #15|0 fnt
|faint|p2a: pink blob #15
|
|t:|1727972047
|switch|p2a: Barney from Oblock|Tyranitar, F|63/100
|
|-weather|Sandstorm|[upkeep]
|-damage|p1a: Tyranitar|37/100 tox|[from] psn
|-heal|p2a: Barney from Oblock|69/100|[from] item: Leftovers
|upkeep
|turn|29
|
|t:|1727972050
|move|p1a: Tyranitar|Earthquake|p2a: Barney from Oblock
|-supereffective|p2a: Barney from Oblock
|-damage|p2a: Barney from Oblock|0 fnt
|faint|p2a: Barney from Oblock
|
|win|lax
|c|☆lax|gg
|c|☆When the 2)|gg
|l|☆When the 2)
|player|p2|
|c|☆lax|/log lax hid the replay of this battle.

</script>
<script type="application/json" class="data" id="replaydata-gen3ou-2215133870-5oykw6sscnabj3hluf67kgcrwletihbpw">
{"id":"gen3ou-2215133870","format":"[Gen 3] OU","players":["lax","When the 2)"],"uploadtime":1727972061,"views":136,"formatid":"gen3ou","rating":null,"private":1,"password":"5oykw6sscnabj3hluf67kgcrwletihb"}
</script>

<script defer src="js/replays.js?9d40a366"></script>
