<!DOCTYPE html>
<meta charset="utf-8" />
<meta name="viewport" content="width=device-width" />

<title>[Gen 3] OU: Fakes vs. alargemongoose - Replays - Pok&eacute;mon Showdown!</title>

<meta name="description" content="Watch a replay of a Pok&eacute;mon battle between Fakes and alargemongoose! Format: [Gen 3] OU; Date: Nov 10, 2024" />
<!--

Hey, you! Looking in the source for the replay log?

You can find them in JSON format, just add `.json` at the end of a replay URL.

https://replay.pokemonshowdown.com/gen7randomdoublesbattle-865046831.json

Or, if you only need the log itself, add `.log` instead:

https://replay.pokemonshowdown.com/gen7randomdoublesbattle-865046831.log

-->

<link rel="stylesheet" href="//pokemonshowdown.com/style/global.css?0.767286132409787" />
<link rel="stylesheet" href="//play.pokemonshowdown.com/style/font-awesome.css?0.9266228007934947" />
<link rel="stylesheet" href="//play.pokemonshowdown.com/style/battle.css?0.7924700842790926" />
<link rel="stylesheet" href="//play.pokemonshowdown.com/style/utilichart.css?0.8777417872839479" />

<!-- Global site tag (gtag.js) - Google Analytics -->
<script async src="https://www.googletagmanager.com/gtag/js?id=UA-26211653-1"></script>
<script>
  window.dataLayer = window.dataLayer || [];
  function gtag(){dataLayer.push(arguments);}
  gtag('js', new Date());

  gtag('config', 'UA-26211653-1');
</script>
<!-- End Google Analytics -->
<!-- Venatus Ad Manager - Install in <HEAD> of page -->
	<script src="https://hb.vntsm.com/v3/live/ad-manager.min.js" type="text/javascript" data-site-id="642aba63ec9a7b11c3c9c1be" data-mode="scan" async></script>
<!-- / Venatus Ad Manager -->

<style>
	@media (max-width:820px) {
		.battle {
			margin: 0 auto;
		}
		.battle-log {
			margin: 7px auto 0;
			max-width: 640px;
			height: 300px;
			position: static;
		}
	}
	.optgroup {
		display: inline-block;
		line-height: 22px;
		font-size: 10pt;
	}
	.optgroup .button {
		height: 25px;
		padding-top: 0;
		padding-bottom: 0;
	}
	.optgroup button.button {
		padding-left: 12px;
		padding-right: 12px;
	}
	.linklist {
		list-style: none;
		margin: 0.5em 0;
		padding: 0;
	}
	.linklist li {
		padding: 2px 0;
	}
	.sidebar {
		float: left;
		width: 320px;
	}
	.bar-wrapper {
		max-width: 1100px;
		margin: 0 auto;
	}
	.bar-wrapper.has-sidebar {
		max-width: 1430px;
	}
	.mainbar {
		margin: 0;
		padding-right: 1px;
	}
	.mainbar.has-sidebar {
		margin-left: 330px;
	}
	@media (min-width: 1511px) {
		.sidebar {
			width: 400px;
		}
		.bar-wrapper.has-sidebar {
			max-width: 1510px;
		}
		.mainbar.has-sidebar {
			margin-left: 410px;
		}
	}
	.section.first-section {
		margin-top: 9px;
	}
	.blocklink small {
		white-space: normal;
	}
	.button {
		vertical-align: middle;
	}
	.replay-controls {
		padding-top: 10px;
	}
	.replay-controls h1 {
		font-size: 16pt;
		font-weight: normal;
		color: #CCC;
	}
	.pagelink {
		text-align: center;
	}
	.pagelink a {
		width: 150px;
	}
	.textbox, .button {
		font-size: 11pt;
		vertical-align: middle;
	}
	@media (max-width: 450px) {
		.button {
			font-size: 9pt;
		}
	}
</style>

<div>

	<header>
		<div class="nav-wrapper"><ul class="nav">
			<li><a class="button nav-first" href="//pokemonshowdown.com/"><img src="//pokemonshowdown.com/images/pokemonshowdownbeta.png" srcset="//pokemonshowdown.com/images/pokemonshowdownbeta.png 1x, //pokemonshowdown.com/images/pokemonshowdownbeta@2x.png 2x" alt="Pok&eacute;mon Showdown" width="146" height="44" /> Home</a></li>
			<li><a class="button" href="//pokemonshowdown.com/dex/">Pok&eacute;dex</a></li>
			<li><a class="button cur" href="/">Replays</a></li>
			<li><a class="button" href="//pokemonshowdown.com/ladder/">Ladder</a></li>
			<li><a class="button nav-last" href="//pokemonshowdown.com/forums/">Forum</a></li>
			<li><a class="button greenbutton nav-first nav-last" href="//play.pokemonshowdown.com/">Play</a></li>
		</ul></div>
	</header>

	<div class="main" id="main">

		<noscript><section class="section">You need to enable JavaScript to use this page; sorry!</section></noscript>

	</div>

</div>

<script defer nomodule src="//play.pokemonshowdown.com/js/lib/ps-polyfill.js"></script>
<script defer src="//play.pokemonshowdown.com/js/lib/preact.min.js"></script>

<script defer src="//play.pokemonshowdown.com/config/config.js?6dec07f6"></script>
<script defer src="//play.pokemonshowdown.com/js/lib/jquery-1.11.0.min.js"></script>
<script defer src="//play.pokemonshowdown.com/js/lib/html-sanitizer-minified.js"></script>
<script defer src="//play.pokemonshowdown.com/js/battle-sound.js"></script>
<script defer src="//play.pokemonshowdown.com/js/battledata.js?0.6315294753075389"></script>
<script defer src="//play.pokemonshowdown.com/data/pokedex-mini.js?0.7603743185311358"></script>
<script defer src="//play.pokemonshowdown.com/data/pokedex-mini-bw.js?0.030888842834281283"></script>
<script defer src="//play.pokemonshowdown.com/data/graphics.js?0.05593094747507488"></script>
<script defer src="//play.pokemonshowdown.com/data/pokedex.js?0.47064822249611904"></script>
<script defer src="//play.pokemonshowdown.com/data/moves.js?0.8583693120512459"></script>
<script defer src="//play.pokemonshowdown.com/data/abilities.js?0.16017181182386842"></script>
<script defer src="//play.pokemonshowdown.com/data/items.js?0.4163379185673943"></script>
<script defer src="//play.pokemonshowdown.com/data/teambuilder-tables.js?0.31075597372830477"></script>
<script defer src="//play.pokemonshowdown.com/js/battle-tooltips.js?0.6536193500708172"></script>
<script defer src="//play.pokemonshowdown.com/js/battle.js?0.1916591943277901"></script>

<script defer src="js/utils.js?e31f9a17"></script>
<script defer src="js/replays-battle.js?7008c182"></script>

<!-- don't scrape this data! just add .json or .log after the URL!
Full API docs: https://github.com/smogon/pokemon-showdown-client/blob/master/WEB-API.md -->
<script type="text/plain" class="log" id="replaylog-smogtours-gen3ou-805816">
|inactive|Battle timer is ON: inactive players will automatically lose when time's up.
|t:|1731262830
|gametype|singles
|player|p1|Fakes|lucas|
|player|p2|alargemongoose|fisherman|
|teamsize|p1|6
|teamsize|p2|6
|gen|3
|tier|[Gen 3] OU
|rule|Sleep Clause Mod: Limit one foe put to sleep
|rule|Switch Priority Clause Mod: Faster Pokémon switch first
|rule|Species Clause: Limit one of each Pokémon
|rule|OHKO Clause: OHKO moves are banned
|rule|Evasion Items Clause: Evasion items are banned
|rule|Evasion Moves Clause: Evasion moves are banned
|rule|Endless Battle Clause: Forcing endless battles is banned
|rule|HP Percentage Mod: HP is shown in percentages
|rule|One Boost Passer Clause: Limit one Baton Passer that has a way to boost its stats
|rule|Freeze Clause Mod: Limit one foe frozen
|
|t:|1731262830
|start
|switch|p1a: Dugtrio|Dugtrio, M|100/100
|switch|p2a: Zapdos|Zapdos|100/100
|turn|1
|c|☆alargemongoose|gl hf
|c|☆Fakes|u2
|
|t:|1731262849
|switch|p1a: Regice|Regice|100/100
|move|p2a: Zapdos|Toxic|p1a: Regice
|-status|p1a: Regice|tox
|
|-damage|p1a: Regice|94/100 tox|[from] psn
|upkeep
|turn|2
|
|t:|1731262874
|switch|p2a: Metagross|Metagross|100/100
|move|p1a: Regice|Thunder Wave|p2a: Metagross
|-status|p2a: Metagross|par
|
|-heal|p1a: Regice|100/100 tox|[from] item: Leftovers
|-damage|p1a: Regice|88/100 tox|[from] psn
|upkeep
|turn|3
|
|t:|1731262885
|switch|p1a: Claydol|Claydol|100/100
|cant|p2a: Metagross|par
|
|upkeep
|turn|4
|
|t:|1731262889
|move|p1a: Claydol|Earthquake|p2a: Metagross
|-supereffective|p2a: Metagross
|-damage|p2a: Metagross|60/100 par
|move|p2a: Metagross|Explosion|p1a: Claydol
|-damage|p1a: Claydol|0 fnt
|faint|p2a: Metagross
|faint|p1a: Claydol
|
|t:|1731262900
|switch|p2a: Swampert|Swampert, M|100/100
|switch|p1a: Celebi|Celebi|100/100
|
|upkeep
|turn|5
|
|t:|1731262911
|switch|p2a: Salamence|Salamence, F|100/100
|-ability|p2a: Salamence|Intimidate|boost
|-unboost|p1a: Celebi|atk|1
|move|p1a: Celebi|Leech Seed|p2a: Salamence
|-start|p2a: Salamence|move: Leech Seed
|
|-damage|p2a: Salamence|88/100|[from] Leech Seed|[of] p1a: Celebi
|upkeep
|turn|6
|
|t:|1731262921
|switch|p1a: Suicune|Suicune|100/100
|move|p2a: Salamence|Hidden Power|p1a: Suicune
|-damage|p1a: Suicune|77/100
|
|-heal|p2a: Salamence|94/100|[from] item: Leftovers
|-damage|p2a: Salamence|82/100|[from] Leech Seed|[of] p1a: Suicune
|-heal|p1a: Suicune|87/100|[silent]
|-heal|p1a: Suicune|93/100|[from] item: Leftovers
|upkeep
|turn|7
|
|t:|1731262936
|switch|p2a: Zapdos|Zapdos|100/100
|switch|p1a: Celebi|Celebi|100/100
|
|upkeep
|turn|8
|
|t:|1731262944
|move|p2a: Zapdos|Hidden Power|p1a: Celebi
|-supereffective|p1a: Celebi
|-damage|p1a: Celebi|61/100
|move|p1a: Celebi|Psychic|p2a: Zapdos
|-damage|p2a: Zapdos|69/100
|
|-heal|p2a: Zapdos|75/100|[from] item: Leftovers
|-heal|p1a: Celebi|67/100|[from] item: Leftovers
|upkeep
|turn|9
|
|t:|1731262972
|switch|p2a: Tyranitar|Tyranitar, F|100/100
|-weather|Sandstorm|[from] ability: Sand Stream|[of] p2a: Tyranitar
|move|p1a: Celebi|Recover|p1a: Celebi
|-heal|p1a: Celebi|100/100
|
|-weather|Sandstorm|[upkeep]
|-damage|p1a: Celebi|94/100|[from] Sandstorm
|-heal|p1a: Celebi|100/100|[from] item: Leftovers
|upkeep
|turn|10
|inactive|alargemongoose has 270 seconds left.
|
|t:|1731262987
|switch|p1a: Suicune|Suicune|93/100
|move|p2a: Tyranitar|Double-Edge|p1a: Suicune
|-crit|p1a: Suicune
|-damage|p1a: Suicune|47/100
|-damage|p2a: Tyranitar|84/100|[from] Recoil|[of] p1a: Suicune
|
|-weather|Sandstorm|[upkeep]
|-damage|p1a: Suicune|40/100|[from] Sandstorm
|-heal|p1a: Suicune|47/100|[from] item: Leftovers
|-heal|p2a: Tyranitar|91/100|[from] item: Leftovers
|upkeep
|turn|11
|inactive|alargemongoose has 270 seconds left.
|
|t:|1731263031
|switch|p2a: Zapdos|Zapdos|75/100
|move|p1a: Suicune|Surf|p2a: Zapdos
|-damage|p2a: Zapdos|47/100
|
|-weather|Sandstorm|[upkeep]
|-damage|p2a: Zapdos|41/100|[from] Sandstorm
|-damage|p1a: Suicune|40/100|[from] Sandstorm
|-heal|p2a: Zapdos|47/100|[from] item: Leftovers
|-heal|p1a: Suicune|47/100|[from] item: Leftovers
|upkeep
|turn|12
|inactive|alargemongoose has 240 seconds left.
|
|t:|1731263051
|switch|p1a: Regice|Regice|88/100 tox
|move|p2a: Zapdos|Thunderbolt|p1a: Regice
|-crit|p1a: Regice
|-damage|p1a: Regice|41/100 tox
|
|-weather|Sandstorm|[upkeep]
|-damage|p2a: Zapdos|41/100|[from] Sandstorm
|-damage|p1a: Regice|35/100 tox|[from] Sandstorm
|-heal|p2a: Zapdos|47/100|[from] item: Leftovers
|-heal|p1a: Regice|41/100 tox|[from] item: Leftovers
|-damage|p1a: Regice|35/100 tox|[from] psn
|upkeep
|turn|13
|inactive|alargemongoose has 240 seconds left.
|
|t:|1731263067
|switch|p2a: Suicune|Suicune|100/100
|move|p1a: Regice|Ice Beam|p2a: Suicune
|-resisted|p2a: Suicune
|-damage|p2a: Suicune|83/100
|
|-weather|Sandstorm|[upkeep]
|-damage|p2a: Suicune|77/100|[from] Sandstorm
|-damage|p1a: Regice|29/100 tox|[from] Sandstorm
|-heal|p2a: Suicune|83/100|[from] item: Leftovers
|-heal|p1a: Regice|35/100 tox|[from] item: Leftovers
|-damage|p1a: Regice|23/100 tox|[from] psn
|upkeep
|turn|14
|inactive|alargemongoose has 240 seconds left.
|
|t:|1731263099
|switch|p2a: Swampert|Swampert, M|100/100
|move|p1a: Regice|Explosion|p2a: Swampert
|-damage|p2a: Swampert|35/100
|faint|p1a: Regice
|
|t:|1731263105
|switch|p1a: Suicune|Suicune|47/100
|
|-weather|Sandstorm|[upkeep]
|-damage|p1a: Suicune|40/100|[from] Sandstorm
|-heal|p1a: Suicune|47/100|[from] item: Leftovers
|-heal|p2a: Swampert|41/100|[from] item: Leftovers
|upkeep
|turn|15
|
|t:|1731263121
|move|p1a: Suicune|Rest|p1a: Suicune
|-status|p1a: Suicune|slp|[from] move: Rest
|-heal|p1a: Suicune|100/100 slp|[silent]
|move|p2a: Swampert|Earthquake|p1a: Suicune
|-damage|p1a: Suicune|80/100 slp
|
|-weather|Sandstorm|[upkeep]
|-damage|p1a: Suicune|74/100 slp|[from] Sandstorm
|-heal|p1a: Suicune|80/100 slp|[from] item: Leftovers
|-heal|p2a: Swampert|48/100|[from] item: Leftovers
|upkeep
|turn|16
|inactive|alargemongoose has 210 seconds left.
|
|t:|1731263143
|switch|p1a: Celebi|Celebi|100/100
|move|p2a: Swampert|Curse|p2a: Swampert
|-unboost|p2a: Swampert|spe|1
|-boost|p2a: Swampert|atk|1
|-boost|p2a: Swampert|def|1
|
|-weather|Sandstorm|[upkeep]
|-damage|p1a: Celebi|94/100|[from] Sandstorm
|-heal|p1a: Celebi|100/100|[from] item: Leftovers
|-heal|p2a: Swampert|54/100|[from] item: Leftovers
|upkeep
|turn|17
|inactive|alargemongoose has 210 seconds left.
|inactive|Fakes has 270 seconds left.
|
|t:|1731263182
|switch|p2a: Salamence|Salamence, F|82/100
|-ability|p2a: Salamence|Intimidate|boost
|-unboost|p1a: Celebi|atk|1
|move|p1a: Celebi|Leech Seed|p2a: Salamence|[miss]
|-miss|p1a: Celebi|p2a: Salamence
|
|-weather|Sandstorm|[upkeep]
|-damage|p2a: Salamence|76/100|[from] Sandstorm
|-damage|p1a: Celebi|94/100|[from] Sandstorm
|-heal|p2a: Salamence|82/100|[from] item: Leftovers
|-heal|p1a: Celebi|100/100|[from] item: Leftovers
|upkeep
|turn|18
|inactive|Fakes has 270 seconds left.
|
|t:|1731263191
|switch|p1a: Metagross|Metagross|100/100
|move|p2a: Salamence|Dragon Dance|p2a: Salamence
|-boost|p2a: Salamence|atk|1
|-boost|p2a: Salamence|spe|1
|
|-weather|Sandstorm|[upkeep]
|-damage|p2a: Salamence|76/100|[from] Sandstorm
|-heal|p2a: Salamence|82/100|[from] item: Leftovers
|upkeep
|turn|19
|inactive|alargemongoose has 210 seconds left.
|
|t:|1731263197
|move|p2a: Salamence|Earthquake|p1a: Metagross
|-supereffective|p1a: Metagross
|-damage|p1a: Metagross|5/100
|move|p1a: Metagross|Explosion|p2a: Salamence
|-damage|p2a: Salamence|0 fnt
|faint|p1a: Metagross
|faint|p2a: Salamence
|inactive|alargemongoose has 210 seconds left.
|inactive|Fakes has 270 seconds left.
|inactive|alargemongoose has 180 seconds left.
|
|t:|1731263248
|switch|p2a: Zapdos|Zapdos|47/100
|switch|p1a: Celebi|Celebi|100/100
|
|-weather|Sandstorm|[upkeep]
|-damage|p2a: Zapdos|41/100|[from] Sandstorm
|-damage|p1a: Celebi|94/100|[from] Sandstorm
|-heal|p2a: Zapdos|47/100|[from] item: Leftovers
|-heal|p1a: Celebi|100/100|[from] item: Leftovers
|upkeep
|turn|20
|
|t:|1731263275
|move|p2a: Zapdos|Hidden Power|p1a: Celebi
|-supereffective|p1a: Celebi
|-damage|p1a: Celebi|66/100
|move|p1a: Celebi|Leech Seed|p2a: Zapdos
|-start|p2a: Zapdos|move: Leech Seed
|
|-weather|Sandstorm|[upkeep]
|-damage|p2a: Zapdos|41/100|[from] Sandstorm
|-damage|p1a: Celebi|59/100|[from] Sandstorm
|-heal|p2a: Zapdos|47/100|[from] item: Leftovers
|-damage|p2a: Zapdos|35/100|[from] Leech Seed|[of] p1a: Celebi
|-heal|p1a: Celebi|71/100|[silent]
|-heal|p1a: Celebi|77/100|[from] item: Leftovers
|upkeep
|turn|21
|
|t:|1731263291
|switch|p2a: Tyranitar|Tyranitar, F|91/100
|move|p1a: Celebi|Heal Bell|p1a: Celebi
|-activate|p1a: Celebi|move: Heal Bell
|-curestatus|p1: Suicune|slp|[silent]
|
|-weather|Sandstorm|[upkeep]
|-damage|p1a: Celebi|71/100|[from] Sandstorm
|-heal|p1a: Celebi|77/100|[from] item: Leftovers
|-heal|p2a: Tyranitar|97/100|[from] item: Leftovers
|upkeep
|turn|22
|inactive|Fakes has 240 seconds left.
|inactive|alargemongoose has 150 seconds left.
|
|t:|1731263323
|move|p1a: Celebi|Leech Seed|p2a: Tyranitar
|-start|p2a: Tyranitar|move: Leech Seed
|move|p2a: Tyranitar|Double-Edge|p1a: Celebi
|-damage|p1a: Celebi|50/100
|-damage|p2a: Tyranitar|88/100|[from] Recoil|[of] p1a: Celebi
|
|-weather|Sandstorm|[upkeep]
|-damage|p1a: Celebi|44/100|[from] Sandstorm
|-heal|p1a: Celebi|50/100|[from] item: Leftovers
|-heal|p2a: Tyranitar|94/100|[from] item: Leftovers
|-damage|p2a: Tyranitar|81/100|[from] Leech Seed|[of] p1a: Celebi
|-heal|p1a: Celebi|62/100|[silent]
|upkeep
|turn|23
|inactive|Fakes has 240 seconds left.
|inactive|alargemongoose has 150 seconds left.
|
|t:|1731263333
|switch|p2a: Zapdos|Zapdos|35/100
|move|p1a: Celebi|Recover|p1a: Celebi
|-heal|p1a: Celebi|100/100
|
|-weather|Sandstorm|[upkeep]
|-damage|p2a: Zapdos|29/100|[from] Sandstorm
|-damage|p1a: Celebi|94/100|[from] Sandstorm
|-heal|p2a: Zapdos|35/100|[from] item: Leftovers
|-heal|p1a: Celebi|100/100|[from] item: Leftovers
|upkeep
|turn|24
|inactive|alargemongoose has 150 seconds left.
|
|t:|1731263363
|move|p2a: Zapdos|Thunder Wave|p1a: Celebi
|-status|p1a: Celebi|par
|move|p1a: Celebi|Psychic|p2a: Zapdos
|-damage|p2a: Zapdos|3/100
|
|-weather|Sandstorm|[upkeep]
|-damage|p2a: Zapdos|0 fnt|[from] Sandstorm
|-damage|p1a: Celebi|94/100 par|[from] Sandstorm
|faint|p2a: Zapdos
|-heal|p1a: Celebi|100/100 par|[from] item: Leftovers
|upkeep
|
|t:|1731263365
|switch|p2a: Tyranitar|Tyranitar, F|81/100
|turn|25
|
|t:|1731263382
|move|p2a: Tyranitar|Dragon Dance|p2a: Tyranitar
|-boost|p2a: Tyranitar|atk|1
|-boost|p2a: Tyranitar|spe|1
|move|p1a: Celebi|Leech Seed|p2a: Tyranitar
|-start|p2a: Tyranitar|move: Leech Seed
|
|-weather|Sandstorm|[upkeep]
|-damage|p1a: Celebi|94/100 par|[from] Sandstorm
|-heal|p2a: Tyranitar|88/100|[from] item: Leftovers
|-damage|p2a: Tyranitar|75/100|[from] Leech Seed|[of] p1a: Celebi
|-heal|p1a: Celebi|100/100 par|[silent]
|upkeep
|turn|26
|inactive|alargemongoose has 150 seconds left.
|
|t:|1731263390
|-curestatus|p1a: Celebi|par|[from] ability: Natural Cure
|switch|p1a: Suicune|Suicune|80/100
|move|p2a: Tyranitar|Dragon Dance|p2a: Tyranitar
|-boost|p2a: Tyranitar|atk|1
|-boost|p2a: Tyranitar|spe|1
|
|-weather|Sandstorm|[upkeep]
|-damage|p1a: Suicune|74/100|[from] Sandstorm
|-heal|p2a: Tyranitar|81/100|[from] item: Leftovers
|-damage|p2a: Tyranitar|69/100|[from] Leech Seed|[of] p1a: Suicune
|-heal|p1a: Suicune|86/100|[silent]
|-heal|p1a: Suicune|92/100|[from] item: Leftovers
|upkeep
|turn|27
|
|t:|1731263396
|move|p2a: Tyranitar|Rock Slide|p1a: Suicune
|-damage|p1a: Suicune|44/100
|move|p1a: Suicune|Surf|p2a: Tyranitar
|-supereffective|p2a: Tyranitar
|-damage|p2a: Tyranitar|18/100
|
|-weather|Sandstorm|[upkeep]
|-damage|p1a: Suicune|38/100|[from] Sandstorm
|-heal|p2a: Tyranitar|24/100|[from] item: Leftovers
|-damage|p2a: Tyranitar|11/100|[from] Leech Seed|[of] p1a: Suicune
|-heal|p1a: Suicune|50/100|[silent]
|-heal|p1a: Suicune|56/100|[from] item: Leftovers
|upkeep
|turn|28
|inactive|Fakes has 270 seconds left.
|inactive|Fakes has 240 seconds left.
|
|t:|1731263433
|move|p2a: Tyranitar|Double-Edge|p1a: Suicune
|-damage|p1a: Suicune|3/100
|-damage|p2a: Tyranitar|0 fnt|[from] Recoil|[of] p1a: Suicune
|faint|p2a: Tyranitar
|
|t:|1731263446
|switch|p2a: Suicune|Suicune|83/100
|
|-weather|Sandstorm|[upkeep]
|-damage|p2a: Suicune|77/100|[from] Sandstorm
|-damage|p1a: Suicune|0 fnt|[from] Sandstorm
|faint|p1a: Suicune
|-heal|p2a: Suicune|83/100|[from] item: Leftovers
|upkeep
|
|t:|1731263449
|switch|p1a: Celebi|Celebi|100/100
|turn|29
|
|t:|1731263463
|move|p1a: Celebi|Leech Seed|p2a: Suicune
|-start|p2a: Suicune|move: Leech Seed
|move|p2a: Suicune|Calm Mind|p2a: Suicune
|-boost|p2a: Suicune|spa|1
|-boost|p2a: Suicune|spd|1
|
|-weather|Sandstorm|[upkeep]
|-damage|p1a: Celebi|94/100|[from] Sandstorm
|-damage|p2a: Suicune|77/100|[from] Sandstorm
|-heal|p1a: Celebi|100/100|[from] item: Leftovers
|-heal|p2a: Suicune|83/100|[from] item: Leftovers
|-damage|p2a: Suicune|71/100|[from] Leech Seed|[of] p1a: Celebi
|upkeep
|turn|30
|
|t:|1731263473
|move|p1a: Celebi|Psychic|p2a: Suicune
|-damage|p2a: Suicune|55/100
|-unboost|p2a: Suicune|spd|1
|move|p2a: Suicune|Ice Beam|p1a: Celebi
|-supereffective|p1a: Celebi
|-crit|p1a: Celebi
|-damage|p1a: Celebi|0 fnt
|faint|p1a: Celebi
|inactive|Fakes has 270 seconds left.
|c|☆Fakes|this is just ridic
|c|☆Fakes|lmao
|
|t:|1731263484
|switch|p1a: Dugtrio|Dugtrio, M|100/100
|
|-weather|Sandstorm|[upkeep]
|-damage|p2a: Suicune|48/100|[from] Sandstorm
|-heal|p2a: Suicune|55/100|[from] item: Leftovers
|-damage|p2a: Suicune|42/100|[from] Leech Seed|[of] p1a: Dugtrio
|upkeep
|turn|31
|
|t:|1731263486
|move|p1a: Dugtrio|Earthquake|p2a: Suicune
|-crit|p2a: Suicune
|-damage|p2a: Suicune|0 fnt
|faint|p2a: Suicune
|
|t:|1731263490
|switch|p2a: Swampert|Swampert, M|54/100
|
|-weather|Sandstorm|[upkeep]
|-heal|p2a: Swampert|60/100|[from] item: Leftovers
|upkeep
|turn|32
|c|☆Fakes|ggs
|inactive|alargemongoose has 180 seconds left.
|
|t:|1731263518
|move|p1a: Dugtrio|Earthquake|p2a: Swampert
|-damage|p2a: Swampert|3/100
|move|p2a: Swampert|Earthquake|p1a: Dugtrio
|-crit|p1a: Dugtrio
|-damage|p1a: Dugtrio|0 fnt
|faint|p1a: Dugtrio
|
|win|alargemongoose

</script>
<script type="application/json" class="data" id="replaydata-smogtours-gen3ou-805816">
{"id":"smogtours-gen3ou-805816","format":"[Gen 3] OU","players":["Fakes","alargemongoose"],"uploadtime":1731263518,"views":80,"formatid":"gen3ou","rating":null,"private":0,"password":null}
</script>

<script defer src="js/replays.js?9d40a366"></script>
