<!DOCTYPE html>
<meta charset="utf-8" />
<meta name="viewport" content="width=device-width" />

<title>[Gen 3] OU: Sificon~ vs. Jnho - Replays - Pok&eacute;mon Showdown!</title>

<meta name="description" content="Watch a replay of a Pok&eacute;mon battle between Sificon~ and Jnho! Format: [Gen 3] OU; Date: Nov 7, 2024" />
<!--

Hey, you! Looking in the source for the replay log?

You can find them in JSON format, just add `.json` at the end of a replay URL.

https://replay.pokemonshowdown.com/gen7randomdoublesbattle-865046831.json

Or, if you only need the log itself, add `.log` instead:

https://replay.pokemonshowdown.com/gen7randomdoublesbattle-865046831.log

-->

<link rel="stylesheet" href="//pokemonshowdown.com/style/global.css?0.023195364461161105" />
<link rel="stylesheet" href="//play.pokemonshowdown.com/style/font-awesome.css?0.13261647063804238" />
<link rel="stylesheet" href="//play.pokemonshowdown.com/style/battle.css?0.8753245789963631" />
<link rel="stylesheet" href="//play.pokemonshowdown.com/style/utilichart.css?0.8627959624976733" />

<!-- Global site tag (gtag.js) - Google Analytics -->
<script async src="https://www.googletagmanager.com/gtag/js?id=UA-26211653-1"></script>
<script>
  window.dataLayer = window.dataLayer || [];
  function gtag(){dataLayer.push(arguments);}
  gtag('js', new Date());

  gtag('config', 'UA-26211653-1');
</script>
<!-- End Google Analytics -->
<!-- Venatus Ad Manager - Install in <HEAD> of page -->
	<script src="https://hb.vntsm.com/v3/live/ad-manager.min.js" type="text/javascript" data-site-id="642aba63ec9a7b11c3c9c1be" data-mode="scan" async></script>
<!-- / Venatus Ad Manager -->

<style>
	@media (max-width:820px) {
		.battle {
			margin: 0 auto;
		}
		.battle-log {
			margin: 7px auto 0;
			max-width: 640px;
			height: 300px;
			position: static;
		}
	}
	.optgroup {
		display: inline-block;
		line-height: 22px;
		font-size: 10pt;
	}
	.optgroup .button {
		height: 25px;
		padding-top: 0;
		padding-bottom: 0;
	}
	.optgroup button.button {
		padding-left: 12px;
		padding-right: 12px;
	}
	.linklist {
		list-style: none;
		margin: 0.5em 0;
		padding: 0;
	}
	.linklist li {
		padding: 2px 0;
	}
	.sidebar {
		float: left;
		width: 320px;
	}
	.bar-wrapper {
		max-width: 1100px;
		margin: 0 auto;
	}
	.bar-wrapper.has-sidebar {
		max-width: 1430px;
	}
	.mainbar {
		margin: 0;
		padding-right: 1px;
	}
	.mainbar.has-sidebar {
		margin-left: 330px;
	}
	@media (min-width: 1511px) {
		.sidebar {
			width: 400px;
		}
		.bar-wrapper.has-sidebar {
			max-width: 1510px;
		}
		.mainbar.has-sidebar {
			margin-left: 410px;
		}
	}
	.section.first-section {
		margin-top: 9px;
	}
	.blocklink small {
		white-space: normal;
	}
	.button {
		vertical-align: middle;
	}
	.replay-controls {
		padding-top: 10px;
	}
	.replay-controls h1 {
		font-size: 16pt;
		font-weight: normal;
		color: #CCC;
	}
	.pagelink {
		text-align: center;
	}
	.pagelink a {
		width: 150px;
	}
	.textbox, .button {
		font-size: 11pt;
		vertical-align: middle;
	}
	@media (max-width: 450px) {
		.button {
			font-size: 9pt;
		}
	}
</style>

<div>

	<header>
		<div class="nav-wrapper"><ul class="nav">
			<li><a class="button nav-first" href="//pokemonshowdown.com/"><img src="//pokemonshowdown.com/images/pokemonshowdownbeta.png" srcset="//pokemonshowdown.com/images/pokemonshowdownbeta.png 1x, //pokemonshowdown.com/images/pokemonshowdownbeta@2x.png 2x" alt="Pok&eacute;mon Showdown" width="146" height="44" /> Home</a></li>
			<li><a class="button" href="//pokemonshowdown.com/dex/">Pok&eacute;dex</a></li>
			<li><a class="button cur" href="/">Replays</a></li>
			<li><a class="button" href="//pokemonshowdown.com/ladder/">Ladder</a></li>
			<li><a class="button nav-last" href="//pokemonshowdown.com/forums/">Forum</a></li>
			<li><a class="button greenbutton nav-first nav-last" href="//play.pokemonshowdown.com/">Play</a></li>
		</ul></div>
	</header>

	<div class="main" id="main">

		<noscript><section class="section">You need to enable JavaScript to use this page; sorry!</section></noscript>

	</div>

</div>

<script defer nomodule src="//play.pokemonshowdown.com/js/lib/ps-polyfill.js"></script>
<script defer src="//play.pokemonshowdown.com/js/lib/preact.min.js"></script>

<script defer src="//play.pokemonshowdown.com/config/config.js?2bddbc15"></script>
<script defer src="//play.pokemonshowdown.com/js/lib/jquery-1.11.0.min.js"></script>
<script defer src="//play.pokemonshowdown.com/js/lib/html-sanitizer-minified.js"></script>
<script defer src="//play.pokemonshowdown.com/js/battle-sound.js"></script>
<script defer src="//play.pokemonshowdown.com/js/battledata.js?0.7209276989879541"></script>
<script defer src="//play.pokemonshowdown.com/data/pokedex-mini.js?0.6111056340867951"></script>
<script defer src="//play.pokemonshowdown.com/data/pokedex-mini-bw.js?0.3532142036491459"></script>
<script defer src="//play.pokemonshowdown.com/data/graphics.js?0.24223875632456182"></script>
<script defer src="//play.pokemonshowdown.com/data/pokedex.js?0.38839984266356864"></script>
<script defer src="//play.pokemonshowdown.com/data/moves.js?0.21866028504024015"></script>
<script defer src="//play.pokemonshowdown.com/data/abilities.js?0.2005157953846628"></script>
<script defer src="//play.pokemonshowdown.com/data/items.js?0.9894211263848525"></script>
<script defer src="//play.pokemonshowdown.com/data/teambuilder-tables.js?0.6008791140282215"></script>
<script defer src="//play.pokemonshowdown.com/js/battle-tooltips.js?0.7580118955022959"></script>
<script defer src="//play.pokemonshowdown.com/js/battle.js?0.6057722274234274"></script>

<script defer src="js/utils.js?e31f9a17"></script>
<script defer src="js/replays-battle.js?7008c182"></script>

<!-- don't scrape this data! just add .json or .log after the URL!
Full API docs: https://github.com/smogon/pokemon-showdown-client/blob/master/WEB-API.md -->
<script type="text/plain" class="log" id="replaylog-smogtours-gen3ou-805105">
|inactive|Battle timer is ON: inactive players will automatically lose when time's up.
|t:|1731003519
|gametype|singles
|player|p1|Sificon~|#sificon|
|player|p2|Jnho|caitlin|
|teamsize|p1|6
|teamsize|p2|6
|gen|3
|tier|[Gen 3] OU
|rule|Sleep Clause Mod: Limit one foe put to sleep
|rule|Switch Priority Clause Mod: Faster Pokémon switch first
|rule|Species Clause: Limit one of each Pokémon
|rule|OHKO Clause: OHKO moves are banned
|rule|Evasion Items Clause: Evasion items are banned
|rule|Evasion Moves Clause: Evasion moves are banned
|rule|Endless Battle Clause: Forcing endless battles is banned
|rule|HP Percentage Mod: HP is shown in percentages
|rule|One Boost Passer Clause: Limit one Baton Passer that has a way to boost its stats
|rule|Freeze Clause Mod: Limit one foe frozen
|
|t:|1731003519
|start
|switch|p1a: Milotic|Milotic, M|100/100
|switch|p2a: Tyranitar|Tyranitar, F|100/100
|-weather|Sandstorm|[from] ability: Sand Stream|[of] p2a: Tyranitar
|turn|1
|inactive|Sificon~ also wants the timer to be on.
|c|☆Jnho|glhf
|c|☆Sificon~|u2
|
|t:|1731003527
|switch|p2a: Blissey|Blissey, F|100/100
|move|p1a: Milotic|Hydro Pump|p2a: Blissey|[miss]
|-miss|p1a: Milotic|p2a: Blissey
|
|-weather|Sandstorm|[upkeep]
|-damage|p1a: Milotic|94/100|[from] Sandstorm
|-damage|p2a: Blissey|94/100|[from] Sandstorm
|-heal|p1a: Milotic|100/100|[from] item: Leftovers
|-heal|p2a: Blissey|100/100|[from] item: Leftovers
|upkeep
|turn|2
|
|t:|1731003540
|switch|p1a: Breloom|Breloom, F|100/100
|move|p2a: Blissey|Toxic|p1a: Breloom
|-status|p1a: Breloom|tox
|
|-weather|Sandstorm|[upkeep]
|-damage|p1a: Breloom|94/100 tox|[from] Sandstorm
|-damage|p2a: Blissey|94/100|[from] Sandstorm
|-heal|p1a: Breloom|100/100 tox|[from] item: Leftovers
|-damage|p1a: Breloom|94/100 tox|[from] psn
|-heal|p2a: Blissey|100/100|[from] item: Leftovers
|upkeep
|turn|3
|
|t:|1731003550
|switch|p2a: Gengar|Gengar, M|100/100
|move|p1a: Breloom|Spore|p2a: Gengar
|-status|p2a: Gengar|slp|[from] move: Spore
|
|-weather|Sandstorm|[upkeep]
|-damage|p2a: Gengar|94/100 slp|[from] Sandstorm
|-damage|p1a: Breloom|88/100 tox|[from] Sandstorm
|-heal|p2a: Gengar|100/100 slp|[from] item: Leftovers
|-heal|p1a: Breloom|94/100 tox|[from] item: Leftovers
|-damage|p1a: Breloom|82/100 tox|[from] psn
|upkeep
|turn|4
|
|t:|1731003564
|switch|p1a: Raikou|Raikou|100/100
|cant|p2a: Gengar|slp
|
|-weather|Sandstorm|[upkeep]
|-damage|p1a: Raikou|94/100|[from] Sandstorm
|-damage|p2a: Gengar|94/100 slp|[from] Sandstorm
|-heal|p1a: Raikou|100/100|[from] item: Leftovers
|-heal|p2a: Gengar|100/100 slp|[from] item: Leftovers
|upkeep
|turn|5
|
|t:|1731003571
|switch|p1a: Dugtrio|Dugtrio, M|100/100
|switch|p2a: Blissey|Blissey, F|100/100
|
|-weather|Sandstorm|[upkeep]
|-damage|p2a: Blissey|94/100|[from] Sandstorm
|-heal|p2a: Blissey|100/100|[from] item: Leftovers
|upkeep
|turn|6
|
|t:|1731003575
|move|p1a: Dugtrio|Beat Up|p2a: Blissey
|-damage|p2a: Blissey|91/100
|-damage|p2a: Blissey|81/100
|-damage|p2a: Blissey|73/100
|-damage|p2a: Blissey|58/100
|-damage|p2a: Blissey|50/100
|-hitcount|p2a: Blissey|5
|move|p2a: Blissey|Soft-Boiled|p2a: Blissey
|-heal|p2a: Blissey|99/100
|
|-weather|Sandstorm|[upkeep]
|-damage|p2a: Blissey|94/100|[from] Sandstorm
|-heal|p2a: Blissey|99/100|[from] item: Leftovers
|upkeep
|turn|7
|
|t:|1731003581
|move|p1a: Dugtrio|Beat Up|p2a: Blissey
|-damage|p2a: Blissey|91/100
|-crit|p2a: Blissey
|-damage|p2a: Blissey|69/100
|-crit|p2a: Blissey
|-damage|p2a: Blissey|53/100
|-damage|p2a: Blissey|39/100
|-damage|p2a: Blissey|30/100
|-hitcount|p2a: Blissey|5
|move|p2a: Blissey|Ice Beam|p1a: Dugtrio
|-supereffective|p1a: Dugtrio
|-damage|p1a: Dugtrio|23/100
|
|-weather|Sandstorm|[upkeep]
|-damage|p2a: Blissey|24/100|[from] Sandstorm
|-heal|p2a: Blissey|30/100|[from] item: Leftovers
|upkeep
|turn|8
|
|t:|1731003588
|move|p1a: Dugtrio|Beat Up|p2a: Blissey
|-crit|p2a: Blissey
|-damage|p2a: Blissey|11/100
|-damage|p2a: Blissey|1/100
|-damage|p2a: Blissey|0 fnt
|-hitcount|p2a: Blissey|3
|faint|p2a: Blissey
|
|t:|1731003600
|switch|p2a: Skarmory|Skarmory, M|100/100
|
|-weather|Sandstorm|[upkeep]
|upkeep
|turn|9
|
|t:|1731003625
|switch|p1a: Raikou|Raikou|100/100
|move|p2a: Skarmory|Toxic|p1a: Raikou|[miss]
|-miss|p2a: Skarmory|p1a: Raikou
|
|-weather|Sandstorm|[upkeep]
|-damage|p1a: Raikou|94/100|[from] Sandstorm
|-heal|p1a: Raikou|100/100|[from] item: Leftovers
|upkeep
|turn|10
|c|☆Sificon~|mb
|c|☆Jnho|dw
|
|t:|1731003636
|move|p1a: Raikou|Thunderbolt|p2a: Skarmory
|-supereffective|p2a: Skarmory
|-damage|p2a: Skarmory|7/100
|-status|p2a: Skarmory|par
|move|p2a: Skarmory|Whirlwind|p1a: Raikou
|drag|p1a: Breloom|Breloom, F|82/100 tox
|
|-weather|Sandstorm|[upkeep]
|-damage|p1a: Breloom|76/100 tox|[from] Sandstorm
|-heal|p1a: Breloom|82/100 tox|[from] item: Leftovers
|-damage|p1a: Breloom|76/100 tox|[from] psn
|-heal|p2a: Skarmory|13/100 par|[from] item: Leftovers
|upkeep
|turn|11
|
|t:|1731003647
|move|p1a: Breloom|Sky Uppercut|p2a: Skarmory
|-damage|p2a: Skarmory|0 fnt
|faint|p2a: Skarmory
|
|t:|1731003651
|switch|p2a: Gengar|Gengar, M|100/100 slp
|
|-weather|Sandstorm|[upkeep]
|-damage|p2a: Gengar|94/100 slp|[from] Sandstorm
|-damage|p1a: Breloom|70/100 tox|[from] Sandstorm
|-heal|p2a: Gengar|100/100 slp|[from] item: Leftovers
|-heal|p1a: Breloom|76/100 tox|[from] item: Leftovers
|-damage|p1a: Breloom|64/100 tox|[from] psn
|upkeep
|turn|12
|
|t:|1731003662
|switch|p1a: Milotic|Milotic, M|100/100
|cant|p2a: Gengar|slp
|
|-weather|Sandstorm|[upkeep]
|-damage|p2a: Gengar|94/100 slp|[from] Sandstorm
|-damage|p1a: Milotic|94/100|[from] Sandstorm
|-heal|p2a: Gengar|100/100 slp|[from] item: Leftovers
|-heal|p1a: Milotic|100/100|[from] item: Leftovers
|upkeep
|turn|13
|
|t:|1731003666
|cant|p2a: Gengar|slp
|move|p1a: Milotic|Hydro Pump|p2a: Gengar
|-damage|p2a: Gengar|46/100 slp
|
|-weather|Sandstorm|[upkeep]
|-damage|p2a: Gengar|40/100 slp|[from] Sandstorm
|-damage|p1a: Milotic|94/100|[from] Sandstorm
|-heal|p2a: Gengar|46/100 slp|[from] item: Leftovers
|-heal|p1a: Milotic|100/100|[from] item: Leftovers
|upkeep
|turn|14
|
|t:|1731003673
|-curestatus|p2a: Gengar|slp|[msg]
|move|p2a: Gengar|Will-O-Wisp|p1a: Milotic|[miss]
|-miss|p2a: Gengar|p1a: Milotic
|move|p1a: Milotic|Hydro Pump|p2a: Gengar|[miss]
|-miss|p1a: Milotic|p2a: Gengar
|
|-weather|Sandstorm|[upkeep]
|-damage|p2a: Gengar|40/100|[from] Sandstorm
|-damage|p1a: Milotic|94/100|[from] Sandstorm
|-heal|p2a: Gengar|46/100|[from] item: Leftovers
|-heal|p1a: Milotic|100/100|[from] item: Leftovers
|upkeep
|turn|15
|
|t:|1731003680
|switch|p2a: Swampert|Swampert, F|100/100
|move|p1a: Milotic|Hydro Pump|p2a: Swampert
|-damage|p2a: Swampert|53/100
|
|-weather|Sandstorm|[upkeep]
|-damage|p1a: Milotic|94/100|[from] Sandstorm
|-heal|p1a: Milotic|100/100|[from] item: Leftovers
|-heal|p2a: Swampert|59/100|[from] item: Leftovers
|upkeep
|turn|16
|
|t:|1731003690
|switch|p1a: Breloom|Breloom, F|64/100 tox
|move|p2a: Swampert|Protect||[still]
|-fail|p2a: Swampert
|
|-weather|Sandstorm|[upkeep]
|-damage|p1a: Breloom|58/100 tox|[from] Sandstorm
|-heal|p1a: Breloom|64/100 tox|[from] item: Leftovers
|-damage|p1a: Breloom|58/100 tox|[from] psn
|-heal|p2a: Swampert|65/100|[from] item: Leftovers
|upkeep
|turn|17
|
|t:|1731003705
|move|p2a: Swampert|Protect|p2a: Swampert
|-singleturn|p2a: Swampert|Protect
|move|p1a: Breloom|Spore|p2a: Swampert
|-activate|p2a: Swampert|Protect
|
|-weather|Sandstorm|[upkeep]
|-damage|p1a: Breloom|51/100 tox|[from] Sandstorm
|-heal|p1a: Breloom|58/100 tox|[from] item: Leftovers
|-damage|p1a: Breloom|45/100 tox|[from] psn
|-heal|p2a: Swampert|71/100|[from] item: Leftovers
|upkeep
|turn|18
|
|t:|1731003711
|move|p2a: Swampert|Protect||[still]
|-fail|p2a: Swampert
|move|p1a: Breloom|Spore|p2a: Swampert
|-status|p2a: Swampert|slp|[from] move: Spore
|
|-weather|Sandstorm|[upkeep]
|-damage|p1a: Breloom|39/100 tox|[from] Sandstorm
|-heal|p1a: Breloom|45/100 tox|[from] item: Leftovers
|-damage|p1a: Breloom|27/100 tox|[from] psn
|-heal|p2a: Swampert|78/100 slp|[from] item: Leftovers
|upkeep
|turn|19
|
|t:|1731003716
|-singleturn|p1a: Breloom|move: Focus Punch
|cant|p2a: Swampert|slp
|move|p1a: Breloom|Focus Punch|p2a: Swampert
|-damage|p2a: Swampert|20/100 slp
|
|-weather|Sandstorm|[upkeep]
|-damage|p1a: Breloom|21/100 tox|[from] Sandstorm
|-heal|p1a: Breloom|27/100 tox|[from] item: Leftovers
|-damage|p1a: Breloom|2/100 tox|[from] psn
|-heal|p2a: Swampert|26/100 slp|[from] item: Leftovers
|upkeep
|turn|20
|
|t:|1731003719
|-singleturn|p1a: Breloom|move: Focus Punch
|-curestatus|p2a: Swampert|slp|[msg]
|move|p2a: Swampert|Protect|p2a: Swampert
|-singleturn|p2a: Swampert|Protect
|move|p1a: Breloom|Focus Punch|p2a: Swampert
|-activate|p2a: Swampert|Protect
|
|-weather|Sandstorm|[upkeep]
|-damage|p1a: Breloom|0 fnt|[from] Sandstorm
|faint|p1a: Breloom
|-heal|p2a: Swampert|32/100|[from] item: Leftovers
|upkeep
|
|t:|1731003727
|switch|p1a: Dugtrio|Dugtrio, M|23/100
|turn|21
|
|t:|1731003729
|move|p2a: Swampert|Protect||[still]
|-fail|p2a: Swampert
|move|p1a: Dugtrio|Earthquake|p2a: Swampert
|-damage|p2a: Swampert|3/100
|
|-weather|Sandstorm|[upkeep]
|-heal|p2a: Swampert|9/100|[from] item: Leftovers
|upkeep
|turn|22
|
|t:|1731003744
|move|p2a: Swampert|Protect|p2a: Swampert
|-singleturn|p2a: Swampert|Protect
|move|p1a: Dugtrio|Earthquake|p2a: Swampert
|-activate|p2a: Swampert|Protect
|
|-weather|Sandstorm|[upkeep]
|-heal|p2a: Swampert|16/100|[from] item: Leftovers
|upkeep
|turn|23
|
|t:|1731003755
|move|p2a: Swampert|Protect|p2a: Swampert
|-singleturn|p2a: Swampert|Protect
|move|p1a: Dugtrio|Earthquake|p2a: Swampert
|-activate|p2a: Swampert|Protect
|
|-weather|Sandstorm|[upkeep]
|-heal|p2a: Swampert|22/100|[from] item: Leftovers
|upkeep
|turn|24
|
|t:|1731003759
|move|p2a: Swampert|Protect|p2a: Swampert
|-singleturn|p2a: Swampert|Protect
|move|p1a: Dugtrio|Earthquake|p2a: Swampert
|-activate|p2a: Swampert|Protect
|
|-weather|Sandstorm|[upkeep]
|-heal|p2a: Swampert|28/100|[from] item: Leftovers
|upkeep
|turn|25
|
|t:|1731003766
|move|p1a: Dugtrio|Earthquake|p2a: Swampert
|-damage|p2a: Swampert|0 fnt
|faint|p2a: Swampert
|
|t:|1731003770
|switch|p2a: Gengar|Gengar, M|46/100
|
|-weather|Sandstorm|[upkeep]
|-damage|p2a: Gengar|40/100|[from] Sandstorm
|-heal|p2a: Gengar|46/100|[from] item: Leftovers
|upkeep
|turn|26
|
|t:|1731003783
|switch|p1a: Claydol|Claydol|100/100
|move|p2a: Gengar|Will-O-Wisp|p1a: Claydol
|-status|p1a: Claydol|brn
|
|-weather|Sandstorm|[upkeep]
|-damage|p2a: Gengar|40/100|[from] Sandstorm
|-heal|p2a: Gengar|46/100|[from] item: Leftovers
|-damage|p1a: Claydol|88/100 brn|[from] brn
|upkeep
|turn|27
|
|t:|1731003788
|switch|p2a: Tyranitar|Tyranitar, F|100/100
|move|p1a: Claydol|Psychic|p2a: Tyranitar
|-immune|p2a: Tyranitar
|
|-weather|Sandstorm|[upkeep]
|-heal|p1a: Claydol|94/100 brn|[from] item: Leftovers
|-damage|p1a: Claydol|82/100 brn|[from] brn
|upkeep
|turn|28
|
|t:|1731003797
|move|p1a: Claydol|Explosion|p2a: Tyranitar
|-resisted|p2a: Tyranitar
|-damage|p2a: Tyranitar|77/100
|faint|p1a: Claydol
|
|t:|1731003801
|switch|p1a: Dugtrio|Dugtrio, M|23/100
|
|-weather|Sandstorm|[upkeep]
|-heal|p2a: Tyranitar|84/100|[from] item: Leftovers
|upkeep
|turn|29
|
|t:|1731003808
|move|p1a: Dugtrio|Earthquake|p2a: Tyranitar
|-supereffective|p2a: Tyranitar
|-damage|p2a: Tyranitar|15/100
|move|p2a: Tyranitar|Earthquake|p1a: Dugtrio
|-damage|p1a: Dugtrio|0 fnt
|faint|p1a: Dugtrio
|
|t:|1731003814
|switch|p1a: Raikou|Raikou|100/100
|
|-weather|Sandstorm|[upkeep]
|-damage|p1a: Raikou|94/100|[from] Sandstorm
|-heal|p1a: Raikou|100/100|[from] item: Leftovers
|-heal|p2a: Tyranitar|21/100|[from] item: Leftovers
|upkeep
|turn|30
|
|t:|1731003818
|move|p1a: Raikou|Thunderbolt|p2a: Tyranitar
|-damage|p2a: Tyranitar|0 fnt
|faint|p2a: Tyranitar
|
|t:|1731003821
|switch|p2a: Gengar|Gengar, M|46/100
|
|-weather|Sandstorm|[upkeep]
|-damage|p1a: Raikou|94/100|[from] Sandstorm
|-damage|p2a: Gengar|40/100|[from] Sandstorm
|-heal|p1a: Raikou|100/100|[from] item: Leftovers
|-heal|p2a: Gengar|46/100|[from] item: Leftovers
|upkeep
|turn|31
|
|t:|1731003827
|move|p1a: Raikou|Calm Mind|p1a: Raikou
|-boost|p1a: Raikou|spa|1
|-boost|p1a: Raikou|spd|1
|move|p2a: Gengar|Thunderbolt|p1a: Raikou
|-resisted|p1a: Raikou
|-damage|p1a: Raikou|91/100
|
|-weather|Sandstorm|[upkeep]
|-damage|p1a: Raikou|85/100|[from] Sandstorm
|-damage|p2a: Gengar|40/100|[from] Sandstorm
|-heal|p1a: Raikou|91/100|[from] item: Leftovers
|-heal|p2a: Gengar|46/100|[from] item: Leftovers
|upkeep
|turn|32
|
|t:|1731003833
|move|p1a: Raikou|Substitute|p1a: Raikou
|-start|p1a: Raikou|Substitute
|-damage|p1a: Raikou|66/100
|move|p2a: Gengar|Thunderbolt|p1a: Raikou
|-resisted|p1a: Raikou
|-activate|p1a: Raikou|Substitute|[damage]
|
|-weather|Sandstorm|[upkeep]
|-damage|p1a: Raikou|60/100|[from] Sandstorm
|-damage|p2a: Gengar|40/100|[from] Sandstorm
|-heal|p1a: Raikou|66/100|[from] item: Leftovers
|-heal|p2a: Gengar|46/100|[from] item: Leftovers
|upkeep
|turn|33
|
|t:|1731003836
|move|p1a: Raikou|Thunderbolt|p2a: Gengar
|-damage|p2a: Gengar|0 fnt
|faint|p2a: Gengar
|
|t:|1731003838
|switch|p2a: Moltres|Moltres|100/100
|
|-weather|Sandstorm|[upkeep]
|-damage|p1a: Raikou|60/100|[from] Sandstorm
|-damage|p2a: Moltres|94/100|[from] Sandstorm
|-heal|p1a: Raikou|66/100|[from] item: Leftovers
|-heal|p2a: Moltres|100/100|[from] item: Leftovers
|upkeep
|turn|34
|
|t:|1731003840
|move|p1a: Raikou|Thunderbolt|p2a: Moltres
|-supereffective|p2a: Moltres
|-crit|p2a: Moltres
|-damage|p2a: Moltres|0 fnt
|faint|p2a: Moltres
|
|win|Sificon~
|c|☆Sificon~|ggs
|c|☆Jnho|gg
|player|p2|

</script>
<script type="application/json" class="data" id="replaydata-smogtours-gen3ou-805105">
{"id":"smogtours-gen3ou-805105","format":"[Gen 3] OU","players":["Sificon~","Jnho"],"uploadtime":1731003840,"views":27,"formatid":"gen3ou","rating":null,"private":0,"password":null}
</script>

<script defer src="js/replays.js?9d40a366"></script>
