<!DOCTYPE html>
<meta charset="utf-8" />
<meta name="viewport" content="width=device-width" />

<title>[Gen 3] OU: emma_emma_emma vs. Zcarlett - Replays - Pok&eacute;mon Showdown!</title>

<meta name="description" content="Watch a replay of a Pok&eacute;mon battle between emma_emma_emma and Zcarlett! Format: [Gen 3] OU; Date: Oct 14, 2024" />
<!--

Hey, you! Looking in the source for the replay log?

You can find them in JSON format, just add `.json` at the end of a replay URL.

https://replay.pokemonshowdown.com/gen7randomdoublesbattle-865046831.json

Or, if you only need the log itself, add `.log` instead:

https://replay.pokemonshowdown.com/gen7randomdoublesbattle-865046831.log

-->

<link rel="stylesheet" href="//pokemonshowdown.com/style/global.css?0.767286132409787" />
<link rel="stylesheet" href="//play.pokemonshowdown.com/style/font-awesome.css?0.9266228007934947" />
<link rel="stylesheet" href="//play.pokemonshowdown.com/style/battle.css?0.7924700842790926" />
<link rel="stylesheet" href="//play.pokemonshowdown.com/style/utilichart.css?0.8777417872839479" />

<!-- Global site tag (gtag.js) - Google Analytics -->
<script async src="https://www.googletagmanager.com/gtag/js?id=UA-26211653-1"></script>
<script>
  window.dataLayer = window.dataLayer || [];
  function gtag(){dataLayer.push(arguments);}
  gtag('js', new Date());

  gtag('config', 'UA-26211653-1');
</script>
<!-- End Google Analytics -->
<!-- Venatus Ad Manager - Install in <HEAD> of page -->
	<script src="https://hb.vntsm.com/v3/live/ad-manager.min.js" type="text/javascript" data-site-id="642aba63ec9a7b11c3c9c1be" data-mode="scan" async></script>
<!-- / Venatus Ad Manager -->

<style>
	@media (max-width:820px) {
		.battle {
			margin: 0 auto;
		}
		.battle-log {
			margin: 7px auto 0;
			max-width: 640px;
			height: 300px;
			position: static;
		}
	}
	.optgroup {
		display: inline-block;
		line-height: 22px;
		font-size: 10pt;
	}
	.optgroup .button {
		height: 25px;
		padding-top: 0;
		padding-bottom: 0;
	}
	.optgroup button.button {
		padding-left: 12px;
		padding-right: 12px;
	}
	.linklist {
		list-style: none;
		margin: 0.5em 0;
		padding: 0;
	}
	.linklist li {
		padding: 2px 0;
	}
	.sidebar {
		float: left;
		width: 320px;
	}
	.bar-wrapper {
		max-width: 1100px;
		margin: 0 auto;
	}
	.bar-wrapper.has-sidebar {
		max-width: 1430px;
	}
	.mainbar {
		margin: 0;
		padding-right: 1px;
	}
	.mainbar.has-sidebar {
		margin-left: 330px;
	}
	@media (min-width: 1511px) {
		.sidebar {
			width: 400px;
		}
		.bar-wrapper.has-sidebar {
			max-width: 1510px;
		}
		.mainbar.has-sidebar {
			margin-left: 410px;
		}
	}
	.section.first-section {
		margin-top: 9px;
	}
	.blocklink small {
		white-space: normal;
	}
	.button {
		vertical-align: middle;
	}
	.replay-controls {
		padding-top: 10px;
	}
	.replay-controls h1 {
		font-size: 16pt;
		font-weight: normal;
		color: #CCC;
	}
	.pagelink {
		text-align: center;
	}
	.pagelink a {
		width: 150px;
	}
	.textbox, .button {
		font-size: 11pt;
		vertical-align: middle;
	}
	@media (max-width: 450px) {
		.button {
			font-size: 9pt;
		}
	}
</style>

<div>

	<header>
		<div class="nav-wrapper"><ul class="nav">
			<li><a class="button nav-first" href="//pokemonshowdown.com/"><img src="//pokemonshowdown.com/images/pokemonshowdownbeta.png" srcset="//pokemonshowdown.com/images/pokemonshowdownbeta.png 1x, //pokemonshowdown.com/images/pokemonshowdownbeta@2x.png 2x" alt="Pok&eacute;mon Showdown" width="146" height="44" /> Home</a></li>
			<li><a class="button" href="//pokemonshowdown.com/dex/">Pok&eacute;dex</a></li>
			<li><a class="button cur" href="/">Replays</a></li>
			<li><a class="button" href="//pokemonshowdown.com/ladder/">Ladder</a></li>
			<li><a class="button nav-last" href="//pokemonshowdown.com/forums/">Forum</a></li>
			<li><a class="button greenbutton nav-first nav-last" href="//play.pokemonshowdown.com/">Play</a></li>
		</ul></div>
	</header>

	<div class="main" id="main">

		<noscript><section class="section">You need to enable JavaScript to use this page; sorry!</section></noscript>

	</div>

</div>

<script defer nomodule src="//play.pokemonshowdown.com/js/lib/ps-polyfill.js"></script>
<script defer src="//play.pokemonshowdown.com/js/lib/preact.min.js"></script>

<script defer src="//play.pokemonshowdown.com/config/config.js?6dec07f6"></script>
<script defer src="//play.pokemonshowdown.com/js/lib/jquery-1.11.0.min.js"></script>
<script defer src="//play.pokemonshowdown.com/js/lib/html-sanitizer-minified.js"></script>
<script defer src="//play.pokemonshowdown.com/js/battle-sound.js"></script>
<script defer src="//play.pokemonshowdown.com/js/battledata.js?0.6315294753075389"></script>
<script defer src="//play.pokemonshowdown.com/data/pokedex-mini.js?0.7603743185311358"></script>
<script defer src="//play.pokemonshowdown.com/data/pokedex-mini-bw.js?0.030888842834281283"></script>
<script defer src="//play.pokemonshowdown.com/data/graphics.js?0.05593094747507488"></script>
<script defer src="//play.pokemonshowdown.com/data/pokedex.js?0.47064822249611904"></script>
<script defer src="//play.pokemonshowdown.com/data/moves.js?0.8583693120512459"></script>
<script defer src="//play.pokemonshowdown.com/data/abilities.js?0.16017181182386842"></script>
<script defer src="//play.pokemonshowdown.com/data/items.js?0.4163379185673943"></script>
<script defer src="//play.pokemonshowdown.com/data/teambuilder-tables.js?0.31075597372830477"></script>
<script defer src="//play.pokemonshowdown.com/js/battle-tooltips.js?0.6536193500708172"></script>
<script defer src="//play.pokemonshowdown.com/js/battle.js?0.1916591943277901"></script>

<script defer src="js/utils.js?e31f9a17"></script>
<script defer src="js/replays-battle.js?7008c182"></script>

<!-- don't scrape this data! just add .json or .log after the URL!
Full API docs: https://github.com/smogon/pokemon-showdown-client/blob/master/WEB-API.md -->
<script type="text/plain" class="log" id="replaylog-smogtours-gen3ou-798805">
|inactive|Battle timer is ON: inactive players will automatically lose when time's up.
|t:|1728944175
|gametype|singles
|player|p1|emma_emma_emma|266|
|player|p2|Zcarlett|miku-flying|
|teamsize|p1|6
|teamsize|p2|6
|gen|3
|tier|[Gen 3] OU
|rule|Sleep Clause Mod: Limit one foe put to sleep
|rule|Switch Priority Clause Mod: Faster Pokémon switch first
|rule|Species Clause: Limit one of each Pokémon
|rule|OHKO Clause: OHKO moves are banned
|rule|Evasion Items Clause: Evasion items are banned
|rule|Evasion Moves Clause: Evasion moves are banned
|rule|Endless Battle Clause: Forcing endless battles is banned
|rule|HP Percentage Mod: HP is shown in percentages
|rule|One Boost Passer Clause: Limit one Baton Passer that has a way to boost its stats
|rule|Freeze Clause Mod: Limit one foe frozen
|
|t:|1728944175
|start
|switch|p1a: dallas|Aerodactyl, M|100/100
|switch|p2a: Zapdos|Zapdos|100/100
|turn|1
|
|t:|1728944182
|switch|p2a: Swampert|Swampert, M|100/100
|move|p1a: dallas|Rock Slide|p2a: Swampert|[miss]
|-miss|p1a: dallas|p2a: Swampert
|
|upkeep
|turn|2
|
|t:|1728944188
|switch|p1a: deepest blue|Zapdos|100/100
|move|p2a: Swampert|Earthquake|p1a: deepest blue
|-immune|p1a: deepest blue
|
|upkeep
|turn|3
|
|t:|1728944195
|switch|p2a: Celebi|Celebi|100/100
|move|p1a: deepest blue|Hidden Power|p2a: Celebi
|-resisted|p2a: Celebi
|-crit|p2a: Celebi
|-damage|p2a: Celebi|83/100
|
|-heal|p2a: Celebi|89/100|[from] item: Leftovers
|upkeep
|turn|4
|
|t:|1728944198
|switch|p1a: government cheque|Forretress, M|100/100
|move|p2a: Celebi|Leech Seed|p1a: government cheque
|-start|p1a: government cheque|move: Leech Seed
|
|-heal|p2a: Celebi|95/100|[from] item: Leftovers
|-damage|p1a: government cheque|88/100|[from] Leech Seed|[of] p2a: Celebi
|-heal|p2a: Celebi|100/100|[silent]
|upkeep
|turn|5
|
|t:|1728944207
|switch|p1a: golden microphone|Tyranitar, F|100/100
|-weather|Sandstorm|[from] ability: Sand Stream|[of] p1a: golden microphone
|move|p2a: Celebi|Hidden Power|p1a: golden microphone
|-resisted|p1a: golden microphone
|-damage|p1a: golden microphone|91/100
|
|-weather|Sandstorm|[upkeep]
|-damage|p2a: Celebi|94/100|[from] Sandstorm
|-heal|p2a: Celebi|100/100|[from] item: Leftovers
|-heal|p1a: golden microphone|97/100|[from] item: Leftovers
|upkeep
|turn|6
|
|t:|1728944215
|switch|p2a: Swampert|Swampert, M|100/100
|move|p1a: golden microphone|Crunch|p2a: Swampert
|-damage|p2a: Swampert|68/100
|
|-weather|Sandstorm|[upkeep]
|-heal|p1a: golden microphone|100/100|[from] item: Leftovers
|-heal|p2a: Swampert|74/100|[from] item: Leftovers
|upkeep
|turn|7
|
|t:|1728944220
|switch|p1a: stone faces|Blissey, F|100/100
|move|p2a: Swampert|Ice Beam|p1a: stone faces
|-damage|p1a: stone faces|91/100
|-status|p1a: stone faces|frz
|
|-weather|Sandstorm|[upkeep]
|-damage|p1a: stone faces|85/100 frz|[from] Sandstorm
|-heal|p1a: stone faces|91/100 frz|[from] item: Leftovers
|-heal|p2a: Swampert|81/100|[from] item: Leftovers
|upkeep
|turn|8
|
|t:|1728944226
|-curestatus|p1a: stone faces|frz|[from] ability: Natural Cure
|switch|p1a: all i want is you|Swampert, F|100/100
|switch|p2a: Dugtrio|Dugtrio, F|100/100
|
|-weather|Sandstorm|[upkeep]
|upkeep
|turn|9
|
|t:|1728944229
|switch|p2a: Celebi|Celebi|100/100
|move|p1a: all i want is you|Surf|p2a: Celebi
|-resisted|p2a: Celebi
|-damage|p2a: Celebi|88/100
|
|-weather|Sandstorm|[upkeep]
|-damage|p2a: Celebi|82/100|[from] Sandstorm
|-heal|p2a: Celebi|88/100|[from] item: Leftovers
|upkeep
|turn|10
|
|t:|1728944232
|move|p2a: Celebi|Giga Drain|p1a: all i want is you
|-supereffective|p1a: all i want is you
|-damage|p1a: all i want is you|2/100
|-heal|p2a: Celebi|100/100|[from] drain|[of] p1a: all i want is you
|move|p1a: all i want is you|Toxic|p2a: Celebi|[miss]
|-miss|p1a: all i want is you|p2a: Celebi
|
|-weather|Sandstorm|[upkeep]
|-damage|p2a: Celebi|94/100|[from] Sandstorm
|-heal|p2a: Celebi|100/100|[from] item: Leftovers
|-heal|p1a: all i want is you|9/100|[from] item: Leftovers
|upkeep
|turn|11
|
|t:|1728944237
|move|p1a: all i want is you|Protect|p1a: all i want is you
|-singleturn|p1a: all i want is you|Protect
|move|p2a: Celebi|Hidden Power|p1a: all i want is you
|-activate|p1a: all i want is you|Protect
|
|-weather|Sandstorm|[upkeep]
|-damage|p2a: Celebi|94/100|[from] Sandstorm
|-heal|p2a: Celebi|100/100|[from] item: Leftovers
|-heal|p1a: all i want is you|15/100|[from] item: Leftovers
|upkeep
|turn|12
|
|t:|1728944244
|switch|p1a: government cheque|Forretress, M|88/100
|move|p2a: Celebi|Giga Drain|p1a: government cheque
|-resisted|p1a: government cheque
|-damage|p1a: government cheque|82/100
|
|-weather|Sandstorm|[upkeep]
|-damage|p2a: Celebi|94/100|[from] Sandstorm
|-heal|p2a: Celebi|100/100|[from] item: Leftovers
|-heal|p1a: government cheque|88/100|[from] item: Leftovers
|upkeep
|turn|13
|
|t:|1728944253
|move|p2a: Celebi|Calm Mind|p2a: Celebi
|-boost|p2a: Celebi|spa|1
|-boost|p2a: Celebi|spd|1
|move|p1a: government cheque|Spikes|p2a: Celebi
|-sidestart|p2: Zcarlett|Spikes
|
|-weather|Sandstorm|[upkeep]
|-damage|p2a: Celebi|94/100|[from] Sandstorm
|-heal|p2a: Celebi|100/100|[from] item: Leftovers
|-heal|p1a: government cheque|94/100|[from] item: Leftovers
|upkeep
|turn|14
|
|t:|1728944257
|move|p2a: Celebi|Hidden Power|p1a: government cheque
|-supereffective|p1a: government cheque
|-damage|p1a: government cheque|0 fnt
|faint|p1a: government cheque
|
|t:|1728944260
|switch|p1a: dallas|Aerodactyl, M|100/100
|
|-weather|Sandstorm|[upkeep]
|-damage|p2a: Celebi|94/100|[from] Sandstorm
|-heal|p2a: Celebi|100/100|[from] item: Leftovers
|upkeep
|turn|15
|
|t:|1728944267
|switch|p2a: Zapdos|Zapdos|100/100
|move|p1a: dallas|Hidden Power|p2a: Zapdos
|-resisted|p2a: Zapdos
|-damage|p2a: Zapdos|72/100
|
|-weather|Sandstorm|[upkeep]
|-damage|p2a: Zapdos|66/100|[from] Sandstorm
|-heal|p2a: Zapdos|72/100|[from] item: Leftovers
|upkeep
|turn|16
|
|t:|1728944277
|switch|p1a: all i want is you|Swampert, F|15/100
|move|p2a: Zapdos|Baton Pass|p2a: Zapdos
|
|t:|1728944282
|switch|p2a: Celebi|Celebi|100/100|[from] Baton Pass
|-damage|p2a: Celebi|88/100|[from] Spikes
|
|-weather|Sandstorm|[upkeep]
|-damage|p2a: Celebi|82/100|[from] Sandstorm
|-heal|p2a: Celebi|88/100|[from] item: Leftovers
|-heal|p1a: all i want is you|21/100|[from] item: Leftovers
|upkeep
|turn|17
|
|t:|1728944286
|move|p1a: all i want is you|Protect|p1a: all i want is you
|-singleturn|p1a: all i want is you|Protect
|move|p2a: Celebi|Calm Mind|p2a: Celebi
|-boost|p2a: Celebi|spa|1
|-boost|p2a: Celebi|spd|1
|
|-weather|Sandstorm|[upkeep]
|-damage|p2a: Celebi|82/100|[from] Sandstorm
|-heal|p2a: Celebi|88/100|[from] item: Leftovers
|-heal|p1a: all i want is you|27/100|[from] item: Leftovers
|upkeep
|turn|18
|
|t:|1728944291
|move|p2a: Celebi|Giga Drain|p1a: all i want is you
|-supereffective|p1a: all i want is you
|-damage|p1a: all i want is you|0 fnt
|-heal|p2a: Celebi|100/100|[from] drain|[of] p1a: all i want is you
|faint|p1a: all i want is you
|
|t:|1728944296
|switch|p1a: golden microphone|Tyranitar, F|100/100
|
|-weather|Sandstorm|[upkeep]
|-damage|p2a: Celebi|94/100|[from] Sandstorm
|-heal|p2a: Celebi|100/100|[from] item: Leftovers
|upkeep
|turn|19
|
|t:|1728944299
|move|p2a: Celebi|Giga Drain|p1a: golden microphone
|-supereffective|p1a: golden microphone
|-crit|p1a: golden microphone
|-damage|p1a: golden microphone|0 fnt
|faint|p1a: golden microphone
|
|t:|1728944301
|switch|p1a: dallas|Aerodactyl, M|100/100
|
|-weather|Sandstorm|[upkeep]
|-damage|p2a: Celebi|94/100|[from] Sandstorm
|-heal|p2a: Celebi|100/100|[from] item: Leftovers
|upkeep
|turn|20
|
|t:|1728944304
|switch|p2a: Gengar|Gengar, F|100/100
|move|p1a: dallas|Hidden Power|p2a: Gengar
|-damage|p2a: Gengar|24/100
|
|-weather|Sandstorm|[upkeep]
|-damage|p2a: Gengar|18/100|[from] Sandstorm
|-heal|p2a: Gengar|24/100|[from] item: Leftovers
|upkeep
|turn|21
|
|t:|1728944307
|move|p1a: dallas|Hidden Power|p2a: Gengar
|-damage|p2a: Gengar|0 fnt
|faint|p2a: Gengar
|
|t:|1728944310
|switch|p2a: Zapdos|Zapdos|72/100
|
|-weather|Sandstorm|[upkeep]
|-damage|p2a: Zapdos|66/100|[from] Sandstorm
|-heal|p2a: Zapdos|72/100|[from] item: Leftovers
|upkeep
|turn|22
|
|t:|1728944313
|switch|p1a: stone faces|Blissey, F|91/100
|move|p2a: Zapdos|Thunderbolt|p1a: stone faces
|-damage|p1a: stone faces|69/100
|
|-weather|Sandstorm|[upkeep]
|-damage|p2a: Zapdos|66/100|[from] Sandstorm
|-damage|p1a: stone faces|63/100|[from] Sandstorm
|-heal|p2a: Zapdos|72/100|[from] item: Leftovers
|-heal|p1a: stone faces|69/100|[from] item: Leftovers
|upkeep
|turn|23
|
|t:|1728944318
|move|p2a: Zapdos|Baton Pass|p2a: Zapdos
|
|t:|1728944320
|switch|p2a: Dugtrio|Dugtrio, F|100/100|[from] Baton Pass
|-damage|p2a: Dugtrio|88/100|[from] Spikes
|move|p1a: stone faces|Ice Beam|p2a: Dugtrio
|-supereffective|p2a: Dugtrio
|-damage|p2a: Dugtrio|14/100
|
|-weather|Sandstorm|[upkeep]
|-damage|p1a: stone faces|63/100|[from] Sandstorm
|-heal|p1a: stone faces|69/100|[from] item: Leftovers
|upkeep
|turn|24
|
|t:|1728944325
|move|p2a: Dugtrio|Beat Up|p1a: stone faces
|-damage|p1a: stone faces|59/100
|-damage|p1a: stone faces|45/100
|-damage|p1a: stone faces|33/100
|-damage|p1a: stone faces|22/100
|-damage|p1a: stone faces|5/100
|-hitcount|p1a: stone faces|5
|move|p1a: stone faces|Ice Beam|p2a: Dugtrio
|-supereffective|p2a: Dugtrio
|-damage|p2a: Dugtrio|0 fnt
|faint|p2a: Dugtrio
|
|t:|1728944327
|switch|p2a: Zapdos|Zapdos|72/100
|
|-weather|Sandstorm|[upkeep]
|-damage|p2a: Zapdos|66/100|[from] Sandstorm
|-damage|p1a: stone faces|0 fnt|[from] Sandstorm
|faint|p1a: stone faces
|-heal|p2a: Zapdos|72/100|[from] item: Leftovers
|upkeep
|
|t:|1728944331
|switch|p1a: dallas|Aerodactyl, M|100/100
|turn|25
|
|t:|1728944344
|switch|p2a: Swampert|Swampert, M|81/100
|-damage|p2a: Swampert|68/100|[from] Spikes
|move|p1a: dallas|Rock Slide|p2a: Swampert
|-resisted|p2a: Swampert
|-damage|p2a: Swampert|49/100
|
|-weather|Sandstorm|[upkeep]
|-heal|p2a: Swampert|56/100|[from] item: Leftovers
|upkeep
|turn|26
|
|t:|1728944350
|switch|p1a: deepest blue|Zapdos|100/100
|move|p2a: Swampert|Ice Beam|p1a: deepest blue
|-supereffective|p1a: deepest blue
|-damage|p1a: deepest blue|70/100
|
|-weather|Sandstorm|[upkeep]
|-damage|p1a: deepest blue|64/100|[from] Sandstorm
|-heal|p1a: deepest blue|70/100|[from] item: Leftovers
|-heal|p2a: Swampert|62/100|[from] item: Leftovers
|upkeep
|turn|27
|
|t:|1728944356
|switch|p2a: Celebi|Celebi|100/100
|-damage|p2a: Celebi|88/100|[from] Spikes
|move|p1a: deepest blue|Roar|p2a: Celebi
|drag|p2a: Tyranitar|Tyranitar, M|100/100
|-damage|p2a: Tyranitar|88/100|[from] Spikes
|
|-weather|Sandstorm|[upkeep]
|-damage|p1a: deepest blue|64/100|[from] Sandstorm
|-heal|p1a: deepest blue|70/100|[from] item: Leftovers
|-heal|p2a: Tyranitar|94/100|[from] item: Leftovers
|upkeep
|turn|28
|
|t:|1728944360
|move|p1a: deepest blue|Hidden Power|p2a: Tyranitar
|-supereffective|p2a: Tyranitar
|-damage|p2a: Tyranitar|59/100
|move|p2a: Tyranitar|Rock Slide|p1a: deepest blue
|-supereffective|p1a: deepest blue
|-crit|p1a: deepest blue
|-damage|p1a: deepest blue|0 fnt
|faint|p1a: deepest blue
|-message|emma_emma_emma forfeited.
|
|win|Zcarlett
|c|☆emma_emma_emma|ggs!!
|c|☆Zcarlett|gg

</script>
<script type="application/json" class="data" id="replaydata-smogtours-gen3ou-798805">
{"id":"smogtours-gen3ou-798805","format":"[Gen 3] OU","players":["emma_emma_emma","Zcarlett"],"uploadtime":1728944376,"views":89,"formatid":"gen3ou","rating":null,"private":0,"password":null}
</script>

<script defer src="js/replays.js?9d40a366"></script>
