<!DOCTYPE html>
<meta charset="utf-8" />
<meta name="viewport" content="width=device-width" />

<title>[Gen 3] OU: MadelinMorningStar vs. drby - Replays - Pok&eacute;mon Showdown!</title>

<meta name="description" content="Watch a replay of a Pok&eacute;mon battle between MadelinMorningStar and drby! Format: [Gen 3] OU; Date: Oct 24, 2024" />
<!--

Hey, you! Looking in the source for the replay log?

You can find them in JSON format, just add `.json` at the end of a replay URL.

https://replay.pokemonshowdown.com/gen7randomdoublesbattle-865046831.json

Or, if you only need the log itself, add `.log` instead:

https://replay.pokemonshowdown.com/gen7randomdoublesbattle-865046831.log

-->

<link rel="stylesheet" href="//pokemonshowdown.com/style/global.css?0.023195364461161105" />
<link rel="stylesheet" href="//play.pokemonshowdown.com/style/font-awesome.css?0.13261647063804238" />
<link rel="stylesheet" href="//play.pokemonshowdown.com/style/battle.css?0.8753245789963631" />
<link rel="stylesheet" href="//play.pokemonshowdown.com/style/utilichart.css?0.8627959624976733" />

<!-- Global site tag (gtag.js) - Google Analytics -->
<script async src="https://www.googletagmanager.com/gtag/js?id=UA-26211653-1"></script>
<script>
  window.dataLayer = window.dataLayer || [];
  function gtag(){dataLayer.push(arguments);}
  gtag('js', new Date());

  gtag('config', 'UA-26211653-1');
</script>
<!-- End Google Analytics -->
<!-- Venatus Ad Manager - Install in <HEAD> of page -->
	<script src="https://hb.vntsm.com/v3/live/ad-manager.min.js" type="text/javascript" data-site-id="642aba63ec9a7b11c3c9c1be" data-mode="scan" async></script>
<!-- / Venatus Ad Manager -->

<style>
	@media (max-width:820px) {
		.battle {
			margin: 0 auto;
		}
		.battle-log {
			margin: 7px auto 0;
			max-width: 640px;
			height: 300px;
			position: static;
		}
	}
	.optgroup {
		display: inline-block;
		line-height: 22px;
		font-size: 10pt;
	}
	.optgroup .button {
		height: 25px;
		padding-top: 0;
		padding-bottom: 0;
	}
	.optgroup button.button {
		padding-left: 12px;
		padding-right: 12px;
	}
	.linklist {
		list-style: none;
		margin: 0.5em 0;
		padding: 0;
	}
	.linklist li {
		padding: 2px 0;
	}
	.sidebar {
		float: left;
		width: 320px;
	}
	.bar-wrapper {
		max-width: 1100px;
		margin: 0 auto;
	}
	.bar-wrapper.has-sidebar {
		max-width: 1430px;
	}
	.mainbar {
		margin: 0;
		padding-right: 1px;
	}
	.mainbar.has-sidebar {
		margin-left: 330px;
	}
	@media (min-width: 1511px) {
		.sidebar {
			width: 400px;
		}
		.bar-wrapper.has-sidebar {
			max-width: 1510px;
		}
		.mainbar.has-sidebar {
			margin-left: 410px;
		}
	}
	.section.first-section {
		margin-top: 9px;
	}
	.blocklink small {
		white-space: normal;
	}
	.button {
		vertical-align: middle;
	}
	.replay-controls {
		padding-top: 10px;
	}
	.replay-controls h1 {
		font-size: 16pt;
		font-weight: normal;
		color: #CCC;
	}
	.pagelink {
		text-align: center;
	}
	.pagelink a {
		width: 150px;
	}
	.textbox, .button {
		font-size: 11pt;
		vertical-align: middle;
	}
	@media (max-width: 450px) {
		.button {
			font-size: 9pt;
		}
	}
</style>

<div>

	<header>
		<div class="nav-wrapper"><ul class="nav">
			<li><a class="button nav-first" href="//pokemonshowdown.com/"><img src="//pokemonshowdown.com/images/pokemonshowdownbeta.png" srcset="//pokemonshowdown.com/images/pokemonshowdownbeta.png 1x, //pokemonshowdown.com/images/pokemonshowdownbeta@2x.png 2x" alt="Pok&eacute;mon Showdown" width="146" height="44" /> Home</a></li>
			<li><a class="button" href="//pokemonshowdown.com/dex/">Pok&eacute;dex</a></li>
			<li><a class="button cur" href="/">Replays</a></li>
			<li><a class="button" href="//pokemonshowdown.com/ladder/">Ladder</a></li>
			<li><a class="button nav-last" href="//pokemonshowdown.com/forums/">Forum</a></li>
			<li><a class="button greenbutton nav-first nav-last" href="//play.pokemonshowdown.com/">Play</a></li>
		</ul></div>
	</header>

	<div class="main" id="main">

		<noscript><section class="section">You need to enable JavaScript to use this page; sorry!</section></noscript>

	</div>

</div>

<script defer nomodule src="//play.pokemonshowdown.com/js/lib/ps-polyfill.js"></script>
<script defer src="//play.pokemonshowdown.com/js/lib/preact.min.js"></script>

<script defer src="//play.pokemonshowdown.com/config/config.js?2bddbc15"></script>
<script defer src="//play.pokemonshowdown.com/js/lib/jquery-1.11.0.min.js"></script>
<script defer src="//play.pokemonshowdown.com/js/lib/html-sanitizer-minified.js"></script>
<script defer src="//play.pokemonshowdown.com/js/battle-sound.js"></script>
<script defer src="//play.pokemonshowdown.com/js/battledata.js?0.7209276989879541"></script>
<script defer src="//play.pokemonshowdown.com/data/pokedex-mini.js?0.6111056340867951"></script>
<script defer src="//play.pokemonshowdown.com/data/pokedex-mini-bw.js?0.3532142036491459"></script>
<script defer src="//play.pokemonshowdown.com/data/graphics.js?0.24223875632456182"></script>
<script defer src="//play.pokemonshowdown.com/data/pokedex.js?0.38839984266356864"></script>
<script defer src="//play.pokemonshowdown.com/data/moves.js?0.21866028504024015"></script>
<script defer src="//play.pokemonshowdown.com/data/abilities.js?0.2005157953846628"></script>
<script defer src="//play.pokemonshowdown.com/data/items.js?0.9894211263848525"></script>
<script defer src="//play.pokemonshowdown.com/data/teambuilder-tables.js?0.6008791140282215"></script>
<script defer src="//play.pokemonshowdown.com/js/battle-tooltips.js?0.7580118955022959"></script>
<script defer src="//play.pokemonshowdown.com/js/battle.js?0.6057722274234274"></script>

<script defer src="js/utils.js?e31f9a17"></script>
<script defer src="js/replays-battle.js?7008c182"></script>

<!-- don't scrape this data! just add .json or .log after the URL!
Full API docs: https://github.com/smogon/pokemon-showdown-client/blob/master/WEB-API.md -->
<script type="text/plain" class="log" id="replaylog-smogtours-gen3ou-801669">
|inactive|Battle timer is ON: inactive players will automatically lose when time's up.
|t:|1729807129
|gametype|singles
|player|p1|MadelinMorningStar|jasmine|
|player|p2|drby|pokemonbreeder-gen4|
|teamsize|p1|6
|teamsize|p2|6
|gen|3
|tier|[Gen 3] OU
|rule|Sleep Clause Mod: Limit one foe put to sleep
|rule|Switch Priority Clause Mod: Faster Pokémon switch first
|rule|Species Clause: Limit one of each Pokémon
|rule|OHKO Clause: OHKO moves are banned
|rule|Evasion Items Clause: Evasion items are banned
|rule|Evasion Moves Clause: Evasion moves are banned
|rule|Endless Battle Clause: Forcing endless battles is banned
|rule|HP Percentage Mod: HP is shown in percentages
|rule|One Boost Passer Clause: Limit one Baton Passer that has a way to boost its stats
|rule|Freeze Clause Mod: Limit one foe frozen
|
|t:|1729807129
|start
|switch|p1a: Skarmory|Skarmory, F|100/100
|switch|p2a: Charizard|Charizard, M|100/100
|turn|1
|c|☆drby|glhf
|
|t:|1729807135
|switch|p1a: Milotic|Milotic, M|100/100
|move|p2a: Charizard|Fire Blast|p1a: Milotic
|-resisted|p1a: Milotic
|-damage|p1a: Milotic|82/100
|-status|p1a: Milotic|brn
|
|-heal|p1a: Milotic|88/100 brn|[from] item: Leftovers
|-damage|p1a: Milotic|76/100 brn|[from] brn
|upkeep
|turn|2
|
|t:|1729807149
|switch|p2a: Celebi|Celebi|100/100
|move|p1a: Milotic|Refresh|p1a: Milotic
|-curestatus|p1a: Milotic|brn|[msg]
|
|-heal|p1a: Milotic|82/100|[from] item: Leftovers
|upkeep
|turn|3
|
|t:|1729807155
|switch|p1a: Skarmory|Skarmory, F|100/100
|move|p2a: Celebi|Leech Seed|p1a: Skarmory
|-start|p1a: Skarmory|move: Leech Seed
|
|-damage|p1a: Skarmory|88/100|[from] Leech Seed|[of] p2a: Celebi
|upkeep
|turn|4
|
|t:|1729807159
|move|p2a: Celebi|Hidden Power|p1a: Skarmory
|-supereffective|p1a: Skarmory
|-damage|p1a: Skarmory|47/100
|move|p1a: Skarmory|Spikes|p2a: Celebi
|-sidestart|p2: drby|Spikes
|
|-heal|p1a: Skarmory|53/100|[from] item: Leftovers
|-damage|p1a: Skarmory|40/100|[from] Leech Seed|[of] p2a: Celebi
|upkeep
|turn|5
|
|t:|1729807167
|switch|p1a: Blissey|Blissey, F|100/100
|move|p2a: Celebi|Psychic|p1a: Blissey
|-damage|p1a: Blissey|84/100
|
|-heal|p1a: Blissey|90/100|[from] item: Leftovers
|upkeep
|turn|6
|
|t:|1729807170
|move|p2a: Celebi|Leech Seed|p1a: Blissey
|-start|p1a: Blissey|move: Leech Seed
|move|p1a: Blissey|Ice Beam|p2a: Celebi
|-supereffective|p2a: Celebi
|-damage|p2a: Celebi|54/100
|
|-heal|p2a: Celebi|60/100|[from] item: Leftovers
|-heal|p1a: Blissey|96/100|[from] item: Leftovers
|-damage|p1a: Blissey|84/100|[from] Leech Seed|[of] p2a: Celebi
|-heal|p2a: Celebi|84/100|[silent]
|upkeep
|turn|7
|
|t:|1729807176
|switch|p2a: Forretress|Forretress, M|100/100
|-damage|p2a: Forretress|88/100|[from] Spikes
|switch|p1a: Milotic|Milotic, M|82/100
|
|-heal|p1a: Milotic|88/100|[from] item: Leftovers
|-heal|p2a: Forretress|94/100|[from] item: Leftovers
|upkeep
|turn|8
|
|t:|1729807181
|switch|p1a: Skarmory|Skarmory, F|40/100
|move|p2a: Forretress|Spikes|p1a: Skarmory
|-sidestart|p1: MadelinMorningStar|Spikes
|
|-heal|p1a: Skarmory|46/100|[from] item: Leftovers
|-heal|p2a: Forretress|100/100|[from] item: Leftovers
|upkeep
|turn|9
|
|t:|1729807186
|move|p1a: Skarmory|Protect|p1a: Skarmory
|-singleturn|p1a: Skarmory|Protect
|move|p2a: Forretress|Spikes|p1a: Skarmory
|-sidestart|p1: MadelinMorningStar|Spikes
|
|-heal|p1a: Skarmory|52/100|[from] item: Leftovers
|upkeep
|turn|10
|
|t:|1729807190
|switch|p1a: Claydol|Claydol|100/100
|move|p2a: Forretress|Rapid Spin|p1a: Claydol
|-damage|p1a: Claydol|96/100
|-sideend|p2: drby|Spikes|[from] move: Rapid Spin|[of] p2a: Forretress
|
|-heal|p1a: Claydol|100/100|[from] item: Leftovers
|upkeep
|turn|11
|
|t:|1729807195
|switch|p2a: Gengar|Gengar, F, shiny|100/100
|move|p1a: Claydol|Rapid Spin|p2a: Gengar
|-immune|p2a: Gengar
|
|upkeep
|turn|12
|
|t:|1729807200
|move|p2a: Gengar|Ice Punch|p1a: Claydol
|-supereffective|p1a: Claydol
|-damage|p1a: Claydol|70/100
|move|p1a: Claydol|Psychic|p2a: Gengar
|-supereffective|p2a: Gengar
|-damage|p2a: Gengar|46/100
|
|-heal|p2a: Gengar|53/100|[from] item: Leftovers
|-heal|p1a: Claydol|76/100|[from] item: Leftovers
|upkeep
|turn|13
|
|t:|1729807207
|move|p2a: Gengar|Destiny Bond|p2a: Gengar
|-singlemove|p2a: Gengar|Destiny Bond
|move|p1a: Claydol|Psychic|p2a: Gengar
|-supereffective|p2a: Gengar
|-damage|p2a: Gengar|0 fnt
|faint|p2a: Gengar
|-activate|p2a: Gengar|move: Destiny Bond
|faint|p1a: Claydol
|
|t:|1729807214
|switch|p2a: Forretress|Forretress, M|100/100
|switch|p1a: Skarmory|Skarmory, F|52/100
|
|-heal|p1a: Skarmory|58/100|[from] item: Leftovers
|upkeep
|turn|14
|
|t:|1729807218
|move|p1a: Skarmory|Drill Peck|p2a: Forretress
|-crit|p2a: Forretress
|-damage|p2a: Forretress|64/100
|move|p2a: Forretress|Spikes|p1a: Skarmory
|-sidestart|p1: MadelinMorningStar|Spikes
|
|-heal|p1a: Skarmory|64/100|[from] item: Leftovers
|-heal|p2a: Forretress|70/100|[from] item: Leftovers
|upkeep
|turn|15
|
|t:|1729807221
|switch|p2a: Charizard|Charizard, M|100/100
|move|p1a: Skarmory|Drill Peck|p2a: Charizard
|-damage|p2a: Charizard|67/100
|
|-heal|p1a: Skarmory|70/100|[from] item: Leftovers
|upkeep
|turn|16
|
|t:|1729807228
|switch|p1a: Milotic|Milotic, M|88/100
|-damage|p1a: Milotic|63/100|[from] Spikes
|move|p2a: Charizard|Fire Blast|p1a: Milotic|[miss]
|-miss|p2a: Charizard|p1a: Milotic
|
|-heal|p1a: Milotic|69/100|[from] item: Leftovers
|upkeep
|turn|17
|
|t:|1729807234
|switch|p2a: Celebi|Celebi|84/100
|move|p1a: Milotic|Recover|p1a: Milotic
|-heal|p1a: Milotic|100/100
|
|-heal|p2a: Celebi|90/100|[from] item: Leftovers
|upkeep
|turn|18
|
|t:|1729807239
|move|p2a: Celebi|Leech Seed|p1a: Milotic
|-start|p1a: Milotic|move: Leech Seed
|move|p1a: Milotic|Toxic|p2a: Celebi
|-status|p2a: Celebi|tox
|
|-heal|p2a: Celebi|96/100 tox|[from] item: Leftovers
|-damage|p2a: Celebi|90/100 tox|[from] psn
|-damage|p1a: Milotic|88/100|[from] Leech Seed|[of] p2a: Celebi
|-heal|p2a: Celebi|100/100 tox|[silent]
|upkeep
|turn|19
|
|t:|1729807244
|switch|p1a: Blissey|Blissey, F|84/100
|-damage|p1a: Blissey|59/100|[from] Spikes
|move|p2a: Celebi|Giga Drain|p1a: Blissey
|-damage|p1a: Blissey|47/100
|
|-damage|p2a: Celebi|88/100 tox|[from] psn
|-heal|p1a: Blissey|53/100|[from] item: Leftovers
|upkeep
|turn|20
|
|t:|1729807253
|-curestatus|p2a: Celebi|tox|[from] ability: Natural Cure
|switch|p2a: Milotic|Milotic, F, shiny|100/100
|move|p1a: Blissey|Soft-Boiled|p1a: Blissey
|-heal|p1a: Blissey|100/100
|
|upkeep
|turn|21
|
|t:|1729807259
|move|p2a: Milotic|Toxic|p1a: Blissey
|-status|p1a: Blissey|tox
|move|p1a: Blissey|Seismic Toss|p2a: Milotic
|-damage|p2a: Milotic|75/100
|
|-heal|p2a: Milotic|81/100|[from] item: Leftovers
|-damage|p1a: Blissey|94/100 tox|[from] psn
|upkeep
|turn|22
|
|t:|1729807266
|-curestatus|p1a: Blissey|tox|[from] ability: Natural Cure
|switch|p1a: Suicune|Suicune|100/100
|-damage|p1a: Suicune|75/100|[from] Spikes
|move|p2a: Milotic|Toxic|p1a: Suicune
|-status|p1a: Suicune|tox
|
|-heal|p1a: Suicune|82/100 tox|[from] item: Leftovers
|-damage|p1a: Suicune|75/100 tox|[from] psn
|-heal|p2a: Milotic|87/100|[from] item: Leftovers
|upkeep
|turn|23
|
|t:|1729807280
|move|p1a: Suicune|Rest|p1a: Suicune
|-status|p1a: Suicune|slp|[from] move: Rest
|-heal|p1a: Suicune|100/100 slp|[silent]
|move|p2a: Milotic|Surf|p1a: Suicune
|-resisted|p1a: Suicune
|-damage|p1a: Suicune|88/100 slp
|
|-heal|p1a: Suicune|94/100 slp|[from] item: Leftovers
|-heal|p2a: Milotic|93/100|[from] item: Leftovers
|upkeep
|turn|24
|
|t:|1729807285
|switch|p2a: Celebi|Celebi|88/100
|cant|p1a: Suicune|slp
|
|-heal|p2a: Celebi|94/100|[from] item: Leftovers
|-heal|p1a: Suicune|100/100 slp|[from] item: Leftovers
|upkeep
|turn|25
|
|t:|1729807291
|switch|p1a: Blissey|Blissey, F|94/100
|-damage|p1a: Blissey|69/100|[from] Spikes
|move|p2a: Celebi|Leech Seed|p1a: Blissey
|-start|p1a: Blissey|move: Leech Seed
|
|-heal|p2a: Celebi|100/100|[from] item: Leftovers
|-heal|p1a: Blissey|75/100|[from] item: Leftovers
|-damage|p1a: Blissey|63/100|[from] Leech Seed|[of] p2a: Celebi
|upkeep
|turn|26
|
|t:|1729807297
|switch|p2a: Forretress|Forretress, M|70/100
|move|p1a: Blissey|Soft-Boiled|p1a: Blissey
|-heal|p1a: Blissey|100/100
|
|-damage|p1a: Blissey|88/100|[from] Leech Seed|[of] p2a: Forretress
|-heal|p2a: Forretress|93/100|[silent]
|-heal|p2a: Forretress|99/100|[from] item: Leftovers
|upkeep
|turn|27
|
|t:|1729807302
|switch|p1a: Skarmory|Skarmory, F|70/100
|switch|p2a: Charizard|Charizard, M|67/100
|
|-heal|p1a: Skarmory|76/100|[from] item: Leftovers
|upkeep
|turn|28
|
|t:|1729807309
|switch|p1a: Milotic|Milotic, M|88/100
|-damage|p1a: Milotic|63/100|[from] Spikes
|move|p2a: Charizard|Substitute|p2a: Charizard
|-start|p2a: Charizard|Substitute
|-damage|p2a: Charizard|42/100
|
|-heal|p1a: Milotic|69/100|[from] item: Leftovers
|upkeep
|turn|29
|
|t:|1729807314
|move|p2a: Charizard|Hidden Power|p1a: Milotic
|-supereffective|p1a: Milotic
|-crit|p1a: Milotic
|-damage|p1a: Milotic|8/100
|move|p1a: Milotic|Surf|p2a: Charizard
|-supereffective|p2a: Charizard
|-end|p2a: Charizard|Substitute
|
|-heal|p1a: Milotic|14/100|[from] item: Leftovers
|upkeep
|turn|30
|
|t:|1729807336
|move|p2a: Charizard|Hidden Power|p1a: Milotic
|-supereffective|p1a: Milotic
|-damage|p1a: Milotic|0 fnt
|faint|p1a: Milotic
|
|t:|1729807341
|switch|p1a: Blissey|Blissey, F|88/100
|-damage|p1a: Blissey|63/100|[from] Spikes
|
|-heal|p1a: Blissey|69/100|[from] item: Leftovers
|upkeep
|turn|31
|
|t:|1729807346
|move|p2a: Charizard|Substitute|p2a: Charizard
|-start|p2a: Charizard|Substitute
|-damage|p2a: Charizard|17/100
|move|p1a: Blissey|Seismic Toss|p2a: Charizard
|-end|p2a: Charizard|Substitute
|
|-enditem|p2a: Charizard|Petaya Berry|[eat]
|-boost|p2a: Charizard|spa|1|[from] item: Petaya Berry
|-heal|p1a: Blissey|75/100|[from] item: Leftovers
|upkeep
|turn|32
|
|t:|1729807352
|move|p2a: Charizard|Fire Blast|p1a: Blissey
|-damage|p1a: Blissey|21/100
|move|p1a: Blissey|Seismic Toss|p2a: Charizard
|-damage|p2a: Charizard|0 fnt
|faint|p2a: Charizard
|
|t:|1729807365
|switch|p2a: Metagross|Metagross|100/100
|
|-heal|p1a: Blissey|27/100|[from] item: Leftovers
|upkeep
|turn|33
|
|t:|1729807373
|switch|p1a: Skarmory|Skarmory, F|76/100
|move|p2a: Metagross|Meteor Mash|p1a: Skarmory
|-resisted|p1a: Skarmory
|-damage|p1a: Skarmory|55/100
|-boost|p2a: Metagross|atk|1
|
|-heal|p1a: Skarmory|61/100|[from] item: Leftovers
|upkeep
|turn|34
|
|t:|1729807378
|move|p1a: Skarmory|Protect|p1a: Skarmory
|-singleturn|p1a: Skarmory|Protect
|move|p2a: Metagross|Meteor Mash|p1a: Skarmory
|-activate|p1a: Skarmory|Protect
|
|-heal|p1a: Skarmory|67/100|[from] item: Leftovers
|upkeep
|turn|35
|
|t:|1729807380
|move|p2a: Metagross|Meteor Mash|p1a: Skarmory
|-resisted|p1a: Skarmory
|-damage|p1a: Skarmory|36/100
|move|p1a: Skarmory|Roar|p2a: Metagross
|drag|p2a: Celebi|Celebi|100/100
|
|-heal|p1a: Skarmory|42/100|[from] item: Leftovers
|upkeep
|turn|36
|
|t:|1729807387
|move|p2a: Celebi|Leech Seed|p1a: Skarmory|[miss]
|-miss|p2a: Celebi|p1a: Skarmory
|move|p1a: Skarmory|Spikes|p2a: Celebi
|-sidestart|p2: drby|Spikes
|
|-heal|p1a: Skarmory|48/100|[from] item: Leftovers
|upkeep
|turn|37
|
|t:|1729807392
|move|p2a: Celebi|Hidden Power|p1a: Skarmory
|-supereffective|p1a: Skarmory
|-damage|p1a: Skarmory|10/100
|move|p1a: Skarmory|Drill Peck|p2a: Celebi
|-supereffective|p2a: Celebi
|-damage|p2a: Celebi|51/100
|
|-heal|p2a: Celebi|57/100|[from] item: Leftovers
|-heal|p1a: Skarmory|16/100|[from] item: Leftovers
|upkeep
|turn|38
|
|t:|1729807397
|move|p2a: Celebi|Hidden Power|p1a: Skarmory
|-supereffective|p1a: Skarmory
|-damage|p1a: Skarmory|0 fnt
|faint|p1a: Skarmory
|
|t:|1729807399
|switch|p1a: Dugtrio|Dugtrio, F|100/100
|-damage|p1a: Dugtrio|76/100|[from] Spikes
|
|-heal|p2a: Celebi|63/100|[from] item: Leftovers
|upkeep
|turn|39
|
|t:|1729807403
|move|p1a: Dugtrio|Hidden Power|p2a: Celebi
|-supereffective|p2a: Celebi
|-damage|p2a: Celebi|0 fnt
|faint|p2a: Celebi
|
|t:|1729807411
|switch|p2a: Forretress|Forretress, M|99/100
|-damage|p2a: Forretress|87/100|[from] Spikes
|
|-heal|p2a: Forretress|93/100|[from] item: Leftovers
|upkeep
|turn|40
|
|t:|1729807415
|switch|p1a: Blissey|Blissey, F|27/100
|-damage|p1a: Blissey|2/100|[from] Spikes
|move|p2a: Forretress|Rapid Spin|p1a: Blissey
|-damage|p1a: Blissey|0 fnt
|-sideend|p2: drby|Spikes|[from] move: Rapid Spin|[of] p2a: Forretress
|faint|p1a: Blissey
|
|t:|1729807417
|switch|p1a: Suicune|Suicune|100/100 slp
|-damage|p1a: Suicune|75/100 slp|[from] Spikes
|
|-heal|p1a: Suicune|82/100 slp|[from] item: Leftovers
|-heal|p2a: Forretress|99/100|[from] item: Leftovers
|upkeep
|turn|41
|
|t:|1729807420
|cant|p1a: Suicune|slp
|move|p2a: Forretress|Explosion|p1a: Suicune
|-damage|p1a: Suicune|26/100 slp
|faint|p2a: Forretress
|
|t:|1729807427
|switch|p2a: Metagross|Metagross|100/100
|
|-heal|p1a: Suicune|32/100 slp|[from] item: Leftovers
|upkeep
|turn|42
|
|t:|1729807431
|-curestatus|p1a: Suicune|slp|[msg]
|move|p1a: Suicune|Rest|p1a: Suicune
|-status|p1a: Suicune|slp|[from] move: Rest
|-heal|p1a: Suicune|100/100 slp|[silent]
|move|p2a: Metagross|Earthquake|p1a: Suicune
|-crit|p1a: Suicune
|-damage|p1a: Suicune|57/100 slp
|
|-heal|p1a: Suicune|63/100 slp|[from] item: Leftovers
|upkeep
|turn|43
|
|t:|1729807436
|cant|p1a: Suicune|slp
|move|p2a: Metagross|Earthquake|p1a: Suicune
|-crit|p1a: Suicune
|-damage|p1a: Suicune|21/100 slp
|
|-heal|p1a: Suicune|27/100 slp|[from] item: Leftovers
|upkeep
|turn|44
|
|t:|1729807444
|cant|p1a: Suicune|slp
|move|p2a: Metagross|Explosion|p1a: Suicune
|-damage|p1a: Suicune|0 fnt
|faint|p2a: Metagross
|faint|p1a: Suicune
|
|t:|1729807447
|switch|p1a: Dugtrio|Dugtrio, F|76/100
|switch|p2a: Milotic|Milotic, F, shiny|93/100
|-damage|p1a: Dugtrio|51/100|[from] Spikes
|
|-heal|p2a: Milotic|99/100|[from] item: Leftovers
|upkeep
|turn|45
|
|t:|1729807451
|move|p1a: Dugtrio|Earthquake|p2a: Milotic
|-damage|p2a: Milotic|41/100
|move|p2a: Milotic|Surf|p1a: Dugtrio
|-supereffective|p1a: Dugtrio
|-damage|p1a: Dugtrio|0 fnt
|faint|p1a: Dugtrio
|
|win|drby
|c|☆MadelinMorningStar|gg
|c|☆drby|gg

</script>
<script type="application/json" class="data" id="replaydata-smogtours-gen3ou-801669">
{"id":"smogtours-gen3ou-801669","format":"[Gen 3] OU","players":["MadelinMorningStar","drby"],"uploadtime":1729807451,"views":92,"formatid":"gen3ou","rating":null,"private":0,"password":null}
</script>

<script defer src="js/replays.js?9d40a366"></script>
