<!DOCTYPE html>
<meta charset="utf-8" />
<meta name="viewport" content="width=device-width" />

<title>[Gen 3] OU: tub69 vs. Jnho - Replays - Pok&eacute;mon Showdown!</title>

<meta name="description" content="Watch a replay of a Pok&eacute;mon battle between tub69 and Jnho! Format: [Gen 3] OU; Date: Oct 3, 2024" />
<!--

Hey, you! Looking in the source for the replay log?

You can find them in JSON format, just add `.json` at the end of a replay URL.

https://replay.pokemonshowdown.com/gen7randomdoublesbattle-865046831.json

Or, if you only need the log itself, add `.log` instead:

https://replay.pokemonshowdown.com/gen7randomdoublesbattle-865046831.log

-->

<link rel="stylesheet" href="//pokemonshowdown.com/style/global.css?0.767286132409787" />
<link rel="stylesheet" href="//play.pokemonshowdown.com/style/font-awesome.css?0.9266228007934947" />
<link rel="stylesheet" href="//play.pokemonshowdown.com/style/battle.css?0.7924700842790926" />
<link rel="stylesheet" href="//play.pokemonshowdown.com/style/utilichart.css?0.8777417872839479" />

<!-- Global site tag (gtag.js) - Google Analytics -->
<script async src="https://www.googletagmanager.com/gtag/js?id=UA-26211653-1"></script>
<script>
  window.dataLayer = window.dataLayer || [];
  function gtag(){dataLayer.push(arguments);}
  gtag('js', new Date());

  gtag('config', 'UA-26211653-1');
</script>
<!-- End Google Analytics -->
<!-- Venatus Ad Manager - Install in <HEAD> of page -->
	<script src="https://hb.vntsm.com/v3/live/ad-manager.min.js" type="text/javascript" data-site-id="642aba63ec9a7b11c3c9c1be" data-mode="scan" async></script>
<!-- / Venatus Ad Manager -->

<style>
	@media (max-width:820px) {
		.battle {
			margin: 0 auto;
		}
		.battle-log {
			margin: 7px auto 0;
			max-width: 640px;
			height: 300px;
			position: static;
		}
	}
	.optgroup {
		display: inline-block;
		line-height: 22px;
		font-size: 10pt;
	}
	.optgroup .button {
		height: 25px;
		padding-top: 0;
		padding-bottom: 0;
	}
	.optgroup button.button {
		padding-left: 12px;
		padding-right: 12px;
	}
	.linklist {
		list-style: none;
		margin: 0.5em 0;
		padding: 0;
	}
	.linklist li {
		padding: 2px 0;
	}
	.sidebar {
		float: left;
		width: 320px;
	}
	.bar-wrapper {
		max-width: 1100px;
		margin: 0 auto;
	}
	.bar-wrapper.has-sidebar {
		max-width: 1430px;
	}
	.mainbar {
		margin: 0;
		padding-right: 1px;
	}
	.mainbar.has-sidebar {
		margin-left: 330px;
	}
	@media (min-width: 1511px) {
		.sidebar {
			width: 400px;
		}
		.bar-wrapper.has-sidebar {
			max-width: 1510px;
		}
		.mainbar.has-sidebar {
			margin-left: 410px;
		}
	}
	.section.first-section {
		margin-top: 9px;
	}
	.blocklink small {
		white-space: normal;
	}
	.button {
		vertical-align: middle;
	}
	.replay-controls {
		padding-top: 10px;
	}
	.replay-controls h1 {
		font-size: 16pt;
		font-weight: normal;
		color: #CCC;
	}
	.pagelink {
		text-align: center;
	}
	.pagelink a {
		width: 150px;
	}
	.textbox, .button {
		font-size: 11pt;
		vertical-align: middle;
	}
	@media (max-width: 450px) {
		.button {
			font-size: 9pt;
		}
	}
</style>

<div>

	<header>
		<div class="nav-wrapper"><ul class="nav">
			<li><a class="button nav-first" href="//pokemonshowdown.com/"><img src="//pokemonshowdown.com/images/pokemonshowdownbeta.png" srcset="//pokemonshowdown.com/images/pokemonshowdownbeta.png 1x, //pokemonshowdown.com/images/pokemonshowdownbeta@2x.png 2x" alt="Pok&eacute;mon Showdown" width="146" height="44" /> Home</a></li>
			<li><a class="button" href="//pokemonshowdown.com/dex/">Pok&eacute;dex</a></li>
			<li><a class="button cur" href="/">Replays</a></li>
			<li><a class="button" href="//pokemonshowdown.com/ladder/">Ladder</a></li>
			<li><a class="button nav-last" href="//pokemonshowdown.com/forums/">Forum</a></li>
			<li><a class="button greenbutton nav-first nav-last" href="//play.pokemonshowdown.com/">Play</a></li>
		</ul></div>
	</header>

	<div class="main" id="main">

		<noscript><section class="section">You need to enable JavaScript to use this page; sorry!</section></noscript>

	</div>

</div>

<script defer nomodule src="//play.pokemonshowdown.com/js/lib/ps-polyfill.js"></script>
<script defer src="//play.pokemonshowdown.com/js/lib/preact.min.js"></script>

<script defer src="//play.pokemonshowdown.com/config/config.js?6dec07f6"></script>
<script defer src="//play.pokemonshowdown.com/js/lib/jquery-1.11.0.min.js"></script>
<script defer src="//play.pokemonshowdown.com/js/lib/html-sanitizer-minified.js"></script>
<script defer src="//play.pokemonshowdown.com/js/battle-sound.js"></script>
<script defer src="//play.pokemonshowdown.com/js/battledata.js?0.6315294753075389"></script>
<script defer src="//play.pokemonshowdown.com/data/pokedex-mini.js?0.7603743185311358"></script>
<script defer src="//play.pokemonshowdown.com/data/pokedex-mini-bw.js?0.030888842834281283"></script>
<script defer src="//play.pokemonshowdown.com/data/graphics.js?0.05593094747507488"></script>
<script defer src="//play.pokemonshowdown.com/data/pokedex.js?0.47064822249611904"></script>
<script defer src="//play.pokemonshowdown.com/data/moves.js?0.8583693120512459"></script>
<script defer src="//play.pokemonshowdown.com/data/abilities.js?0.16017181182386842"></script>
<script defer src="//play.pokemonshowdown.com/data/items.js?0.4163379185673943"></script>
<script defer src="//play.pokemonshowdown.com/data/teambuilder-tables.js?0.31075597372830477"></script>
<script defer src="//play.pokemonshowdown.com/js/battle-tooltips.js?0.6536193500708172"></script>
<script defer src="//play.pokemonshowdown.com/js/battle.js?0.1916591943277901"></script>

<script defer src="js/utils.js?e31f9a17"></script>
<script defer src="js/replays-battle.js?7008c182"></script>

<!-- don't scrape this data! just add .json or .log after the URL!
Full API docs: https://github.com/smogon/pokemon-showdown-client/blob/master/WEB-API.md -->
<script type="text/plain" class="log" id="replaylog-smogtours-gen3ou-794278">
|inactive|Battle timer is ON: inactive players will automatically lose when time's up.
|t:|1727977722
|gametype|singles
|player|p1|tub69|102|
|player|p2|Jnho|caitlin|
|teamsize|p1|6
|teamsize|p2|6
|gen|3
|tier|[Gen 3] OU
|rule|Sleep Clause Mod: Limit one foe put to sleep
|rule|Switch Priority Clause Mod: Faster Pokémon switch first
|rule|Species Clause: Limit one of each Pokémon
|rule|OHKO Clause: OHKO moves are banned
|rule|Evasion Items Clause: Evasion items are banned
|rule|Evasion Moves Clause: Evasion moves are banned
|rule|Endless Battle Clause: Forcing endless battles is banned
|rule|HP Percentage Mod: HP is shown in percentages
|rule|One Boost Passer Clause: Limit one Baton Passer that has a way to boost its stats
|rule|Freeze Clause Mod: Limit one foe frozen
|
|t:|1727977722
|start
|switch|p1a: Aerodactyl|Aerodactyl, F|100/100
|switch|p2a: Suicune|Suicune|100/100
|turn|1
|c|☆Jnho|glhf
|c|☆tub69|glhf
|
|t:|1727977739
|switch|p1a: Blissey|Blissey, F|100/100
|switch|p2a: Claydol|Claydol, shiny|100/100
|
|upkeep
|turn|2
|
|t:|1727977762
|switch|p2a: Gengar|Gengar, M, shiny|100/100
|switch|p1a: Claydol|Claydol|100/100
|
|upkeep
|turn|3
|
|t:|1727977774
|move|p2a: Gengar|Will-O-Wisp|p1a: Claydol
|-status|p1a: Claydol|brn
|move|p1a: Claydol|Psychic|p2a: Gengar
|-supereffective|p2a: Gengar
|-damage|p2a: Gengar|34/100
|
|-heal|p2a: Gengar|40/100|[from] item: Leftovers
|-damage|p1a: Claydol|88/100 brn|[from] brn
|upkeep
|turn|4
|
|t:|1727977784
|switch|p2a: Claydol|Claydol, shiny|100/100
|move|p1a: Claydol|Psychic|p2a: Claydol
|-resisted|p2a: Claydol
|-damage|p2a: Claydol|93/100
|
|-heal|p1a: Claydol|94/100 brn|[from] item: Leftovers
|-damage|p1a: Claydol|82/100 brn|[from] brn
|-heal|p2a: Claydol|99/100|[from] item: Leftovers
|upkeep
|turn|5
|
|t:|1727977791
|switch|p1a: Swampert|Swampert, M|100/100
|move|p2a: Claydol|Psychic|p1a: Swampert
|-damage|p1a: Swampert|81/100
|
|-heal|p2a: Claydol|100/100|[from] item: Leftovers
|-heal|p1a: Swampert|88/100|[from] item: Leftovers
|upkeep
|turn|6
|
|t:|1727977804
|switch|p2a: Zapdos|Zapdos|100/100
|move|p1a: Swampert|Toxic|p2a: Zapdos
|-status|p2a: Zapdos|tox
|
|-damage|p2a: Zapdos|94/100 tox|[from] psn
|-heal|p1a: Swampert|94/100|[from] item: Leftovers
|upkeep
|turn|7
|
|t:|1727977823
|move|p1a: Swampert|Protect|p1a: Swampert
|-singleturn|p1a: Swampert|Protect
|move|p2a: Zapdos|Toxic|p1a: Swampert
|-activate|p1a: Swampert|Protect
|
|-heal|p2a: Zapdos|100/100 tox|[from] item: Leftovers
|-damage|p2a: Zapdos|88/100 tox|[from] psn
|-heal|p1a: Swampert|99/100|[from] item: Leftovers
|upkeep
|turn|8
|
|t:|1727977829
|switch|p1a: Zing|Weezing, M, shiny|100/100
|move|p2a: Zapdos|Toxic|p1a: Zing|[miss]
|-miss|p2a: Zapdos|p1a: Zing
|
|-heal|p2a: Zapdos|94/100 tox|[from] item: Leftovers
|-damage|p2a: Zapdos|76/100 tox|[from] psn
|upkeep
|turn|9
|
|t:|1727977856
|move|p2a: Zapdos|Thunderbolt|p1a: Zing
|-damage|p1a: Zing|26/100
|move|p1a: Zing|Sludge Bomb|p2a: Zapdos
|-damage|p2a: Zapdos|45/100 tox
|
|-heal|p2a: Zapdos|51/100 tox|[from] item: Leftovers
|-damage|p2a: Zapdos|26/100 tox|[from] psn
|-heal|p1a: Zing|32/100|[from] item: Leftovers
|upkeep
|turn|10
|
|t:|1727977863
|switch|p1a: Blissey|Blissey, F|100/100
|move|p2a: Zapdos|Hidden Power|p1a: Blissey
|-damage|p1a: Blissey|90/100
|
|-heal|p2a: Zapdos|32/100 tox|[from] item: Leftovers
|-damage|p2a: Zapdos|2/100 tox|[from] psn
|-heal|p1a: Blissey|96/100|[from] item: Leftovers
|upkeep
|turn|11
|
|t:|1727977884
|move|p2a: Zapdos|Thunderbolt|p1a: Blissey
|-crit|p1a: Blissey
|-damage|p1a: Blissey|58/100
|move|p1a: Blissey|Wish|p1a: Blissey
|
|-heal|p2a: Zapdos|8/100 tox|[from] item: Leftovers
|-damage|p2a: Zapdos|0 fnt|[from] psn
|faint|p2a: Zapdos
|-heal|p1a: Blissey|64/100|[from] item: Leftovers
|upkeep
|
|t:|1727977886
|switch|p2a: Dugtrio|Dugtrio, M, shiny|100/100
|turn|12
|
|t:|1727977894
|move|p2a: Dugtrio|Earthquake|p1a: Blissey
|-damage|p1a: Blissey|4/100
|move|p1a: Blissey|Ice Beam|p2a: Dugtrio
|-supereffective|p2a: Dugtrio
|-damage|p2a: Dugtrio|9/100
|
|-heal|p1a: Blissey|54/100|[from] move: Wish|[wisher] Blissey
|-heal|p1a: Blissey|60/100|[from] item: Leftovers
|upkeep
|turn|13
|
|t:|1727977912
|move|p2a: Dugtrio|Earthquake|p1a: Blissey
|-damage|p1a: Blissey|0 fnt
|faint|p1a: Blissey
|
|t:|1727977919
|switch|p1a: Aerodactyl|Aerodactyl, F|100/100
|
|upkeep
|turn|14
|
|t:|1727977927
|switch|p2a: Claydol|Claydol, shiny|100/100
|move|p1a: Aerodactyl|Rock Slide|p2a: Claydol
|-resisted|p2a: Claydol
|-damage|p2a: Claydol|80/100
|
|-heal|p2a: Claydol|86/100|[from] item: Leftovers
|upkeep
|turn|15
|
|t:|1727977934
|switch|p1a: Claydol|Claydol|82/100 brn
|switch|p2a: Gengar|Gengar, M, shiny|40/100
|
|-heal|p2a: Gengar|47/100|[from] item: Leftovers
|-heal|p1a: Claydol|88/100 brn|[from] item: Leftovers
|-damage|p1a: Claydol|76/100 brn|[from] brn
|upkeep
|turn|16
|
|t:|1727977937
|switch|p2a: Claydol|Claydol, shiny|86/100
|move|p1a: Claydol|Psychic|p2a: Claydol
|-resisted|p2a: Claydol
|-damage|p2a: Claydol|78/100
|
|-heal|p1a: Claydol|82/100 brn|[from] item: Leftovers
|-damage|p1a: Claydol|70/100 brn|[from] brn
|-heal|p2a: Claydol|84/100|[from] item: Leftovers
|upkeep
|turn|17
|
|t:|1727977946
|move|p1a: Claydol|Explosion|p2a: Claydol
|-damage|p2a: Claydol|31/100
|faint|p1a: Claydol
|
|t:|1727977954
|switch|p1a: Aerodactyl|Aerodactyl, F|100/100
|
|-heal|p2a: Claydol|37/100|[from] item: Leftovers
|upkeep
|turn|18
|
|t:|1727977963
|move|p1a: Aerodactyl|Rock Slide|p2a: Claydol
|-resisted|p2a: Claydol
|-damage|p2a: Claydol|13/100
|move|p2a: Claydol|Psychic|p1a: Aerodactyl
|-damage|p1a: Aerodactyl|64/100
|
|-heal|p2a: Claydol|19/100|[from] item: Leftovers
|upkeep
|turn|19
|
|t:|1727977969
|move|p1a: Aerodactyl|Rock Slide|p2a: Claydol|[miss]
|-miss|p1a: Aerodactyl|p2a: Claydol
|move|p2a: Claydol|Psychic|p1a: Aerodactyl
|-damage|p1a: Aerodactyl|31/100
|
|-heal|p2a: Claydol|25/100|[from] item: Leftovers
|upkeep
|turn|20
|
|t:|1727977973
|move|p1a: Aerodactyl|Rock Slide|p2a: Claydol
|-resisted|p2a: Claydol
|-crit|p2a: Claydol
|-damage|p2a: Claydol|0 fnt
|faint|p2a: Claydol
|
|t:|1727977978
|switch|p2a: Suicune|Suicune|100/100
|
|upkeep
|turn|21
|
|t:|1727977983
|move|p1a: Aerodactyl|Rock Slide|p2a: Suicune
|-damage|p2a: Suicune|64/100
|cant|p2a: Suicune|flinch
|
|-heal|p2a: Suicune|71/100|[from] item: Leftovers
|upkeep
|turn|22
|
|t:|1727977987
|move|p1a: Aerodactyl|Rock Slide|p2a: Suicune
|-damage|p2a: Suicune|31/100
|move|p2a: Suicune|Hydro Pump|p1a: Aerodactyl
|-supereffective|p1a: Aerodactyl
|-damage|p1a: Aerodactyl|0 fnt
|faint|p1a: Aerodactyl
|
|t:|1727977992
|switch|p1a: Rai|Raikou|100/100
|
|-heal|p2a: Suicune|37/100|[from] item: Leftovers
|upkeep
|turn|23
|
|t:|1727978005
|move|p1a: Rai|Substitute|p1a: Rai
|-start|p1a: Rai|Substitute
|-damage|p1a: Rai|76/100
|move|p2a: Suicune|Hydro Pump|p1a: Rai
|-end|p1a: Rai|Substitute
|
|-heal|p1a: Rai|82/100|[from] item: Leftovers
|-heal|p2a: Suicune|43/100|[from] item: Leftovers
|upkeep
|turn|24
|
|t:|1727978034
|move|p1a: Rai|Hidden Power|p2a: Suicune
|-supereffective|p2a: Suicune
|-damage|p2a: Suicune|12/100
|move|p2a: Suicune|Hydro Pump|p1a: Rai
|-damage|p1a: Rai|37/100
|
|-heal|p1a: Rai|43/100|[from] item: Leftovers
|-heal|p2a: Suicune|18/100|[from] item: Leftovers
|upkeep
|turn|25
|
|t:|1727978039
|move|p1a: Rai|Hidden Power|p2a: Suicune
|-supereffective|p2a: Suicune
|-damage|p2a: Suicune|0 fnt
|faint|p2a: Suicune
|
|t:|1727978043
|switch|p2a: Kingdra|Kingdra, M, shiny|100/100
|
|-heal|p1a: Rai|49/100|[from] item: Leftovers
|upkeep
|turn|26
|inactive|tub69 has 270 seconds left.
|
|t:|1727978095
|move|p1a: Rai|Calm Mind|p1a: Rai
|-boost|p1a: Rai|spa|1
|-boost|p1a: Rai|spd|1
|move|p2a: Kingdra|Rain Dance|p2a: Kingdra
|-weather|RainDance
|
|-weather|RainDance|[upkeep]
|-heal|p1a: Rai|55/100|[from] item: Leftovers
|upkeep
|turn|27
|
|t:|1727978101
|move|p2a: Kingdra|Hydro Pump|p1a: Rai|[miss]
|-miss|p2a: Kingdra|p1a: Rai
|move|p1a: Rai|Thunderbolt|p2a: Kingdra
|-damage|p2a: Kingdra|22/100
|
|-weather|RainDance|[upkeep]
|-heal|p2a: Kingdra|29/100|[from] item: Leftovers
|-heal|p1a: Rai|61/100|[from] item: Leftovers
|upkeep
|turn|28
|
|t:|1727978113
|switch|p1a: Zing|Weezing, M, shiny|32/100
|move|p2a: Kingdra|Hydro Pump|p1a: Zing
|-damage|p1a: Zing|0 fnt
|faint|p1a: Zing
|
|t:|1727978118
|switch|p1a: Swampert|Swampert, M|99/100
|
|-weather|RainDance|[upkeep]
|-heal|p2a: Kingdra|35/100|[from] item: Leftovers
|-heal|p1a: Swampert|100/100|[from] item: Leftovers
|upkeep
|turn|29
|
|t:|1727978122
|move|p1a: Swampert|Protect|p1a: Swampert
|-singleturn|p1a: Swampert|Protect
|move|p2a: Kingdra|Hidden Power|p1a: Swampert
|-activate|p1a: Swampert|Protect
|
|-weather|RainDance|[upkeep]
|-heal|p2a: Kingdra|41/100|[from] item: Leftovers
|upkeep
|turn|30
|inactive|tub69 has 270 seconds left.
|
|t:|1727978133
|move|p1a: Swampert|Protect|p1a: Swampert
|-singleturn|p1a: Swampert|Protect
|move|p2a: Kingdra|Hydro Pump|p1a: Swampert
|-activate|p1a: Swampert|Protect
|
|-weather|none
|-heal|p2a: Kingdra|47/100|[from] item: Leftovers
|upkeep
|turn|31
|
|t:|1727978137
|switch|p2a: Gengar|Gengar, M, shiny|47/100
|move|p1a: Swampert|Toxic|p2a: Gengar
|-immune|p2a: Gengar
|
|-heal|p2a: Gengar|53/100|[from] item: Leftovers
|upkeep
|turn|32
|
|t:|1727978147
|move|p2a: Gengar|Will-O-Wisp|p1a: Swampert|[miss]
|-miss|p2a: Gengar|p1a: Swampert
|move|p1a: Swampert|Surf|p2a: Gengar
|-damage|p2a: Gengar|6/100
|
|-heal|p2a: Gengar|12/100|[from] item: Leftovers
|upkeep
|turn|33
|
|t:|1727978152
|move|p1a: Swampert|Protect|p1a: Swampert
|-singleturn|p1a: Swampert|Protect
|move|p2a: Gengar|Will-O-Wisp|p1a: Swampert
|-activate|p1a: Swampert|Protect
|
|-heal|p2a: Gengar|18/100|[from] item: Leftovers
|upkeep
|turn|34
|
|t:|1727978156
|move|p2a: Gengar|Will-O-Wisp|p1a: Swampert|[miss]
|-miss|p2a: Gengar|p1a: Swampert
|move|p1a: Swampert|Surf|p2a: Gengar
|-damage|p2a: Gengar|0 fnt
|faint|p2a: Gengar
|inactive|Jnho has 270 seconds left.
|
|t:|1727978188
|switch|p2a: Dugtrio|Dugtrio, M, shiny|9/100
|
|upkeep
|turn|35
|
|t:|1727978191
|move|p2a: Dugtrio|Earthquake|p1a: Swampert
|-damage|p1a: Swampert|60/100
|move|p1a: Swampert|Surf|p2a: Dugtrio
|-supereffective|p2a: Dugtrio
|-damage|p2a: Dugtrio|0 fnt
|faint|p2a: Dugtrio
|
|t:|1727978193
|switch|p2a: Kingdra|Kingdra, M, shiny|47/100
|
|-heal|p2a: Kingdra|53/100|[from] item: Leftovers
|-heal|p1a: Swampert|67/100|[from] item: Leftovers
|upkeep
|turn|36
|
|t:|1727978197
|move|p2a: Kingdra|Rain Dance|p2a: Kingdra
|-weather|RainDance
|move|p1a: Swampert|Toxic|p2a: Kingdra
|-status|p2a: Kingdra|tox
|
|-weather|RainDance|[upkeep]
|-heal|p2a: Kingdra|60/100 tox|[from] item: Leftovers
|-damage|p2a: Kingdra|53/100 tox|[from] psn
|-heal|p1a: Swampert|73/100|[from] item: Leftovers
|upkeep
|turn|37
|
|t:|1727978200
|move|p1a: Swampert|Protect|p1a: Swampert
|-singleturn|p1a: Swampert|Protect
|move|p2a: Kingdra|Hydro Pump|p1a: Swampert
|-activate|p1a: Swampert|Protect
|
|-weather|RainDance|[upkeep]
|-heal|p2a: Kingdra|60/100 tox|[from] item: Leftovers
|-damage|p2a: Kingdra|47/100 tox|[from] psn
|-heal|p1a: Swampert|79/100|[from] item: Leftovers
|upkeep
|turn|38
|
|t:|1727978204
|move|p2a: Kingdra|Hidden Power|p1a: Swampert
|-supereffective|p1a: Swampert
|-damage|p1a: Swampert|6/100
|move|p1a: Swampert|Surf|p2a: Kingdra
|-resisted|p2a: Kingdra
|-damage|p2a: Kingdra|28/100 tox
|
|-weather|RainDance|[upkeep]
|-heal|p2a: Kingdra|34/100 tox|[from] item: Leftovers
|-damage|p2a: Kingdra|16/100 tox|[from] psn
|-heal|p1a: Swampert|12/100|[from] item: Leftovers
|upkeep
|turn|39
|inactive|Jnho has 270 seconds left.
|
|t:|1727978257
|move|p1a: Swampert|Protect|p1a: Swampert
|-singleturn|p1a: Swampert|Protect
|move|p2a: Kingdra|Hidden Power|p1a: Swampert
|-activate|p1a: Swampert|Protect
|
|-weather|RainDance|[upkeep]
|-heal|p2a: Kingdra|22/100 tox|[from] item: Leftovers
|-damage|p2a: Kingdra|0 fnt|[from] psn
|faint|p2a: Kingdra
|
|win|tub69
|upkeep
|c|☆tub69|gg
|c|☆Jnho|gl in the next round
|c|☆tub69|ty u2
|c|☆tub69|how does this work now, I downloaded the games I won
|c|☆tub69|Should I have downloaded all?
|c|☆Jnho|you save the replay and post them in the chat
|c|☆Jnho|https://replay.pokemonshowdown.com/smogtours-gen3ou-794272
|c|☆Jnho|first game
|c|☆Jnho|https://replay.pokemonshowdown.com/smogtours-gen3ou-794276\
|c|☆Jnho|second game

</script>
<script type="application/json" class="data" id="replaydata-smogtours-gen3ou-794278">
{"id":"smogtours-gen3ou-794278","format":"[Gen 3] OU","players":["tub69","Jnho"],"uploadtime":1727978257,"views":121,"formatid":"gen3ou","rating":null,"private":0,"password":null}
</script>

<script defer src="js/replays.js?9d40a366"></script>
