<!DOCTYPE html>
<meta charset="utf-8" />
<meta name="viewport" content="width=device-width" />

<title>[Gen 3] OU: Sorenz vs. msoft_j - Replays - Pok&eacute;mon Showdown!</title>

<meta name="description" content="Watch a replay of a Pok&eacute;mon battle between Sorenz and msoft_j! Format: [Gen 3] OU; Date: Oct 28, 2024" />
<!--

Hey, you! Looking in the source for the replay log?

You can find them in JSON format, just add `.json` at the end of a replay URL.

https://replay.pokemonshowdown.com/gen7randomdoublesbattle-865046831.json

Or, if you only need the log itself, add `.log` instead:

https://replay.pokemonshowdown.com/gen7randomdoublesbattle-865046831.log

-->

<link rel="stylesheet" href="//pokemonshowdown.com/style/global.css?0.023195364461161105" />
<link rel="stylesheet" href="//play.pokemonshowdown.com/style/font-awesome.css?0.13261647063804238" />
<link rel="stylesheet" href="//play.pokemonshowdown.com/style/battle.css?0.8753245789963631" />
<link rel="stylesheet" href="//play.pokemonshowdown.com/style/utilichart.css?0.8627959624976733" />

<!-- Global site tag (gtag.js) - Google Analytics -->
<script async src="https://www.googletagmanager.com/gtag/js?id=UA-26211653-1"></script>
<script>
  window.dataLayer = window.dataLayer || [];
  function gtag(){dataLayer.push(arguments);}
  gtag('js', new Date());

  gtag('config', 'UA-26211653-1');
</script>
<!-- End Google Analytics -->
<!-- Venatus Ad Manager - Install in <HEAD> of page -->
	<script src="https://hb.vntsm.com/v3/live/ad-manager.min.js" type="text/javascript" data-site-id="642aba63ec9a7b11c3c9c1be" data-mode="scan" async></script>
<!-- / Venatus Ad Manager -->

<style>
	@media (max-width:820px) {
		.battle {
			margin: 0 auto;
		}
		.battle-log {
			margin: 7px auto 0;
			max-width: 640px;
			height: 300px;
			position: static;
		}
	}
	.optgroup {
		display: inline-block;
		line-height: 22px;
		font-size: 10pt;
	}
	.optgroup .button {
		height: 25px;
		padding-top: 0;
		padding-bottom: 0;
	}
	.optgroup button.button {
		padding-left: 12px;
		padding-right: 12px;
	}
	.linklist {
		list-style: none;
		margin: 0.5em 0;
		padding: 0;
	}
	.linklist li {
		padding: 2px 0;
	}
	.sidebar {
		float: left;
		width: 320px;
	}
	.bar-wrapper {
		max-width: 1100px;
		margin: 0 auto;
	}
	.bar-wrapper.has-sidebar {
		max-width: 1430px;
	}
	.mainbar {
		margin: 0;
		padding-right: 1px;
	}
	.mainbar.has-sidebar {
		margin-left: 330px;
	}
	@media (min-width: 1511px) {
		.sidebar {
			width: 400px;
		}
		.bar-wrapper.has-sidebar {
			max-width: 1510px;
		}
		.mainbar.has-sidebar {
			margin-left: 410px;
		}
	}
	.section.first-section {
		margin-top: 9px;
	}
	.blocklink small {
		white-space: normal;
	}
	.button {
		vertical-align: middle;
	}
	.replay-controls {
		padding-top: 10px;
	}
	.replay-controls h1 {
		font-size: 16pt;
		font-weight: normal;
		color: #CCC;
	}
	.pagelink {
		text-align: center;
	}
	.pagelink a {
		width: 150px;
	}
	.textbox, .button {
		font-size: 11pt;
		vertical-align: middle;
	}
	@media (max-width: 450px) {
		.button {
			font-size: 9pt;
		}
	}
</style>

<div>

	<header>
		<div class="nav-wrapper"><ul class="nav">
			<li><a class="button nav-first" href="//pokemonshowdown.com/"><img src="//pokemonshowdown.com/images/pokemonshowdownbeta.png" srcset="//pokemonshowdown.com/images/pokemonshowdownbeta.png 1x, //pokemonshowdown.com/images/pokemonshowdownbeta@2x.png 2x" alt="Pok&eacute;mon Showdown" width="146" height="44" /> Home</a></li>
			<li><a class="button" href="//pokemonshowdown.com/dex/">Pok&eacute;dex</a></li>
			<li><a class="button cur" href="/">Replays</a></li>
			<li><a class="button" href="//pokemonshowdown.com/ladder/">Ladder</a></li>
			<li><a class="button nav-last" href="//pokemonshowdown.com/forums/">Forum</a></li>
			<li><a class="button greenbutton nav-first nav-last" href="//play.pokemonshowdown.com/">Play</a></li>
		</ul></div>
	</header>

	<div class="main" id="main">

		<noscript><section class="section">You need to enable JavaScript to use this page; sorry!</section></noscript>

	</div>

</div>

<script defer nomodule src="//play.pokemonshowdown.com/js/lib/ps-polyfill.js"></script>
<script defer src="//play.pokemonshowdown.com/js/lib/preact.min.js"></script>

<script defer src="//play.pokemonshowdown.com/config/config.js?2bddbc15"></script>
<script defer src="//play.pokemonshowdown.com/js/lib/jquery-1.11.0.min.js"></script>
<script defer src="//play.pokemonshowdown.com/js/lib/html-sanitizer-minified.js"></script>
<script defer src="//play.pokemonshowdown.com/js/battle-sound.js"></script>
<script defer src="//play.pokemonshowdown.com/js/battledata.js?0.7209276989879541"></script>
<script defer src="//play.pokemonshowdown.com/data/pokedex-mini.js?0.6111056340867951"></script>
<script defer src="//play.pokemonshowdown.com/data/pokedex-mini-bw.js?0.3532142036491459"></script>
<script defer src="//play.pokemonshowdown.com/data/graphics.js?0.24223875632456182"></script>
<script defer src="//play.pokemonshowdown.com/data/pokedex.js?0.38839984266356864"></script>
<script defer src="//play.pokemonshowdown.com/data/moves.js?0.21866028504024015"></script>
<script defer src="//play.pokemonshowdown.com/data/abilities.js?0.2005157953846628"></script>
<script defer src="//play.pokemonshowdown.com/data/items.js?0.9894211263848525"></script>
<script defer src="//play.pokemonshowdown.com/data/teambuilder-tables.js?0.6008791140282215"></script>
<script defer src="//play.pokemonshowdown.com/js/battle-tooltips.js?0.7580118955022959"></script>
<script defer src="//play.pokemonshowdown.com/js/battle.js?0.6057722274234274"></script>

<script defer src="js/utils.js?e31f9a17"></script>
<script defer src="js/replays-battle.js?7008c182"></script>

<!-- don't scrape this data! just add .json or .log after the URL!
Full API docs: https://github.com/smogon/pokemon-showdown-client/blob/master/WEB-API.md -->
<script type="text/plain" class="log" id="replaylog-smogtours-gen3ou-803059">
|inactive|Battle timer is ON: inactive players will automatically lose when time's up.
|t:|1730125120
|gametype|singles
|player|p1|Sorenz|wattson|
|player|p2|msoft_j|supernerd|
|teamsize|p1|6
|teamsize|p2|6
|gen|3
|tier|[Gen 3] OU
|rule|Sleep Clause Mod: Limit one foe put to sleep
|rule|Switch Priority Clause Mod: Faster Pokémon switch first
|rule|Species Clause: Limit one of each Pokémon
|rule|OHKO Clause: OHKO moves are banned
|rule|Evasion Items Clause: Evasion items are banned
|rule|Evasion Moves Clause: Evasion moves are banned
|rule|Endless Battle Clause: Forcing endless battles is banned
|rule|HP Percentage Mod: HP is shown in percentages
|rule|One Boost Passer Clause: Limit one Baton Passer that has a way to boost its stats
|rule|Freeze Clause Mod: Limit one foe frozen
|
|t:|1730125120
|start
|switch|p1a: Tyranitar|Tyranitar, M|100/100
|switch|p2a: Zapdos|Zapdos|100/100
|-weather|Sandstorm|[from] ability: Sand Stream|[of] p1a: Tyranitar
|turn|1
|
|t:|1730125129
|move|p2a: Zapdos|Baton Pass|p2a: Zapdos
|
|t:|1730125130
|switch|p2a: Heracross|Heracross, F|100/100|[from] Baton Pass
|move|p1a: Tyranitar|Rock Slide|p2a: Heracross
|-damage|p2a: Heracross|40/100
|
|-weather|Sandstorm|[upkeep]
|-damage|p2a: Heracross|34/100|[from] Sandstorm
|-heal|p2a: Heracross|40/100|[from] item: Leftovers
|upkeep
|turn|2
|
|t:|1730125140
|switch|p1a: Skarmory|Skarmory, F|100/100
|move|p2a: Heracross|Rock Slide|p1a: Skarmory
|-damage|p1a: Skarmory|80/100
|
|-weather|Sandstorm|[upkeep]
|-damage|p2a: Heracross|34/100|[from] Sandstorm
|-heal|p2a: Heracross|40/100|[from] item: Leftovers
|-heal|p1a: Skarmory|86/100|[from] item: Leftovers
|upkeep
|turn|3
|
|t:|1730125145
|switch|p2a: Breloom|Breloom, F|100/100
|move|p1a: Skarmory|Toxic|p2a: Breloom
|-status|p2a: Breloom|tox
|
|-weather|Sandstorm|[upkeep]
|-damage|p2a: Breloom|95/100 tox|[from] Sandstorm
|-damage|p2a: Breloom|89/100 tox|[from] psn
|-heal|p1a: Skarmory|92/100|[from] item: Leftovers
|upkeep
|turn|4
|
|t:|1730125166
|move|p2a: Breloom|Spore|p1a: Skarmory
|-status|p1a: Skarmory|slp|[from] move: Spore
|cant|p1a: Skarmory|slp
|
|-weather|Sandstorm|[upkeep]
|-damage|p2a: Breloom|83/100 tox|[from] Sandstorm
|-damage|p2a: Breloom|71/100 tox|[from] psn
|-heal|p1a: Skarmory|98/100 slp|[from] item: Leftovers
|upkeep
|turn|5
|
|t:|1730125171
|-singleturn|p2a: Breloom|move: Focus Punch
|switch|p1a: Gengar|Gengar, F|100/100
|move|p2a: Breloom|Focus Punch|p1a: Gengar
|-immune|p1a: Gengar
|
|-weather|Sandstorm|[upkeep]
|-damage|p1a: Gengar|94/100|[from] Sandstorm
|-damage|p2a: Breloom|65/100 tox|[from] Sandstorm
|-heal|p1a: Gengar|100/100|[from] item: Leftovers
|-damage|p2a: Breloom|47/100 tox|[from] psn
|upkeep
|turn|6
|
|t:|1730125175
|switch|p2a: Tyranitar|Tyranitar, F|100/100
|move|p1a: Gengar|Ice Punch|p2a: Tyranitar
|-damage|p2a: Tyranitar|80/100
|
|-weather|Sandstorm|[upkeep]
|-damage|p1a: Gengar|94/100|[from] Sandstorm
|-heal|p1a: Gengar|100/100|[from] item: Leftovers
|-heal|p2a: Tyranitar|86/100|[from] item: Leftovers
|upkeep
|turn|7
|
|t:|1730125181
|move|p1a: Gengar|Will-O-Wisp|p2a: Tyranitar
|-status|p2a: Tyranitar|brn
|move|p2a: Tyranitar|Pursuit|p1a: Gengar
|-supereffective|p1a: Gengar
|-damage|p1a: Gengar|61/100
|
|-weather|Sandstorm|[upkeep]
|-damage|p1a: Gengar|55/100|[from] Sandstorm
|-heal|p1a: Gengar|61/100|[from] item: Leftovers
|-heal|p2a: Tyranitar|92/100 brn|[from] item: Leftovers
|-damage|p2a: Tyranitar|80/100 brn|[from] brn
|upkeep
|turn|8
|
|t:|1730125186
|move|p1a: Gengar|Thunderbolt|p2a: Tyranitar
|-crit|p2a: Tyranitar
|-damage|p2a: Tyranitar|29/100 brn
|move|p2a: Tyranitar|Pursuit|p1a: Gengar
|-supereffective|p1a: Gengar
|-damage|p1a: Gengar|16/100
|
|-weather|Sandstorm|[upkeep]
|-damage|p1a: Gengar|10/100|[from] Sandstorm
|-heal|p1a: Gengar|16/100|[from] item: Leftovers
|-heal|p2a: Tyranitar|36/100 brn|[from] item: Leftovers
|-damage|p2a: Tyranitar|23/100 brn|[from] brn
|upkeep
|turn|9
|
|t:|1730125191
|move|p1a: Gengar|Thunderbolt|p2a: Tyranitar
|-damage|p2a: Tyranitar|0 fnt
|faint|p2a: Tyranitar
|
|t:|1730125195
|switch|p2a: Metagross|Metagross|100/100
|
|-weather|Sandstorm|[upkeep]
|-damage|p1a: Gengar|10/100|[from] Sandstorm
|-heal|p1a: Gengar|16/100|[from] item: Leftovers
|upkeep
|turn|10
|
|t:|1730125198
|move|p1a: Gengar|Will-O-Wisp|p2a: Metagross
|-status|p2a: Metagross|brn
|move|p2a: Metagross|Meteor Mash|p1a: Gengar
|-damage|p1a: Gengar|0 fnt
|faint|p1a: Gengar
|
|t:|1730125203
|switch|p1a: Moltres|Moltres|100/100
|
|-weather|Sandstorm|[upkeep]
|-damage|p1a: Moltres|94/100|[from] Sandstorm
|-heal|p1a: Moltres|100/100|[from] item: Leftovers
|-damage|p2a: Metagross|88/100 brn|[from] brn
|upkeep
|turn|11
|
|t:|1730125211
|switch|p2a: Salamence|Salamence, F|100/100
|-ability|p2a: Salamence|Intimidate|boost
|-unboost|p1a: Moltres|atk|1
|move|p1a: Moltres|Flamethrower|p2a: Salamence
|-resisted|p2a: Salamence
|-damage|p2a: Salamence|62/100
|
|-weather|Sandstorm|[upkeep]
|-damage|p2a: Salamence|55/100|[from] Sandstorm
|-damage|p1a: Moltres|94/100|[from] Sandstorm
|-heal|p2a: Salamence|62/100|[from] item: Leftovers
|-heal|p1a: Moltres|100/100|[from] item: Leftovers
|upkeep
|turn|12
|
|t:|1730125215
|switch|p1a: Swampert|Swampert, F|100/100
|move|p2a: Salamence|Dragon Claw|p1a: Swampert
|-damage|p1a: Swampert|67/100
|
|-weather|Sandstorm|[upkeep]
|-damage|p2a: Salamence|55/100|[from] Sandstorm
|-heal|p2a: Salamence|62/100|[from] item: Leftovers
|-heal|p1a: Swampert|73/100|[from] item: Leftovers
|upkeep
|turn|13
|
|t:|1730125227
|switch|p1a: Blissey|Blissey, F|100/100
|move|p2a: Salamence|Hidden Power|p1a: Blissey
|-damage|p1a: Blissey|91/100
|
|-weather|Sandstorm|[upkeep]
|-damage|p2a: Salamence|55/100|[from] Sandstorm
|-damage|p1a: Blissey|85/100|[from] Sandstorm
|-heal|p2a: Salamence|62/100|[from] item: Leftovers
|-heal|p1a: Blissey|91/100|[from] item: Leftovers
|upkeep
|turn|14
|
|t:|1730125245
|switch|p2a: Metagross|Metagross|88/100 brn
|move|p1a: Blissey|Ice Beam|p2a: Metagross
|-resisted|p2a: Metagross
|-damage|p2a: Metagross|76/100 brn
|
|-weather|Sandstorm|[upkeep]
|-damage|p1a: Blissey|85/100|[from] Sandstorm
|-heal|p2a: Metagross|82/100 brn|[from] item: Leftovers
|-damage|p2a: Metagross|70/100 brn|[from] brn
|-heal|p1a: Blissey|91/100|[from] item: Leftovers
|upkeep
|turn|15
|
|t:|1730125256
|switch|p2a: Heracross|Heracross, F|40/100
|switch|p1a: Skarmory|Skarmory, F|98/100 slp
|
|-weather|Sandstorm|[upkeep]
|-damage|p2a: Heracross|34/100|[from] Sandstorm
|-heal|p2a: Heracross|40/100|[from] item: Leftovers
|-heal|p1a: Skarmory|100/100 slp|[from] item: Leftovers
|upkeep
|turn|16
|
|t:|1730125260
|move|p2a: Heracross|Swords Dance|p2a: Heracross
|-boost|p2a: Heracross|atk|2
|cant|p1a: Skarmory|slp
|
|-weather|Sandstorm|[upkeep]
|-damage|p2a: Heracross|34/100|[from] Sandstorm
|-heal|p2a: Heracross|40/100|[from] item: Leftovers
|upkeep
|turn|17
|
|t:|1730125262
|move|p2a: Heracross|Brick Break|p1a: Skarmory
|-damage|p1a: Skarmory|44/100 slp
|cant|p1a: Skarmory|slp
|
|-weather|Sandstorm|[upkeep]
|-damage|p2a: Heracross|34/100|[from] Sandstorm
|-heal|p2a: Heracross|40/100|[from] item: Leftovers
|-heal|p1a: Skarmory|50/100 slp|[from] item: Leftovers
|upkeep
|turn|18
|
|t:|1730125267
|move|p2a: Heracross|Brick Break|p1a: Skarmory
|-damage|p1a: Skarmory|0 fnt
|faint|p1a: Skarmory
|
|t:|1730125275
|switch|p1a: Moltres|Moltres|100/100
|
|-weather|Sandstorm|[upkeep]
|-damage|p2a: Heracross|34/100|[from] Sandstorm
|-damage|p1a: Moltres|94/100|[from] Sandstorm
|-heal|p2a: Heracross|40/100|[from] item: Leftovers
|-heal|p1a: Moltres|100/100|[from] item: Leftovers
|upkeep
|turn|19
|
|t:|1730125278
|move|p2a: Heracross|Rock Slide|p1a: Moltres|[miss]
|-miss|p2a: Heracross|p1a: Moltres
|move|p1a: Moltres|Flamethrower|p2a: Heracross
|-supereffective|p2a: Heracross
|-damage|p2a: Heracross|0 fnt
|faint|p2a: Heracross
|c|☆Sorenz|oof
|
|t:|1730125306
|switch|p2a: Salamence|Salamence, F|62/100
|-ability|p2a: Salamence|Intimidate|boost
|-unboost|p1a: Moltres|atk|1
|
|-weather|Sandstorm|[upkeep]
|-damage|p2a: Salamence|55/100|[from] Sandstorm
|-damage|p1a: Moltres|94/100|[from] Sandstorm
|-heal|p2a: Salamence|62/100|[from] item: Leftovers
|-heal|p1a: Moltres|100/100|[from] item: Leftovers
|upkeep
|turn|20
|
|t:|1730125316
|move|p2a: Salamence|Dragon Claw|p1a: Moltres
|-damage|p1a: Moltres|51/100
|move|p1a: Moltres|Overheat|p2a: Salamence
|-resisted|p2a: Salamence
|-damage|p2a: Salamence|4/100
|-unboost|p1a: Moltres|spa|2
|
|-weather|Sandstorm|[upkeep]
|-damage|p2a: Salamence|0 fnt|[from] Sandstorm
|-damage|p1a: Moltres|45/100|[from] Sandstorm
|faint|p2a: Salamence
|-heal|p1a: Moltres|51/100|[from] item: Leftovers
|upkeep
|
|t:|1730125325
|switch|p2a: Zapdos|Zapdos|100/100
|turn|21
|
|t:|1730125331
|switch|p1a: Swampert|Swampert, F|73/100
|move|p2a: Zapdos|Baton Pass|p2a: Zapdos
|
|t:|1730125338
|switch|p2a: Metagross|Metagross|70/100 brn|[from] Baton Pass
|
|-weather|Sandstorm|[upkeep]
|-heal|p2a: Metagross|76/100 brn|[from] item: Leftovers
|-damage|p2a: Metagross|64/100 brn|[from] brn
|-heal|p1a: Swampert|79/100|[from] item: Leftovers
|upkeep
|turn|22
|
|t:|1730125343
|move|p1a: Swampert|Protect|p1a: Swampert
|-singleturn|p1a: Swampert|Protect
|move|p2a: Metagross|Earthquake|p1a: Swampert
|-activate|p1a: Swampert|Protect
|
|-weather|Sandstorm|[upkeep]
|-heal|p2a: Metagross|70/100 brn|[from] item: Leftovers
|-damage|p2a: Metagross|58/100 brn|[from] brn
|-heal|p1a: Swampert|86/100|[from] item: Leftovers
|upkeep
|turn|23
|
|t:|1730125352
|switch|p1a: Moltres|Moltres|51/100
|move|p2a: Metagross|Explosion|p1a: Moltres
|-damage|p1a: Moltres|0 fnt
|faint|p2a: Metagross
|faint|p1a: Moltres
|
|t:|1730125370
|switch|p1a: Swampert|Swampert, F|86/100
|switch|p2a: Zapdos|Zapdos|100/100
|
|-weather|Sandstorm|[upkeep]
|-damage|p2a: Zapdos|94/100|[from] Sandstorm
|-heal|p2a: Zapdos|100/100|[from] item: Leftovers
|-heal|p1a: Swampert|92/100|[from] item: Leftovers
|upkeep
|turn|24
|
|t:|1730125373
|move|p1a: Swampert|Protect|p1a: Swampert
|-singleturn|p1a: Swampert|Protect
|move|p2a: Zapdos|Hidden Power|p1a: Swampert
|-activate|p1a: Swampert|Protect
|
|-weather|Sandstorm|[upkeep]
|-damage|p2a: Zapdos|94/100|[from] Sandstorm
|-heal|p2a: Zapdos|100/100|[from] item: Leftovers
|-heal|p1a: Swampert|98/100|[from] item: Leftovers
|upkeep
|turn|25
|
|t:|1730125377
|switch|p1a: Blissey|Blissey, F|91/100
|move|p2a: Zapdos|Baton Pass|p2a: Zapdos
|
|t:|1730125378
|switch|p2a: Breloom|Breloom, F|47/100 tox|[from] Baton Pass
|
|-weather|Sandstorm|[upkeep]
|-damage|p2a: Breloom|41/100 tox|[from] Sandstorm
|-damage|p1a: Blissey|85/100|[from] Sandstorm
|-damage|p2a: Breloom|35/100 tox|[from] psn
|-heal|p1a: Blissey|91/100|[from] item: Leftovers
|upkeep
|turn|26
|
|t:|1730125385
|move|p2a: Breloom|Sky Uppercut|p1a: Blissey
|-supereffective|p1a: Blissey
|-damage|p1a: Blissey|0 fnt
|faint|p1a: Blissey
|
|t:|1730125389
|switch|p1a: Swampert|Swampert, F|98/100
|
|-weather|Sandstorm|[upkeep]
|-damage|p2a: Breloom|29/100 tox|[from] Sandstorm
|-damage|p2a: Breloom|17/100 tox|[from] psn
|-heal|p1a: Swampert|100/100|[from] item: Leftovers
|upkeep
|turn|27
|
|t:|1730125398
|move|p1a: Swampert|Protect|p1a: Swampert
|-singleturn|p1a: Swampert|Protect
|move|p2a: Breloom|Spore|p1a: Swampert
|-activate|p1a: Swampert|Protect
|
|-weather|Sandstorm|[upkeep]
|-damage|p2a: Breloom|11/100 tox|[from] Sandstorm
|-damage|p2a: Breloom|0 fnt|[from] psn
|faint|p2a: Breloom
|upkeep
|
|t:|1730125400
|switch|p2a: Zapdos|Zapdos|100/100
|turn|28
|
|t:|1730125403
|move|p2a: Zapdos|Hidden Power|p1a: Swampert
|-damage|p1a: Swampert|79/100
|move|p1a: Swampert|Ice Beam|p2a: Zapdos
|-supereffective|p2a: Zapdos
|-crit|p2a: Zapdos
|-damage|p2a: Zapdos|6/100
|
|-weather|Sandstorm|[upkeep]
|-damage|p2a: Zapdos|0 fnt|[from] Sandstorm
|faint|p2a: Zapdos
|
|win|Sorenz
|upkeep
|c|☆Sorenz|gg

</script>
<script type="application/json" class="data" id="replaydata-smogtours-gen3ou-803059">
{"id":"smogtours-gen3ou-803059","format":"[Gen 3] OU","players":["Sorenz","msoft_j"],"uploadtime":1730125403,"views":53,"formatid":"gen3ou","rating":null,"private":0,"password":null}
</script>

<script defer src="js/replays.js?9d40a366"></script>
