<!DOCTYPE html>
<meta charset="utf-8" />
<meta name="viewport" content="width=device-width" />

<title>[Gen 3] OU: herold_man vs. OneWhoRants - Replays - Pok&eacute;mon Showdown!</title>

<meta name="description" content="Watch a replay of a Pok&eacute;mon battle between herold_man and OneWhoRants! Format: [Gen 3] OU; Date: Oct 14, 2024" />
<!--

Hey, you! Looking in the source for the replay log?

You can find them in JSON format, just add `.json` at the end of a replay URL.

https://replay.pokemonshowdown.com/gen7randomdoublesbattle-865046831.json

Or, if you only need the log itself, add `.log` instead:

https://replay.pokemonshowdown.com/gen7randomdoublesbattle-865046831.log

-->

<link rel="stylesheet" href="//pokemonshowdown.com/style/global.css?0.023195364461161105" />
<link rel="stylesheet" href="//play.pokemonshowdown.com/style/font-awesome.css?0.13261647063804238" />
<link rel="stylesheet" href="//play.pokemonshowdown.com/style/battle.css?0.8753245789963631" />
<link rel="stylesheet" href="//play.pokemonshowdown.com/style/utilichart.css?0.8627959624976733" />

<!-- Global site tag (gtag.js) - Google Analytics -->
<script async src="https://www.googletagmanager.com/gtag/js?id=UA-26211653-1"></script>
<script>
  window.dataLayer = window.dataLayer || [];
  function gtag(){dataLayer.push(arguments);}
  gtag('js', new Date());

  gtag('config', 'UA-26211653-1');
</script>
<!-- End Google Analytics -->
<!-- Venatus Ad Manager - Install in <HEAD> of page -->
	<script src="https://hb.vntsm.com/v3/live/ad-manager.min.js" type="text/javascript" data-site-id="642aba63ec9a7b11c3c9c1be" data-mode="scan" async></script>
<!-- / Venatus Ad Manager -->

<style>
	@media (max-width:820px) {
		.battle {
			margin: 0 auto;
		}
		.battle-log {
			margin: 7px auto 0;
			max-width: 640px;
			height: 300px;
			position: static;
		}
	}
	.optgroup {
		display: inline-block;
		line-height: 22px;
		font-size: 10pt;
	}
	.optgroup .button {
		height: 25px;
		padding-top: 0;
		padding-bottom: 0;
	}
	.optgroup button.button {
		padding-left: 12px;
		padding-right: 12px;
	}
	.linklist {
		list-style: none;
		margin: 0.5em 0;
		padding: 0;
	}
	.linklist li {
		padding: 2px 0;
	}
	.sidebar {
		float: left;
		width: 320px;
	}
	.bar-wrapper {
		max-width: 1100px;
		margin: 0 auto;
	}
	.bar-wrapper.has-sidebar {
		max-width: 1430px;
	}
	.mainbar {
		margin: 0;
		padding-right: 1px;
	}
	.mainbar.has-sidebar {
		margin-left: 330px;
	}
	@media (min-width: 1511px) {
		.sidebar {
			width: 400px;
		}
		.bar-wrapper.has-sidebar {
			max-width: 1510px;
		}
		.mainbar.has-sidebar {
			margin-left: 410px;
		}
	}
	.section.first-section {
		margin-top: 9px;
	}
	.blocklink small {
		white-space: normal;
	}
	.button {
		vertical-align: middle;
	}
	.replay-controls {
		padding-top: 10px;
	}
	.replay-controls h1 {
		font-size: 16pt;
		font-weight: normal;
		color: #CCC;
	}
	.pagelink {
		text-align: center;
	}
	.pagelink a {
		width: 150px;
	}
	.textbox, .button {
		font-size: 11pt;
		vertical-align: middle;
	}
	@media (max-width: 450px) {
		.button {
			font-size: 9pt;
		}
	}
</style>

<div>

	<header>
		<div class="nav-wrapper"><ul class="nav">
			<li><a class="button nav-first" href="//pokemonshowdown.com/"><img src="//pokemonshowdown.com/images/pokemonshowdownbeta.png" srcset="//pokemonshowdown.com/images/pokemonshowdownbeta.png 1x, //pokemonshowdown.com/images/pokemonshowdownbeta@2x.png 2x" alt="Pok&eacute;mon Showdown" width="146" height="44" /> Home</a></li>
			<li><a class="button" href="//pokemonshowdown.com/dex/">Pok&eacute;dex</a></li>
			<li><a class="button cur" href="/">Replays</a></li>
			<li><a class="button" href="//pokemonshowdown.com/ladder/">Ladder</a></li>
			<li><a class="button nav-last" href="//pokemonshowdown.com/forums/">Forum</a></li>
			<li><a class="button greenbutton nav-first nav-last" href="//play.pokemonshowdown.com/">Play</a></li>
		</ul></div>
	</header>

	<div class="main" id="main">

		<noscript><section class="section">You need to enable JavaScript to use this page; sorry!</section></noscript>

	</div>

</div>

<script defer nomodule src="//play.pokemonshowdown.com/js/lib/ps-polyfill.js"></script>
<script defer src="//play.pokemonshowdown.com/js/lib/preact.min.js"></script>

<script defer src="//play.pokemonshowdown.com/config/config.js?2bddbc15"></script>
<script defer src="//play.pokemonshowdown.com/js/lib/jquery-1.11.0.min.js"></script>
<script defer src="//play.pokemonshowdown.com/js/lib/html-sanitizer-minified.js"></script>
<script defer src="//play.pokemonshowdown.com/js/battle-sound.js"></script>
<script defer src="//play.pokemonshowdown.com/js/battledata.js?0.7209276989879541"></script>
<script defer src="//play.pokemonshowdown.com/data/pokedex-mini.js?0.6111056340867951"></script>
<script defer src="//play.pokemonshowdown.com/data/pokedex-mini-bw.js?0.3532142036491459"></script>
<script defer src="//play.pokemonshowdown.com/data/graphics.js?0.24223875632456182"></script>
<script defer src="//play.pokemonshowdown.com/data/pokedex.js?0.38839984266356864"></script>
<script defer src="//play.pokemonshowdown.com/data/moves.js?0.21866028504024015"></script>
<script defer src="//play.pokemonshowdown.com/data/abilities.js?0.2005157953846628"></script>
<script defer src="//play.pokemonshowdown.com/data/items.js?0.9894211263848525"></script>
<script defer src="//play.pokemonshowdown.com/data/teambuilder-tables.js?0.6008791140282215"></script>
<script defer src="//play.pokemonshowdown.com/js/battle-tooltips.js?0.7580118955022959"></script>
<script defer src="//play.pokemonshowdown.com/js/battle.js?0.6057722274234274"></script>

<script defer src="js/utils.js?e31f9a17"></script>
<script defer src="js/replays-battle.js?7008c182"></script>

<!-- don't scrape this data! just add .json or .log after the URL!
Full API docs: https://github.com/smogon/pokemon-showdown-client/blob/master/WEB-API.md -->
<script type="text/plain" class="log" id="replaylog-smogtours-gen3ou-798565">
|inactive|Battle timer is ON: inactive players will automatically lose when time's up.
|t:|1728869365
|gametype|singles
|player|p1|herold_man|266|
|player|p2|OneWhoRants|169|
|teamsize|p1|6
|teamsize|p2|6
|gen|3
|tier|[Gen 3] OU
|rule|Sleep Clause Mod: Limit one foe put to sleep
|rule|Switch Priority Clause Mod: Faster Pokémon switch first
|rule|Species Clause: Limit one of each Pokémon
|rule|OHKO Clause: OHKO moves are banned
|rule|Evasion Items Clause: Evasion items are banned
|rule|Evasion Moves Clause: Evasion moves are banned
|rule|Endless Battle Clause: Forcing endless battles is banned
|rule|HP Percentage Mod: HP is shown in percentages
|rule|One Boost Passer Clause: Limit one Baton Passer that has a way to boost its stats
|rule|Freeze Clause Mod: Limit one foe frozen
|
|t:|1728869365
|start
|switch|p1a: Skarmory|Skarmory, F|100/100
|switch|p2a: Skarmory|Skarmory, F|100/100
|turn|1
|
|t:|1728869374
|switch|p1a: Starmie|Starmie|100/100
|move|p2a: Skarmory|Spikes|p1a: Starmie
|-sidestart|p1: herold_man|Spikes
|
|upkeep
|turn|2
|inactive|OneWhoRants has 270 seconds left.
|
|t:|1728869414
|move|p1a: Starmie|Thunderbolt|p2a: Skarmory
|-supereffective|p2a: Skarmory
|-damage|p2a: Skarmory|48/100
|move|p2a: Skarmory|Toxic|p1a: Starmie|[miss]
|-miss|p2a: Skarmory|p1a: Starmie
|
|-heal|p2a: Skarmory|54/100|[from] item: Leftovers
|upkeep
|turn|3
|
|t:|1728869423
|move|p2a: Skarmory|Protect|p2a: Skarmory
|-singleturn|p2a: Skarmory|Protect
|move|p1a: Starmie|Thunderbolt|p2a: Skarmory
|-activate|p2a: Skarmory|Protect
|
|-heal|p2a: Skarmory|60/100|[from] item: Leftovers
|upkeep
|turn|4
|inactive|OneWhoRants has 270 seconds left.
|
|t:|1728869440
|switch|p2a: Flygon|Flygon, M|100/100
|move|p1a: Starmie|Rapid Spin|p2a: Flygon
|-damage|p2a: Flygon|98/100
|-sideend|p1: herold_man|Spikes|[from] move: Rapid Spin|[of] p1a: Starmie
|
|-heal|p2a: Flygon|100/100|[from] item: Leftovers
|upkeep
|turn|5
|inactive|OneWhoRants has 270 seconds left.
|inactive|OneWhoRants has 240 seconds left.
|
|t:|1728869495
|switch|p2a: Gengar|Gengar, M|100/100
|move|p1a: Starmie|Ice Beam|p2a: Gengar
|-damage|p2a: Gengar|67/100
|
|-heal|p2a: Gengar|72/100|[from] item: Leftovers
|upkeep
|turn|6
|inactive|herold_man has 270 seconds left.
|
|t:|1728869530
|switch|p1a: Blissey|Blissey, F, shiny|100/100
|move|p2a: Gengar|Thunderbolt|p1a: Blissey
|-damage|p1a: Blissey|89/100
|
|-heal|p2a: Gengar|78/100|[from] item: Leftovers
|-heal|p1a: Blissey|95/100|[from] item: Leftovers
|upkeep
|turn|7
|inactive|OneWhoRants has 210 seconds left.
|
|t:|1728869568
|switch|p2a: Suicune|Suicune|100/100
|move|p1a: Blissey|Ice Beam|p2a: Suicune
|-resisted|p2a: Suicune
|-damage|p2a: Suicune|91/100
|
|-heal|p2a: Suicune|97/100|[from] item: Leftovers
|-heal|p1a: Blissey|100/100|[from] item: Leftovers
|upkeep
|turn|8
|inactive|OneWhoRants has 180 seconds left.
|
|t:|1728869597
|move|p2a: Suicune|Calm Mind|p2a: Suicune
|-boost|p2a: Suicune|spa|1
|-boost|p2a: Suicune|spd|1
|move|p1a: Blissey|Toxic|p2a: Suicune
|-status|p2a: Suicune|tox
|
|-heal|p2a: Suicune|100/100 tox|[from] item: Leftovers
|-damage|p2a: Suicune|94/100 tox|[from] psn
|upkeep
|turn|9
|inactive|OneWhoRants has 180 seconds left.
|
|t:|1728869622
|switch|p1a: Starmie|Starmie|100/100
|move|p2a: Suicune|Calm Mind|p2a: Suicune
|-boost|p2a: Suicune|spa|1
|-boost|p2a: Suicune|spd|1
|
|-heal|p2a: Suicune|100/100 tox|[from] item: Leftovers
|-damage|p2a: Suicune|88/100 tox|[from] psn
|upkeep
|turn|10
|
|t:|1728869634
|move|p1a: Starmie|Thunderbolt|p2a: Suicune
|-supereffective|p2a: Suicune
|-damage|p2a: Suicune|67/100 tox
|move|p2a: Suicune|Rest|p2a: Suicune
|-status|p2a: Suicune|slp|[from] move: Rest
|-heal|p2a: Suicune|100/100 slp|[silent]
|
|upkeep
|turn|11
|
|t:|1728869638
|move|p1a: Starmie|Thunderbolt|p2a: Suicune
|-supereffective|p2a: Suicune
|-damage|p2a: Suicune|78/100 slp
|cant|p2a: Suicune|slp
|
|-heal|p2a: Suicune|84/100 slp|[from] item: Leftovers
|upkeep
|turn|12
|
|t:|1728869642
|move|p1a: Starmie|Thunderbolt|p2a: Suicune
|-supereffective|p2a: Suicune
|-damage|p2a: Suicune|62/100 slp
|cant|p2a: Suicune|slp
|
|-heal|p2a: Suicune|68/100 slp|[from] item: Leftovers
|upkeep
|turn|13
|
|t:|1728869645
|move|p1a: Starmie|Thunderbolt|p2a: Suicune
|-supereffective|p2a: Suicune
|-crit|p2a: Suicune
|-damage|p2a: Suicune|0 fnt
|faint|p2a: Suicune
|
|t:|1728869652
|switch|p2a: Metagross|Metagross|100/100
|
|upkeep
|turn|14
|
|t:|1728869672
|switch|p1a: Skarmory|Skarmory, F|100/100
|move|p2a: Metagross|Meteor Mash|p1a: Skarmory
|-resisted|p1a: Skarmory
|-damage|p1a: Skarmory|69/100
|
|-heal|p1a: Skarmory|75/100|[from] item: Leftovers
|upkeep
|turn|15
|
|t:|1728869685
|move|p1a: Skarmory|Protect|p1a: Skarmory
|-singleturn|p1a: Skarmory|Protect
|move|p2a: Metagross|Meteor Mash|p1a: Skarmory
|-activate|p1a: Skarmory|Protect
|
|-heal|p1a: Skarmory|81/100|[from] item: Leftovers
|upkeep
|turn|16
|
|t:|1728869696
|switch|p2a: Starmie|Starmie|100/100
|move|p1a: Skarmory|Spikes|p2a: Starmie
|-sidestart|p2: OneWhoRants|Spikes
|
|-heal|p1a: Skarmory|87/100|[from] item: Leftovers
|upkeep
|turn|17
|inactive|herold_man has 270 seconds left.
|
|t:|1728869751
|switch|p1a: Swampert|Swampert, F|100/100
|move|p2a: Starmie|Rapid Spin|p1a: Swampert
|-damage|p1a: Swampert|98/100
|-sideend|p2: OneWhoRants|Spikes|[from] move: Rapid Spin|[of] p2a: Starmie
|
|-heal|p1a: Swampert|100/100|[from] item: Leftovers
|upkeep
|turn|18
|
|t:|1728869765
|switch|p2a: Skarmory|Skarmory, F|60/100
|move|p1a: Swampert|Earthquake|p2a: Skarmory
|-immune|p2a: Skarmory
|
|-heal|p2a: Skarmory|66/100|[from] item: Leftovers
|upkeep
|turn|19
|inactive|herold_man has 270 seconds left.
|
|t:|1728869777
|switch|p1a: Starmie|Starmie|100/100
|move|p2a: Skarmory|Spikes|p1a: Starmie
|-sidestart|p1: herold_man|Spikes
|
|-heal|p2a: Skarmory|72/100|[from] item: Leftovers
|upkeep
|turn|20
|inactive|herold_man has 270 seconds left.
|
|t:|1728869788
|move|p2a: Skarmory|Protect|p2a: Skarmory
|-singleturn|p2a: Skarmory|Protect
|move|p1a: Starmie|Thunderbolt|p2a: Skarmory
|-activate|p2a: Skarmory|Protect
|
|-heal|p2a: Skarmory|78/100|[from] item: Leftovers
|upkeep
|turn|21
|
|t:|1728869793
|move|p1a: Starmie|Thunderbolt|p2a: Skarmory
|-supereffective|p2a: Skarmory
|-damage|p2a: Skarmory|30/100
|move|p2a: Skarmory|Toxic|p1a: Starmie
|-status|p1a: Starmie|tox
|
|-damage|p1a: Starmie|94/100 tox|[from] psn
|-heal|p2a: Skarmory|36/100|[from] item: Leftovers
|upkeep
|turn|22
|
|t:|1728869797
|move|p2a: Skarmory|Protect|p2a: Skarmory
|-singleturn|p2a: Skarmory|Protect
|move|p1a: Starmie|Thunderbolt|p2a: Skarmory
|-activate|p2a: Skarmory|Protect
|
|-heal|p1a: Starmie|100/100 tox|[from] item: Leftovers
|-damage|p1a: Starmie|88/100 tox|[from] psn
|-heal|p2a: Skarmory|42/100|[from] item: Leftovers
|upkeep
|turn|23
|
|t:|1728869815
|switch|p2a: Starmie|Starmie|100/100
|move|p1a: Starmie|Thunderbolt|p2a: Starmie
|-supereffective|p2a: Starmie
|-damage|p2a: Starmie|17/100
|
|-heal|p1a: Starmie|94/100 tox|[from] item: Leftovers
|-damage|p1a: Starmie|76/100 tox|[from] psn
|-heal|p2a: Starmie|23/100|[from] item: Leftovers
|upkeep
|turn|24
|inactive|OneWhoRants has 210 seconds left.
|
|t:|1728869847
|-curestatus|p1a: Starmie|tox|[from] ability: Natural Cure
|switch|p1a: Gengar|Gengar, F|100/100
|switch|p2a: Flygon|Flygon, M|100/100
|
|upkeep
|turn|25
|
|t:|1728869855
|switch|p2a: Starmie|Starmie|23/100
|move|p1a: Gengar|Ice Punch|p2a: Starmie
|-resisted|p2a: Starmie
|-damage|p2a: Starmie|7/100
|
|-heal|p2a: Starmie|13/100|[from] item: Leftovers
|upkeep
|turn|26
|inactive|OneWhoRants has 210 seconds left.
|
|t:|1728869874
|move|p2a: Starmie|Hydro Pump|p1a: Gengar
|-damage|p1a: Gengar|39/100
|move|p1a: Gengar|Thunderbolt|p2a: Starmie
|-supereffective|p2a: Starmie
|-damage|p2a: Starmie|0 fnt
|faint|p2a: Starmie
|
|t:|1728869879
|switch|p2a: Gengar|Gengar, M|78/100
|
|-heal|p2a: Gengar|84/100|[from] item: Leftovers
|-heal|p1a: Gengar|45/100|[from] item: Leftovers
|upkeep
|turn|27
|
|t:|1728869887
|switch|p1a: Blissey|Blissey, F, shiny|100/100
|-damage|p1a: Blissey|88/100|[from] Spikes
|switch|p2a: Metagross|Metagross|100/100
|
|-heal|p1a: Blissey|94/100|[from] item: Leftovers
|upkeep
|turn|28
|inactive|OneWhoRants has 210 seconds left.
|
|t:|1728869900
|switch|p2a: Skarmory|Skarmory, F|42/100
|switch|p1a: Skarmory|Skarmory, F|87/100
|
|-heal|p2a: Skarmory|48/100|[from] item: Leftovers
|-heal|p1a: Skarmory|93/100|[from] item: Leftovers
|upkeep
|turn|29
|inactive|OneWhoRants has 210 seconds left.
|
|t:|1728869922
|switch|p1a: Starmie|Starmie|76/100
|-damage|p1a: Starmie|64/100|[from] Spikes
|move|p2a: Skarmory|Toxic|p1a: Starmie|[miss]
|-miss|p2a: Skarmory|p1a: Starmie
|
|-heal|p1a: Starmie|70/100|[from] item: Leftovers
|-heal|p2a: Skarmory|54/100|[from] item: Leftovers
|upkeep
|turn|30
|inactive|OneWhoRants has 210 seconds left.
|
|t:|1728869932
|move|p2a: Skarmory|Protect|p2a: Skarmory
|-singleturn|p2a: Skarmory|Protect
|move|p1a: Starmie|Rapid Spin|p2a: Skarmory
|-activate|p2a: Skarmory|Protect
|
|-heal|p1a: Starmie|76/100|[from] item: Leftovers
|-heal|p2a: Skarmory|60/100|[from] item: Leftovers
|upkeep
|turn|31
|
|t:|1728869935
|move|p1a: Starmie|Thunderbolt|p2a: Skarmory
|-supereffective|p2a: Skarmory
|-damage|p2a: Skarmory|4/100
|-status|p2a: Skarmory|par
|move|p2a: Skarmory|Toxic|p1a: Starmie
|-status|p1a: Starmie|tox
|
|-heal|p1a: Starmie|82/100 tox|[from] item: Leftovers
|-damage|p1a: Starmie|76/100 tox|[from] psn
|-heal|p2a: Skarmory|10/100 par|[from] item: Leftovers
|upkeep
|turn|32
|
|t:|1728869964
|-curestatus|p1a: Starmie|tox|[from] ability: Natural Cure
|switch|p1a: Blissey|Blissey, F, shiny|94/100
|-damage|p1a: Blissey|82/100|[from] Spikes
|switch|p2a: Flygon|Flygon, M|100/100
|
|-heal|p1a: Blissey|88/100|[from] item: Leftovers
|upkeep
|turn|33
|
|t:|1728869980
|switch|p2a: Metagross|Metagross|100/100
|switch|p1a: Skarmory|Skarmory, F|93/100
|
|-heal|p1a: Skarmory|99/100|[from] item: Leftovers
|upkeep
|turn|34
|
|t:|1728869992
|switch|p2a: Gengar|Gengar, M|84/100
|move|p1a: Skarmory|Spikes|p2a: Gengar
|-sidestart|p2: OneWhoRants|Spikes
|
|-heal|p2a: Gengar|90/100|[from] item: Leftovers
|-heal|p1a: Skarmory|100/100|[from] item: Leftovers
|upkeep
|turn|35
|
|t:|1728870002
|switch|p1a: Blissey|Blissey, F, shiny|88/100
|-damage|p1a: Blissey|75/100|[from] Spikes
|move|p2a: Gengar|Will-O-Wisp|p1a: Blissey
|-status|p1a: Blissey|brn
|
|-heal|p2a: Gengar|96/100|[from] item: Leftovers
|-heal|p1a: Blissey|82/100 brn|[from] item: Leftovers
|-damage|p1a: Blissey|69/100 brn|[from] brn
|upkeep
|turn|36
|
|t:|1728870017
|switch|p2a: Skarmory|Skarmory, F|10/100 par
|move|p1a: Blissey|Soft-Boiled|p1a: Blissey
|-heal|p1a: Blissey|100/100 brn
|
|-damage|p1a: Blissey|88/100 brn|[from] brn
|-heal|p2a: Skarmory|16/100 par|[from] item: Leftovers
|upkeep
|turn|37
|inactive|OneWhoRants has 240 seconds left.
|inactive|OneWhoRants disconnected and has 300 seconds to reconnect!
|player|p2|
|inactive|OneWhoRants has 270 seconds to reconnect!
|inactive|OneWhoRants reconnected and has 235 seconds left.
|player|p2|OneWhoRants|169|
|inactive|OneWhoRants has 210 seconds left.
|
|t:|1728870100
|move|p1a: Blissey|Fire Blast|p2a: Skarmory
|-supereffective|p2a: Skarmory
|-damage|p2a: Skarmory|0 fnt
|faint|p2a: Skarmory
|
|t:|1728870119
|switch|p2a: Metagross|Metagross|100/100
|-damage|p2a: Metagross|88/100|[from] Spikes
|
|-heal|p1a: Blissey|94/100 brn|[from] item: Leftovers
|-damage|p1a: Blissey|82/100 brn|[from] brn
|upkeep
|turn|38
|
|t:|1728870125
|switch|p2a: Gengar|Gengar, M|96/100
|-curestatus|p1a: Blissey|brn|[from] ability: Natural Cure
|switch|p1a: Skarmory|Skarmory, F|100/100
|
|-heal|p2a: Gengar|100/100|[from] item: Leftovers
|upkeep
|turn|39
|
|t:|1728870145
|switch|p1a: Blissey|Blissey, F, shiny|82/100
|-damage|p1a: Blissey|69/100|[from] Spikes
|move|p2a: Gengar|Thunderbolt|p1a: Blissey
|-damage|p1a: Blissey|59/100
|
|-heal|p1a: Blissey|65/100|[from] item: Leftovers
|upkeep
|turn|40
|inactive|OneWhoRants has 180 seconds left.
|
|t:|1728870174
|move|p2a: Gengar|Will-O-Wisp|p1a: Blissey
|-status|p1a: Blissey|brn
|move|p1a: Blissey|Ice Beam|p2a: Gengar
|-damage|p2a: Gengar|72/100
|
|-heal|p2a: Gengar|78/100|[from] item: Leftovers
|-heal|p1a: Blissey|71/100 brn|[from] item: Leftovers
|-damage|p1a: Blissey|59/100 brn|[from] brn
|upkeep
|turn|41
|inactive|OneWhoRants has 180 seconds left.
|
|t:|1728870194
|move|p2a: Gengar|Thunderbolt|p1a: Blissey
|-damage|p1a: Blissey|49/100 brn
|move|p1a: Blissey|Ice Beam|p2a: Gengar
|-damage|p2a: Gengar|48/100
|
|-heal|p2a: Gengar|54/100|[from] item: Leftovers
|-heal|p1a: Blissey|55/100 brn|[from] item: Leftovers
|-damage|p1a: Blissey|42/100 brn|[from] brn
|upkeep
|turn|42
|
|t:|1728870197
|switch|p2a: Flygon|Flygon, M|100/100
|move|p1a: Blissey|Soft-Boiled|p1a: Blissey
|-heal|p1a: Blissey|92/100 brn
|
|-heal|p1a: Blissey|99/100 brn|[from] item: Leftovers
|-damage|p1a: Blissey|86/100 brn|[from] brn
|upkeep
|turn|43
|
|t:|1728870205
|-curestatus|p1a: Blissey|brn|[from] ability: Natural Cure
|switch|p1a: Skarmory|Skarmory, F|100/100
|move|p2a: Flygon|Protect||[still]
|-fail|p2a: Flygon
|
|upkeep
|turn|44
|
|t:|1728870215
|switch|p2a: Gengar|Gengar, M|54/100
|move|p1a: Skarmory|Spikes|p2a: Gengar
|-sidestart|p2: OneWhoRants|Spikes
|
|-heal|p2a: Gengar|60/100|[from] item: Leftovers
|upkeep
|turn|45
|
|t:|1728870220
|switch|p2a: Metagross|Metagross|88/100
|-damage|p2a: Metagross|72/100|[from] Spikes
|switch|p1a: Blissey|Blissey, F, shiny|86/100
|-damage|p1a: Blissey|74/100|[from] Spikes
|
|-heal|p1a: Blissey|80/100|[from] item: Leftovers
|upkeep
|turn|46
|
|t:|1728870227
|switch|p1a: Skarmory|Skarmory, F|100/100
|move|p2a: Metagross|Meteor Mash|p1a: Skarmory
|-resisted|p1a: Skarmory
|-damage|p1a: Skarmory|65/100
|
|-heal|p1a: Skarmory|71/100|[from] item: Leftovers
|upkeep
|turn|47
|
|t:|1728870232
|move|p1a: Skarmory|Protect|p1a: Skarmory
|-singleturn|p1a: Skarmory|Protect
|move|p2a: Metagross|Meteor Mash|p1a: Skarmory
|-activate|p1a: Skarmory|Protect
|
|-heal|p1a: Skarmory|77/100|[from] item: Leftovers
|upkeep
|turn|48
|
|t:|1728870235
|move|p2a: Metagross|Meteor Mash|p1a: Skarmory
|-resisted|p1a: Skarmory
|-damage|p1a: Skarmory|41/100
|move|p1a: Skarmory|Spikes|p2a: Metagross
|-sidestart|p2: OneWhoRants|Spikes
|
|-heal|p1a: Skarmory|47/100|[from] item: Leftovers
|upkeep
|turn|49
|
|t:|1728870238
|move|p1a: Skarmory|Protect|p1a: Skarmory
|-singleturn|p1a: Skarmory|Protect
|move|p2a: Metagross|Meteor Mash|p1a: Skarmory
|-activate|p1a: Skarmory|Protect
|
|-heal|p1a: Skarmory|53/100|[from] item: Leftovers
|upkeep
|turn|50
|
|t:|1728870240
|move|p2a: Metagross|Meteor Mash|p1a: Skarmory
|-resisted|p1a: Skarmory
|-damage|p1a: Skarmory|19/100
|-boost|p2a: Metagross|atk|1
|move|p1a: Skarmory|Roar|p2a: Metagross
|drag|p2a: Flygon|Flygon, M|100/100
|
|-heal|p1a: Skarmory|25/100|[from] item: Leftovers
|upkeep
|turn|51
|
|t:|1728870248
|switch|p2a: Gengar|Gengar, M|60/100
|move|p1a: Skarmory|Toxic|p2a: Gengar
|-immune|p2a: Gengar
|
|-heal|p2a: Gengar|66/100|[from] item: Leftovers
|-heal|p1a: Skarmory|31/100|[from] item: Leftovers
|upkeep
|turn|52
|
|t:|1728870253
|switch|p2a: Metagross|Metagross|72/100
|-damage|p2a: Metagross|47/100|[from] Spikes
|move|p1a: Skarmory|Protect||[still]
|-fail|p1a: Skarmory
|
|-heal|p1a: Skarmory|37/100|[from] item: Leftovers
|upkeep
|turn|53
|
|t:|1728870286
|switch|p1a: Tyranitar|Tyranitar, F|100/100
|-damage|p1a: Tyranitar|88/100|[from] Spikes
|-weather|Sandstorm|[from] ability: Sand Stream|[of] p1a: Tyranitar
|move|p2a: Metagross|Meteor Mash|p1a: Tyranitar|[miss]
|-miss|p2a: Metagross|p1a: Tyranitar
|
|-weather|Sandstorm|[upkeep]
|-heal|p1a: Tyranitar|94/100|[from] item: Leftovers
|upkeep
|turn|54
|inactive|herold_man has 270 seconds left.
|
|t:|1728870325
|move|p2a: Metagross|Meteor Mash|p1a: Tyranitar
|-supereffective|p1a: Tyranitar
|-damage|p1a: Tyranitar|0 fnt
|faint|p1a: Tyranitar
|
|t:|1728870333
|switch|p1a: Swampert|Swampert, F|100/100
|-damage|p1a: Swampert|88/100|[from] Spikes
|
|-weather|Sandstorm|[upkeep]
|-heal|p1a: Swampert|94/100|[from] item: Leftovers
|upkeep
|turn|55
|inactive|OneWhoRants has 270 seconds left.
|
|t:|1728870351
|switch|p2a: Gengar|Gengar, M|66/100
|move|p1a: Swampert|Earthquake|p2a: Gengar
|-immune|p2a: Gengar
|
|-weather|Sandstorm|[upkeep]
|-damage|p2a: Gengar|60/100|[from] Sandstorm
|-heal|p2a: Gengar|66/100|[from] item: Leftovers
|-heal|p1a: Swampert|100/100|[from] item: Leftovers
|upkeep
|turn|56
|inactive|OneWhoRants has 270 seconds left.
|
|t:|1728870368
|switch|p1a: Starmie|Starmie|76/100
|-damage|p1a: Starmie|64/100|[from] Spikes
|move|p2a: Gengar|Will-O-Wisp|p1a: Starmie|[miss]
|-miss|p2a: Gengar|p1a: Starmie
|
|-weather|Sandstorm|[upkeep]
|-damage|p1a: Starmie|58/100|[from] Sandstorm
|-damage|p2a: Gengar|60/100|[from] Sandstorm
|-heal|p1a: Starmie|64/100|[from] item: Leftovers
|-heal|p2a: Gengar|66/100|[from] item: Leftovers
|upkeep
|turn|57
|
|t:|1728870377
|move|p1a: Starmie|Hydro Pump|p2a: Gengar
|-damage|p2a: Gengar|6/100
|move|p2a: Gengar|Thunderbolt|p1a: Starmie
|-supereffective|p1a: Starmie
|-damage|p1a: Starmie|0 fnt
|faint|p1a: Starmie
|
|t:|1728870383
|switch|p1a: Gengar|Gengar, F|45/100
|
|-weather|Sandstorm|[upkeep]
|-damage|p2a: Gengar|0 fnt|[from] Sandstorm
|-damage|p1a: Gengar|39/100|[from] Sandstorm
|faint|p2a: Gengar
|-heal|p1a: Gengar|45/100|[from] item: Leftovers
|upkeep
|
|t:|1728870394
|switch|p2a: Flygon|Flygon, M|100/100
|turn|58
|
|t:|1728870400
|move|p1a: Gengar|Ice Punch|p2a: Flygon
|-supereffective|p2a: Flygon
|-damage|p2a: Flygon|2/100
|move|p2a: Flygon|Rock Slide|p1a: Gengar
|-damage|p1a: Gengar|15/100
|
|-weather|Sandstorm|[upkeep]
|-damage|p1a: Gengar|9/100|[from] Sandstorm
|-heal|p1a: Gengar|15/100|[from] item: Leftovers
|-heal|p2a: Flygon|8/100|[from] item: Leftovers
|upkeep
|turn|59
|inactive|herold_man has 270 seconds left.
|
|t:|1728870407
|move|p2a: Flygon|Protect|p2a: Flygon
|-singleturn|p2a: Flygon|Protect
|move|p1a: Gengar|Ice Punch|p2a: Flygon
|-activate|p2a: Flygon|Protect
|
|-weather|Sandstorm|[upkeep]
|-damage|p1a: Gengar|9/100|[from] Sandstorm
|-heal|p1a: Gengar|15/100|[from] item: Leftovers
|-heal|p2a: Flygon|14/100|[from] item: Leftovers
|upkeep
|turn|60
|
|t:|1728870409
|move|p2a: Flygon|Protect|p2a: Flygon
|-singleturn|p2a: Flygon|Protect
|move|p1a: Gengar|Ice Punch|p2a: Flygon
|-activate|p2a: Flygon|Protect
|
|-weather|Sandstorm|[upkeep]
|-damage|p1a: Gengar|9/100|[from] Sandstorm
|-heal|p1a: Gengar|15/100|[from] item: Leftovers
|-heal|p2a: Flygon|20/100|[from] item: Leftovers
|upkeep
|turn|61
|
|t:|1728870411
|move|p2a: Flygon|Protect||[still]
|-fail|p2a: Flygon
|move|p1a: Gengar|Ice Punch|p2a: Flygon
|-supereffective|p2a: Flygon
|-damage|p2a: Flygon|0 fnt
|faint|p2a: Flygon
|
|t:|1728870413
|switch|p2a: Metagross|Metagross|47/100
|-damage|p2a: Metagross|22/100|[from] Spikes
|
|-weather|Sandstorm|[upkeep]
|-damage|p1a: Gengar|9/100|[from] Sandstorm
|-heal|p1a: Gengar|15/100|[from] item: Leftovers
|upkeep
|turn|62
|
|t:|1728870419
|move|p1a: Gengar|Thunderbolt|p2a: Metagross
|-damage|p2a: Metagross|0 fnt
|faint|p2a: Metagross
|
|win|herold_man
|player|p2|

</script>
<script type="application/json" class="data" id="replaydata-smogtours-gen3ou-798565">
{"id":"smogtours-gen3ou-798565","format":"[Gen 3] OU","players":["herold_man","OneWhoRants"],"uploadtime":1728870419,"views":79,"formatid":"gen3ou","rating":null,"private":0,"password":null}
</script>

<script defer src="js/replays.js?9d40a366"></script>
