<!DOCTYPE html>
<meta charset="utf-8" />
<meta name="viewport" content="width=device-width" />

<title>[Gen 3] OU: Dr4gonl0rd vs. bandoodee - Replays - Pok&eacute;mon Showdown!</title>

<meta name="description" content="Watch a replay of a Pok&eacute;mon battle between Dr4gonl0rd and bandoodee! Format: [Gen 3] OU; Date: Oct 27, 2024" />
<!--

Hey, you! Looking in the source for the replay log?

You can find them in JSON format, just add `.json` at the end of a replay URL.

https://replay.pokemonshowdown.com/gen7randomdoublesbattle-865046831.json

Or, if you only need the log itself, add `.log` instead:

https://replay.pokemonshowdown.com/gen7randomdoublesbattle-865046831.log

-->

<link rel="stylesheet" href="//pokemonshowdown.com/style/global.css?0.767286132409787" />
<link rel="stylesheet" href="//play.pokemonshowdown.com/style/font-awesome.css?0.9266228007934947" />
<link rel="stylesheet" href="//play.pokemonshowdown.com/style/battle.css?0.7924700842790926" />
<link rel="stylesheet" href="//play.pokemonshowdown.com/style/utilichart.css?0.8777417872839479" />

<!-- Global site tag (gtag.js) - Google Analytics -->
<script async src="https://www.googletagmanager.com/gtag/js?id=UA-26211653-1"></script>
<script>
  window.dataLayer = window.dataLayer || [];
  function gtag(){dataLayer.push(arguments);}
  gtag('js', new Date());

  gtag('config', 'UA-26211653-1');
</script>
<!-- End Google Analytics -->
<!-- Venatus Ad Manager - Install in <HEAD> of page -->
	<script src="https://hb.vntsm.com/v3/live/ad-manager.min.js" type="text/javascript" data-site-id="642aba63ec9a7b11c3c9c1be" data-mode="scan" async></script>
<!-- / Venatus Ad Manager -->

<style>
	@media (max-width:820px) {
		.battle {
			margin: 0 auto;
		}
		.battle-log {
			margin: 7px auto 0;
			max-width: 640px;
			height: 300px;
			position: static;
		}
	}
	.optgroup {
		display: inline-block;
		line-height: 22px;
		font-size: 10pt;
	}
	.optgroup .button {
		height: 25px;
		padding-top: 0;
		padding-bottom: 0;
	}
	.optgroup button.button {
		padding-left: 12px;
		padding-right: 12px;
	}
	.linklist {
		list-style: none;
		margin: 0.5em 0;
		padding: 0;
	}
	.linklist li {
		padding: 2px 0;
	}
	.sidebar {
		float: left;
		width: 320px;
	}
	.bar-wrapper {
		max-width: 1100px;
		margin: 0 auto;
	}
	.bar-wrapper.has-sidebar {
		max-width: 1430px;
	}
	.mainbar {
		margin: 0;
		padding-right: 1px;
	}
	.mainbar.has-sidebar {
		margin-left: 330px;
	}
	@media (min-width: 1511px) {
		.sidebar {
			width: 400px;
		}
		.bar-wrapper.has-sidebar {
			max-width: 1510px;
		}
		.mainbar.has-sidebar {
			margin-left: 410px;
		}
	}
	.section.first-section {
		margin-top: 9px;
	}
	.blocklink small {
		white-space: normal;
	}
	.button {
		vertical-align: middle;
	}
	.replay-controls {
		padding-top: 10px;
	}
	.replay-controls h1 {
		font-size: 16pt;
		font-weight: normal;
		color: #CCC;
	}
	.pagelink {
		text-align: center;
	}
	.pagelink a {
		width: 150px;
	}
	.textbox, .button {
		font-size: 11pt;
		vertical-align: middle;
	}
	@media (max-width: 450px) {
		.button {
			font-size: 9pt;
		}
	}
</style>

<div>

	<header>
		<div class="nav-wrapper"><ul class="nav">
			<li><a class="button nav-first" href="//pokemonshowdown.com/"><img src="//pokemonshowdown.com/images/pokemonshowdownbeta.png" srcset="//pokemonshowdown.com/images/pokemonshowdownbeta.png 1x, //pokemonshowdown.com/images/pokemonshowdownbeta@2x.png 2x" alt="Pok&eacute;mon Showdown" width="146" height="44" /> Home</a></li>
			<li><a class="button" href="//pokemonshowdown.com/dex/">Pok&eacute;dex</a></li>
			<li><a class="button cur" href="/">Replays</a></li>
			<li><a class="button" href="//pokemonshowdown.com/ladder/">Ladder</a></li>
			<li><a class="button nav-last" href="//pokemonshowdown.com/forums/">Forum</a></li>
			<li><a class="button greenbutton nav-first nav-last" href="//play.pokemonshowdown.com/">Play</a></li>
		</ul></div>
	</header>

	<div class="main" id="main">

		<noscript><section class="section">You need to enable JavaScript to use this page; sorry!</section></noscript>

	</div>

</div>

<script defer nomodule src="//play.pokemonshowdown.com/js/lib/ps-polyfill.js"></script>
<script defer src="//play.pokemonshowdown.com/js/lib/preact.min.js"></script>

<script defer src="//play.pokemonshowdown.com/config/config.js?6dec07f6"></script>
<script defer src="//play.pokemonshowdown.com/js/lib/jquery-1.11.0.min.js"></script>
<script defer src="//play.pokemonshowdown.com/js/lib/html-sanitizer-minified.js"></script>
<script defer src="//play.pokemonshowdown.com/js/battle-sound.js"></script>
<script defer src="//play.pokemonshowdown.com/js/battledata.js?0.6315294753075389"></script>
<script defer src="//play.pokemonshowdown.com/data/pokedex-mini.js?0.7603743185311358"></script>
<script defer src="//play.pokemonshowdown.com/data/pokedex-mini-bw.js?0.030888842834281283"></script>
<script defer src="//play.pokemonshowdown.com/data/graphics.js?0.05593094747507488"></script>
<script defer src="//play.pokemonshowdown.com/data/pokedex.js?0.47064822249611904"></script>
<script defer src="//play.pokemonshowdown.com/data/moves.js?0.8583693120512459"></script>
<script defer src="//play.pokemonshowdown.com/data/abilities.js?0.16017181182386842"></script>
<script defer src="//play.pokemonshowdown.com/data/items.js?0.4163379185673943"></script>
<script defer src="//play.pokemonshowdown.com/data/teambuilder-tables.js?0.31075597372830477"></script>
<script defer src="//play.pokemonshowdown.com/js/battle-tooltips.js?0.6536193500708172"></script>
<script defer src="//play.pokemonshowdown.com/js/battle.js?0.1916591943277901"></script>

<script defer src="js/utils.js?e31f9a17"></script>
<script defer src="js/replays-battle.js?7008c182"></script>

<!-- don't scrape this data! just add .json or .log after the URL!
Full API docs: https://github.com/smogon/pokemon-showdown-client/blob/master/WEB-API.md -->
<script type="text/plain" class="log" id="replaylog-smogtours-gen3ou-802674">
|inactive|Battle timer is ON: inactive players will automatically lose when time's up.
|t:|1730058118
|gametype|singles
|player|p1|Dr4gonl0rd|1|
|player|p2|bandoodee|101|
|teamsize|p1|6
|teamsize|p2|6
|gen|3
|tier|[Gen 3] OU
|rule|Sleep Clause Mod: Limit one foe put to sleep
|rule|Switch Priority Clause Mod: Faster Pokémon switch first
|rule|Species Clause: Limit one of each Pokémon
|rule|OHKO Clause: OHKO moves are banned
|rule|Evasion Items Clause: Evasion items are banned
|rule|Evasion Moves Clause: Evasion moves are banned
|rule|Endless Battle Clause: Forcing endless battles is banned
|rule|HP Percentage Mod: HP is shown in percentages
|rule|One Boost Passer Clause: Limit one Baton Passer that has a way to boost its stats
|rule|Freeze Clause Mod: Limit one foe frozen
|
|t:|1730058118
|start
|switch|p1a: Skare-mory|Skarmory, M|100/100
|switch|p2a: Salamence|Salamence, F|100/100
|-ability|p2a: Salamence|Intimidate|boost
|-unboost|p1a: Skare-mory|atk|1
|turn|1
|c|☆Dr4gonl0rd|glhf
|c|☆bandoodee|u2
|inactive|Dr4gonl0rd has 270 seconds left.
|
|t:|1730058155
|move|p2a: Salamence|Fire Blast|p1a: Skare-mory|[miss]
|-miss|p2a: Salamence|p1a: Skare-mory
|move|p1a: Skare-mory|Spikes|p2a: Salamence
|-sidestart|p2: bandoodee|Spikes
|
|upkeep
|turn|2
|
|t:|1730058167
|move|p1a: Skare-mory|Protect|p1a: Skare-mory
|-singleturn|p1a: Skare-mory|Protect
|move|p2a: Salamence|Fire Blast|p1a: Skare-mory
|-activate|p1a: Skare-mory|Protect
|
|upkeep
|turn|3
|
|t:|1730058174
|switch|p1a: Nurse|Blissey, F|100/100
|move|p2a: Salamence|Brick Break|p1a: Nurse
|-supereffective|p1a: Nurse
|-damage|p1a: Nurse|52/100
|
|-heal|p1a: Nurse|58/100|[from] item: Leftovers
|upkeep
|turn|4
|
|t:|1730058190
|switch|p2a: Metagross|Metagross|100/100
|-damage|p2a: Metagross|88/100|[from] Spikes
|move|p1a: Nurse|Soft-Boiled|p1a: Nurse
|-heal|p1a: Nurse|100/100
|
|-heal|p2a: Metagross|94/100|[from] item: Leftovers
|upkeep
|turn|5
|
|t:|1730058203
|switch|p2a: Skarmory|Skarmory, F, shiny|100/100
|switch|p1a: Skare-mory|Skarmory, M|100/100
|
|upkeep
|turn|6
|
|t:|1730058206
|move|p2a: Skarmory|Spikes|p1a: Skare-mory
|-sidestart|p1: Dr4gonl0rd|Spikes
|move|p1a: Skare-mory|Spikes|p2a: Skarmory
|-sidestart|p2: bandoodee|Spikes
|
|upkeep
|turn|7
|
|t:|1730058211
|move|p2a: Skarmory|Spikes|p1a: Skare-mory
|-sidestart|p1: Dr4gonl0rd|Spikes
|move|p1a: Skare-mory|Spikes|p2a: Skarmory
|-sidestart|p2: bandoodee|Spikes
|
|upkeep
|turn|8
|
|t:|1730058215
|move|p2a: Skarmory|Spikes|p1a: Skare-mory
|-sidestart|p1: Dr4gonl0rd|Spikes
|move|p1a: Skare-mory|Roar|p2a: Skarmory
|drag|p2a: Tyranitar|Tyranitar, F|100/100
|-damage|p2a: Tyranitar|76/100|[from] Spikes
|-weather|Sandstorm|[from] ability: Sand Stream|[of] p2a: Tyranitar
|
|-weather|Sandstorm|[upkeep]
|upkeep
|turn|9
|
|t:|1730058226
|move|p2a: Tyranitar|Rock Slide|p1a: Skare-mory
|-damage|p1a: Skare-mory|68/100
|move|p1a: Skare-mory|Roar|p2a: Tyranitar
|drag|p2a: Blissey|Blissey, F|100/100
|-damage|p2a: Blissey|76/100|[from] Spikes
|
|-weather|Sandstorm|[upkeep]
|-damage|p2a: Blissey|69/100|[from] Sandstorm
|-heal|p1a: Skare-mory|74/100|[from] item: Leftovers
|-heal|p2a: Blissey|76/100|[from] item: Leftovers
|upkeep
|turn|10
|
|t:|1730058242
|move|p2a: Blissey|Calm Mind|p2a: Blissey
|-boost|p2a: Blissey|spa|1
|-boost|p2a: Blissey|spd|1
|move|p1a: Skare-mory|Roar|p2a: Blissey
|drag|p2a: Salamence|Salamence, F|100/100
|-ability|p2a: Salamence|Intimidate|boost
|-unboost|p1a: Skare-mory|atk|1
|
|-weather|Sandstorm|[upkeep]
|-damage|p2a: Salamence|94/100|[from] Sandstorm
|-heal|p2a: Salamence|100/100|[from] item: Leftovers
|-heal|p1a: Skare-mory|80/100|[from] item: Leftovers
|upkeep
|turn|11
|
|t:|1730058248
|move|p2a: Salamence|Dragon Claw|p1a: Skare-mory
|-resisted|p1a: Skare-mory
|-damage|p1a: Skare-mory|62/100
|move|p1a: Skare-mory|Roar|p2a: Salamence
|drag|p2a: Claydol|Claydol|100/100
|
|-weather|Sandstorm|[upkeep]
|-heal|p1a: Skare-mory|68/100|[from] item: Leftovers
|upkeep
|turn|12
|
|t:|1730058255
|switch|p1a: A ghost 👻|Misdreavus, F|100/100
|move|p2a: Claydol|Psychic|p1a: A ghost 👻
|-damage|p1a: A ghost 👻|83/100
|
|-weather|Sandstorm|[upkeep]
|-damage|p1a: A ghost 👻|76/100|[from] Sandstorm
|-heal|p1a: A ghost 👻|83/100|[from] item: Leftovers
|upkeep
|turn|13
|
|t:|1730058278
|switch|p1a: Skare-mory|Skarmory, M|68/100
|switch|p2a: Skarmory|Skarmory, F, shiny|100/100
|
|-weather|Sandstorm|[upkeep]
|-heal|p1a: Skare-mory|74/100|[from] item: Leftovers
|upkeep
|turn|14
|
|t:|1730058286
|switch|p1a: ⛈⛈⛈|Zapdos|100/100
|move|p2a: Skarmory|Roar|p1a: ⛈⛈⛈
|drag|p1a: El pollo diablo|Moltres|100/100
|
|-weather|Sandstorm|[upkeep]
|-damage|p1a: El pollo diablo|94/100|[from] Sandstorm
|-heal|p1a: El pollo diablo|100/100|[from] item: Leftovers
|upkeep
|turn|15
|
|t:|1730058295
|move|p2a: Skarmory|Protect|p2a: Skarmory
|-singleturn|p2a: Skarmory|Protect
|move|p1a: El pollo diablo|Flamethrower|p2a: Skarmory
|-activate|p2a: Skarmory|Protect
|
|-weather|Sandstorm|[upkeep]
|-damage|p1a: El pollo diablo|94/100|[from] Sandstorm
|-heal|p1a: El pollo diablo|100/100|[from] item: Leftovers
|upkeep
|turn|16
|
|t:|1730058301
|switch|p2a: Salamence|Salamence, F|100/100
|-ability|p2a: Salamence|Intimidate|boost
|-unboost|p1a: El pollo diablo|atk|1
|move|p1a: El pollo diablo|Flamethrower|p2a: Salamence
|-resisted|p2a: Salamence
|-damage|p2a: Salamence|66/100
|
|-weather|Sandstorm|[upkeep]
|-damage|p2a: Salamence|60/100|[from] Sandstorm
|-damage|p1a: El pollo diablo|94/100|[from] Sandstorm
|-heal|p2a: Salamence|66/100|[from] item: Leftovers
|-heal|p1a: El pollo diablo|100/100|[from] item: Leftovers
|upkeep
|turn|17
|
|t:|1730058304
|move|p2a: Salamence|Dragon Claw|p1a: El pollo diablo
|-damage|p1a: El pollo diablo|52/100
|move|p1a: El pollo diablo|Hidden Power|p2a: Salamence
|-supereffective|p2a: Salamence
|-damage|p2a: Salamence|0 fnt
|faint|p2a: Salamence
|
|t:|1730058323
|switch|p2a: Blissey|Blissey, F|76/100
|-damage|p2a: Blissey|51/100|[from] Spikes
|
|-weather|Sandstorm|[upkeep]
|-damage|p1a: El pollo diablo|46/100|[from] Sandstorm
|-damage|p2a: Blissey|45/100|[from] Sandstorm
|-heal|p1a: El pollo diablo|52/100|[from] item: Leftovers
|-heal|p2a: Blissey|51/100|[from] item: Leftovers
|upkeep
|turn|18
|
|t:|1730058329
|switch|p1a: A ghost 👻|Misdreavus, F|83/100
|move|p2a: Blissey|Soft-Boiled|p2a: Blissey
|-heal|p2a: Blissey|100/100
|
|-weather|Sandstorm|[upkeep]
|-damage|p1a: A ghost 👻|76/100|[from] Sandstorm
|-damage|p2a: Blissey|94/100|[from] Sandstorm
|-heal|p1a: A ghost 👻|83/100|[from] item: Leftovers
|-heal|p2a: Blissey|100/100|[from] item: Leftovers
|upkeep
|turn|19
|
|t:|1730058336
|switch|p2a: Skarmory|Skarmory, F, shiny|100/100
|move|p1a: A ghost 👻|Perish Song|p1a: A ghost 👻
|-start|p1a: A ghost 👻|perish3|[silent]
|-start|p2a: Skarmory|perish3|[silent]
|-fieldactivate|move: Perish Song
|
|-weather|Sandstorm|[upkeep]
|-damage|p1a: A ghost 👻|76/100|[from] Sandstorm
|-heal|p1a: A ghost 👻|83/100|[from] item: Leftovers
|-start|p1a: A ghost 👻|perish3
|-start|p2a: Skarmory|perish3
|upkeep
|turn|20
|
|t:|1730058340
|move|p1a: A ghost 👻|Thunderbolt|p2a: Skarmory
|-supereffective|p2a: Skarmory
|-damage|p2a: Skarmory|67/100
|move|p2a: Skarmory|Roar|p1a: A ghost 👻
|drag|p1a: Nurse|Blissey, F|100/100
|-damage|p1a: Nurse|76/100|[from] Spikes
|
|-weather|Sandstorm|[upkeep]
|-damage|p1a: Nurse|69/100|[from] Sandstorm
|-heal|p2a: Skarmory|73/100|[from] item: Leftovers
|-heal|p1a: Nurse|76/100|[from] item: Leftovers
|-start|p2a: Skarmory|perish2
|upkeep
|turn|21
|
|t:|1730058352
|switch|p2a: Metagross|Metagross|94/100
|-damage|p2a: Metagross|69/100|[from] Spikes
|move|p1a: Nurse|Seismic Toss|p2a: Metagross
|-damage|p2a: Metagross|42/100
|
|-weather|Sandstorm|[upkeep]
|-damage|p1a: Nurse|69/100|[from] Sandstorm
|-heal|p2a: Metagross|48/100|[from] item: Leftovers
|-heal|p1a: Nurse|76/100|[from] item: Leftovers
|upkeep
|turn|22
|
|t:|1730058357
|switch|p1a: Skare-mory|Skarmory, M|74/100
|move|p2a: Metagross|Meteor Mash|p1a: Skare-mory
|-resisted|p1a: Skare-mory
|-damage|p1a: Skare-mory|51/100
|
|-weather|Sandstorm|[upkeep]
|-heal|p2a: Metagross|54/100|[from] item: Leftovers
|-heal|p1a: Skare-mory|57/100|[from] item: Leftovers
|upkeep
|turn|23
|
|t:|1730058363
|move|p2a: Metagross|Meteor Mash|p1a: Skare-mory
|-resisted|p1a: Skare-mory
|-damage|p1a: Skare-mory|38/100
|move|p1a: Skare-mory|Roar|p2a: Metagross
|drag|p2a: Claydol|Claydol|100/100
|
|-weather|Sandstorm|[upkeep]
|-heal|p1a: Skare-mory|44/100|[from] item: Leftovers
|upkeep
|turn|24
|
|t:|1730058370
|switch|p1a: A ghost 👻|Misdreavus, F|83/100
|move|p2a: Claydol|Psychic|p1a: A ghost 👻
|-damage|p1a: A ghost 👻|63/100
|
|-weather|Sandstorm|[upkeep]
|-damage|p1a: A ghost 👻|57/100|[from] Sandstorm
|-heal|p1a: A ghost 👻|63/100|[from] item: Leftovers
|upkeep
|turn|25
|
|t:|1730058398
|switch|p2a: Skarmory|Skarmory, F, shiny|73/100
|move|p1a: A ghost 👻|Rest|p1a: A ghost 👻
|-status|p1a: A ghost 👻|slp|[from] move: Rest
|-heal|p1a: A ghost 👻|100/100 slp|[silent]
|
|-weather|Sandstorm|[upkeep]
|-damage|p1a: A ghost 👻|94/100 slp|[from] Sandstorm
|-heal|p1a: A ghost 👻|100/100 slp|[from] item: Leftovers
|-heal|p2a: Skarmory|79/100|[from] item: Leftovers
|upkeep
|turn|26
|
|t:|1730058411
|switch|p1a: ⛈⛈⛈|Zapdos|100/100
|move|p2a: Skarmory|Roar|p1a: ⛈⛈⛈
|drag|p1a: A ghost 👻|Misdreavus, F|100/100 slp
|
|-weather|Sandstorm|[upkeep]
|-damage|p1a: A ghost 👻|94/100 slp|[from] Sandstorm
|-heal|p1a: A ghost 👻|100/100 slp|[from] item: Leftovers
|-heal|p2a: Skarmory|85/100|[from] item: Leftovers
|upkeep
|turn|27
|
|t:|1730058426
|switch|p1a: ⛈⛈⛈|Zapdos|100/100
|switch|p2a: Blissey|Blissey, F|100/100
|-damage|p2a: Blissey|76/100|[from] Spikes
|
|-weather|Sandstorm|[upkeep]
|-damage|p1a: ⛈⛈⛈|94/100|[from] Sandstorm
|-damage|p2a: Blissey|69/100|[from] Sandstorm
|-heal|p1a: ⛈⛈⛈|100/100|[from] item: Leftovers
|-heal|p2a: Blissey|76/100|[from] item: Leftovers
|upkeep
|turn|28
|
|t:|1730058433
|move|p2a: Blissey|Calm Mind|p2a: Blissey
|-boost|p2a: Blissey|spa|1
|-boost|p2a: Blissey|spd|1
|move|p1a: ⛈⛈⛈|Roar|p2a: Blissey
|drag|p2a: Metagross|Metagross|54/100
|-damage|p2a: Metagross|29/100|[from] Spikes
|
|-weather|Sandstorm|[upkeep]
|-damage|p1a: ⛈⛈⛈|94/100|[from] Sandstorm
|-heal|p1a: ⛈⛈⛈|100/100|[from] item: Leftovers
|-heal|p2a: Metagross|35/100|[from] item: Leftovers
|upkeep
|turn|29
|
|t:|1730058439
|move|p2a: Metagross|Protect|p2a: Metagross
|-singleturn|p2a: Metagross|Protect
|move|p1a: ⛈⛈⛈|Thunderbolt|p2a: Metagross
|-activate|p2a: Metagross|Protect
|
|-weather|Sandstorm|[upkeep]
|-damage|p1a: ⛈⛈⛈|94/100|[from] Sandstorm
|-heal|p1a: ⛈⛈⛈|100/100|[from] item: Leftovers
|-heal|p2a: Metagross|41/100|[from] item: Leftovers
|upkeep
|turn|30
|
|t:|1730058448
|switch|p2a: Blissey|Blissey, F|76/100
|-damage|p2a: Blissey|51/100|[from] Spikes
|move|p1a: ⛈⛈⛈|Thunderbolt|p2a: Blissey
|-damage|p2a: Blissey|34/100
|
|-weather|Sandstorm|[upkeep]
|-damage|p1a: ⛈⛈⛈|94/100|[from] Sandstorm
|-damage|p2a: Blissey|28/100|[from] Sandstorm
|-heal|p1a: ⛈⛈⛈|100/100|[from] item: Leftovers
|-heal|p2a: Blissey|34/100|[from] item: Leftovers
|upkeep
|turn|31
|
|t:|1730058452
|move|p2a: Blissey|Soft-Boiled|p2a: Blissey
|-heal|p2a: Blissey|84/100
|move|p1a: ⛈⛈⛈|Roar|p2a: Blissey
|drag|p2a: Metagross|Metagross|41/100
|-damage|p2a: Metagross|16/100|[from] Spikes
|
|-weather|Sandstorm|[upkeep]
|-damage|p1a: ⛈⛈⛈|94/100|[from] Sandstorm
|-heal|p1a: ⛈⛈⛈|100/100|[from] item: Leftovers
|-heal|p2a: Metagross|22/100|[from] item: Leftovers
|upkeep
|turn|32
|
|t:|1730058458
|move|p2a: Metagross|Protect|p2a: Metagross
|-singleturn|p2a: Metagross|Protect
|move|p1a: ⛈⛈⛈|Thunderbolt|p2a: Metagross
|-activate|p2a: Metagross|Protect
|
|-weather|Sandstorm|[upkeep]
|-damage|p1a: ⛈⛈⛈|94/100|[from] Sandstorm
|-heal|p1a: ⛈⛈⛈|100/100|[from] item: Leftovers
|-heal|p2a: Metagross|28/100|[from] item: Leftovers
|upkeep
|turn|33
|
|t:|1730058462
|switch|p2a: Claydol|Claydol|100/100
|move|p1a: ⛈⛈⛈|Roar|p2a: Claydol
|drag|p2a: Tyranitar|Tyranitar, F|76/100
|-damage|p2a: Tyranitar|51/100|[from] Spikes
|
|-weather|Sandstorm|[upkeep]
|-damage|p1a: ⛈⛈⛈|94/100|[from] Sandstorm
|-heal|p1a: ⛈⛈⛈|100/100|[from] item: Leftovers
|upkeep
|turn|34
|
|t:|1730058471
|switch|p1a: Skare-mory|Skarmory, M|44/100
|move|p2a: Tyranitar|Rock Slide|p1a: Skare-mory
|-crit|p1a: Skare-mory
|-damage|p1a: Skare-mory|0 fnt
|faint|p1a: Skare-mory
|
|t:|1730058479
|switch|p1a: I fly you gone|Flygon, M|100/100
|
|-weather|Sandstorm|[upkeep]
|upkeep
|turn|35
|
|t:|1730058484
|switch|p2a: Skarmory|Skarmory, F, shiny|85/100
|move|p1a: I fly you gone|Earthquake|p2a: Skarmory
|-immune|p2a: Skarmory
|
|-weather|Sandstorm|[upkeep]
|-heal|p2a: Skarmory|91/100|[from] item: Leftovers
|upkeep
|turn|36
|
|t:|1730058489
|switch|p1a: ⛈⛈⛈|Zapdos|100/100
|move|p2a: Skarmory|Roar|p1a: ⛈⛈⛈
|drag|p1a: A ghost 👻|Misdreavus, F|100/100 slp
|
|-weather|Sandstorm|[upkeep]
|-damage|p1a: A ghost 👻|94/100 slp|[from] Sandstorm
|-heal|p1a: A ghost 👻|100/100 slp|[from] item: Leftovers
|-heal|p2a: Skarmory|97/100|[from] item: Leftovers
|upkeep
|turn|37
|
|t:|1730058497
|switch|p2a: Blissey|Blissey, F|84/100
|-damage|p2a: Blissey|59/100|[from] Spikes
|cant|p1a: A ghost 👻|slp
|
|-weather|Sandstorm|[upkeep]
|-damage|p1a: A ghost 👻|94/100 slp|[from] Sandstorm
|-damage|p2a: Blissey|53/100|[from] Sandstorm
|-heal|p1a: A ghost 👻|100/100 slp|[from] item: Leftovers
|-heal|p2a: Blissey|59/100|[from] item: Leftovers
|upkeep
|turn|38
|
|t:|1730058509
|cant|p1a: A ghost 👻|slp
|move|p2a: Blissey|Soft-Boiled|p2a: Blissey
|-heal|p2a: Blissey|100/100
|
|-weather|Sandstorm|[upkeep]
|-damage|p1a: A ghost 👻|94/100 slp|[from] Sandstorm
|-damage|p2a: Blissey|94/100|[from] Sandstorm
|-heal|p1a: A ghost 👻|100/100 slp|[from] item: Leftovers
|-heal|p2a: Blissey|100/100|[from] item: Leftovers
|upkeep
|turn|39
|
|t:|1730058513
|-curestatus|p1a: A ghost 👻|slp|[msg]
|move|p1a: A ghost 👻|Mean Look|p2a: Blissey
|-activate|p2a: Blissey|trapped
|move|p2a: Blissey|Thunderbolt|p1a: A ghost 👻
|-damage|p1a: A ghost 👻|78/100
|
|-weather|Sandstorm|[upkeep]
|-damage|p1a: A ghost 👻|72/100|[from] Sandstorm
|-damage|p2a: Blissey|94/100|[from] Sandstorm
|-heal|p1a: A ghost 👻|78/100|[from] item: Leftovers
|-heal|p2a: Blissey|100/100|[from] item: Leftovers
|upkeep
|turn|40
|
|t:|1730058517
|move|p1a: A ghost 👻|Perish Song|p1a: A ghost 👻
|-start|p1a: A ghost 👻|perish3|[silent]
|-start|p2a: Blissey|perish3|[silent]
|-fieldactivate|move: Perish Song
|move|p2a: Blissey|Calm Mind|p2a: Blissey
|-boost|p2a: Blissey|spa|1
|-boost|p2a: Blissey|spd|1
|
|-weather|Sandstorm|[upkeep]
|-damage|p1a: A ghost 👻|72/100|[from] Sandstorm
|-damage|p2a: Blissey|94/100|[from] Sandstorm
|-heal|p1a: A ghost 👻|78/100|[from] item: Leftovers
|-heal|p2a: Blissey|100/100|[from] item: Leftovers
|-start|p1a: A ghost 👻|perish3
|-start|p2a: Blissey|perish3
|upkeep
|turn|41
|
|t:|1730058524
|move|p1a: A ghost 👻|Thunderbolt|p2a: Blissey
|-damage|p2a: Blissey|96/100
|move|p2a: Blissey|Calm Mind|p2a: Blissey
|-boost|p2a: Blissey|spa|1
|-boost|p2a: Blissey|spd|1
|
|-weather|Sandstorm|[upkeep]
|-damage|p1a: A ghost 👻|72/100|[from] Sandstorm
|-damage|p2a: Blissey|89/100|[from] Sandstorm
|-heal|p1a: A ghost 👻|78/100|[from] item: Leftovers
|-heal|p2a: Blissey|96/100|[from] item: Leftovers
|-start|p1a: A ghost 👻|perish2
|-start|p2a: Blissey|perish2
|upkeep
|turn|42
|
|t:|1730058530
|move|p1a: A ghost 👻|Rest|p1a: A ghost 👻
|-status|p1a: A ghost 👻|slp|[from] move: Rest
|-heal|p1a: A ghost 👻|100/100 slp|[silent]
|move|p2a: Blissey|Ice Beam|p1a: A ghost 👻
|-damage|p1a: A ghost 👻|58/100 slp
|
|-weather|Sandstorm|[upkeep]
|-damage|p1a: A ghost 👻|52/100 slp|[from] Sandstorm
|-damage|p2a: Blissey|89/100|[from] Sandstorm
|-heal|p1a: A ghost 👻|58/100 slp|[from] item: Leftovers
|-heal|p2a: Blissey|96/100|[from] item: Leftovers
|-start|p1a: A ghost 👻|perish1
|-start|p2a: Blissey|perish1
|upkeep
|turn|43
|
|t:|1730058543
|switch|p1a: Nurse|Blissey, F|76/100
|-damage|p1a: Nurse|51/100|[from] Spikes
|move|p2a: Blissey|Ice Beam|p1a: Nurse
|-damage|p1a: Nurse|29/100
|
|-weather|Sandstorm|[upkeep]
|-damage|p2a: Blissey|89/100|[from] Sandstorm
|-damage|p1a: Nurse|23/100|[from] Sandstorm
|-heal|p2a: Blissey|96/100|[from] item: Leftovers
|-heal|p1a: Nurse|29/100|[from] item: Leftovers
|-start|p2a: Blissey|perish0
|upkeep
|faint|p2a: Blissey
|
|t:|1730058571
|switch|p2a: Metagross|Metagross|28/100
|-damage|p2a: Metagross|3/100|[from] Spikes
|turn|44
|
|t:|1730058578
|move|p2a: Metagross|Explosion|p1a: Nurse
|-damage|p1a: Nurse|0 fnt
|faint|p2a: Metagross
|faint|p1a: Nurse
|inactive|Dr4gonl0rd has 270 seconds left.
|
|t:|1730058612
|switch|p2a: Claydol|Claydol|100/100
|switch|p1a: I fly you gone|Flygon, M|100/100
|
|-weather|Sandstorm|[upkeep]
|upkeep
|turn|45
|
|t:|1730058618
|move|p1a: I fly you gone|Toxic|p2a: Claydol
|-status|p2a: Claydol|tox
|move|p2a: Claydol|Psychic|p1a: I fly you gone
|-damage|p1a: I fly you gone|77/100
|
|-weather|Sandstorm|[upkeep]
|-heal|p1a: I fly you gone|83/100|[from] item: Leftovers
|-damage|p2a: Claydol|94/100 tox|[from] psn
|upkeep
|turn|46
|
|t:|1730058624
|move|p1a: I fly you gone|Protect|p1a: I fly you gone
|-singleturn|p1a: I fly you gone|Protect
|move|p2a: Claydol|Psychic|p1a: I fly you gone
|-activate|p1a: I fly you gone|Protect
|
|-weather|Sandstorm|[upkeep]
|-heal|p1a: I fly you gone|89/100|[from] item: Leftovers
|-heal|p2a: Claydol|100/100 tox|[from] item: Leftovers
|-damage|p2a: Claydol|88/100 tox|[from] psn
|upkeep
|turn|47
|
|t:|1730058630
|move|p1a: I fly you gone|Rock Slide|p2a: Claydol
|-resisted|p2a: Claydol
|-damage|p2a: Claydol|80/100 tox
|cant|p2a: Claydol|flinch
|
|-weather|Sandstorm|[upkeep]
|-heal|p1a: I fly you gone|95/100|[from] item: Leftovers
|-heal|p2a: Claydol|86/100 tox|[from] item: Leftovers
|-damage|p2a: Claydol|68/100 tox|[from] psn
|upkeep
|turn|48
|
|t:|1730058639
|move|p1a: I fly you gone|Protect|p1a: I fly you gone
|-singleturn|p1a: I fly you gone|Protect
|move|p2a: Claydol|Rapid Spin|p1a: I fly you gone
|-activate|p1a: I fly you gone|Protect
|
|-weather|Sandstorm|[upkeep]
|-heal|p1a: I fly you gone|100/100|[from] item: Leftovers
|-heal|p2a: Claydol|74/100 tox|[from] item: Leftovers
|-damage|p2a: Claydol|49/100 tox|[from] psn
|upkeep
|turn|49
|
|t:|1730058648
|switch|p1a: A ghost 👻|Misdreavus, F|58/100 slp
|move|p2a: Claydol|Rapid Spin|p1a: A ghost 👻
|-immune|p1a: A ghost 👻
|
|-weather|Sandstorm|[upkeep]
|-damage|p1a: A ghost 👻|52/100 slp|[from] Sandstorm
|-heal|p1a: A ghost 👻|58/100 slp|[from] item: Leftovers
|-heal|p2a: Claydol|55/100 tox|[from] item: Leftovers
|-damage|p2a: Claydol|25/100 tox|[from] psn
|upkeep
|turn|50
|
|t:|1730058655
|cant|p1a: A ghost 👻|slp
|move|p2a: Claydol|Psychic|p1a: A ghost 👻
|-damage|p1a: A ghost 👻|39/100 slp
|
|-weather|Sandstorm|[upkeep]
|-damage|p1a: A ghost 👻|33/100 slp|[from] Sandstorm
|-heal|p1a: A ghost 👻|39/100 slp|[from] item: Leftovers
|-heal|p2a: Claydol|31/100 tox|[from] item: Leftovers
|-damage|p2a: Claydol|0 fnt|[from] psn
|faint|p2a: Claydol
|upkeep
|
|t:|1730058658
|switch|p2a: Tyranitar|Tyranitar, F|51/100
|-damage|p2a: Tyranitar|26/100|[from] Spikes
|turn|51
|
|t:|1730058665
|switch|p1a: I fly you gone|Flygon, M|100/100
|move|p2a: Tyranitar|Dragon Dance|p2a: Tyranitar
|-boost|p2a: Tyranitar|atk|1
|-boost|p2a: Tyranitar|spe|1
|
|-weather|Sandstorm|[upkeep]
|upkeep
|turn|52
|
|t:|1730058669
|move|p2a: Tyranitar|Rock Slide|p1a: I fly you gone
|-resisted|p1a: I fly you gone
|-damage|p1a: I fly you gone|78/100
|cant|p1a: I fly you gone|flinch
|
|-weather|Sandstorm|[upkeep]
|-heal|p1a: I fly you gone|84/100|[from] item: Leftovers
|upkeep
|turn|53
|
|t:|1730058673
|move|p2a: Tyranitar|Rock Slide|p1a: I fly you gone
|-resisted|p1a: I fly you gone
|-damage|p1a: I fly you gone|59/100
|cant|p1a: I fly you gone|flinch
|
|-weather|Sandstorm|[upkeep]
|-heal|p1a: I fly you gone|66/100|[from] item: Leftovers
|upkeep
|turn|54
|
|t:|1730058679
|move|p2a: Tyranitar|Rock Slide|p1a: I fly you gone
|-resisted|p1a: I fly you gone
|-damage|p1a: I fly you gone|43/100
|move|p1a: I fly you gone|Earthquake|p2a: Tyranitar
|-supereffective|p2a: Tyranitar
|-damage|p2a: Tyranitar|0 fnt
|faint|p2a: Tyranitar
|
|t:|1730058682
|switch|p2a: Skarmory|Skarmory, F, shiny|97/100
|
|-weather|Sandstorm|[upkeep]
|-heal|p1a: I fly you gone|50/100|[from] item: Leftovers
|-heal|p2a: Skarmory|100/100|[from] item: Leftovers
|upkeep
|turn|55
|
|t:|1730058689
|switch|p1a: ⛈⛈⛈|Zapdos|100/100
|move|p2a: Skarmory|Toxic|p1a: ⛈⛈⛈
|-status|p1a: ⛈⛈⛈|tox
|
|-weather|Sandstorm|[upkeep]
|-damage|p1a: ⛈⛈⛈|94/100 tox|[from] Sandstorm
|-heal|p1a: ⛈⛈⛈|100/100 tox|[from] item: Leftovers
|-damage|p1a: ⛈⛈⛈|94/100 tox|[from] psn
|upkeep
|turn|56
|
|t:|1730058694
|move|p2a: Skarmory|Protect|p2a: Skarmory
|-singleturn|p2a: Skarmory|Protect
|move|p1a: ⛈⛈⛈|Thunderbolt|p2a: Skarmory
|-activate|p2a: Skarmory|Protect
|
|-weather|Sandstorm|[upkeep]
|-damage|p1a: ⛈⛈⛈|88/100 tox|[from] Sandstorm
|-heal|p1a: ⛈⛈⛈|94/100 tox|[from] item: Leftovers
|-damage|p1a: ⛈⛈⛈|82/100 tox|[from] psn
|upkeep
|turn|57
|
|t:|1730058700
|move|p1a: ⛈⛈⛈|Thunderbolt|p2a: Skarmory
|-supereffective|p2a: Skarmory
|-damage|p2a: Skarmory|31/100
|move|p2a: Skarmory|Roar|p1a: ⛈⛈⛈
|drag|p1a: El pollo diablo|Moltres|52/100
|
|-weather|Sandstorm|[upkeep]
|-damage|p1a: El pollo diablo|46/100|[from] Sandstorm
|-heal|p1a: El pollo diablo|52/100|[from] item: Leftovers
|-heal|p2a: Skarmory|37/100|[from] item: Leftovers
|upkeep
|turn|58
|
|t:|1730058704
|move|p1a: El pollo diablo|Flamethrower|p2a: Skarmory
|-supereffective|p2a: Skarmory
|-damage|p2a: Skarmory|0 fnt
|faint|p2a: Skarmory
|
|win|Dr4gonl0rd
|player|p2|
|c|☆Dr4gonl0rd|gg wp

</script>
<script type="application/json" class="data" id="replaydata-smogtours-gen3ou-802674">
{"id":"smogtours-gen3ou-802674","format":"[Gen 3] OU","players":["Dr4gonl0rd","bandoodee"],"uploadtime":1730058704,"views":81,"formatid":"gen3ou","rating":null,"private":0,"password":null}
</script>

<script defer src="js/replays.js?9d40a366"></script>
