<!DOCTYPE html>
<meta charset="utf-8" />
<meta name="viewport" content="width=device-width" />

<title>[Gen 3] OU: Ragnarocco24 vs. allmovingshadows - Replays - Pok&eacute;mon Showdown!</title>

<meta name="description" content="Watch a replay of a Pok&eacute;mon battle between Ragnarocco24 and allmovingshadows! Format: [Gen 3] OU; Date: Oct 13, 2024" />
<!--

Hey, you! Looking in the source for the replay log?

You can find them in JSON format, just add `.json` at the end of a replay URL.

https://replay.pokemonshowdown.com/gen7randomdoublesbattle-865046831.json

Or, if you only need the log itself, add `.log` instead:

https://replay.pokemonshowdown.com/gen7randomdoublesbattle-865046831.log

-->

<link rel="stylesheet" href="//pokemonshowdown.com/style/global.css?0.023195364461161105" />
<link rel="stylesheet" href="//play.pokemonshowdown.com/style/font-awesome.css?0.13261647063804238" />
<link rel="stylesheet" href="//play.pokemonshowdown.com/style/battle.css?0.8753245789963631" />
<link rel="stylesheet" href="//play.pokemonshowdown.com/style/utilichart.css?0.8627959624976733" />

<!-- Global site tag (gtag.js) - Google Analytics -->
<script async src="https://www.googletagmanager.com/gtag/js?id=UA-26211653-1"></script>
<script>
  window.dataLayer = window.dataLayer || [];
  function gtag(){dataLayer.push(arguments);}
  gtag('js', new Date());

  gtag('config', 'UA-26211653-1');
</script>
<!-- End Google Analytics -->
<!-- Venatus Ad Manager - Install in <HEAD> of page -->
	<script src="https://hb.vntsm.com/v3/live/ad-manager.min.js" type="text/javascript" data-site-id="642aba63ec9a7b11c3c9c1be" data-mode="scan" async></script>
<!-- / Venatus Ad Manager -->

<style>
	@media (max-width:820px) {
		.battle {
			margin: 0 auto;
		}
		.battle-log {
			margin: 7px auto 0;
			max-width: 640px;
			height: 300px;
			position: static;
		}
	}
	.optgroup {
		display: inline-block;
		line-height: 22px;
		font-size: 10pt;
	}
	.optgroup .button {
		height: 25px;
		padding-top: 0;
		padding-bottom: 0;
	}
	.optgroup button.button {
		padding-left: 12px;
		padding-right: 12px;
	}
	.linklist {
		list-style: none;
		margin: 0.5em 0;
		padding: 0;
	}
	.linklist li {
		padding: 2px 0;
	}
	.sidebar {
		float: left;
		width: 320px;
	}
	.bar-wrapper {
		max-width: 1100px;
		margin: 0 auto;
	}
	.bar-wrapper.has-sidebar {
		max-width: 1430px;
	}
	.mainbar {
		margin: 0;
		padding-right: 1px;
	}
	.mainbar.has-sidebar {
		margin-left: 330px;
	}
	@media (min-width: 1511px) {
		.sidebar {
			width: 400px;
		}
		.bar-wrapper.has-sidebar {
			max-width: 1510px;
		}
		.mainbar.has-sidebar {
			margin-left: 410px;
		}
	}
	.section.first-section {
		margin-top: 9px;
	}
	.blocklink small {
		white-space: normal;
	}
	.button {
		vertical-align: middle;
	}
	.replay-controls {
		padding-top: 10px;
	}
	.replay-controls h1 {
		font-size: 16pt;
		font-weight: normal;
		color: #CCC;
	}
	.pagelink {
		text-align: center;
	}
	.pagelink a {
		width: 150px;
	}
	.textbox, .button {
		font-size: 11pt;
		vertical-align: middle;
	}
	@media (max-width: 450px) {
		.button {
			font-size: 9pt;
		}
	}
</style>

<div>

	<header>
		<div class="nav-wrapper"><ul class="nav">
			<li><a class="button nav-first" href="//pokemonshowdown.com/"><img src="//pokemonshowdown.com/images/pokemonshowdownbeta.png" srcset="//pokemonshowdown.com/images/pokemonshowdownbeta.png 1x, //pokemonshowdown.com/images/pokemonshowdownbeta@2x.png 2x" alt="Pok&eacute;mon Showdown" width="146" height="44" /> Home</a></li>
			<li><a class="button" href="//pokemonshowdown.com/dex/">Pok&eacute;dex</a></li>
			<li><a class="button cur" href="/">Replays</a></li>
			<li><a class="button" href="//pokemonshowdown.com/ladder/">Ladder</a></li>
			<li><a class="button nav-last" href="//pokemonshowdown.com/forums/">Forum</a></li>
			<li><a class="button greenbutton nav-first nav-last" href="//play.pokemonshowdown.com/">Play</a></li>
		</ul></div>
	</header>

	<div class="main" id="main">

		<noscript><section class="section">You need to enable JavaScript to use this page; sorry!</section></noscript>

	</div>

</div>

<script defer nomodule src="//play.pokemonshowdown.com/js/lib/ps-polyfill.js"></script>
<script defer src="//play.pokemonshowdown.com/js/lib/preact.min.js"></script>

<script defer src="//play.pokemonshowdown.com/config/config.js?2bddbc15"></script>
<script defer src="//play.pokemonshowdown.com/js/lib/jquery-1.11.0.min.js"></script>
<script defer src="//play.pokemonshowdown.com/js/lib/html-sanitizer-minified.js"></script>
<script defer src="//play.pokemonshowdown.com/js/battle-sound.js"></script>
<script defer src="//play.pokemonshowdown.com/js/battledata.js?0.7209276989879541"></script>
<script defer src="//play.pokemonshowdown.com/data/pokedex-mini.js?0.6111056340867951"></script>
<script defer src="//play.pokemonshowdown.com/data/pokedex-mini-bw.js?0.3532142036491459"></script>
<script defer src="//play.pokemonshowdown.com/data/graphics.js?0.24223875632456182"></script>
<script defer src="//play.pokemonshowdown.com/data/pokedex.js?0.38839984266356864"></script>
<script defer src="//play.pokemonshowdown.com/data/moves.js?0.21866028504024015"></script>
<script defer src="//play.pokemonshowdown.com/data/abilities.js?0.2005157953846628"></script>
<script defer src="//play.pokemonshowdown.com/data/items.js?0.9894211263848525"></script>
<script defer src="//play.pokemonshowdown.com/data/teambuilder-tables.js?0.6008791140282215"></script>
<script defer src="//play.pokemonshowdown.com/js/battle-tooltips.js?0.7580118955022959"></script>
<script defer src="//play.pokemonshowdown.com/js/battle.js?0.6057722274234274"></script>

<script defer src="js/utils.js?e31f9a17"></script>
<script defer src="js/replays-battle.js?7008c182"></script>

<!-- don't scrape this data! just add .json or .log after the URL!
Full API docs: https://github.com/smogon/pokemon-showdown-client/blob/master/WEB-API.md -->
<script type="text/plain" class="log" id="replaylog-smogtours-gen3ou-798204">
|inactive|Battle timer is ON: inactive players will automatically lose when time's up.
|t:|1728841356
|gametype|singles
|player|p1|Ragnarocco24|2|
|player|p2|allmovingshadows|101|
|teamsize|p1|6
|teamsize|p2|6
|gen|3
|tier|[Gen 3] OU
|rule|Sleep Clause Mod: Limit one foe put to sleep
|rule|Switch Priority Clause Mod: Faster Pokémon switch first
|rule|Species Clause: Limit one of each Pokémon
|rule|OHKO Clause: OHKO moves are banned
|rule|Evasion Items Clause: Evasion items are banned
|rule|Evasion Moves Clause: Evasion moves are banned
|rule|Endless Battle Clause: Forcing endless battles is banned
|rule|HP Percentage Mod: HP is shown in percentages
|rule|One Boost Passer Clause: Limit one Baton Passer that has a way to boost its stats
|rule|Freeze Clause Mod: Limit one foe frozen
|
|t:|1728841356
|start
|switch|p1a: Zapdos|Zapdos|100/100
|switch|p2a: Salamence|Salamence, M|100/100
|-ability|p2a: Salamence|Intimidate|boost
|-unboost|p1a: Zapdos|atk|1
|turn|1
|inactive|Ragnarocco24 has 270 seconds left.
|inactive|allmovingshadows has 270 seconds left.
|
|t:|1728841413
|switch|p2a: Tyranitar|Tyranitar, M|100/100
|-weather|Sandstorm|[from] ability: Sand Stream|[of] p2a: Tyranitar
|move|p1a: Zapdos|Thunder Wave|p2a: Tyranitar
|-status|p2a: Tyranitar|par
|
|-weather|Sandstorm|[upkeep]
|-damage|p1a: Zapdos|94/100|[from] Sandstorm
|-heal|p1a: Zapdos|100/100|[from] item: Leftovers
|upkeep
|turn|2
|
|t:|1728841427
|switch|p1a: Skarmory|Skarmory, F|100/100
|cant|p2a: Tyranitar|par
|
|-weather|Sandstorm|[upkeep]
|upkeep
|turn|3
|
|t:|1728841430
|move|p1a: Skarmory|Spikes|p2a: Tyranitar
|-sidestart|p2: allmovingshadows|Spikes
|move|p2a: Tyranitar|Fire Blast|p1a: Skarmory
|-supereffective|p1a: Skarmory
|-damage|p1a: Skarmory|34/100
|
|-weather|Sandstorm|[upkeep]
|-heal|p1a: Skarmory|40/100|[from] item: Leftovers
|upkeep
|turn|4
|
|t:|1728841454
|move|p1a: Skarmory|Protect|p1a: Skarmory
|-singleturn|p1a: Skarmory|Protect
|cant|p2a: Tyranitar|par
|
|-weather|Sandstorm|[upkeep]
|-heal|p1a: Skarmory|46/100|[from] item: Leftovers
|upkeep
|turn|5
|c|☆allmovingshadows|/log allmovingshadows made the replay of this battle unlisted.
|inactive|Ragnarocco24 has 270 seconds left.
|
|t:|1728841496
|switch|p1a: Dugtrio|Dugtrio, M|100/100
|move|p2a: Tyranitar|Ice Beam|p1a: Dugtrio
|-supereffective|p1a: Dugtrio
|-damage|p1a: Dugtrio|0 fnt
|faint|p1a: Dugtrio
|
|t:|1728841503
|switch|p1a: Swampert|Swampert, M|100/100
|
|-weather|Sandstorm|[upkeep]
|upkeep
|turn|6
|
|t:|1728841514
|switch|p2a: Salamence|Salamence, M|100/100
|-ability|p2a: Salamence|Intimidate|boost
|-unboost|p1a: Swampert|atk|1
|move|p1a: Swampert|Surf|p2a: Salamence
|-resisted|p2a: Salamence
|-damage|p2a: Salamence|82/100
|
|-weather|Sandstorm|[upkeep]
|-damage|p2a: Salamence|75/100|[from] Sandstorm
|-heal|p2a: Salamence|82/100|[from] item: Leftovers
|upkeep
|turn|7
|
|t:|1728841541
|move|p2a: Salamence|Hidden Power|p1a: Swampert
|-supereffective|p1a: Swampert
|-damage|p1a: Swampert|22/100
|move|p1a: Swampert|Ice Beam|p2a: Salamence
|-supereffective|p2a: Salamence
|-crit|p2a: Salamence
|-damage|p2a: Salamence|0 fnt
|faint|p2a: Salamence
|inactive|allmovingshadows has 270 seconds left.
|inactive|allmovingshadows has 240 seconds left.
|
|t:|1728841605
|switch|p2a: Metagross|Metagross|100/100
|-damage|p2a: Metagross|88/100|[from] Spikes
|
|-weather|Sandstorm|[upkeep]
|-heal|p2a: Metagross|94/100|[from] item: Leftovers
|-heal|p1a: Swampert|29/100|[from] item: Leftovers
|upkeep
|turn|8
|
|t:|1728841612
|move|p2a: Metagross|Agility|p2a: Metagross
|-boost|p2a: Metagross|spe|2
|move|p1a: Swampert|Earthquake|p2a: Metagross
|-supereffective|p2a: Metagross
|-damage|p2a: Metagross|54/100
|
|-weather|Sandstorm|[upkeep]
|-heal|p2a: Metagross|60/100|[from] item: Leftovers
|-heal|p1a: Swampert|35/100|[from] item: Leftovers
|upkeep
|turn|9
|
|t:|1728841621
|move|p2a: Metagross|Meteor Mash|p1a: Swampert
|-resisted|p1a: Swampert
|-damage|p1a: Swampert|14/100
|move|p1a: Swampert|Earthquake|p2a: Metagross
|-supereffective|p2a: Metagross
|-damage|p2a: Metagross|18/100
|
|-weather|Sandstorm|[upkeep]
|-heal|p2a: Metagross|24/100|[from] item: Leftovers
|-heal|p1a: Swampert|20/100|[from] item: Leftovers
|upkeep
|turn|10
|inactive|allmovingshadows has 240 seconds left.
|
|t:|1728841638
|switch|p1a: Skarmory|Skarmory, F|46/100
|move|p2a: Metagross|Earthquake|p1a: Skarmory
|-immune|p1a: Skarmory
|
|-weather|Sandstorm|[upkeep]
|-heal|p2a: Metagross|30/100|[from] item: Leftovers
|-heal|p1a: Skarmory|52/100|[from] item: Leftovers
|upkeep
|turn|11
|
|t:|1728841645
|move|p1a: Skarmory|Protect|p1a: Skarmory
|-singleturn|p1a: Skarmory|Protect
|move|p2a: Metagross|Meteor Mash|p1a: Skarmory
|-activate|p1a: Skarmory|Protect
|
|-weather|Sandstorm|[upkeep]
|-heal|p2a: Metagross|36/100|[from] item: Leftovers
|-heal|p1a: Skarmory|58/100|[from] item: Leftovers
|upkeep
|turn|12
|
|t:|1728841651
|move|p2a: Metagross|Explosion|p1a: Skarmory
|-resisted|p1a: Skarmory
|-damage|p1a: Skarmory|0 fnt
|faint|p2a: Metagross
|faint|p1a: Skarmory
|
|t:|1728841669
|switch|p2a: Forretress|Forretress, F|100/100
|switch|p1a: Swampert|Swampert, M|20/100
|-damage|p2a: Forretress|88/100|[from] Spikes
|
|-weather|Sandstorm|[upkeep]
|-heal|p1a: Swampert|26/100|[from] item: Leftovers
|-heal|p2a: Forretress|94/100|[from] item: Leftovers
|upkeep
|turn|13
|inactive|Ragnarocco24 has 270 seconds left.
|inactive|allmovingshadows has 240 seconds left.
|
|t:|1728841722
|move|p1a: Swampert|Surf|p2a: Forretress
|-damage|p2a: Forretress|55/100
|move|p2a: Forretress|Spikes|p1a: Swampert
|-sidestart|p1: Ragnarocco24|Spikes
|
|-weather|Sandstorm|[upkeep]
|-heal|p1a: Swampert|33/100|[from] item: Leftovers
|-heal|p2a: Forretress|61/100|[from] item: Leftovers
|upkeep
|turn|14
|
|t:|1728841728
|move|p1a: Swampert|Surf|p2a: Forretress
|-damage|p2a: Forretress|18/100
|move|p2a: Forretress|Rapid Spin|p1a: Swampert
|-damage|p1a: Swampert|29/100
|-sideend|p2: allmovingshadows|Spikes|[from] move: Rapid Spin|[of] p2a: Forretress
|
|-weather|Sandstorm|[upkeep]
|-heal|p1a: Swampert|35/100|[from] item: Leftovers
|-heal|p2a: Forretress|25/100|[from] item: Leftovers
|upkeep
|turn|15
|
|t:|1728841732
|switch|p2a: Milotic|Milotic, M|100/100
|move|p1a: Swampert|Surf|p2a: Milotic
|-resisted|p2a: Milotic
|-damage|p2a: Milotic|90/100
|
|-weather|Sandstorm|[upkeep]
|-damage|p2a: Milotic|84/100|[from] Sandstorm
|-heal|p2a: Milotic|90/100|[from] item: Leftovers
|-heal|p1a: Swampert|42/100|[from] item: Leftovers
|upkeep
|turn|16
|
|t:|1728841736
|move|p2a: Milotic|Toxic|p1a: Swampert|[miss]
|-miss|p2a: Milotic|p1a: Swampert
|move|p1a: Swampert|Toxic|p2a: Milotic
|-status|p2a: Milotic|tox
|
|-weather|Sandstorm|[upkeep]
|-damage|p2a: Milotic|84/100 tox|[from] Sandstorm
|-heal|p2a: Milotic|90/100 tox|[from] item: Leftovers
|-damage|p2a: Milotic|84/100 tox|[from] psn
|-heal|p1a: Swampert|48/100|[from] item: Leftovers
|upkeep
|turn|17
|
|t:|1728841744
|switch|p1a: Gengar|Gengar, M|100/100
|move|p2a: Milotic|Toxic|p1a: Gengar|[miss]
|-miss|p2a: Milotic|p1a: Gengar
|
|-weather|Sandstorm|[upkeep]
|-damage|p1a: Gengar|94/100|[from] Sandstorm
|-damage|p2a: Milotic|78/100 tox|[from] Sandstorm
|-heal|p1a: Gengar|100/100|[from] item: Leftovers
|-heal|p2a: Milotic|84/100 tox|[from] item: Leftovers
|-damage|p2a: Milotic|72/100 tox|[from] psn
|upkeep
|turn|18
|
|t:|1728841747
|move|p1a: Gengar|Thunderbolt|p2a: Milotic
|-supereffective|p2a: Milotic
|-damage|p2a: Milotic|22/100 tox
|move|p2a: Milotic|Refresh|p2a: Milotic
|-curestatus|p2a: Milotic|tox|[msg]
|
|-weather|Sandstorm|[upkeep]
|-damage|p1a: Gengar|94/100|[from] Sandstorm
|-damage|p2a: Milotic|16/100|[from] Sandstorm
|-heal|p1a: Gengar|100/100|[from] item: Leftovers
|-heal|p2a: Milotic|22/100|[from] item: Leftovers
|upkeep
|turn|19
|
|t:|1728841754
|switch|p2a: Gengar|Gengar, M|100/100
|move|p1a: Gengar|Thunderbolt|p2a: Gengar
|-crit|p2a: Gengar
|-damage|p2a: Gengar|0 fnt
|faint|p2a: Gengar
|
|t:|1728841758
|switch|p2a: Tyranitar|Tyranitar, M|100/100 par
|
|-weather|Sandstorm|[upkeep]
|-damage|p1a: Gengar|94/100|[from] Sandstorm
|-heal|p1a: Gengar|100/100|[from] item: Leftovers
|upkeep
|turn|20
|
|t:|1728841767
|move|p1a: Gengar|Hidden Power|p2a: Tyranitar
|-supereffective|p2a: Tyranitar
|-damage|p2a: Tyranitar|62/100 par
|move|p2a: Tyranitar|Crunch|p1a: Gengar
|-supereffective|p1a: Gengar
|-damage|p1a: Gengar|0 fnt
|faint|p1a: Gengar
|inactive|Ragnarocco24 has 270 seconds left.
|
|t:|1728841797
|switch|p1a: Swampert|Swampert, M|48/100
|-damage|p1a: Swampert|35/100|[from] Spikes
|
|-weather|Sandstorm|[upkeep]
|-heal|p1a: Swampert|42/100|[from] item: Leftovers
|-heal|p2a: Tyranitar|68/100 par|[from] item: Leftovers
|upkeep
|turn|21
|inactive|allmovingshadows has 270 seconds left.
|
|t:|1728841834
|move|p1a: Swampert|Surf|p2a: Tyranitar
|-supereffective|p2a: Tyranitar
|-damage|p2a: Tyranitar|18/100 par
|move|p2a: Tyranitar|Crunch|p1a: Swampert
|-damage|p1a: Swampert|8/100
|-unboost|p1a: Swampert|spd|1
|
|-weather|Sandstorm|[upkeep]
|-heal|p1a: Swampert|14/100|[from] item: Leftovers
|-heal|p2a: Tyranitar|25/100 par|[from] item: Leftovers
|upkeep
|turn|22
|inactive|allmovingshadows has 270 seconds left.
|
|t:|1728841850
|move|p1a: Swampert|Earthquake|p2a: Tyranitar
|-supereffective|p2a: Tyranitar
|-damage|p2a: Tyranitar|0 fnt
|faint|p2a: Tyranitar
|inactive|allmovingshadows has 240 seconds left.
|
|t:|1728841898
|switch|p2a: Milotic|Milotic, M|22/100
|
|-weather|Sandstorm|[upkeep]
|-damage|p2a: Milotic|16/100|[from] Sandstorm
|-heal|p2a: Milotic|22/100|[from] item: Leftovers
|-heal|p1a: Swampert|20/100|[from] item: Leftovers
|upkeep
|turn|23
|
|t:|1728841904
|switch|p1a: Zapdos|Zapdos|100/100
|move|p2a: Milotic|Recover|p2a: Milotic
|-heal|p2a: Milotic|72/100
|
|-weather|Sandstorm|[upkeep]
|-damage|p1a: Zapdos|94/100|[from] Sandstorm
|-damage|p2a: Milotic|66/100|[from] Sandstorm
|-heal|p1a: Zapdos|100/100|[from] item: Leftovers
|-heal|p2a: Milotic|72/100|[from] item: Leftovers
|upkeep
|turn|24
|
|t:|1728841925
|move|p1a: Zapdos|Thunderbolt|p2a: Milotic
|-supereffective|p2a: Milotic
|-damage|p2a: Milotic|3/100
|move|p2a: Milotic|Toxic|p1a: Zapdos
|-status|p1a: Zapdos|tox
|
|-weather|Sandstorm|[upkeep]
|-damage|p1a: Zapdos|94/100 tox|[from] Sandstorm
|-damage|p2a: Milotic|0 fnt|[from] Sandstorm
|faint|p2a: Milotic
|-heal|p1a: Zapdos|100/100 tox|[from] item: Leftovers
|-damage|p1a: Zapdos|94/100 tox|[from] psn
|upkeep
|
|t:|1728841927
|switch|p2a: Forretress|Forretress, F|25/100
|turn|25
|c|☆allmovingshadows|gg
|
|t:|1728841936
|move|p1a: Zapdos|Thunderbolt|p2a: Forretress
|-damage|p2a: Forretress|0 fnt
|faint|p2a: Forretress
|
|win|Ragnarocco24
|c|☆Ragnarocco24|gg
|player|p1|

</script>
<script type="application/json" class="data" id="replaydata-smogtours-gen3ou-798204">
{"id":"smogtours-gen3ou-798204","format":"[Gen 3] OU","players":["Ragnarocco24","allmovingshadows"],"uploadtime":1728841936,"views":76,"formatid":"gen3ou","rating":null,"private":1,"password":null}
</script>

<script defer src="js/replays.js?9d40a366"></script>
