<!DOCTYPE html>
<meta charset="utf-8" />
<meta name="viewport" content="width=device-width" />

<title>[Gen 3] OU: the band pet vs. xhoshi - Replays - Pok&eacute;mon Showdown!</title>

<meta name="description" content="Watch a replay of a Pok&eacute;mon battle between the band pet and xhoshi! Format: [Gen 3] OU; Date: Oct 7, 2024" />
<!--

Hey, you! Looking in the source for the replay log?

You can find them in JSON format, just add `.json` at the end of a replay URL.

https://replay.pokemonshowdown.com/gen7randomdoublesbattle-865046831.json

Or, if you only need the log itself, add `.log` instead:

https://replay.pokemonshowdown.com/gen7randomdoublesbattle-865046831.log

-->

<link rel="stylesheet" href="//pokemonshowdown.com/style/global.css?0.767286132409787" />
<link rel="stylesheet" href="//play.pokemonshowdown.com/style/font-awesome.css?0.9266228007934947" />
<link rel="stylesheet" href="//play.pokemonshowdown.com/style/battle.css?0.7924700842790926" />
<link rel="stylesheet" href="//play.pokemonshowdown.com/style/utilichart.css?0.8777417872839479" />

<!-- Global site tag (gtag.js) - Google Analytics -->
<script async src="https://www.googletagmanager.com/gtag/js?id=UA-26211653-1"></script>
<script>
  window.dataLayer = window.dataLayer || [];
  function gtag(){dataLayer.push(arguments);}
  gtag('js', new Date());

  gtag('config', 'UA-26211653-1');
</script>
<!-- End Google Analytics -->
<!-- Venatus Ad Manager - Install in <HEAD> of page -->
	<script src="https://hb.vntsm.com/v3/live/ad-manager.min.js" type="text/javascript" data-site-id="642aba63ec9a7b11c3c9c1be" data-mode="scan" async></script>
<!-- / Venatus Ad Manager -->

<style>
	@media (max-width:820px) {
		.battle {
			margin: 0 auto;
		}
		.battle-log {
			margin: 7px auto 0;
			max-width: 640px;
			height: 300px;
			position: static;
		}
	}
	.optgroup {
		display: inline-block;
		line-height: 22px;
		font-size: 10pt;
	}
	.optgroup .button {
		height: 25px;
		padding-top: 0;
		padding-bottom: 0;
	}
	.optgroup button.button {
		padding-left: 12px;
		padding-right: 12px;
	}
	.linklist {
		list-style: none;
		margin: 0.5em 0;
		padding: 0;
	}
	.linklist li {
		padding: 2px 0;
	}
	.sidebar {
		float: left;
		width: 320px;
	}
	.bar-wrapper {
		max-width: 1100px;
		margin: 0 auto;
	}
	.bar-wrapper.has-sidebar {
		max-width: 1430px;
	}
	.mainbar {
		margin: 0;
		padding-right: 1px;
	}
	.mainbar.has-sidebar {
		margin-left: 330px;
	}
	@media (min-width: 1511px) {
		.sidebar {
			width: 400px;
		}
		.bar-wrapper.has-sidebar {
			max-width: 1510px;
		}
		.mainbar.has-sidebar {
			margin-left: 410px;
		}
	}
	.section.first-section {
		margin-top: 9px;
	}
	.blocklink small {
		white-space: normal;
	}
	.button {
		vertical-align: middle;
	}
	.replay-controls {
		padding-top: 10px;
	}
	.replay-controls h1 {
		font-size: 16pt;
		font-weight: normal;
		color: #CCC;
	}
	.pagelink {
		text-align: center;
	}
	.pagelink a {
		width: 150px;
	}
	.textbox, .button {
		font-size: 11pt;
		vertical-align: middle;
	}
	@media (max-width: 450px) {
		.button {
			font-size: 9pt;
		}
	}
</style>

<div>

	<header>
		<div class="nav-wrapper"><ul class="nav">
			<li><a class="button nav-first" href="//pokemonshowdown.com/"><img src="//pokemonshowdown.com/images/pokemonshowdownbeta.png" srcset="//pokemonshowdown.com/images/pokemonshowdownbeta.png 1x, //pokemonshowdown.com/images/pokemonshowdownbeta@2x.png 2x" alt="Pok&eacute;mon Showdown" width="146" height="44" /> Home</a></li>
			<li><a class="button" href="//pokemonshowdown.com/dex/">Pok&eacute;dex</a></li>
			<li><a class="button cur" href="/">Replays</a></li>
			<li><a class="button" href="//pokemonshowdown.com/ladder/">Ladder</a></li>
			<li><a class="button nav-last" href="//pokemonshowdown.com/forums/">Forum</a></li>
			<li><a class="button greenbutton nav-first nav-last" href="//play.pokemonshowdown.com/">Play</a></li>
		</ul></div>
	</header>

	<div class="main" id="main">

		<noscript><section class="section">You need to enable JavaScript to use this page; sorry!</section></noscript>

	</div>

</div>

<script defer nomodule src="//play.pokemonshowdown.com/js/lib/ps-polyfill.js"></script>
<script defer src="//play.pokemonshowdown.com/js/lib/preact.min.js"></script>

<script defer src="//play.pokemonshowdown.com/config/config.js?6dec07f6"></script>
<script defer src="//play.pokemonshowdown.com/js/lib/jquery-1.11.0.min.js"></script>
<script defer src="//play.pokemonshowdown.com/js/lib/html-sanitizer-minified.js"></script>
<script defer src="//play.pokemonshowdown.com/js/battle-sound.js"></script>
<script defer src="//play.pokemonshowdown.com/js/battledata.js?0.6315294753075389"></script>
<script defer src="//play.pokemonshowdown.com/data/pokedex-mini.js?0.7603743185311358"></script>
<script defer src="//play.pokemonshowdown.com/data/pokedex-mini-bw.js?0.030888842834281283"></script>
<script defer src="//play.pokemonshowdown.com/data/graphics.js?0.05593094747507488"></script>
<script defer src="//play.pokemonshowdown.com/data/pokedex.js?0.47064822249611904"></script>
<script defer src="//play.pokemonshowdown.com/data/moves.js?0.8583693120512459"></script>
<script defer src="//play.pokemonshowdown.com/data/abilities.js?0.16017181182386842"></script>
<script defer src="//play.pokemonshowdown.com/data/items.js?0.4163379185673943"></script>
<script defer src="//play.pokemonshowdown.com/data/teambuilder-tables.js?0.31075597372830477"></script>
<script defer src="//play.pokemonshowdown.com/js/battle-tooltips.js?0.6536193500708172"></script>
<script defer src="//play.pokemonshowdown.com/js/battle.js?0.1916591943277901"></script>

<script defer src="js/utils.js?e31f9a17"></script>
<script defer src="js/replays-battle.js?7008c182"></script>

<!-- don't scrape this data! just add .json or .log after the URL!
Full API docs: https://github.com/smogon/pokemon-showdown-client/blob/master/WEB-API.md -->
<script type="text/plain" class="log" id="replaylog-smogtours-gen3ou-796275">
|inactive|Battle timer is ON: inactive players will automatically lose when time's up.
|t:|1728341727
|gametype|singles
|player|p1|the band pet|266|
|player|p2|xhoshi|265|
|teamsize|p1|6
|teamsize|p2|6
|gen|3
|tier|[Gen 3] OU
|rule|Sleep Clause Mod: Limit one foe put to sleep
|rule|Switch Priority Clause Mod: Faster Pokémon switch first
|rule|Species Clause: Limit one of each Pokémon
|rule|OHKO Clause: OHKO moves are banned
|rule|Evasion Items Clause: Evasion items are banned
|rule|Evasion Moves Clause: Evasion moves are banned
|rule|Endless Battle Clause: Forcing endless battles is banned
|rule|HP Percentage Mod: HP is shown in percentages
|rule|One Boost Passer Clause: Limit one Baton Passer that has a way to boost its stats
|rule|Freeze Clause Mod: Limit one foe frozen
|
|t:|1728341727
|start
|switch|p1a: white herb|Metagross|100/100
|switch|p2a: Skarmory|Skarmory, F|100/100
|turn|1
|
|t:|1728341743
|switch|p1a: petaya berry|Magneton|100/100
|switch|p2a: Gengar|Gengar, F|100/100
|
|upkeep
|turn|2
|
|t:|1728341754
|switch|p1a: ninjaask|Snorlax, M|100/100
|move|p2a: Gengar|Fire Punch|p1a: ninjaask
|-damage|p1a: ninjaask|87/100
|
|-heal|p1a: ninjaask|94/100|[from] item: Leftovers
|upkeep
|turn|3
|
|t:|1728341766
|move|p2a: Gengar|Will-O-Wisp|p1a: ninjaask
|-status|p1a: ninjaask|brn
|move|p1a: ninjaask|Shadow Ball|p2a: Gengar
|-supereffective|p2a: Gengar
|-damage|p2a: Gengar|58/100
|-unboost|p2a: Gengar|spd|1
|
|-heal|p2a: Gengar|65/100|[from] item: Leftovers
|-heal|p1a: ninjaask|99/100 brn|[from] item: Leftovers
|-damage|p1a: ninjaask|87/100 brn|[from] brn
|upkeep
|turn|4
|
|t:|1728341784
|switch|p2a: Swampert|Swampert, F|100/100
|move|p1a: ninjaask|Shadow Ball|p2a: Swampert
|-damage|p2a: Swampert|91/100
|
|-heal|p2a: Swampert|97/100|[from] item: Leftovers
|-heal|p1a: ninjaask|93/100 brn|[from] item: Leftovers
|-damage|p1a: ninjaask|81/100 brn|[from] brn
|upkeep
|turn|5
|
|t:|1728341788
|switch|p1a: choice band|Celebi|100/100
|move|p2a: Swampert|Earthquake|p1a: choice band
|-resisted|p1a: choice band
|-damage|p1a: choice band|82/100
|
|-heal|p1a: choice band|88/100|[from] item: Leftovers
|-heal|p2a: Swampert|100/100|[from] item: Leftovers
|upkeep
|turn|6
|
|t:|1728341797
|switch|p2a: Blissey|Blissey, F, shiny|100/100
|move|p1a: choice band|Calm Mind|p1a: choice band
|-boost|p1a: choice band|spa|1
|-boost|p1a: choice band|spd|1
|
|-heal|p1a: choice band|94/100|[from] item: Leftovers
|upkeep
|turn|7
|
|t:|1728341800
|move|p1a: choice band|Calm Mind|p1a: choice band
|-boost|p1a: choice band|spa|1
|-boost|p1a: choice band|spd|1
|move|p2a: Blissey|Toxic|p1a: choice band|[miss]
|-miss|p2a: Blissey|p1a: choice band
|
|-heal|p1a: choice band|99/100|[from] item: Leftovers
|upkeep
|turn|8
|
|t:|1728341806
|move|p1a: choice band|Calm Mind|p1a: choice band
|-boost|p1a: choice band|spa|1
|-boost|p1a: choice band|spd|1
|move|p2a: Blissey|Toxic|p1a: choice band
|-status|p1a: choice band|tox
|
|-heal|p1a: choice band|100/100 tox|[from] item: Leftovers
|-damage|p1a: choice band|94/100 tox|[from] psn
|upkeep
|turn|9
|
|t:|1728341812
|move|p1a: choice band|Psychic|p2a: Blissey
|-damage|p2a: Blissey|62/100
|move|p2a: Blissey|Ice Beam|p1a: choice band
|-supereffective|p1a: choice band
|-damage|p1a: choice band|78/100 tox
|
|-heal|p1a: choice band|84/100 tox|[from] item: Leftovers
|-damage|p1a: choice band|72/100 tox|[from] psn
|-heal|p2a: Blissey|68/100|[from] item: Leftovers
|upkeep
|turn|10
|
|t:|1728341826
|-curestatus|p1a: choice band|tox|[from] ability: Natural Cure
|switch|p1a: ninjaask|Snorlax, M|81/100 brn
|move|p2a: Blissey|Soft-Boiled|p2a: Blissey
|-heal|p2a: Blissey|100/100
|
|-heal|p1a: ninjaask|87/100 brn|[from] item: Leftovers
|-damage|p1a: ninjaask|75/100 brn|[from] brn
|upkeep
|turn|11
|
|t:|1728341838
|switch|p2a: Skarmory|Skarmory, F|100/100
|move|p1a: ninjaask|Shadow Ball|p2a: Skarmory
|-resisted|p2a: Skarmory
|-damage|p2a: Skarmory|96/100
|
|-heal|p2a: Skarmory|100/100|[from] item: Leftovers
|-heal|p1a: ninjaask|81/100 brn|[from] item: Leftovers
|-damage|p1a: ninjaask|68/100 brn|[from] brn
|upkeep
|turn|12
|
|t:|1728341847
|switch|p1a: heraacross|Suicune|100/100
|move|p2a: Skarmory|Spikes|p1a: heraacross
|-sidestart|p1: the band pet|Spikes
|
|upkeep
|turn|13
|
|t:|1728341852
|switch|p1a: petaya berry|Magneton|100/100
|-damage|p1a: petaya berry|88/100|[from] Spikes
|move|p2a: Skarmory|Whirlwind|p1a: petaya berry
|drag|p1a: mud slap|Heracross, F|100/100
|-damage|p1a: mud slap|88/100|[from] Spikes
|
|upkeep
|turn|14
|
|t:|1728341859
|move|p1a: mud slap|Rock Slide|p2a: Skarmory
|-damage|p2a: Skarmory|79/100
|cant|p2a: Skarmory|flinch
|
|-heal|p2a: Skarmory|85/100|[from] item: Leftovers
|upkeep
|turn|15
|
|t:|1728341864
|move|p1a: mud slap|Rock Slide|p2a: Skarmory
|-damage|p2a: Skarmory|63/100
|cant|p2a: Skarmory|flinch
|
|-heal|p2a: Skarmory|69/100|[from] item: Leftovers
|upkeep
|turn|16
|
|t:|1728341869
|move|p1a: mud slap|Rock Slide|p2a: Skarmory
|-damage|p2a: Skarmory|46/100
|move|p2a: Skarmory|Whirlwind|p1a: mud slap
|drag|p1a: heraacross|Suicune|100/100
|-damage|p1a: heraacross|88/100|[from] Spikes
|
|-heal|p1a: heraacross|94/100|[from] item: Leftovers
|-heal|p2a: Skarmory|52/100|[from] item: Leftovers
|upkeep
|turn|17
|
|t:|1728341874
|move|p1a: heraacross|Surf|p2a: Skarmory
|-damage|p2a: Skarmory|18/100
|move|p2a: Skarmory|Spikes|p1a: heraacross
|-sidestart|p1: the band pet|Spikes
|
|-heal|p1a: heraacross|100/100|[from] item: Leftovers
|-heal|p2a: Skarmory|24/100|[from] item: Leftovers
|upkeep
|turn|18
|
|t:|1728341880
|switch|p2a: Blissey|Blissey, F, shiny|100/100
|move|p1a: heraacross|Surf|p2a: Blissey
|-damage|p2a: Blissey|87/100
|
|-heal|p2a: Blissey|93/100|[from] item: Leftovers
|upkeep
|turn|19
|
|t:|1728341884
|move|p1a: heraacross|Calm Mind|p1a: heraacross
|-boost|p1a: heraacross|spa|1
|-boost|p1a: heraacross|spd|1
|move|p2a: Blissey|Toxic|p1a: heraacross
|-status|p1a: heraacross|tox
|
|-damage|p1a: heraacross|94/100 tox|[from] psn
|-heal|p2a: Blissey|99/100|[from] item: Leftovers
|upkeep
|turn|20
|
|t:|1728341894
|switch|p2a: Tyranitar|Tyranitar, F|100/100
|-weather|Sandstorm|[from] ability: Sand Stream|[of] p2a: Tyranitar
|move|p1a: heraacross|Calm Mind|p1a: heraacross
|-boost|p1a: heraacross|spa|1
|-boost|p1a: heraacross|spd|1
|
|-weather|Sandstorm|[upkeep]
|-damage|p1a: heraacross|88/100 tox|[from] Sandstorm
|-heal|p1a: heraacross|94/100 tox|[from] item: Leftovers
|-damage|p1a: heraacross|82/100 tox|[from] psn
|upkeep
|turn|21
|
|t:|1728341904
|switch|p2a: Starmie|Starmie|100/100
|move|p1a: heraacross|Surf|p2a: Starmie
|-resisted|p2a: Starmie
|-damage|p2a: Starmie|46/100
|
|-weather|Sandstorm|[upkeep]
|-damage|p2a: Starmie|39/100|[from] Sandstorm
|-damage|p1a: heraacross|76/100 tox|[from] Sandstorm
|-heal|p2a: Starmie|46/100|[from] item: Leftovers
|-heal|p1a: heraacross|82/100 tox|[from] item: Leftovers
|-damage|p1a: heraacross|63/100 tox|[from] psn
|upkeep
|turn|22
|
|t:|1728341910
|move|p2a: Starmie|Thunderbolt|p1a: heraacross
|-supereffective|p1a: heraacross
|-damage|p1a: heraacross|46/100 tox
|move|p1a: heraacross|Surf|p2a: Starmie
|-resisted|p2a: Starmie
|-damage|p2a: Starmie|0 fnt
|faint|p2a: Starmie
|
|t:|1728341923
|switch|p2a: Skarmory|Skarmory, F|24/100
|
|-weather|Sandstorm|[upkeep]
|-damage|p1a: heraacross|40/100 tox|[from] Sandstorm
|-heal|p1a: heraacross|46/100 tox|[from] item: Leftovers
|-damage|p1a: heraacross|21/100 tox|[from] psn
|-heal|p2a: Skarmory|30/100|[from] item: Leftovers
|upkeep
|turn|23
|
|t:|1728341926
|move|p1a: heraacross|Rest|p1a: heraacross
|-status|p1a: heraacross|slp|[from] move: Rest
|-heal|p1a: heraacross|100/100 slp|[silent]
|move|p2a: Skarmory|Whirlwind|p1a: heraacross
|drag|p1a: ninjaask|Snorlax, M|68/100 brn
|-damage|p1a: ninjaask|52/100 brn|[from] Spikes
|
|-weather|Sandstorm|[upkeep]
|-damage|p1a: ninjaask|46/100 brn|[from] Sandstorm
|-heal|p2a: Skarmory|36/100|[from] item: Leftovers
|-heal|p1a: ninjaask|52/100 brn|[from] item: Leftovers
|-damage|p1a: ninjaask|40/100 brn|[from] brn
|upkeep
|turn|24
|
|t:|1728341941
|move|p2a: Skarmory|Spikes|p1a: ninjaask
|-sidestart|p1: the band pet|Spikes
|move|p1a: ninjaask|Self-Destruct|p2a: Skarmory
|-resisted|p2a: Skarmory
|-damage|p2a: Skarmory|1/100
|faint|p1a: ninjaask
|
|t:|1728341948
|switch|p1a: choice band|Celebi|72/100
|-damage|p1a: choice band|47/100|[from] Spikes
|
|-weather|Sandstorm|[upkeep]
|-damage|p1a: choice band|41/100|[from] Sandstorm
|-heal|p1a: choice band|47/100|[from] item: Leftovers
|-heal|p2a: Skarmory|7/100|[from] item: Leftovers
|upkeep
|turn|25
|
|t:|1728341953
|move|p1a: choice band|Psychic|p2a: Skarmory
|-resisted|p2a: Skarmory
|-damage|p2a: Skarmory|0 fnt
|faint|p2a: Skarmory
|
|t:|1728341967
|switch|p2a: Blissey|Blissey, F, shiny|99/100
|
|-weather|Sandstorm|[upkeep]
|-damage|p1a: choice band|41/100|[from] Sandstorm
|-damage|p2a: Blissey|93/100|[from] Sandstorm
|-heal|p1a: choice band|47/100|[from] item: Leftovers
|-heal|p2a: Blissey|99/100|[from] item: Leftovers
|upkeep
|turn|26
|
|t:|1728341972
|switch|p1a: white herb|Metagross|100/100
|-damage|p1a: white herb|76/100|[from] Spikes
|move|p2a: Blissey|Ice Beam|p1a: white herb
|-resisted|p1a: white herb
|-damage|p1a: white herb|64/100
|
|-weather|Sandstorm|[upkeep]
|-damage|p2a: Blissey|93/100|[from] Sandstorm
|-heal|p1a: white herb|70/100|[from] item: Leftovers
|-heal|p2a: Blissey|99/100|[from] item: Leftovers
|upkeep
|turn|27
|
|t:|1728341977
|switch|p2a: Swampert|Swampert, F|100/100
|move|p1a: white herb|Meteor Mash|p2a: Swampert
|-resisted|p2a: Swampert
|-damage|p2a: Swampert|79/100
|-boost|p1a: white herb|atk|1
|
|-weather|Sandstorm|[upkeep]
|-heal|p1a: white herb|76/100|[from] item: Leftovers
|-heal|p2a: Swampert|85/100|[from] item: Leftovers
|upkeep
|turn|28
|
|t:|1728341986
|move|p2a: Swampert|Protect|p2a: Swampert
|-singleturn|p2a: Swampert|Protect
|move|p1a: white herb|Earthquake|p2a: Swampert
|-activate|p2a: Swampert|Protect
|
|-weather|Sandstorm|[upkeep]
|-heal|p1a: white herb|82/100|[from] item: Leftovers
|-heal|p2a: Swampert|91/100|[from] item: Leftovers
|upkeep
|turn|29
|
|t:|1728341989
|move|p1a: white herb|Explosion|p2a: Swampert
|-damage|p2a: Swampert|0 fnt
|faint|p1a: white herb
|faint|p2a: Swampert
|
|t:|1728341997
|switch|p1a: petaya berry|Magneton|88/100
|switch|p2a: Gengar|Gengar, F|65/100
|-damage|p1a: petaya berry|63/100|[from] Spikes
|
|-weather|Sandstorm|[upkeep]
|-damage|p2a: Gengar|58/100|[from] Sandstorm
|-heal|p2a: Gengar|65/100|[from] item: Leftovers
|upkeep
|turn|30
|
|t:|1728342001
|move|p2a: Gengar|Fire Punch|p1a: petaya berry
|-supereffective|p1a: petaya berry
|-damage|p1a: petaya berry|0 fnt
|faint|p1a: petaya berry
|
|t:|1728342005
|switch|p1a: choice band|Celebi|47/100
|-damage|p1a: choice band|22/100|[from] Spikes
|
|-weather|Sandstorm|[upkeep]
|-damage|p1a: choice band|16/100|[from] Sandstorm
|-damage|p2a: Gengar|58/100|[from] Sandstorm
|-heal|p1a: choice band|22/100|[from] item: Leftovers
|-heal|p2a: Gengar|65/100|[from] item: Leftovers
|upkeep
|turn|31
|
|t:|1728342014
|switch|p2a: Blissey|Blissey, F, shiny|99/100
|move|p1a: choice band|Psychic|p2a: Blissey
|-damage|p2a: Blissey|84/100
|
|-weather|Sandstorm|[upkeep]
|-damage|p1a: choice band|16/100|[from] Sandstorm
|-damage|p2a: Blissey|78/100|[from] Sandstorm
|-heal|p1a: choice band|22/100|[from] item: Leftovers
|-heal|p2a: Blissey|84/100|[from] item: Leftovers
|upkeep
|turn|32
|
|t:|1728342020
|move|p1a: choice band|Giga Drain|p2a: Blissey
|-damage|p2a: Blissey|73/100
|-heal|p1a: choice band|32/100|[from] drain|[of] p2a: Blissey
|move|p2a: Blissey|Ice Beam|p1a: choice band
|-supereffective|p1a: choice band
|-damage|p1a: choice band|0 fnt
|faint|p1a: choice band
|
|t:|1728342026
|switch|p1a: mud slap|Heracross, F|88/100
|-damage|p1a: mud slap|63/100|[from] Spikes
|
|-weather|Sandstorm|[upkeep]
|-damage|p1a: mud slap|57/100|[from] Sandstorm
|-damage|p2a: Blissey|67/100|[from] Sandstorm
|-heal|p2a: Blissey|73/100|[from] item: Leftovers
|upkeep
|turn|33
|
|t:|1728342036
|move|p1a: mud slap|Megahorn|p2a: Blissey
|-damage|p2a: Blissey|8/100
|move|p2a: Blissey|Ice Beam|p1a: mud slap
|-damage|p1a: mud slap|33/100
|-status|p1a: mud slap|frz
|
|-weather|Sandstorm|[upkeep]
|-damage|p1a: mud slap|27/100 frz|[from] Sandstorm
|-damage|p2a: Blissey|1/100|[from] Sandstorm
|-heal|p2a: Blissey|8/100|[from] item: Leftovers
|upkeep
|turn|34
|
|t:|1728342041
|cant|p1a: mud slap|frz
|move|p2a: Blissey|Ice Beam|p1a: mud slap
|-damage|p1a: mud slap|2/100 frz
|
|-weather|Sandstorm|[upkeep]
|-damage|p1a: mud slap|0 fnt|[from] Sandstorm
|-damage|p2a: Blissey|1/100|[from] Sandstorm
|faint|p1a: mud slap
|-heal|p2a: Blissey|8/100|[from] item: Leftovers
|upkeep
|
|t:|1728342047
|switch|p1a: heraacross|Suicune|100/100 slp
|-damage|p1a: heraacross|75/100 slp|[from] Spikes
|turn|35
|
|t:|1728342050
|switch|p2a: Gengar|Gengar, F|65/100
|cant|p1a: heraacross|slp
|
|-weather|Sandstorm|[upkeep]
|-damage|p2a: Gengar|58/100|[from] Sandstorm
|-damage|p1a: heraacross|69/100 slp|[from] Sandstorm
|-heal|p2a: Gengar|65/100|[from] item: Leftovers
|-heal|p1a: heraacross|75/100 slp|[from] item: Leftovers
|upkeep
|turn|36
|
|t:|1728342053
|move|p2a: Gengar|Thunderbolt|p1a: heraacross
|-supereffective|p1a: heraacross
|-damage|p1a: heraacross|42/100 slp
|cant|p1a: heraacross|slp
|
|-weather|Sandstorm|[upkeep]
|-damage|p2a: Gengar|58/100|[from] Sandstorm
|-damage|p1a: heraacross|36/100 slp|[from] Sandstorm
|-heal|p2a: Gengar|65/100|[from] item: Leftovers
|-heal|p1a: heraacross|42/100 slp|[from] item: Leftovers
|upkeep
|turn|37
|
|t:|1728342057
|move|p2a: Gengar|Thunderbolt|p1a: heraacross
|-supereffective|p1a: heraacross
|-damage|p1a: heraacross|6/100 slp
|-curestatus|p1a: heraacross|slp|[msg]
|move|p1a: heraacross|Surf|p2a: Gengar
|-damage|p2a: Gengar|24/100
|
|-weather|Sandstorm|[upkeep]
|-damage|p2a: Gengar|18/100|[from] Sandstorm
|-damage|p1a: heraacross|0 fnt|[from] Sandstorm
|faint|p1a: heraacross
|
|win|xhoshi
|upkeep
|c|☆xhoshi|gg 
|c|☆the band pet|gg
|c|☆xhoshi|is it best of three
|c|☆xhoshi|or best of five
|c|☆the band pet|three
|c|☆xhoshi|okay
|c|☆xhoshi|nice battle
|player|p1|

</script>
<script type="application/json" class="data" id="replaydata-smogtours-gen3ou-796275">
{"id":"smogtours-gen3ou-796275","format":"[Gen 3] OU","players":["the band pet","xhoshi"],"uploadtime":1728342057,"views":120,"formatid":"gen3ou","rating":null,"private":0,"password":null}
</script>

<script defer src="js/replays.js?9d40a366"></script>
