<!DOCTYPE html>
<meta charset="utf-8" />
<meta name="viewport" content="width=device-width" />

<title>[Gen 3] OU: triangles vs. dicerat8 - Replays - Pok&eacute;mon Showdown!</title>

<meta name="description" content="Watch a replay of a Pok&eacute;mon battle between triangles and dicerat8! Format: [Gen 3] OU; Date: Nov 12, 2024" />
<!--

Hey, you! Looking in the source for the replay log?

You can find them in JSON format, just add `.json` at the end of a replay URL.

https://replay.pokemonshowdown.com/gen7randomdoublesbattle-865046831.json

Or, if you only need the log itself, add `.log` instead:

https://replay.pokemonshowdown.com/gen7randomdoublesbattle-865046831.log

-->

<link rel="stylesheet" href="//pokemonshowdown.com/style/global.css?0.767286132409787" />
<link rel="stylesheet" href="//play.pokemonshowdown.com/style/font-awesome.css?0.9266228007934947" />
<link rel="stylesheet" href="//play.pokemonshowdown.com/style/battle.css?0.7924700842790926" />
<link rel="stylesheet" href="//play.pokemonshowdown.com/style/utilichart.css?0.8777417872839479" />

<!-- Global site tag (gtag.js) - Google Analytics -->
<script async src="https://www.googletagmanager.com/gtag/js?id=UA-26211653-1"></script>
<script>
  window.dataLayer = window.dataLayer || [];
  function gtag(){dataLayer.push(arguments);}
  gtag('js', new Date());

  gtag('config', 'UA-26211653-1');
</script>
<!-- End Google Analytics -->
<!-- Venatus Ad Manager - Install in <HEAD> of page -->
	<script src="https://hb.vntsm.com/v3/live/ad-manager.min.js" type="text/javascript" data-site-id="642aba63ec9a7b11c3c9c1be" data-mode="scan" async></script>
<!-- / Venatus Ad Manager -->

<style>
	@media (max-width:820px) {
		.battle {
			margin: 0 auto;
		}
		.battle-log {
			margin: 7px auto 0;
			max-width: 640px;
			height: 300px;
			position: static;
		}
	}
	.optgroup {
		display: inline-block;
		line-height: 22px;
		font-size: 10pt;
	}
	.optgroup .button {
		height: 25px;
		padding-top: 0;
		padding-bottom: 0;
	}
	.optgroup button.button {
		padding-left: 12px;
		padding-right: 12px;
	}
	.linklist {
		list-style: none;
		margin: 0.5em 0;
		padding: 0;
	}
	.linklist li {
		padding: 2px 0;
	}
	.sidebar {
		float: left;
		width: 320px;
	}
	.bar-wrapper {
		max-width: 1100px;
		margin: 0 auto;
	}
	.bar-wrapper.has-sidebar {
		max-width: 1430px;
	}
	.mainbar {
		margin: 0;
		padding-right: 1px;
	}
	.mainbar.has-sidebar {
		margin-left: 330px;
	}
	@media (min-width: 1511px) {
		.sidebar {
			width: 400px;
		}
		.bar-wrapper.has-sidebar {
			max-width: 1510px;
		}
		.mainbar.has-sidebar {
			margin-left: 410px;
		}
	}
	.section.first-section {
		margin-top: 9px;
	}
	.blocklink small {
		white-space: normal;
	}
	.button {
		vertical-align: middle;
	}
	.replay-controls {
		padding-top: 10px;
	}
	.replay-controls h1 {
		font-size: 16pt;
		font-weight: normal;
		color: #CCC;
	}
	.pagelink {
		text-align: center;
	}
	.pagelink a {
		width: 150px;
	}
	.textbox, .button {
		font-size: 11pt;
		vertical-align: middle;
	}
	@media (max-width: 450px) {
		.button {
			font-size: 9pt;
		}
	}
</style>

<div>

	<header>
		<div class="nav-wrapper"><ul class="nav">
			<li><a class="button nav-first" href="//pokemonshowdown.com/"><img src="//pokemonshowdown.com/images/pokemonshowdownbeta.png" srcset="//pokemonshowdown.com/images/pokemonshowdownbeta.png 1x, //pokemonshowdown.com/images/pokemonshowdownbeta@2x.png 2x" alt="Pok&eacute;mon Showdown" width="146" height="44" /> Home</a></li>
			<li><a class="button" href="//pokemonshowdown.com/dex/">Pok&eacute;dex</a></li>
			<li><a class="button cur" href="/">Replays</a></li>
			<li><a class="button" href="//pokemonshowdown.com/ladder/">Ladder</a></li>
			<li><a class="button nav-last" href="//pokemonshowdown.com/forums/">Forum</a></li>
			<li><a class="button greenbutton nav-first nav-last" href="//play.pokemonshowdown.com/">Play</a></li>
		</ul></div>
	</header>

	<div class="main" id="main">

		<noscript><section class="section">You need to enable JavaScript to use this page; sorry!</section></noscript>

	</div>

</div>

<script defer nomodule src="//play.pokemonshowdown.com/js/lib/ps-polyfill.js"></script>
<script defer src="//play.pokemonshowdown.com/js/lib/preact.min.js"></script>

<script defer src="//play.pokemonshowdown.com/config/config.js?6dec07f6"></script>
<script defer src="//play.pokemonshowdown.com/js/lib/jquery-1.11.0.min.js"></script>
<script defer src="//play.pokemonshowdown.com/js/lib/html-sanitizer-minified.js"></script>
<script defer src="//play.pokemonshowdown.com/js/battle-sound.js"></script>
<script defer src="//play.pokemonshowdown.com/js/battledata.js?0.6315294753075389"></script>
<script defer src="//play.pokemonshowdown.com/data/pokedex-mini.js?0.7603743185311358"></script>
<script defer src="//play.pokemonshowdown.com/data/pokedex-mini-bw.js?0.030888842834281283"></script>
<script defer src="//play.pokemonshowdown.com/data/graphics.js?0.05593094747507488"></script>
<script defer src="//play.pokemonshowdown.com/data/pokedex.js?0.47064822249611904"></script>
<script defer src="//play.pokemonshowdown.com/data/moves.js?0.8583693120512459"></script>
<script defer src="//play.pokemonshowdown.com/data/abilities.js?0.16017181182386842"></script>
<script defer src="//play.pokemonshowdown.com/data/items.js?0.4163379185673943"></script>
<script defer src="//play.pokemonshowdown.com/data/teambuilder-tables.js?0.31075597372830477"></script>
<script defer src="//play.pokemonshowdown.com/js/battle-tooltips.js?0.6536193500708172"></script>
<script defer src="//play.pokemonshowdown.com/js/battle.js?0.1916591943277901"></script>

<script defer src="js/utils.js?e31f9a17"></script>
<script defer src="js/replays-battle.js?7008c182"></script>

<!-- don't scrape this data! just add .json or .log after the URL!
Full API docs: https://github.com/smogon/pokemon-showdown-client/blob/master/WEB-API.md -->
<script type="text/plain" class="log" id="replaylog-smogtours-gen3ou-806086">
|inactive|Battle timer is ON: inactive players will automatically lose when time's up.
|t:|1731416527
|gametype|singles
|player|p1|triangles|lucas|
|player|p2|dicerat8|eusine|
|teamsize|p1|6
|teamsize|p2|6
|gen|3
|tier|[Gen 3] OU
|rule|Sleep Clause Mod: Limit one foe put to sleep
|rule|Switch Priority Clause Mod: Faster Pokémon switch first
|rule|Species Clause: Limit one of each Pokémon
|rule|OHKO Clause: OHKO moves are banned
|rule|Evasion Items Clause: Evasion items are banned
|rule|Evasion Moves Clause: Evasion moves are banned
|rule|Endless Battle Clause: Forcing endless battles is banned
|rule|HP Percentage Mod: HP is shown in percentages
|rule|One Boost Passer Clause: Limit one Baton Passer that has a way to boost its stats
|rule|Freeze Clause Mod: Limit one foe frozen
|
|t:|1731416527
|start
|switch|p1a: Big Stew|Tyranitar, F, shiny|100/100
|switch|p2a: Snorlax|Snorlax, M|100/100
|-weather|Sandstorm|[from] ability: Sand Stream|[of] p1a: Big Stew
|turn|1
|c|☆triangles|hf
|c|☆dicerat8|gl
|
|t:|1731416548
|switch|p1a: Skarmory|Skarmory, F, shiny|100/100
|move|p2a: Snorlax|Earthquake|p1a: Skarmory
|-immune|p1a: Skarmory
|
|-weather|Sandstorm|[upkeep]
|-damage|p2a: Snorlax|94/100|[from] Sandstorm
|upkeep
|turn|2
|
|t:|1731416558
|switch|p2a: Magneton|Magneton|100/100
|move|p1a: Skarmory|Roar|p2a: Magneton
|drag|p2a: Snorlax|Snorlax, M|94/100
|
|-weather|Sandstorm|[upkeep]
|-damage|p2a: Snorlax|88/100|[from] Sandstorm
|upkeep
|turn|3
|
|t:|1731416566
|switch|p1a: Magneton|Magneton, shiny|100/100
|move|p2a: Snorlax|Double-Edge|p1a: Magneton
|-resisted|p1a: Magneton
|-damage|p1a: Magneton|31/100
|-damage|p2a: Snorlax|76/100|[from] Recoil|[of] p1a: Magneton
|
|-weather|Sandstorm|[upkeep]
|-damage|p2a: Snorlax|70/100|[from] Sandstorm
|upkeep
|turn|4
|
|t:|1731416575
|switch|p1a: Big Stew|Tyranitar, F, shiny|100/100
|move|p2a: Snorlax|Double-Edge|p1a: Big Stew
|-resisted|p1a: Big Stew
|-damage|p1a: Big Stew|63/100
|-damage|p2a: Snorlax|59/100|[from] Recoil|[of] p1a: Big Stew
|
|-weather|Sandstorm|[upkeep]
|-damage|p2a: Snorlax|53/100|[from] Sandstorm
|-heal|p1a: Big Stew|69/100|[from] item: Leftovers
|upkeep
|turn|5
|
|t:|1731416585
|switch|p2a: Metagross|Metagross|100/100
|move|p1a: Big Stew|Toxic|p2a: Metagross
|-immune|p2a: Metagross
|
|-weather|Sandstorm|[upkeep]
|-heal|p1a: Big Stew|75/100|[from] item: Leftovers
|upkeep
|turn|6
|
|t:|1731416588
|move|p1a: Big Stew|Protect|p1a: Big Stew
|-singleturn|p1a: Big Stew|Protect
|move|p2a: Metagross|Meteor Mash|p1a: Big Stew
|-activate|p1a: Big Stew|Protect
|
|-weather|Sandstorm|[upkeep]
|-heal|p1a: Big Stew|81/100|[from] item: Leftovers
|upkeep
|turn|7
|
|t:|1731416593
|switch|p1a: Skarmory|Skarmory, F, shiny|100/100
|move|p2a: Metagross|Meteor Mash|p1a: Skarmory
|-resisted|p1a: Skarmory
|-damage|p1a: Skarmory|80/100
|
|-weather|Sandstorm|[upkeep]
|-heal|p1a: Skarmory|86/100|[from] item: Leftovers
|upkeep
|turn|8
|
|t:|1731416604
|switch|p1a: Magneton|Magneton, shiny|31/100
|move|p2a: Metagross|Meteor Mash|p1a: Magneton
|-resisted|p1a: Magneton
|-damage|p1a: Magneton|10/100
|
|-weather|Sandstorm|[upkeep]
|upkeep
|turn|9
|
|t:|1731416615
|move|p1a: Magneton|Thunderbolt|p2a: Metagross
|-damage|p2a: Metagross|40/100
|-status|p2a: Metagross|par
|move|p2a: Metagross|Earthquake|p1a: Magneton
|-supereffective|p1a: Magneton
|-damage|p1a: Magneton|0 fnt
|faint|p1a: Magneton
|inactive|triangles has 270 seconds left.
|
|t:|1731416656
|switch|p1a: Pertfection|Swampert, F, shiny|100/100
|
|-weather|Sandstorm|[upkeep]
|-heal|p2a: Metagross|46/100 par|[from] item: Leftovers
|upkeep
|turn|10
|
|t:|1731416667
|cant|p2a: Metagross|par
|move|p1a: Pertfection|Earthquake|p2a: Metagross
|-supereffective|p2a: Metagross
|-damage|p2a: Metagross|0 fnt
|faint|p2a: Metagross
|
|t:|1731416669
|switch|p2a: Snorlax|Snorlax, M|53/100
|
|-weather|Sandstorm|[upkeep]
|-damage|p2a: Snorlax|47/100|[from] Sandstorm
|upkeep
|turn|11
|
|t:|1731416671
|move|p1a: Pertfection|Protect|p1a: Pertfection
|-singleturn|p1a: Pertfection|Protect
|move|p2a: Snorlax|Double-Edge|p1a: Pertfection
|-activate|p1a: Pertfection|Protect
|
|-weather|Sandstorm|[upkeep]
|-damage|p2a: Snorlax|41/100|[from] Sandstorm
|upkeep
|turn|12
|
|t:|1731416675
|switch|p1a: Skarmory|Skarmory, F, shiny|86/100
|move|p2a: Snorlax|Double-Edge|p1a: Skarmory
|-resisted|p1a: Skarmory
|-damage|p1a: Skarmory|54/100
|-damage|p2a: Snorlax|33/100|[from] Recoil|[of] p1a: Skarmory
|
|-weather|Sandstorm|[upkeep]
|-damage|p2a: Snorlax|27/100|[from] Sandstorm
|-heal|p1a: Skarmory|60/100|[from] item: Leftovers
|upkeep
|turn|13
|
|t:|1731416688
|switch|p1a: Big Stew|Tyranitar, F, shiny|81/100
|switch|p2a: Magneton|Magneton|100/100
|
|-weather|Sandstorm|[upkeep]
|-heal|p1a: Big Stew|88/100|[from] item: Leftovers
|upkeep
|turn|14
|
|t:|1731416697
|move|p2a: Magneton|Protect|p2a: Magneton
|-singleturn|p2a: Magneton|Protect
|move|p1a: Big Stew|Earthquake|p2a: Magneton
|-activate|p2a: Magneton|Protect
|
|-weather|Sandstorm|[upkeep]
|-heal|p1a: Big Stew|94/100|[from] item: Leftovers
|upkeep
|turn|15
|
|t:|1731416706
|switch|p2a: Salamence|Salamence, F|100/100
|-ability|p2a: Salamence|Intimidate|boost
|-unboost|p1a: Big Stew|atk|1
|move|p1a: Big Stew|Toxic|p2a: Salamence
|-status|p2a: Salamence|tox
|
|-weather|Sandstorm|[upkeep]
|-damage|p2a: Salamence|94/100 tox|[from] Sandstorm
|-heal|p2a: Salamence|100/100 tox|[from] item: Leftovers
|-damage|p2a: Salamence|94/100 tox|[from] psn
|-heal|p1a: Big Stew|99/100|[from] item: Leftovers
|upkeep
|turn|16
|
|t:|1731416714
|switch|p2a: Magneton|Magneton|100/100
|move|p1a: Big Stew|Protect||[still]
|-fail|p1a: Big Stew
|
|-weather|Sandstorm|[upkeep]
|-heal|p1a: Big Stew|100/100|[from] item: Leftovers
|upkeep
|turn|17
|
|t:|1731416724
|switch|p2a: Salamence|Salamence, F|94/100 tox
|-ability|p2a: Salamence|Intimidate|boost
|-unboost|p1a: Big Stew|atk|1
|move|p1a: Big Stew|Earthquake|p2a: Salamence
|-immune|p2a: Salamence
|
|-weather|Sandstorm|[upkeep]
|-damage|p2a: Salamence|88/100 tox|[from] Sandstorm
|-heal|p2a: Salamence|94/100 tox|[from] item: Leftovers
|-damage|p2a: Salamence|88/100 tox|[from] psn
|upkeep
|turn|18
|
|t:|1731416732
|move|p1a: Big Stew|Protect|p1a: Big Stew
|-singleturn|p1a: Big Stew|Protect
|move|p2a: Salamence|Earthquake|p1a: Big Stew
|-activate|p1a: Big Stew|Protect
|
|-weather|Sandstorm|[upkeep]
|-damage|p2a: Salamence|82/100 tox|[from] Sandstorm
|-heal|p2a: Salamence|88/100 tox|[from] item: Leftovers
|-damage|p2a: Salamence|76/100 tox|[from] psn
|upkeep
|turn|19
|
|t:|1731416740
|switch|p2a: Tyranitar|Tyranitar, F|100/100
|switch|p1a: Pertfection|Swampert, F, shiny|100/100
|
|-weather|Sandstorm|[upkeep]
|upkeep
|turn|20
|
|t:|1731416756
|move|p2a: Tyranitar|Crunch|p1a: Pertfection
|-damage|p1a: Pertfection|67/100
|move|p1a: Pertfection|Earthquake|p2a: Tyranitar
|-supereffective|p2a: Tyranitar
|-damage|p2a: Tyranitar|41/100
|
|-weather|Sandstorm|[upkeep]
|-heal|p2a: Tyranitar|47/100|[from] item: Leftovers
|-heal|p1a: Pertfection|73/100|[from] item: Leftovers
|upkeep
|turn|21
|
|t:|1731416762
|move|p2a: Tyranitar|Crunch|p1a: Pertfection
|-damage|p1a: Pertfection|42/100
|move|p1a: Pertfection|Earthquake|p2a: Tyranitar
|-supereffective|p2a: Tyranitar
|-damage|p2a: Tyranitar|0 fnt
|faint|p2a: Tyranitar
|
|t:|1731416769
|switch|p2a: Magneton|Magneton|100/100
|
|-weather|Sandstorm|[upkeep]
|-heal|p1a: Pertfection|49/100|[from] item: Leftovers
|upkeep
|turn|22
|
|t:|1731416772
|move|p1a: Pertfection|Protect|p1a: Pertfection
|-singleturn|p1a: Pertfection|Protect
|move|p2a: Magneton|Hidden Power|p1a: Pertfection
|-activate|p1a: Pertfection|Protect
|
|-weather|Sandstorm|[upkeep]
|-heal|p1a: Pertfection|55/100|[from] item: Leftovers
|upkeep
|turn|23
|
|t:|1731416775
|switch|p1a: Celebi|Celebi|100/100
|move|p2a: Magneton|Hidden Power|p1a: Celebi
|-resisted|p1a: Celebi
|-damage|p1a: Celebi|91/100
|
|-weather|Sandstorm|[upkeep]
|-damage|p1a: Celebi|85/100|[from] Sandstorm
|-heal|p1a: Celebi|91/100|[from] item: Leftovers
|upkeep
|turn|24
|
|t:|1731416778
|move|p1a: Celebi|Leech Seed|p2a: Magneton
|-start|p2a: Magneton|move: Leech Seed
|move|p2a: Magneton|Toxic|p1a: Celebi|[miss]
|-miss|p2a: Magneton|p1a: Celebi
|
|-weather|Sandstorm|[upkeep]
|-damage|p1a: Celebi|85/100|[from] Sandstorm
|-heal|p1a: Celebi|91/100|[from] item: Leftovers
|-damage|p2a: Magneton|88/100|[from] Leech Seed|[of] p1a: Celebi
|-heal|p1a: Celebi|99/100|[silent]
|upkeep
|turn|25
|
|t:|1731416781
|switch|p2a: Snorlax|Snorlax, M|27/100
|move|p1a: Celebi|Psychic|p2a: Snorlax
|-damage|p2a: Snorlax|10/100
|-unboost|p2a: Snorlax|spd|1
|
|-weather|Sandstorm|[upkeep]
|-damage|p1a: Celebi|93/100|[from] Sandstorm
|-damage|p2a: Snorlax|4/100|[from] Sandstorm
|-heal|p1a: Celebi|99/100|[from] item: Leftovers
|upkeep
|turn|26
|
|t:|1731416786
|move|p1a: Celebi|Psychic|p2a: Snorlax
|-damage|p2a: Snorlax|0 fnt
|faint|p2a: Snorlax
|
|t:|1731416788
|switch|p2a: Aerodactyl|Aerodactyl, F|100/100
|
|-weather|Sandstorm|[upkeep]
|-damage|p1a: Celebi|93/100|[from] Sandstorm
|-heal|p1a: Celebi|99/100|[from] item: Leftovers
|upkeep
|turn|27
|
|t:|1731416794
|switch|p1a: Skarmory|Skarmory, F, shiny|60/100
|move|p2a: Aerodactyl|Rock Slide|p1a: Skarmory
|-damage|p1a: Skarmory|18/100
|
|-weather|Sandstorm|[upkeep]
|-heal|p1a: Skarmory|24/100|[from] item: Leftovers
|upkeep
|turn|28
|
|t:|1731416802
|switch|p2a: Magneton|Magneton|88/100
|move|p1a: Skarmory|Spikes|p2a: Magneton
|-sidestart|p2: dicerat8|Spikes
|
|-weather|Sandstorm|[upkeep]
|-heal|p1a: Skarmory|30/100|[from] item: Leftovers
|upkeep
|turn|29
|
|t:|1731416805
|move|p2a: Magneton|Thunderbolt|p1a: Skarmory
|-supereffective|p1a: Skarmory
|-damage|p1a: Skarmory|0 fnt
|faint|p1a: Skarmory
|
|t:|1731416811
|switch|p1a: Pertfection|Swampert, F, shiny|55/100
|
|-weather|Sandstorm|[upkeep]
|-heal|p1a: Pertfection|61/100|[from] item: Leftovers
|upkeep
|turn|30
|
|t:|1731416814
|move|p1a: Pertfection|Protect|p1a: Pertfection
|-singleturn|p1a: Pertfection|Protect
|move|p2a: Magneton|Hidden Power|p1a: Pertfection
|-activate|p1a: Pertfection|Protect
|
|-weather|Sandstorm|[upkeep]
|-heal|p1a: Pertfection|67/100|[from] item: Leftovers
|upkeep
|turn|31
|
|t:|1731416816
|switch|p1a: Celebi|Celebi|99/100
|move|p2a: Magneton|Toxic|p1a: Celebi|[miss]
|-miss|p2a: Magneton|p1a: Celebi
|
|-weather|Sandstorm|[upkeep]
|-damage|p1a: Celebi|93/100|[from] Sandstorm
|-heal|p1a: Celebi|99/100|[from] item: Leftovers
|upkeep
|turn|32
|
|t:|1731416819
|move|p1a: Celebi|Leech Seed|p2a: Magneton
|-start|p2a: Magneton|move: Leech Seed
|move|p2a: Magneton|Toxic|p1a: Celebi
|-status|p1a: Celebi|tox
|
|-weather|Sandstorm|[upkeep]
|-damage|p1a: Celebi|93/100 tox|[from] Sandstorm
|-heal|p1a: Celebi|99/100 tox|[from] item: Leftovers
|-damage|p1a: Celebi|93/100 tox|[from] psn
|-damage|p2a: Magneton|76/100|[from] Leech Seed|[of] p1a: Celebi
|-heal|p1a: Celebi|99/100 tox|[silent]
|upkeep
|turn|33
|
|t:|1731416827
|switch|p2a: Salamence|Salamence, F|76/100 tox
|-ability|p2a: Salamence|Intimidate|boost
|-unboost|p1a: Celebi|atk|1
|move|p1a: Celebi|Leech Seed|p2a: Salamence
|-start|p2a: Salamence|move: Leech Seed
|
|-weather|Sandstorm|[upkeep]
|-damage|p2a: Salamence|70/100 tox|[from] Sandstorm
|-damage|p1a: Celebi|94/100 tox|[from] Sandstorm
|-heal|p2a: Salamence|76/100 tox|[from] item: Leftovers
|-damage|p2a: Salamence|64/100 tox|[from] Leech Seed|[of] p1a: Celebi
|-heal|p1a: Celebi|100/100 tox|[silent]
|-damage|p2a: Salamence|58/100 tox|[from] psn
|-damage|p1a: Celebi|88/100 tox|[from] psn
|upkeep
|turn|34
|
|t:|1731416829
|switch|p2a: Magneton|Magneton|76/100
|-damage|p2a: Magneton|63/100|[from] Spikes
|-curestatus|p1a: Celebi|tox|[from] ability: Natural Cure
|switch|p1a: Pertfection|Swampert, F, shiny|67/100
|
|-weather|Sandstorm|[upkeep]
|-heal|p1a: Pertfection|73/100|[from] item: Leftovers
|upkeep
|turn|35
|
|t:|1731416832
|move|p1a: Pertfection|Protect|p1a: Pertfection
|-singleturn|p1a: Pertfection|Protect
|move|p2a: Magneton|Hidden Power|p1a: Pertfection
|-activate|p1a: Pertfection|Protect
|
|-weather|Sandstorm|[upkeep]
|-heal|p1a: Pertfection|79/100|[from] item: Leftovers
|upkeep
|turn|36
|
|t:|1731416835
|switch|p1a: Celebi|Celebi|88/100
|move|p2a: Magneton|Hidden Power|p1a: Celebi
|-resisted|p1a: Celebi
|-damage|p1a: Celebi|80/100
|
|-weather|Sandstorm|[upkeep]
|-damage|p1a: Celebi|74/100|[from] Sandstorm
|-heal|p1a: Celebi|80/100|[from] item: Leftovers
|upkeep
|turn|37
|
|t:|1731416838
|move|p2a: Magneton|Protect|p2a: Magneton
|-singleturn|p2a: Magneton|Protect
|move|p1a: Celebi|Psychic|p2a: Magneton
|-activate|p2a: Magneton|Protect
|
|-weather|Sandstorm|[upkeep]
|-damage|p1a: Celebi|74/100|[from] Sandstorm
|-heal|p1a: Celebi|80/100|[from] item: Leftovers
|upkeep
|turn|38
|
|t:|1731416841
|move|p1a: Celebi|Psychic|p2a: Magneton
|-resisted|p2a: Magneton
|-damage|p2a: Magneton|34/100
|move|p2a: Magneton|Toxic|p1a: Celebi
|-status|p1a: Celebi|tox
|
|-weather|Sandstorm|[upkeep]
|-damage|p1a: Celebi|74/100 tox|[from] Sandstorm
|-heal|p1a: Celebi|80/100 tox|[from] item: Leftovers
|-damage|p1a: Celebi|74/100 tox|[from] psn
|upkeep
|turn|39
|
|t:|1731416847
|move|p2a: Magneton|Protect|p2a: Magneton
|-singleturn|p2a: Magneton|Protect
|move|p1a: Celebi|Recover|p1a: Celebi
|-heal|p1a: Celebi|100/100 tox
|
|-weather|Sandstorm|[upkeep]
|-damage|p1a: Celebi|94/100 tox|[from] Sandstorm
|-heal|p1a: Celebi|100/100 tox|[from] item: Leftovers
|-damage|p1a: Celebi|88/100 tox|[from] psn
|upkeep
|turn|40
|
|t:|1731416851
|switch|p2a: Aerodactyl|Aerodactyl, F|100/100
|move|p1a: Celebi|Psychic|p2a: Aerodactyl
|-damage|p2a: Aerodactyl|55/100
|
|-weather|Sandstorm|[upkeep]
|-damage|p1a: Celebi|82/100 tox|[from] Sandstorm
|-heal|p1a: Celebi|88/100 tox|[from] item: Leftovers
|-damage|p1a: Celebi|69/100 tox|[from] psn
|upkeep
|turn|41
|
|t:|1731416856
|-curestatus|p1a: Celebi|tox|[from] ability: Natural Cure
|switch|p1a: Pertfection|Swampert, F, shiny|79/100
|move|p2a: Aerodactyl|Hidden Power|p1a: Pertfection
|-damage|p1a: Pertfection|58/100
|
|-weather|Sandstorm|[upkeep]
|-heal|p1a: Pertfection|64/100|[from] item: Leftovers
|upkeep
|turn|42
|
|t:|1731416862
|switch|p2a: Salamence|Salamence, F|58/100 tox
|-ability|p2a: Salamence|Intimidate|boost
|-unboost|p1a: Pertfection|atk|1
|move|p1a: Pertfection|Earthquake|p2a: Salamence
|-immune|p2a: Salamence
|
|-weather|Sandstorm|[upkeep]
|-damage|p2a: Salamence|52/100 tox|[from] Sandstorm
|-heal|p2a: Salamence|58/100 tox|[from] item: Leftovers
|-damage|p2a: Salamence|52/100 tox|[from] psn
|-heal|p1a: Pertfection|70/100|[from] item: Leftovers
|upkeep
|turn|43
|
|t:|1731416865
|move|p1a: Pertfection|Protect|p1a: Pertfection
|-singleturn|p1a: Pertfection|Protect
|move|p2a: Salamence|Hidden Power|p1a: Pertfection
|-activate|p1a: Pertfection|Protect
|
|-weather|Sandstorm|[upkeep]
|-damage|p2a: Salamence|46/100 tox|[from] Sandstorm
|-heal|p2a: Salamence|52/100 tox|[from] item: Leftovers
|-damage|p2a: Salamence|40/100 tox|[from] psn
|-heal|p1a: Pertfection|76/100|[from] item: Leftovers
|upkeep
|turn|44
|
|t:|1731416869
|move|p2a: Salamence|Hidden Power|p1a: Pertfection
|-damage|p1a: Pertfection|48/100
|move|p1a: Pertfection|Ice Beam|p2a: Salamence
|-supereffective|p2a: Salamence
|-damage|p2a: Salamence|0 fnt
|faint|p2a: Salamence
|
|t:|1731416871
|switch|p2a: Magneton|Magneton|34/100
|-damage|p2a: Magneton|21/100|[from] Spikes
|
|-weather|Sandstorm|[upkeep]
|-heal|p1a: Pertfection|54/100|[from] item: Leftovers
|upkeep
|turn|45
|
|t:|1731416875
|move|p1a: Pertfection|Protect|p1a: Pertfection
|-singleturn|p1a: Pertfection|Protect
|move|p2a: Magneton|Toxic|p1a: Pertfection
|-activate|p1a: Pertfection|Protect
|
|-weather|Sandstorm|[upkeep]
|-heal|p1a: Pertfection|60/100|[from] item: Leftovers
|upkeep
|turn|46
|
|t:|1731416881
|switch|p1a: Celebi|Celebi|69/100
|move|p2a: Magneton|Hidden Power|p1a: Celebi
|-resisted|p1a: Celebi
|-damage|p1a: Celebi|62/100
|
|-weather|Sandstorm|[upkeep]
|-damage|p1a: Celebi|55/100|[from] Sandstorm
|-heal|p1a: Celebi|62/100|[from] item: Leftovers
|upkeep
|turn|47
|
|t:|1731416884
|switch|p2a: Aerodactyl|Aerodactyl, F|55/100
|move|p1a: Celebi|Psychic|p2a: Aerodactyl
|-damage|p2a: Aerodactyl|3/100
|
|-weather|Sandstorm|[upkeep]
|-damage|p1a: Celebi|55/100|[from] Sandstorm
|-heal|p1a: Celebi|62/100|[from] item: Leftovers
|upkeep
|turn|48
|
|t:|1731416894
|move|p2a: Aerodactyl|Double-Edge|p1a: Celebi
|-damage|p1a: Celebi|19/100
|move|p1a: Celebi|Psychic|p2a: Aerodactyl
|-damage|p2a: Aerodactyl|0 fnt
|faint|p2a: Aerodactyl
|c|☆dicerat8|ggwp
|
|t:|1731416898
|switch|p2a: Magneton|Magneton|21/100
|-damage|p2a: Magneton|9/100|[from] Spikes
|
|-weather|Sandstorm|[upkeep]
|-damage|p1a: Celebi|13/100|[from] Sandstorm
|-heal|p1a: Celebi|19/100|[from] item: Leftovers
|upkeep
|turn|49
|c|☆triangles|gg
|
|t:|1731416901
|move|p1a: Celebi|Psychic|p2a: Magneton
|-resisted|p2a: Magneton
|-damage|p2a: Magneton|0 fnt
|faint|p2a: Magneton
|
|win|triangles

</script>
<script type="application/json" class="data" id="replaydata-smogtours-gen3ou-806086">
{"id":"smogtours-gen3ou-806086","format":"[Gen 3] OU","players":["triangles","dicerat8"],"uploadtime":1731416901,"views":25,"formatid":"gen3ou","rating":null,"private":0,"password":null}
</script>

<script defer src="js/replays.js?9d40a366"></script>
