<!DOCTYPE html>
<meta charset="utf-8" />
<meta name="viewport" content="width=device-width" />

<title>[Gen 3] OU: prof clue vs. B.B.H00D - Replays - Pok&eacute;mon Showdown!</title>

<meta name="description" content="Watch a replay of a Pok&eacute;mon battle between prof clue and B.B.H00D! Format: [Gen 3] OU; Date: Oct 2, 2024" />
<!--

Hey, you! Looking in the source for the replay log?

You can find them in JSON format, just add `.json` at the end of a replay URL.

https://replay.pokemonshowdown.com/gen7randomdoublesbattle-865046831.json

Or, if you only need the log itself, add `.log` instead:

https://replay.pokemonshowdown.com/gen7randomdoublesbattle-865046831.log

-->

<link rel="stylesheet" href="//pokemonshowdown.com/style/global.css?0.767286132409787" />
<link rel="stylesheet" href="//play.pokemonshowdown.com/style/font-awesome.css?0.9266228007934947" />
<link rel="stylesheet" href="//play.pokemonshowdown.com/style/battle.css?0.7924700842790926" />
<link rel="stylesheet" href="//play.pokemonshowdown.com/style/utilichart.css?0.8777417872839479" />

<!-- Global site tag (gtag.js) - Google Analytics -->
<script async src="https://www.googletagmanager.com/gtag/js?id=UA-26211653-1"></script>
<script>
  window.dataLayer = window.dataLayer || [];
  function gtag(){dataLayer.push(arguments);}
  gtag('js', new Date());

  gtag('config', 'UA-26211653-1');
</script>
<!-- End Google Analytics -->
<!-- Venatus Ad Manager - Install in <HEAD> of page -->
	<script src="https://hb.vntsm.com/v3/live/ad-manager.min.js" type="text/javascript" data-site-id="642aba63ec9a7b11c3c9c1be" data-mode="scan" async></script>
<!-- / Venatus Ad Manager -->

<style>
	@media (max-width:820px) {
		.battle {
			margin: 0 auto;
		}
		.battle-log {
			margin: 7px auto 0;
			max-width: 640px;
			height: 300px;
			position: static;
		}
	}
	.optgroup {
		display: inline-block;
		line-height: 22px;
		font-size: 10pt;
	}
	.optgroup .button {
		height: 25px;
		padding-top: 0;
		padding-bottom: 0;
	}
	.optgroup button.button {
		padding-left: 12px;
		padding-right: 12px;
	}
	.linklist {
		list-style: none;
		margin: 0.5em 0;
		padding: 0;
	}
	.linklist li {
		padding: 2px 0;
	}
	.sidebar {
		float: left;
		width: 320px;
	}
	.bar-wrapper {
		max-width: 1100px;
		margin: 0 auto;
	}
	.bar-wrapper.has-sidebar {
		max-width: 1430px;
	}
	.mainbar {
		margin: 0;
		padding-right: 1px;
	}
	.mainbar.has-sidebar {
		margin-left: 330px;
	}
	@media (min-width: 1511px) {
		.sidebar {
			width: 400px;
		}
		.bar-wrapper.has-sidebar {
			max-width: 1510px;
		}
		.mainbar.has-sidebar {
			margin-left: 410px;
		}
	}
	.section.first-section {
		margin-top: 9px;
	}
	.blocklink small {
		white-space: normal;
	}
	.button {
		vertical-align: middle;
	}
	.replay-controls {
		padding-top: 10px;
	}
	.replay-controls h1 {
		font-size: 16pt;
		font-weight: normal;
		color: #CCC;
	}
	.pagelink {
		text-align: center;
	}
	.pagelink a {
		width: 150px;
	}
	.textbox, .button {
		font-size: 11pt;
		vertical-align: middle;
	}
	@media (max-width: 450px) {
		.button {
			font-size: 9pt;
		}
	}
</style>

<div>

	<header>
		<div class="nav-wrapper"><ul class="nav">
			<li><a class="button nav-first" href="//pokemonshowdown.com/"><img src="//pokemonshowdown.com/images/pokemonshowdownbeta.png" srcset="//pokemonshowdown.com/images/pokemonshowdownbeta.png 1x, //pokemonshowdown.com/images/pokemonshowdownbeta@2x.png 2x" alt="Pok&eacute;mon Showdown" width="146" height="44" /> Home</a></li>
			<li><a class="button" href="//pokemonshowdown.com/dex/">Pok&eacute;dex</a></li>
			<li><a class="button cur" href="/">Replays</a></li>
			<li><a class="button" href="//pokemonshowdown.com/ladder/">Ladder</a></li>
			<li><a class="button nav-last" href="//pokemonshowdown.com/forums/">Forum</a></li>
			<li><a class="button greenbutton nav-first nav-last" href="//play.pokemonshowdown.com/">Play</a></li>
		</ul></div>
	</header>

	<div class="main" id="main">

		<noscript><section class="section">You need to enable JavaScript to use this page; sorry!</section></noscript>

	</div>

</div>

<script defer nomodule src="//play.pokemonshowdown.com/js/lib/ps-polyfill.js"></script>
<script defer src="//play.pokemonshowdown.com/js/lib/preact.min.js"></script>

<script defer src="//play.pokemonshowdown.com/config/config.js?6dec07f6"></script>
<script defer src="//play.pokemonshowdown.com/js/lib/jquery-1.11.0.min.js"></script>
<script defer src="//play.pokemonshowdown.com/js/lib/html-sanitizer-minified.js"></script>
<script defer src="//play.pokemonshowdown.com/js/battle-sound.js"></script>
<script defer src="//play.pokemonshowdown.com/js/battledata.js?0.6315294753075389"></script>
<script defer src="//play.pokemonshowdown.com/data/pokedex-mini.js?0.7603743185311358"></script>
<script defer src="//play.pokemonshowdown.com/data/pokedex-mini-bw.js?0.030888842834281283"></script>
<script defer src="//play.pokemonshowdown.com/data/graphics.js?0.05593094747507488"></script>
<script defer src="//play.pokemonshowdown.com/data/pokedex.js?0.47064822249611904"></script>
<script defer src="//play.pokemonshowdown.com/data/moves.js?0.8583693120512459"></script>
<script defer src="//play.pokemonshowdown.com/data/abilities.js?0.16017181182386842"></script>
<script defer src="//play.pokemonshowdown.com/data/items.js?0.4163379185673943"></script>
<script defer src="//play.pokemonshowdown.com/data/teambuilder-tables.js?0.31075597372830477"></script>
<script defer src="//play.pokemonshowdown.com/js/battle-tooltips.js?0.6536193500708172"></script>
<script defer src="//play.pokemonshowdown.com/js/battle.js?0.1916591943277901"></script>

<script defer src="js/utils.js?e31f9a17"></script>
<script defer src="js/replays-battle.js?7008c182"></script>

<!-- don't scrape this data! just add .json or .log after the URL!
Full API docs: https://github.com/smogon/pokemon-showdown-client/blob/master/WEB-API.md -->
<script type="text/plain" class="log" id="replaylog-smogtours-gen3ou-793865">
|inactive|Battle timer is ON: inactive players will automatically lose when time's up.
|t:|1727827268
|gametype|singles
|player|p1|prof clue|102|
|player|p2|B.B.H00D|channeler-gen1rb|
|teamsize|p1|6
|teamsize|p2|6
|gen|3
|tier|[Gen 3] OU
|rule|Sleep Clause Mod: Limit one foe put to sleep
|rule|Switch Priority Clause Mod: Faster Pokémon switch first
|rule|Species Clause: Limit one of each Pokémon
|rule|OHKO Clause: OHKO moves are banned
|rule|Evasion Items Clause: Evasion items are banned
|rule|Evasion Moves Clause: Evasion moves are banned
|rule|Endless Battle Clause: Forcing endless battles is banned
|rule|HP Percentage Mod: HP is shown in percentages
|rule|One Boost Passer Clause: Limit one Baton Passer that has a way to boost its stats
|rule|Freeze Clause Mod: Limit one foe frozen
|
|t:|1727827268
|start
|switch|p1a: ff|Salamence, M|100/100
|switch|p2a: Jolteon|Jolteon, F|100/100
|-ability|p1a: ff|Intimidate|boost
|-unboost|p2a: Jolteon|atk|1
|turn|1
|c|☆B.B.H00D|gl
|
|t:|1727827280
|switch|p1a: goblin|Claydol|100/100
|move|p2a: Jolteon|Hidden Power|p1a: goblin
|-supereffective|p1a: goblin
|-damage|p1a: goblin|63/100
|
|-heal|p1a: goblin|69/100|[from] item: Leftovers
|upkeep
|turn|2
|
|t:|1727827292
|move|p2a: Jolteon|Baton Pass|p2a: Jolteon
|
|t:|1727827298
|switch|p2a: Celebi|Celebi|100/100|[from] Baton Pass
|move|p1a: goblin|Ancient Power|p2a: Celebi
|-damage|p2a: Celebi|91/100
|
|-heal|p2a: Celebi|97/100|[from] item: Leftovers
|-heal|p1a: goblin|75/100|[from] item: Leftovers
|upkeep
|turn|3
|
|t:|1727827311
|switch|p1a: Reptar Cereal|Tyranitar, F|100/100
|-weather|Sandstorm|[from] ability: Sand Stream|[of] p1a: Reptar Cereal
|move|p2a: Celebi|Leech Seed|p1a: Reptar Cereal
|-start|p1a: Reptar Cereal|move: Leech Seed
|
|-weather|Sandstorm|[upkeep]
|-damage|p2a: Celebi|91/100|[from] Sandstorm
|-heal|p2a: Celebi|97/100|[from] item: Leftovers
|-damage|p1a: Reptar Cereal|88/100|[from] Leech Seed|[of] p2a: Celebi
|-heal|p2a: Celebi|100/100|[silent]
|upkeep
|turn|4
|
|t:|1727827322
|switch|p1a: ff|Salamence, M|100/100
|-ability|p1a: ff|Intimidate|boost
|-unboost|p2a: Celebi|atk|1
|move|p2a: Celebi|Baton Pass|p2a: Celebi
|
|t:|1727827326
|switch|p2a: Jolteon|Jolteon, F|100/100|[from] Baton Pass
|
|-weather|Sandstorm|[upkeep]
|-damage|p2a: Jolteon|94/100|[from] Sandstorm
|-damage|p1a: ff|94/100|[from] Sandstorm
|-heal|p2a: Jolteon|100/100|[from] item: Leftovers
|-heal|p1a: ff|100/100|[from] item: Leftovers
|upkeep
|turn|5
|
|t:|1727827337
|switch|p1a: twist|Hariyama, F, shiny|100/100
|move|p2a: Jolteon|Hidden Power|p1a: twist
|-damage|p1a: twist|91/100
|
|-weather|Sandstorm|[upkeep]
|-damage|p2a: Jolteon|94/100|[from] Sandstorm
|-damage|p1a: twist|85/100|[from] Sandstorm
|-heal|p2a: Jolteon|100/100|[from] item: Leftovers
|-heal|p1a: twist|91/100|[from] item: Leftovers
|upkeep
|turn|6
|
|t:|1727827357
|switch|p2a: Celebi|Celebi|100/100
|move|p1a: twist|Knock Off|p2a: Celebi
|-supereffective|p2a: Celebi
|-damage|p2a: Celebi|97/100
|-enditem|p2a: Celebi|Leftovers|[from] move: Knock Off|[of] p1a: twist
|-hint|In Gens 3-4, Knock Off only makes the target's item unusable; it cannot obtain a new item.
|
|-weather|Sandstorm|[upkeep]
|-damage|p2a: Celebi|91/100|[from] Sandstorm
|-damage|p1a: twist|85/100|[from] Sandstorm
|-heal|p1a: twist|91/100|[from] item: Leftovers
|upkeep
|turn|7
|
|t:|1727827367
|move|p2a: Celebi|Leech Seed|p1a: twist
|-start|p1a: twist|move: Leech Seed
|move|p1a: twist|Hidden Power|p2a: Celebi
|-supereffective|p2a: Celebi
|-damage|p2a: Celebi|38/100
|
|-weather|Sandstorm|[upkeep]
|-damage|p2a: Celebi|32/100|[from] Sandstorm
|-damage|p1a: twist|85/100|[from] Sandstorm
|-heal|p1a: twist|91/100|[from] item: Leftovers
|-damage|p1a: twist|79/100|[from] Leech Seed|[of] p2a: Celebi
|-heal|p2a: Celebi|45/100|[silent]
|upkeep
|turn|8
|
|t:|1727827388
|switch|p1a: Reptar Cereal|Tyranitar, F|88/100
|move|p2a: Celebi|Substitute|p2a: Celebi
|-start|p2a: Celebi|Substitute
|-damage|p2a: Celebi|20/100
|
|-weather|Sandstorm|[upkeep]
|-damage|p2a: Celebi|14/100|[from] Sandstorm
|-heal|p1a: Reptar Cereal|94/100|[from] item: Leftovers
|upkeep
|turn|9
|
|t:|1727827400
|move|p2a: Celebi|Baton Pass|p2a: Celebi
|
|t:|1727827413
|switch|p2a: Smeargle|Smeargle, F|100/100|[from] Baton Pass
|move|p1a: Reptar Cereal|Crunch|p2a: Smeargle
|-end|p2a: Smeargle|Substitute
|
|-weather|Sandstorm|[upkeep]
|-damage|p2a: Smeargle|94/100|[from] Sandstorm
|-heal|p2a: Smeargle|100/100|[from] item: Leftovers
|-heal|p1a: Reptar Cereal|100/100|[from] item: Leftovers
|upkeep
|turn|10
|
|t:|1727827425
|switch|p1a: twist|Hariyama, F, shiny|79/100
|move|p2a: Smeargle|Spore|p1a: twist
|-status|p1a: twist|slp|[from] move: Spore
|
|-weather|Sandstorm|[upkeep]
|-damage|p2a: Smeargle|94/100|[from] Sandstorm
|-damage|p1a: twist|73/100 slp|[from] Sandstorm
|-heal|p2a: Smeargle|100/100|[from] item: Leftovers
|-heal|p1a: twist|79/100 slp|[from] item: Leftovers
|upkeep
|turn|11
|
|t:|1727827442
|switch|p1a: goblin|Claydol|75/100
|move|p2a: Smeargle|Substitute|p2a: Smeargle
|-start|p2a: Smeargle|Substitute
|-damage|p2a: Smeargle|76/100
|
|-weather|Sandstorm|[upkeep]
|-damage|p2a: Smeargle|70/100|[from] Sandstorm
|-heal|p2a: Smeargle|76/100|[from] item: Leftovers
|-heal|p1a: goblin|81/100|[from] item: Leftovers
|upkeep
|turn|12
|
|t:|1727827454
|move|p2a: Smeargle|Dragon Dance|p2a: Smeargle
|-boost|p2a: Smeargle|atk|1
|-boost|p2a: Smeargle|spe|1
|move|p1a: goblin|Earthquake|p2a: Smeargle
|-end|p2a: Smeargle|Substitute
|
|-weather|Sandstorm|[upkeep]
|-damage|p2a: Smeargle|70/100|[from] Sandstorm
|-heal|p2a: Smeargle|76/100|[from] item: Leftovers
|-heal|p1a: goblin|88/100|[from] item: Leftovers
|upkeep
|turn|13
|
|t:|1727827473
|move|p2a: Smeargle|Substitute|p2a: Smeargle
|-start|p2a: Smeargle|Substitute
|-damage|p2a: Smeargle|51/100
|move|p1a: goblin|Earthquake|p2a: Smeargle
|-end|p2a: Smeargle|Substitute
|
|-weather|Sandstorm|[upkeep]
|-damage|p2a: Smeargle|45/100|[from] Sandstorm
|-heal|p2a: Smeargle|51/100|[from] item: Leftovers
|-heal|p1a: goblin|94/100|[from] item: Leftovers
|upkeep
|turn|14
|
|t:|1727827488
|move|p2a: Smeargle|Baton Pass|p2a: Smeargle
|c|☆prof clue|gl 2 u2
|inactive|B.B.H00D has 270 seconds left.
|
|t:|1727827522
|switch|p2a: Vaporeon|Vaporeon, F|100/100|[from] Baton Pass
|move|p1a: goblin|Ancient Power|p2a: Vaporeon
|-damage|p2a: Vaporeon|89/100
|
|-weather|Sandstorm|[upkeep]
|-damage|p2a: Vaporeon|83/100|[from] Sandstorm
|-heal|p2a: Vaporeon|89/100|[from] item: Leftovers
|-heal|p1a: goblin|99/100|[from] item: Leftovers
|upkeep
|turn|15
|inactive|B.B.H00D has 270 seconds left.
|inactive|prof clue has 270 seconds left.
|
|t:|1727827551
|switch|p1a: twist|Hariyama, F, shiny|79/100 slp
|move|p2a: Vaporeon|Baton Pass|p2a: Vaporeon
|
|t:|1727827566
|switch|p2a: Smeargle|Smeargle, F|51/100|[from] Baton Pass
|
|-weather|Sandstorm|[upkeep]
|-damage|p2a: Smeargle|45/100|[from] Sandstorm
|-damage|p1a: twist|73/100 slp|[from] Sandstorm
|-heal|p2a: Smeargle|51/100|[from] item: Leftovers
|-heal|p1a: twist|79/100 slp|[from] item: Leftovers
|upkeep
|turn|16
|inactive|prof clue has 270 seconds left.
|
|t:|1727827585
|switch|p1a: goblin|Claydol|99/100
|move|p2a: Smeargle|Dragon Dance|p2a: Smeargle
|-boost|p2a: Smeargle|atk|1
|-boost|p2a: Smeargle|spe|1
|
|-weather|Sandstorm|[upkeep]
|-damage|p2a: Smeargle|45/100|[from] Sandstorm
|-heal|p2a: Smeargle|51/100|[from] item: Leftovers
|-heal|p1a: goblin|100/100|[from] item: Leftovers
|upkeep
|turn|17
|inactive|prof clue has 270 seconds left.
|
|t:|1727827595
|move|p2a: Smeargle|Baton Pass|p2a: Smeargle
|inactive|B.B.H00D has 270 seconds left.
|
|t:|1727827624
|switch|p2a: Vaporeon|Vaporeon, F|89/100|[from] Baton Pass
|move|p1a: goblin|Explosion|p2a: Vaporeon
|-damage|p2a: Vaporeon|4/100
|faint|p1a: goblin
|inactive|prof clue has 270 seconds left.
|
|t:|1727827643
|switch|p1a: ff|Salamence, M|100/100
|-ability|p1a: ff|Intimidate|boost
|-unboost|p2a: Vaporeon|atk|1
|
|-weather|Sandstorm|[upkeep]
|-damage|p2a: Vaporeon|0 fnt|[from] Sandstorm
|-damage|p1a: ff|94/100|[from] Sandstorm
|faint|p2a: Vaporeon
|-heal|p1a: ff|100/100|[from] item: Leftovers
|upkeep
|
|t:|1727827651
|switch|p2a: Jolteon|Jolteon, F|100/100
|turn|18
|inactive|prof clue has 270 seconds left.
|inactive|prof clue has 240 seconds left.
|
|t:|1727827689
|switch|p1a: Reptar Cereal|Tyranitar, F|100/100
|move|p2a: Jolteon|Substitute|p2a: Jolteon
|-start|p2a: Jolteon|Substitute
|-damage|p2a: Jolteon|76/100
|
|-weather|Sandstorm|[upkeep]
|-damage|p2a: Jolteon|69/100|[from] Sandstorm
|-heal|p2a: Jolteon|76/100|[from] item: Leftovers
|upkeep
|turn|19
|inactive|prof clue has 240 seconds left.
|
|t:|1727827701
|move|p2a: Jolteon|Baton Pass|p2a: Jolteon
|inactive|B.B.H00D has 270 seconds left.
|inactive|B.B.H00D has 240 seconds left.
|
|t:|1727827740
|switch|p2a: Celebi|Celebi|14/100|[from] Baton Pass
|move|p1a: Reptar Cereal|Crunch|p2a: Celebi
|-supereffective|p2a: Celebi
|-crit|p2a: Celebi
|-end|p2a: Celebi|Substitute
|
|-weather|Sandstorm|[upkeep]
|-damage|p2a: Celebi|8/100|[from] Sandstorm
|upkeep
|turn|20
|inactive|prof clue has 240 seconds left.
|
|t:|1727827756
|move|p2a: Celebi|Leech Seed|p1a: Reptar Cereal
|-start|p1a: Reptar Cereal|move: Leech Seed
|move|p1a: Reptar Cereal|Crunch|p2a: Celebi
|-supereffective|p2a: Celebi
|-damage|p2a: Celebi|0 fnt
|faint|p2a: Celebi
|inactive|B.B.H00D has 240 seconds left.
|
|t:|1727827782
|switch|p2a: Jolteon|Jolteon, F|76/100
|
|-weather|Sandstorm|[upkeep]
|-damage|p2a: Jolteon|69/100|[from] Sandstorm
|-heal|p2a: Jolteon|76/100|[from] item: Leftovers
|-damage|p1a: Reptar Cereal|88/100|[from] Leech Seed|[of] p2a: Jolteon
|-heal|p2a: Jolteon|93/100|[silent]
|upkeep
|turn|21
|inactive|prof clue has 240 seconds left.
|
|t:|1727827810
|switch|p1a: ff|Salamence, M|100/100
|-ability|p1a: ff|Intimidate|boost
|-unboost|p2a: Jolteon|atk|1
|move|p2a: Jolteon|Substitute|p2a: Jolteon
|-start|p2a: Jolteon|Substitute
|-damage|p2a: Jolteon|68/100
|
|-weather|Sandstorm|[upkeep]
|-damage|p2a: Jolteon|62/100|[from] Sandstorm
|-damage|p1a: ff|94/100|[from] Sandstorm
|-heal|p2a: Jolteon|68/100|[from] item: Leftovers
|-heal|p1a: ff|100/100|[from] item: Leftovers
|upkeep
|turn|22
|
|t:|1727827823
|move|p2a: Jolteon|Thunderbolt|p1a: ff
|-crit|p1a: ff
|-damage|p1a: ff|5/100
|-status|p1a: ff|par
|move|p1a: ff|Dragon Claw|p2a: Jolteon
|-end|p2a: Jolteon|Substitute
|
|-weather|Sandstorm|[upkeep]
|-damage|p2a: Jolteon|62/100|[from] Sandstorm
|-damage|p1a: ff|0 fnt|[from] Sandstorm
|faint|p1a: ff
|-heal|p2a: Jolteon|68/100|[from] item: Leftovers
|upkeep
|
|t:|1727827839
|switch|p1a: spring|Celebi|100/100
|turn|23
|inactive|B.B.H00D has 240 seconds left.
|
|t:|1727827868
|switch|p2a: Gyarados|Gyarados, M|100/100
|-ability|p2a: Gyarados|Intimidate|boost
|-unboost|p1a: spring|atk|1
|move|p1a: spring|Psychic|p2a: Gyarados
|-damage|p2a: Gyarados|56/100
|
|-weather|Sandstorm|[upkeep]
|-damage|p1a: spring|94/100|[from] Sandstorm
|-damage|p2a: Gyarados|50/100|[from] Sandstorm
|-heal|p1a: spring|100/100|[from] item: Leftovers
|-heal|p2a: Gyarados|56/100|[from] item: Leftovers
|upkeep
|turn|24
|inactive|prof clue has 210 seconds left.
|inactive|B.B.H00D has 240 seconds left.
|
|t:|1727827913
|move|p1a: spring|Leech Seed|p2a: Gyarados
|-start|p2a: Gyarados|move: Leech Seed
|move|p2a: Gyarados|Dragon Dance|p2a: Gyarados
|-boost|p2a: Gyarados|atk|1
|-boost|p2a: Gyarados|spe|1
|
|-weather|Sandstorm|[upkeep]
|-damage|p2a: Gyarados|50/100|[from] Sandstorm
|-damage|p1a: spring|94/100|[from] Sandstorm
|-heal|p2a: Gyarados|56/100|[from] item: Leftovers
|-damage|p2a: Gyarados|43/100|[from] Leech Seed|[of] p1a: spring
|-heal|p1a: spring|100/100|[silent]
|upkeep
|turn|25
|
|t:|1727827924
|switch|p1a: tired|Metagross|100/100
|move|p2a: Gyarados|Hidden Power|p1a: tired
|-resisted|p1a: tired
|-crit|p1a: tired
|-damage|p1a: tired|57/100
|
|-weather|Sandstorm|[upkeep]
|-damage|p2a: Gyarados|37/100|[from] Sandstorm
|-heal|p2a: Gyarados|43/100|[from] item: Leftovers
|-damage|p2a: Gyarados|31/100|[from] Leech Seed|[of] p1a: tired
|-heal|p1a: tired|70/100|[silent]
|upkeep
|turn|26
|
|t:|1727827939
|switch|p1a: twist|Hariyama, F, shiny|79/100 slp
|move|p2a: Gyarados|Earthquake|p1a: twist
|-damage|p1a: twist|38/100 slp
|
|-weather|Sandstorm|[upkeep]
|-damage|p2a: Gyarados|25/100|[from] Sandstorm
|-damage|p1a: twist|32/100 slp|[from] Sandstorm
|-heal|p2a: Gyarados|31/100|[from] item: Leftovers
|-damage|p2a: Gyarados|19/100|[from] Leech Seed|[of] p1a: twist
|-heal|p1a: twist|42/100 slp|[silent]
|-heal|p1a: twist|48/100 slp|[from] item: Leftovers
|upkeep
|turn|27
|
|t:|1727827953
|move|p2a: Gyarados|Hidden Power|p1a: twist
|-supereffective|p1a: twist
|-damage|p1a: twist|0 fnt
|faint|p1a: twist
|
|t:|1727827965
|switch|p1a: spring|Celebi|100/100
|
|-weather|Sandstorm|[upkeep]
|-damage|p2a: Gyarados|13/100|[from] Sandstorm
|-damage|p1a: spring|94/100|[from] Sandstorm
|-heal|p2a: Gyarados|19/100|[from] item: Leftovers
|-damage|p2a: Gyarados|6/100|[from] Leech Seed|[of] p1a: spring
|-heal|p1a: spring|100/100|[silent]
|upkeep
|turn|28
|
|t:|1727827978
|switch|p1a: Reptar Cereal|Tyranitar, F|88/100
|move|p2a: Gyarados|Hidden Power|p1a: Reptar Cereal
|-resisted|p1a: Reptar Cereal
|-damage|p1a: Reptar Cereal|66/100
|
|-weather|Sandstorm|[upkeep]
|-damage|p2a: Gyarados|0 fnt|[from] Sandstorm
|faint|p2a: Gyarados
|-heal|p1a: Reptar Cereal|72/100|[from] item: Leftovers
|upkeep
|
|t:|1727827982
|switch|p2a: Smeargle|Smeargle, F|51/100
|turn|29
|
|t:|1727828001
|move|p2a: Smeargle|Spore|p1a: Reptar Cereal
|-status|p1a: Reptar Cereal|slp|[from] move: Spore
|cant|p1a: Reptar Cereal|slp
|
|-weather|Sandstorm|[upkeep]
|-damage|p2a: Smeargle|45/100|[from] Sandstorm
|-heal|p2a: Smeargle|51/100|[from] item: Leftovers
|-heal|p1a: Reptar Cereal|78/100 slp|[from] item: Leftovers
|upkeep
|turn|30
|
|t:|1727828011
|switch|p1a: tired|Metagross|70/100
|move|p2a: Smeargle|Substitute|p2a: Smeargle
|-start|p2a: Smeargle|Substitute
|-damage|p2a: Smeargle|26/100
|
|-weather|Sandstorm|[upkeep]
|-damage|p2a: Smeargle|20/100|[from] Sandstorm
|-heal|p2a: Smeargle|26/100|[from] item: Leftovers
|upkeep
|turn|31
|
|t:|1727828020
|move|p2a: Smeargle|Dragon Dance|p2a: Smeargle
|-boost|p2a: Smeargle|atk|1
|-boost|p2a: Smeargle|spe|1
|move|p1a: tired|Meteor Mash|p2a: Smeargle
|-end|p2a: Smeargle|Substitute
|
|-weather|Sandstorm|[upkeep]
|-damage|p2a: Smeargle|20/100|[from] Sandstorm
|-heal|p2a: Smeargle|26/100|[from] item: Leftovers
|upkeep
|turn|32
|
|t:|1727828032
|move|p2a: Smeargle|Baton Pass|p2a: Smeargle
|inactive|B.B.H00D has 270 seconds left.
|inactive|B.B.H00D has 240 seconds left.
|
|t:|1727828098
|switch|p2a: Marowak|Marowak, F|100/100|[from] Baton Pass
|move|p1a: tired|Agility|p1a: tired
|-boost|p1a: tired|spe|2
|
|-weather|Sandstorm|[upkeep]
|upkeep
|turn|33
|inactive|prof clue has 180 seconds left.
|
|t:|1727828147
|move|p1a: tired|Meteor Mash|p2a: Marowak
|-damage|p2a: Marowak|37/100
|move|p2a: Marowak|Bonemerang|p1a: tired|[miss]
|-miss|p2a: Marowak|p1a: tired
|
|-weather|Sandstorm|[upkeep]
|upkeep
|turn|34
|inactive|B.B.H00D has 240 seconds left.
|
|t:|1727828161
|move|p1a: tired|Earthquake|p2a: Marowak
|-crit|p2a: Marowak
|-damage|p2a: Marowak|0 fnt
|faint|p2a: Marowak
|
|t:|1727828165
|switch|p2a: Jolteon|Jolteon, F|68/100
|
|-weather|Sandstorm|[upkeep]
|-damage|p2a: Jolteon|62/100|[from] Sandstorm
|-heal|p2a: Jolteon|68/100|[from] item: Leftovers
|upkeep
|turn|35
|c|☆B.B.H00D|gg
|-message|B.B.H00D forfeited.
|
|win|prof clue
|player|p2|
|c|☆prof clue|gg

</script>
<script type="application/json" class="data" id="replaydata-smogtours-gen3ou-793865">
{"id":"smogtours-gen3ou-793865","format":"[Gen 3] OU","players":["prof clue","B.B.H00D"],"uploadtime":1727828175,"views":116,"formatid":"gen3ou","rating":null,"private":0,"password":null}
</script>

<script defer src="js/replays.js?9d40a366"></script>
