<!DOCTYPE html>
<meta charset="utf-8" />
<meta name="viewport" content="width=device-width" />

<title>[Gen 3] OU: kaboom64 vs. HunarPG - Replays - Pok&eacute;mon Showdown!</title>

<meta name="description" content="Watch a replay of a Pok&eacute;mon battle between kaboom64 and HunarPG! Format: [Gen 3] OU; Date: Oct 9, 2024" />
<!--

Hey, you! Looking in the source for the replay log?

You can find them in JSON format, just add `.json` at the end of a replay URL.

https://replay.pokemonshowdown.com/gen7randomdoublesbattle-865046831.json

Or, if you only need the log itself, add `.log` instead:

https://replay.pokemonshowdown.com/gen7randomdoublesbattle-865046831.log

-->

<link rel="stylesheet" href="//pokemonshowdown.com/style/global.css?0.023195364461161105" />
<link rel="stylesheet" href="//play.pokemonshowdown.com/style/font-awesome.css?0.13261647063804238" />
<link rel="stylesheet" href="//play.pokemonshowdown.com/style/battle.css?0.8753245789963631" />
<link rel="stylesheet" href="//play.pokemonshowdown.com/style/utilichart.css?0.8627959624976733" />

<!-- Global site tag (gtag.js) - Google Analytics -->
<script async src="https://www.googletagmanager.com/gtag/js?id=UA-26211653-1"></script>
<script>
  window.dataLayer = window.dataLayer || [];
  function gtag(){dataLayer.push(arguments);}
  gtag('js', new Date());

  gtag('config', 'UA-26211653-1');
</script>
<!-- End Google Analytics -->
<!-- Venatus Ad Manager - Install in <HEAD> of page -->
	<script src="https://hb.vntsm.com/v3/live/ad-manager.min.js" type="text/javascript" data-site-id="642aba63ec9a7b11c3c9c1be" data-mode="scan" async></script>
<!-- / Venatus Ad Manager -->

<style>
	@media (max-width:820px) {
		.battle {
			margin: 0 auto;
		}
		.battle-log {
			margin: 7px auto 0;
			max-width: 640px;
			height: 300px;
			position: static;
		}
	}
	.optgroup {
		display: inline-block;
		line-height: 22px;
		font-size: 10pt;
	}
	.optgroup .button {
		height: 25px;
		padding-top: 0;
		padding-bottom: 0;
	}
	.optgroup button.button {
		padding-left: 12px;
		padding-right: 12px;
	}
	.linklist {
		list-style: none;
		margin: 0.5em 0;
		padding: 0;
	}
	.linklist li {
		padding: 2px 0;
	}
	.sidebar {
		float: left;
		width: 320px;
	}
	.bar-wrapper {
		max-width: 1100px;
		margin: 0 auto;
	}
	.bar-wrapper.has-sidebar {
		max-width: 1430px;
	}
	.mainbar {
		margin: 0;
		padding-right: 1px;
	}
	.mainbar.has-sidebar {
		margin-left: 330px;
	}
	@media (min-width: 1511px) {
		.sidebar {
			width: 400px;
		}
		.bar-wrapper.has-sidebar {
			max-width: 1510px;
		}
		.mainbar.has-sidebar {
			margin-left: 410px;
		}
	}
	.section.first-section {
		margin-top: 9px;
	}
	.blocklink small {
		white-space: normal;
	}
	.button {
		vertical-align: middle;
	}
	.replay-controls {
		padding-top: 10px;
	}
	.replay-controls h1 {
		font-size: 16pt;
		font-weight: normal;
		color: #CCC;
	}
	.pagelink {
		text-align: center;
	}
	.pagelink a {
		width: 150px;
	}
	.textbox, .button {
		font-size: 11pt;
		vertical-align: middle;
	}
	@media (max-width: 450px) {
		.button {
			font-size: 9pt;
		}
	}
</style>

<div>

	<header>
		<div class="nav-wrapper"><ul class="nav">
			<li><a class="button nav-first" href="//pokemonshowdown.com/"><img src="//pokemonshowdown.com/images/pokemonshowdownbeta.png" srcset="//pokemonshowdown.com/images/pokemonshowdownbeta.png 1x, //pokemonshowdown.com/images/pokemonshowdownbeta@2x.png 2x" alt="Pok&eacute;mon Showdown" width="146" height="44" /> Home</a></li>
			<li><a class="button" href="//pokemonshowdown.com/dex/">Pok&eacute;dex</a></li>
			<li><a class="button cur" href="/">Replays</a></li>
			<li><a class="button" href="//pokemonshowdown.com/ladder/">Ladder</a></li>
			<li><a class="button nav-last" href="//pokemonshowdown.com/forums/">Forum</a></li>
			<li><a class="button greenbutton nav-first nav-last" href="//play.pokemonshowdown.com/">Play</a></li>
		</ul></div>
	</header>

	<div class="main" id="main">

		<noscript><section class="section">You need to enable JavaScript to use this page; sorry!</section></noscript>

	</div>

</div>

<script defer nomodule src="//play.pokemonshowdown.com/js/lib/ps-polyfill.js"></script>
<script defer src="//play.pokemonshowdown.com/js/lib/preact.min.js"></script>

<script defer src="//play.pokemonshowdown.com/config/config.js?2bddbc15"></script>
<script defer src="//play.pokemonshowdown.com/js/lib/jquery-1.11.0.min.js"></script>
<script defer src="//play.pokemonshowdown.com/js/lib/html-sanitizer-minified.js"></script>
<script defer src="//play.pokemonshowdown.com/js/battle-sound.js"></script>
<script defer src="//play.pokemonshowdown.com/js/battledata.js?0.7209276989879541"></script>
<script defer src="//play.pokemonshowdown.com/data/pokedex-mini.js?0.6111056340867951"></script>
<script defer src="//play.pokemonshowdown.com/data/pokedex-mini-bw.js?0.3532142036491459"></script>
<script defer src="//play.pokemonshowdown.com/data/graphics.js?0.24223875632456182"></script>
<script defer src="//play.pokemonshowdown.com/data/pokedex.js?0.38839984266356864"></script>
<script defer src="//play.pokemonshowdown.com/data/moves.js?0.21866028504024015"></script>
<script defer src="//play.pokemonshowdown.com/data/abilities.js?0.2005157953846628"></script>
<script defer src="//play.pokemonshowdown.com/data/items.js?0.9894211263848525"></script>
<script defer src="//play.pokemonshowdown.com/data/teambuilder-tables.js?0.6008791140282215"></script>
<script defer src="//play.pokemonshowdown.com/js/battle-tooltips.js?0.7580118955022959"></script>
<script defer src="//play.pokemonshowdown.com/js/battle.js?0.6057722274234274"></script>

<script defer src="js/utils.js?e31f9a17"></script>
<script defer src="js/replays-battle.js?7008c182"></script>

<!-- don't scrape this data! just add .json or .log after the URL!
Full API docs: https://github.com/smogon/pokemon-showdown-client/blob/master/WEB-API.md -->
<script type="text/plain" class="log" id="replaylog-smogtours-gen3ou-796626">
|inactive|Battle timer is ON: inactive players will automatically lose when time's up.
|badge|p1|bronze|gen9lc|100-3
|uhtml|medal-msg|<div class="broadcast-blue">Curious what those medals under the avatar are? PS now has Ladder Seasons! For more information, check out the <a href="https://www.smogon.com/forums/threads/3740067/">thread on Smogon.<\/a><\/div>
|t:|1728485037
|gametype|singles
|player|p1|kaboom64|#scl4dynamos2|
|player|p2|HunarPG|brawly|
|teamsize|p1|6
|teamsize|p2|6
|gen|3
|tier|[Gen 3] OU
|rule|Sleep Clause Mod: Limit one foe put to sleep
|rule|Switch Priority Clause Mod: Faster Pokémon switch first
|rule|Species Clause: Limit one of each Pokémon
|rule|OHKO Clause: OHKO moves are banned
|rule|Evasion Items Clause: Evasion items are banned
|rule|Evasion Moves Clause: Evasion moves are banned
|rule|Endless Battle Clause: Forcing endless battles is banned
|rule|HP Percentage Mod: HP is shown in percentages
|rule|One Boost Passer Clause: Limit one Baton Passer that has a way to boost its stats
|rule|Freeze Clause Mod: Limit one foe frozen
|
|t:|1728485037
|start
|switch|p1a: Tyranitar|Tyranitar, M|100/100
|switch|p2a: Salamence|Salamence, F|100/100
|-ability|p2a: Salamence|Intimidate|boost
|-unboost|p1a: Tyranitar|atk|1
|-weather|Sandstorm|[from] ability: Sand Stream|[of] p1a: Tyranitar
|turn|1
|inactive|kaboom64 has 270 seconds left.
|inactive|kaboom64 has 240 seconds left.
|
|t:|1728485119
|switch|p1a: Zapdos|Zapdos|100/100
|move|p2a: Salamence|Brick Break|p1a: Zapdos
|-resisted|p1a: Zapdos
|-damage|p1a: Zapdos|80/100
|
|-weather|Sandstorm|[upkeep]
|-damage|p2a: Salamence|94/100|[from] Sandstorm
|-damage|p1a: Zapdos|74/100|[from] Sandstorm
|-heal|p1a: Zapdos|80/100|[from] item: Leftovers
|upkeep
|turn|2
|
|t:|1728485127
|switch|p2a: Claydol|Claydol|100/100
|move|p1a: Zapdos|Hidden Power|p2a: Claydol
|-supereffective|p2a: Claydol
|-damage|p2a: Claydol|61/100
|
|-weather|Sandstorm|[upkeep]
|-damage|p1a: Zapdos|74/100|[from] Sandstorm
|-heal|p1a: Zapdos|80/100|[from] item: Leftovers
|-heal|p2a: Claydol|67/100|[from] item: Leftovers
|upkeep
|turn|3
|
|t:|1728485133
|switch|p2a: Magneton|Magneton|100/100
|move|p1a: Zapdos|Hidden Power|p2a: Magneton
|-resisted|p2a: Magneton
|-damage|p2a: Magneton|79/100
|
|-weather|Sandstorm|[upkeep]
|-damage|p1a: Zapdos|74/100|[from] Sandstorm
|-heal|p1a: Zapdos|80/100|[from] item: Leftovers
|upkeep
|turn|4
|
|t:|1728485137
|move|p1a: Zapdos|Thunderbolt|p2a: Magneton
|-resisted|p2a: Magneton
|-damage|p2a: Magneton|38/100
|move|p2a: Magneton|Toxic|p1a: Zapdos
|-status|p1a: Zapdos|tox
|
|-weather|Sandstorm|[upkeep]
|-damage|p1a: Zapdos|74/100 tox|[from] Sandstorm
|-heal|p1a: Zapdos|80/100 tox|[from] item: Leftovers
|-damage|p1a: Zapdos|74/100 tox|[from] psn
|upkeep
|turn|5
|
|t:|1728485151
|move|p1a: Zapdos|Hidden Power|p2a: Magneton
|-resisted|p2a: Magneton
|-damage|p2a: Magneton|19/100
|move|p2a: Magneton|Thunder|p1a: Zapdos|[miss]
|-miss|p2a: Magneton|p1a: Zapdos
|
|-weather|Sandstorm|[upkeep]
|-damage|p1a: Zapdos|67/100 tox|[from] Sandstorm
|-heal|p1a: Zapdos|74/100 tox|[from] item: Leftovers
|-damage|p1a: Zapdos|61/100 tox|[from] psn
|upkeep
|turn|6
|
|t:|1728485161
|move|p1a: Zapdos|Hidden Power|p2a: Magneton
|-resisted|p2a: Magneton
|-damage|p2a: Magneton|1/100
|move|p2a: Magneton|Thunder|p1a: Zapdos
|-damage|p1a: Zapdos|8/100 tox
|
|-weather|Sandstorm|[upkeep]
|-damage|p1a: Zapdos|2/100 tox|[from] Sandstorm
|-heal|p1a: Zapdos|8/100 tox|[from] item: Leftovers
|-damage|p1a: Zapdos|0 fnt|[from] psn
|faint|p1a: Zapdos
|upkeep
|
|t:|1728485166
|switch|p1a: Gengar|Gengar, F|100/100
|turn|7
|
|t:|1728485170
|move|p1a: Gengar|Giga Drain|p2a: Magneton
|-resisted|p2a: Magneton
|-damage|p2a: Magneton|0 fnt
|faint|p2a: Magneton
|
|t:|1728485176
|switch|p2a: Snorlax|Snorlax, M|100/100
|
|-weather|Sandstorm|[upkeep]
|-damage|p1a: Gengar|94/100|[from] Sandstorm
|-damage|p2a: Snorlax|94/100|[from] Sandstorm
|-heal|p1a: Gengar|100/100|[from] item: Leftovers
|-heal|p2a: Snorlax|100/100|[from] item: Leftovers
|upkeep
|turn|8
|
|t:|1728485183
|move|p1a: Gengar|Will-O-Wisp|p2a: Snorlax
|-status|p2a: Snorlax|brn
|move|p2a: Snorlax|Earthquake|p1a: Gengar
|-immune|p1a: Gengar
|
|-weather|Sandstorm|[upkeep]
|-damage|p1a: Gengar|94/100|[from] Sandstorm
|-damage|p2a: Snorlax|94/100 brn|[from] Sandstorm
|-heal|p1a: Gengar|100/100|[from] item: Leftovers
|-heal|p2a: Snorlax|100/100 brn|[from] item: Leftovers
|-damage|p2a: Snorlax|88/100 brn|[from] brn
|upkeep
|turn|9
|
|t:|1728485193
|switch|p1a: Skarmory|Skarmory, F|100/100
|move|p2a: Snorlax|Shadow Ball|p1a: Skarmory
|-resisted|p1a: Skarmory
|-damage|p1a: Skarmory|95/100
|
|-weather|Sandstorm|[upkeep]
|-damage|p2a: Snorlax|82/100 brn|[from] Sandstorm
|-heal|p1a: Skarmory|100/100|[from] item: Leftovers
|-heal|p2a: Snorlax|88/100 brn|[from] item: Leftovers
|-damage|p2a: Snorlax|76/100 brn|[from] brn
|upkeep
|turn|10
|
|t:|1728485208
|switch|p2a: Claydol|Claydol|67/100
|move|p1a: Skarmory|Spikes|p2a: Claydol
|-sidestart|p2: HunarPG|Spikes
|
|-weather|Sandstorm|[upkeep]
|-heal|p2a: Claydol|74/100|[from] item: Leftovers
|upkeep
|turn|11
|
|t:|1728485216
|switch|p1a: Swampert|Swampert, F|100/100
|move|p2a: Claydol|Shadow Ball|p1a: Swampert
|-damage|p1a: Swampert|86/100
|
|-weather|Sandstorm|[upkeep]
|-heal|p2a: Claydol|80/100|[from] item: Leftovers
|-heal|p1a: Swampert|92/100|[from] item: Leftovers
|upkeep
|turn|12
|
|t:|1728485223
|switch|p2a: Salamence|Salamence, F|94/100
|-ability|p2a: Salamence|Intimidate|boost
|-unboost|p1a: Swampert|atk|1
|move|p1a: Swampert|Surf|p2a: Salamence
|-resisted|p2a: Salamence
|-damage|p2a: Salamence|77/100
|
|-weather|Sandstorm|[upkeep]
|-damage|p2a: Salamence|71/100|[from] Sandstorm
|-heal|p1a: Swampert|98/100|[from] item: Leftovers
|upkeep
|turn|13
|
|t:|1728485231
|move|p2a: Salamence|Hidden Power|p1a: Swampert
|-damage|p1a: Swampert|60/100
|move|p1a: Swampert|Toxic|p2a: Salamence
|-status|p2a: Salamence|tox
|
|-weather|Sandstorm|[upkeep]
|-damage|p2a: Salamence|65/100 tox|[from] Sandstorm
|-damage|p2a: Salamence|59/100 tox|[from] psn
|-heal|p1a: Swampert|66/100|[from] item: Leftovers
|upkeep
|turn|14
|
|t:|1728485236
|switch|p2a: Claydol|Claydol|80/100
|switch|p1a: Skarmory|Skarmory, F|100/100
|
|-weather|Sandstorm|[upkeep]
|-heal|p2a: Claydol|86/100|[from] item: Leftovers
|upkeep
|turn|15
|
|t:|1728485246
|move|p2a: Claydol|Shadow Ball|p1a: Skarmory
|-resisted|p1a: Skarmory
|-damage|p1a: Skarmory|92/100
|move|p1a: Skarmory|Drill Peck|p2a: Claydol
|-damage|p2a: Claydol|64/100
|
|-weather|Sandstorm|[upkeep]
|-heal|p2a: Claydol|71/100|[from] item: Leftovers
|-heal|p1a: Skarmory|98/100|[from] item: Leftovers
|upkeep
|turn|16
|
|t:|1728485252
|move|p2a: Claydol|Rapid Spin|p1a: Skarmory
|-resisted|p1a: Skarmory
|-damage|p1a: Skarmory|96/100
|-sideend|p2: HunarPG|Spikes|[from] move: Rapid Spin|[of] p2a: Claydol
|move|p1a: Skarmory|Drill Peck|p2a: Claydol
|-damage|p2a: Claydol|49/100
|
|-weather|Sandstorm|[upkeep]
|-heal|p2a: Claydol|55/100|[from] item: Leftovers
|-heal|p1a: Skarmory|100/100|[from] item: Leftovers
|upkeep
|turn|17
|
|t:|1728485259
|switch|p2a: Tyranitar|Tyranitar, M|100/100
|move|p1a: Skarmory|Spikes|p2a: Tyranitar
|-sidestart|p2: HunarPG|Spikes
|
|-weather|Sandstorm|[upkeep]
|upkeep
|turn|18
|
|t:|1728485263
|move|p2a: Tyranitar|Dragon Dance|p2a: Tyranitar
|-boost|p2a: Tyranitar|atk|1
|-boost|p2a: Tyranitar|spe|1
|move|p1a: Skarmory|Spikes|p2a: Tyranitar
|-sidestart|p2: HunarPG|Spikes
|
|-weather|Sandstorm|[upkeep]
|upkeep
|turn|19
|
|t:|1728485266
|move|p2a: Tyranitar|Rock Slide|p1a: Skarmory
|-damage|p1a: Skarmory|53/100
|move|p1a: Skarmory|Roar|p2a: Tyranitar
|drag|p2a: Claydol|Claydol|55/100
|
|-weather|Sandstorm|[upkeep]
|-heal|p2a: Claydol|62/100|[from] item: Leftovers
|-heal|p1a: Skarmory|59/100|[from] item: Leftovers
|upkeep
|turn|20
|
|t:|1728485281
|switch|p1a: Gengar|Gengar, F|100/100
|move|p2a: Claydol|Shadow Ball|p1a: Gengar
|-supereffective|p1a: Gengar
|-damage|p1a: Gengar|33/100
|
|-weather|Sandstorm|[upkeep]
|-damage|p1a: Gengar|26/100|[from] Sandstorm
|-heal|p1a: Gengar|33/100|[from] item: Leftovers
|-heal|p2a: Claydol|68/100|[from] item: Leftovers
|upkeep
|turn|21
|inactive|kaboom64 has 270 seconds left.
|
|t:|1728485311
|move|p1a: Gengar|Will-O-Wisp|p2a: Claydol|[miss]
|-miss|p1a: Gengar|p2a: Claydol
|move|p2a: Claydol|Shadow Ball|p1a: Gengar
|-supereffective|p1a: Gengar
|-damage|p1a: Gengar|0 fnt
|faint|p1a: Gengar
|
|t:|1728485314
|switch|p1a: Swampert|Swampert, F|66/100
|
|-weather|Sandstorm|[upkeep]
|-heal|p2a: Claydol|74/100|[from] item: Leftovers
|-heal|p1a: Swampert|72/100|[from] item: Leftovers
|upkeep
|turn|22
|
|t:|1728485324
|switch|p2a: Salamence|Salamence, F|59/100 tox
|-ability|p2a: Salamence|Intimidate|boost
|-unboost|p1a: Swampert|atk|1
|move|p1a: Swampert|Surf|p2a: Salamence
|-resisted|p2a: Salamence
|-damage|p2a: Salamence|42/100 tox
|
|-weather|Sandstorm|[upkeep]
|-damage|p2a: Salamence|36/100 tox|[from] Sandstorm
|-damage|p2a: Salamence|30/100 tox|[from] psn
|-heal|p1a: Swampert|78/100|[from] item: Leftovers
|upkeep
|turn|23
|
|t:|1728485329
|switch|p1a: Skarmory|Skarmory, F|59/100
|move|p2a: Salamence|Rock Slide|p1a: Skarmory
|-crit|p1a: Skarmory
|-damage|p1a: Skarmory|0 fnt
|faint|p1a: Skarmory
|
|t:|1728485334
|switch|p1a: Swampert|Swampert, F|78/100
|
|-weather|Sandstorm|[upkeep]
|-damage|p2a: Salamence|24/100 tox|[from] Sandstorm
|-damage|p2a: Salamence|11/100 tox|[from] psn
|-heal|p1a: Swampert|85/100|[from] item: Leftovers
|upkeep
|turn|24
|
|t:|1728485341
|move|p1a: Swampert|Protect|p1a: Swampert
|-singleturn|p1a: Swampert|Protect
|move|p2a: Salamence|Rock Slide|p1a: Swampert|[miss]
|-miss|p2a: Salamence|p1a: Swampert
|
|-weather|Sandstorm|[upkeep]
|-damage|p2a: Salamence|5/100 tox|[from] Sandstorm
|-damage|p2a: Salamence|0 fnt|[from] psn
|faint|p2a: Salamence
|-heal|p1a: Swampert|91/100|[from] item: Leftovers
|upkeep
|
|t:|1728485350
|switch|p2a: Snorlax|Snorlax, M|76/100 brn
|-damage|p2a: Snorlax|59/100 brn|[from] Spikes
|turn|25
|
|t:|1728485372
|switch|p1a: Tyranitar|Tyranitar, M|100/100
|move|p2a: Snorlax|Earthquake|p1a: Tyranitar
|-supereffective|p1a: Tyranitar
|-crit|p1a: Tyranitar
|-damage|p1a: Tyranitar|45/100
|
|-weather|Sandstorm|[upkeep]
|-damage|p2a: Snorlax|53/100 brn|[from] Sandstorm
|-heal|p1a: Tyranitar|51/100|[from] item: Leftovers
|-heal|p2a: Snorlax|59/100 brn|[from] item: Leftovers
|-damage|p2a: Snorlax|47/100 brn|[from] brn
|upkeep
|turn|26
|
|t:|1728485381
|move|p1a: Tyranitar|Dragon Dance|p1a: Tyranitar
|-boost|p1a: Tyranitar|atk|1
|-boost|p1a: Tyranitar|spe|1
|move|p2a: Snorlax|Self-Destruct|p1a: Tyranitar
|-resisted|p1a: Tyranitar
|-damage|p1a: Tyranitar|12/100
|faint|p2a: Snorlax
|
|t:|1728485389
|switch|p2a: Aerodactyl|Aerodactyl, M|100/100
|
|-weather|Sandstorm|[upkeep]
|-heal|p1a: Tyranitar|18/100|[from] item: Leftovers
|upkeep
|turn|27
|
|t:|1728485408
|switch|p1a: Aerodactyl|Aerodactyl, F|100/100
|move|p2a: Aerodactyl|Double-Edge|p1a: Aerodactyl
|-resisted|p1a: Aerodactyl
|-damage|p1a: Aerodactyl|55/100
|
|-weather|Sandstorm|[upkeep]
|upkeep
|turn|28
|
|t:|1728485431
|switch|p2a: Tyranitar|Tyranitar, M|100/100
|-damage|p2a: Tyranitar|84/100|[from] Spikes
|move|p1a: Aerodactyl|Double-Edge|p2a: Tyranitar
|-resisted|p2a: Tyranitar
|-damage|p2a: Tyranitar|60/100
|
|-weather|Sandstorm|[upkeep]
|-heal|p2a: Tyranitar|66/100|[from] item: Leftovers
|upkeep
|turn|29
|
|t:|1728485440
|switch|p1a: Swampert|Swampert, F|91/100
|move|p2a: Tyranitar|Dragon Dance|p2a: Tyranitar
|-boost|p2a: Tyranitar|atk|1
|-boost|p2a: Tyranitar|spe|1
|
|-weather|Sandstorm|[upkeep]
|-heal|p2a: Tyranitar|73/100|[from] item: Leftovers
|-heal|p1a: Swampert|97/100|[from] item: Leftovers
|upkeep
|turn|30
|
|t:|1728485445
|move|p2a: Tyranitar|Earthquake|p1a: Swampert
|-damage|p1a: Swampert|52/100
|move|p1a: Swampert|Surf|p2a: Tyranitar
|-supereffective|p2a: Tyranitar
|-damage|p2a: Tyranitar|19/100
|
|-weather|Sandstorm|[upkeep]
|-heal|p2a: Tyranitar|25/100|[from] item: Leftovers
|-heal|p1a: Swampert|59/100|[from] item: Leftovers
|upkeep
|turn|31
|
|t:|1728485452
|move|p1a: Swampert|Protect|p1a: Swampert
|-singleturn|p1a: Swampert|Protect
|move|p2a: Tyranitar|Earthquake|p1a: Swampert
|-activate|p1a: Swampert|Protect
|
|-weather|Sandstorm|[upkeep]
|-heal|p2a: Tyranitar|31/100|[from] item: Leftovers
|-heal|p1a: Swampert|65/100|[from] item: Leftovers
|upkeep
|turn|32
|
|t:|1728485464
|switch|p1a: Tyranitar|Tyranitar, M|18/100
|move|p2a: Tyranitar|Earthquake|p1a: Tyranitar
|-supereffective|p1a: Tyranitar
|-damage|p1a: Tyranitar|0 fnt
|faint|p1a: Tyranitar
|
|t:|1728485466
|switch|p1a: Swampert|Swampert, F|65/100
|
|-weather|Sandstorm|[upkeep]
|-heal|p2a: Tyranitar|37/100|[from] item: Leftovers
|-heal|p1a: Swampert|71/100|[from] item: Leftovers
|upkeep
|turn|33
|
|t:|1728485468
|move|p2a: Tyranitar|Earthquake|p1a: Swampert
|-damage|p1a: Swampert|32/100
|move|p1a: Swampert|Surf|p2a: Tyranitar
|-supereffective|p2a: Tyranitar
|-damage|p2a: Tyranitar|0 fnt
|faint|p2a: Tyranitar
|
|t:|1728485474
|switch|p2a: Aerodactyl|Aerodactyl, M|100/100
|
|-weather|Sandstorm|[upkeep]
|-heal|p1a: Swampert|38/100|[from] item: Leftovers
|upkeep
|turn|34
|
|t:|1728485481
|move|p1a: Swampert|Protect|p1a: Swampert
|-singleturn|p1a: Swampert|Protect
|move|p2a: Aerodactyl|Double-Edge|p1a: Swampert
|-activate|p1a: Swampert|Protect
|
|-weather|Sandstorm|[upkeep]
|-heal|p1a: Swampert|44/100|[from] item: Leftovers
|upkeep
|turn|35
|
|t:|1728485494
|move|p2a: Aerodactyl|Double-Edge|p1a: Swampert
|-damage|p1a: Swampert|7/100
|move|p1a: Swampert|Surf|p2a: Aerodactyl
|-supereffective|p2a: Aerodactyl
|-damage|p2a: Aerodactyl|0 fnt
|faint|p2a: Aerodactyl
|
|t:|1728485498
|switch|p2a: Claydol|Claydol|74/100
|
|-weather|Sandstorm|[upkeep]
|-heal|p2a: Claydol|80/100|[from] item: Leftovers
|-heal|p1a: Swampert|13/100|[from] item: Leftovers
|upkeep
|turn|36
|
|t:|1728485520
|move|p2a: Claydol|Shadow Ball|p1a: Swampert
|-damage|p1a: Swampert|0 fnt
|faint|p1a: Swampert
|
|t:|1728485521
|switch|p1a: Aerodactyl|Aerodactyl, F|55/100
|
|-weather|Sandstorm|[upkeep]
|-heal|p2a: Claydol|86/100|[from] item: Leftovers
|upkeep
|turn|37
|
|t:|1728485530
|move|p1a: Aerodactyl|Double-Edge|p2a: Claydol
|-damage|p2a: Claydol|34/100
|move|p2a: Claydol|Shadow Ball|p1a: Aerodactyl
|-damage|p1a: Aerodactyl|23/100
|
|-weather|Sandstorm|[upkeep]
|-heal|p2a: Claydol|40/100|[from] item: Leftovers
|upkeep
|turn|38
|
|t:|1728485538
|move|p1a: Aerodactyl|Double-Edge|p2a: Claydol
|-damage|p2a: Claydol|0 fnt
|faint|p2a: Claydol
|
|win|kaboom64
|c|☆kaboom64|gg
|c|☆HunarPG|GG WP
|c|☆kaboom64|/log kaboom64 made the replay of this battle unlisted.

</script>
<script type="application/json" class="data" id="replaydata-smogtours-gen3ou-796626">
{"id":"smogtours-gen3ou-796626","format":"[Gen 3] OU","players":["kaboom64","HunarPG"],"uploadtime":1728485538,"views":92,"formatid":"gen3ou","rating":null,"private":1,"password":null}
</script>

<script defer src="js/replays.js?9d40a366"></script>
