<!DOCTYPE html>
<meta charset="utf-8" />
<meta name="viewport" content="width=device-width" />

<title>[Gen 3] OU: peachyaladdin vs. TheDHope - Replays - Pok&eacute;mon Showdown!</title>

<meta name="description" content="Watch a replay of a Pok&eacute;mon battle between peachyaladdin and TheDHope! Format: [Gen 3] OU; Date: Oct 25, 2024" />
<!--

Hey, you! Looking in the source for the replay log?

You can find them in JSON format, just add `.json` at the end of a replay URL.

https://replay.pokemonshowdown.com/gen7randomdoublesbattle-865046831.json

Or, if you only need the log itself, add `.log` instead:

https://replay.pokemonshowdown.com/gen7randomdoublesbattle-865046831.log

-->

<link rel="stylesheet" href="//pokemonshowdown.com/style/global.css?0.023195364461161105" />
<link rel="stylesheet" href="//play.pokemonshowdown.com/style/font-awesome.css?0.13261647063804238" />
<link rel="stylesheet" href="//play.pokemonshowdown.com/style/battle.css?0.8753245789963631" />
<link rel="stylesheet" href="//play.pokemonshowdown.com/style/utilichart.css?0.8627959624976733" />

<!-- Global site tag (gtag.js) - Google Analytics -->
<script async src="https://www.googletagmanager.com/gtag/js?id=UA-26211653-1"></script>
<script>
  window.dataLayer = window.dataLayer || [];
  function gtag(){dataLayer.push(arguments);}
  gtag('js', new Date());

  gtag('config', 'UA-26211653-1');
</script>
<!-- End Google Analytics -->
<!-- Venatus Ad Manager - Install in <HEAD> of page -->
	<script src="https://hb.vntsm.com/v3/live/ad-manager.min.js" type="text/javascript" data-site-id="642aba63ec9a7b11c3c9c1be" data-mode="scan" async></script>
<!-- / Venatus Ad Manager -->

<style>
	@media (max-width:820px) {
		.battle {
			margin: 0 auto;
		}
		.battle-log {
			margin: 7px auto 0;
			max-width: 640px;
			height: 300px;
			position: static;
		}
	}
	.optgroup {
		display: inline-block;
		line-height: 22px;
		font-size: 10pt;
	}
	.optgroup .button {
		height: 25px;
		padding-top: 0;
		padding-bottom: 0;
	}
	.optgroup button.button {
		padding-left: 12px;
		padding-right: 12px;
	}
	.linklist {
		list-style: none;
		margin: 0.5em 0;
		padding: 0;
	}
	.linklist li {
		padding: 2px 0;
	}
	.sidebar {
		float: left;
		width: 320px;
	}
	.bar-wrapper {
		max-width: 1100px;
		margin: 0 auto;
	}
	.bar-wrapper.has-sidebar {
		max-width: 1430px;
	}
	.mainbar {
		margin: 0;
		padding-right: 1px;
	}
	.mainbar.has-sidebar {
		margin-left: 330px;
	}
	@media (min-width: 1511px) {
		.sidebar {
			width: 400px;
		}
		.bar-wrapper.has-sidebar {
			max-width: 1510px;
		}
		.mainbar.has-sidebar {
			margin-left: 410px;
		}
	}
	.section.first-section {
		margin-top: 9px;
	}
	.blocklink small {
		white-space: normal;
	}
	.button {
		vertical-align: middle;
	}
	.replay-controls {
		padding-top: 10px;
	}
	.replay-controls h1 {
		font-size: 16pt;
		font-weight: normal;
		color: #CCC;
	}
	.pagelink {
		text-align: center;
	}
	.pagelink a {
		width: 150px;
	}
	.textbox, .button {
		font-size: 11pt;
		vertical-align: middle;
	}
	@media (max-width: 450px) {
		.button {
			font-size: 9pt;
		}
	}
</style>

<div>

	<header>
		<div class="nav-wrapper"><ul class="nav">
			<li><a class="button nav-first" href="//pokemonshowdown.com/"><img src="//pokemonshowdown.com/images/pokemonshowdownbeta.png" srcset="//pokemonshowdown.com/images/pokemonshowdownbeta.png 1x, //pokemonshowdown.com/images/pokemonshowdownbeta@2x.png 2x" alt="Pok&eacute;mon Showdown" width="146" height="44" /> Home</a></li>
			<li><a class="button" href="//pokemonshowdown.com/dex/">Pok&eacute;dex</a></li>
			<li><a class="button cur" href="/">Replays</a></li>
			<li><a class="button" href="//pokemonshowdown.com/ladder/">Ladder</a></li>
			<li><a class="button nav-last" href="//pokemonshowdown.com/forums/">Forum</a></li>
			<li><a class="button greenbutton nav-first nav-last" href="//play.pokemonshowdown.com/">Play</a></li>
		</ul></div>
	</header>

	<div class="main" id="main">

		<noscript><section class="section">You need to enable JavaScript to use this page; sorry!</section></noscript>

	</div>

</div>

<script defer nomodule src="//play.pokemonshowdown.com/js/lib/ps-polyfill.js"></script>
<script defer src="//play.pokemonshowdown.com/js/lib/preact.min.js"></script>

<script defer src="//play.pokemonshowdown.com/config/config.js?2bddbc15"></script>
<script defer src="//play.pokemonshowdown.com/js/lib/jquery-1.11.0.min.js"></script>
<script defer src="//play.pokemonshowdown.com/js/lib/html-sanitizer-minified.js"></script>
<script defer src="//play.pokemonshowdown.com/js/battle-sound.js"></script>
<script defer src="//play.pokemonshowdown.com/js/battledata.js?0.7209276989879541"></script>
<script defer src="//play.pokemonshowdown.com/data/pokedex-mini.js?0.6111056340867951"></script>
<script defer src="//play.pokemonshowdown.com/data/pokedex-mini-bw.js?0.3532142036491459"></script>
<script defer src="//play.pokemonshowdown.com/data/graphics.js?0.24223875632456182"></script>
<script defer src="//play.pokemonshowdown.com/data/pokedex.js?0.38839984266356864"></script>
<script defer src="//play.pokemonshowdown.com/data/moves.js?0.21866028504024015"></script>
<script defer src="//play.pokemonshowdown.com/data/abilities.js?0.2005157953846628"></script>
<script defer src="//play.pokemonshowdown.com/data/items.js?0.9894211263848525"></script>
<script defer src="//play.pokemonshowdown.com/data/teambuilder-tables.js?0.6008791140282215"></script>
<script defer src="//play.pokemonshowdown.com/js/battle-tooltips.js?0.7580118955022959"></script>
<script defer src="//play.pokemonshowdown.com/js/battle.js?0.6057722274234274"></script>

<script defer src="js/utils.js?e31f9a17"></script>
<script defer src="js/replays-battle.js?7008c182"></script>

<!-- don't scrape this data! just add .json or .log after the URL!
Full API docs: https://github.com/smogon/pokemon-showdown-client/blob/master/WEB-API.md -->
<script type="text/plain" class="log" id="replaylog-smogtours-gen3ou-801859">
|inactive|Battle timer is ON: inactive players will automatically lose when time's up.
|t:|1729879577
|gametype|singles
|player|p1|peachyaladdin|alder|
|player|p2|TheDHope|drayden|
|teamsize|p1|6
|teamsize|p2|6
|gen|3
|tier|[Gen 3] OU
|rule|Sleep Clause Mod: Limit one foe put to sleep
|rule|Switch Priority Clause Mod: Faster Pokémon switch first
|rule|Species Clause: Limit one of each Pokémon
|rule|OHKO Clause: OHKO moves are banned
|rule|Evasion Items Clause: Evasion items are banned
|rule|Evasion Moves Clause: Evasion moves are banned
|rule|Endless Battle Clause: Forcing endless battles is banned
|rule|HP Percentage Mod: HP is shown in percentages
|rule|One Boost Passer Clause: Limit one Baton Passer that has a way to boost its stats
|rule|Freeze Clause Mod: Limit one foe frozen
|
|t:|1729879577
|start
|switch|p1a: Medicham|Medicham, M, shiny|100/100
|switch|p2a: Blissey|Blissey, F|100/100
|turn|1
|c|☆TheDHope|Hf
|c|☆peachyaladdin|tyu2
|inactive|peachyaladdin has 270 seconds left.
|inactive|TheDHope has 270 seconds left.
|
|t:|1729879645
|-singleturn|p1a: Medicham|move: Focus Punch
|switch|p2a: Claydol|Claydol|100/100
|move|p1a: Medicham|Focus Punch|p2a: Claydol
|-resisted|p2a: Claydol
|-crit|p2a: Claydol
|-damage|p2a: Claydol|0 fnt
|faint|p2a: Claydol
|
|t:|1729879655
|switch|p2a: Dugtrio|Dugtrio, F|100/100
|
|upkeep
|turn|2
|
|t:|1729879660
|-singleturn|p1a: Medicham|move: Focus Punch
|move|p2a: Dugtrio|Earthquake|p1a: Medicham
|-damage|p1a: Medicham|14/100
|move|p1a: Medicham|Focus Punch||[still]
|cant|p1a: Medicham|Focus Punch|Focus Punch
|
|upkeep
|turn|3
|
|t:|1729879664
|-singleturn|p1a: Medicham|move: Focus Punch
|move|p2a: Dugtrio|Earthquake|p1a: Medicham
|-crit|p1a: Medicham
|-damage|p1a: Medicham|0 fnt
|faint|p1a: Medicham
|
|t:|1729879680
|switch|p1a: Salamence|Salamence, M|100/100
|-ability|p1a: Salamence|Intimidate|boost
|-unboost|p2a: Dugtrio|atk|1
|
|upkeep
|turn|4
|inactive|peachyaladdin has 270 seconds left.
|
|t:|1729879712
|switch|p2a: Blissey|Blissey, F|100/100
|move|p1a: Salamence|Hidden Power|p2a: Blissey
|-crit|p2a: Blissey
|-damage|p2a: Blissey|28/100
|
|-heal|p2a: Blissey|34/100|[from] item: Leftovers
|upkeep
|turn|5
|inactive|peachyaladdin has 270 seconds left.
|c|☆TheDHope|Bruh
|
|t:|1729879724
|switch|p2a: Skarmory|Skarmory, F|100/100
|move|p1a: Salamence|Hidden Power|p2a: Skarmory
|-resisted|p2a: Skarmory
|-crit|p2a: Skarmory
|-damage|p2a: Skarmory|66/100
|
|-heal|p2a: Skarmory|72/100|[from] item: Leftovers
|upkeep
|turn|6
|c|☆peachyaladdin|ah mb
|c|☆TheDHope|....
|inactive|peachyaladdin has 270 seconds left.
|
|t:|1729879734
|switch|p1a: Zapdos|Zapdos|100/100
|move|p2a: Skarmory|Toxic|p1a: Zapdos
|-status|p1a: Zapdos|tox
|
|-damage|p1a: Zapdos|94/100 tox|[from] psn
|-heal|p2a: Skarmory|78/100|[from] item: Leftovers
|upkeep
|turn|7
|inactive|peachyaladdin has 270 seconds left.
|
|t:|1729879751
|switch|p2a: Blissey|Blissey, F|34/100
|move|p1a: Zapdos|Thunderbolt|p2a: Blissey
|-damage|p2a: Blissey|14/100
|
|-heal|p1a: Zapdos|100/100 tox|[from] item: Leftovers
|-damage|p1a: Zapdos|88/100 tox|[from] psn
|-heal|p2a: Blissey|20/100|[from] item: Leftovers
|upkeep
|turn|8
|
|t:|1729879764
|switch|p2a: Dugtrio|Dugtrio, F|100/100
|move|p1a: Zapdos|Baton Pass|p1a: Zapdos
|inactive|peachyaladdin has 270 seconds left.
|
|t:|1729879798
|switch|p1a: Eddie|Swampert, F, shiny|100/100|[from] Baton Pass
|
|upkeep
|turn|9
|
|t:|1729879811
|switch|p2a: Suicune|Suicune|100/100
|move|p1a: Eddie|Hydro Pump|p2a: Suicune
|-resisted|p2a: Suicune
|-damage|p2a: Suicune|86/100
|
|-heal|p2a: Suicune|92/100|[from] item: Leftovers
|upkeep
|turn|10
|
|t:|1729879819
|switch|p1a: Blissey|Blissey, F|100/100
|move|p2a: Suicune|Surf|p1a: Blissey
|-damage|p1a: Blissey|88/100
|
|-heal|p2a: Suicune|99/100|[from] item: Leftovers
|-heal|p1a: Blissey|94/100|[from] item: Leftovers
|upkeep
|turn|11
|
|t:|1729879830
|switch|p2a: Jirachi|Jirachi|100/100
|move|p1a: Blissey|Seismic Toss|p2a: Jirachi
|-damage|p2a: Jirachi|76/100
|
|-heal|p2a: Jirachi|82/100|[from] item: Leftovers
|-heal|p1a: Blissey|99/100|[from] item: Leftovers
|upkeep
|turn|12
|
|t:|1729879842
|move|p2a: Jirachi|Wish|p2a: Jirachi
|move|p1a: Blissey|Thunder Wave|p2a: Jirachi
|-status|p2a: Jirachi|par
|
|-heal|p1a: Blissey|100/100|[from] item: Leftovers
|-heal|p2a: Jirachi|88/100 par|[from] item: Leftovers
|upkeep
|turn|13
|inactive|peachyaladdin has 240 seconds left.
|
|t:|1729879891
|switch|p1a: Eddie|Swampert, F, shiny|100/100
|switch|p2a: Blissey|Blissey, F|20/100
|
|-heal|p2a: Blissey|70/100|[from] move: Wish|[wisher] Jirachi
|-heal|p2a: Blissey|76/100|[from] item: Leftovers
|upkeep
|turn|14
|
|t:|1729879912
|move|p1a: Eddie|Protect|p1a: Eddie
|-singleturn|p1a: Eddie|Protect
|move|p2a: Blissey|Aromatherapy|p2a: Blissey
|-cureteam|p2a: Blissey|[from] move: Aromatherapy
|
|-heal|p2a: Blissey|82/100|[from] item: Leftovers
|upkeep
|turn|15
|
|t:|1729879930
|switch|p2a: Skarmory|Skarmory, F|78/100
|move|p1a: Eddie|Earthquake|p2a: Skarmory
|-immune|p2a: Skarmory
|
|-heal|p2a: Skarmory|84/100|[from] item: Leftovers
|upkeep
|turn|16
|
|t:|1729879937
|switch|p1a: Zapdos|Zapdos|88/100 tox
|move|p2a: Skarmory|Toxic|p1a: Zapdos
|-fail|p1a: Zapdos|tox
|
|-heal|p1a: Zapdos|94/100 tox|[from] item: Leftovers
|-damage|p1a: Zapdos|88/100 tox|[from] psn
|-heal|p2a: Skarmory|90/100|[from] item: Leftovers
|upkeep
|turn|17
|
|t:|1729879950
|switch|p2a: Blissey|Blissey, F|82/100
|move|p1a: Zapdos|Thunderbolt|p2a: Blissey
|-damage|p2a: Blissey|62/100
|
|-heal|p1a: Zapdos|94/100 tox|[from] item: Leftovers
|-damage|p1a: Zapdos|82/100 tox|[from] psn
|-heal|p2a: Blissey|68/100|[from] item: Leftovers
|upkeep
|turn|18
|
|t:|1729879957
|move|p1a: Zapdos|Baton Pass|p1a: Zapdos
|
|t:|1729879970
|switch|p1a: Eddie|Swampert, F, shiny|100/100|[from] Baton Pass
|move|p2a: Blissey|Soft-Boiled|p2a: Blissey
|-heal|p2a: Blissey|100/100
|
|upkeep
|turn|19
|
|t:|1729879982
|move|p2a: Blissey|Seismic Toss|p1a: Eddie
|-damage|p1a: Eddie|76/100
|move|p1a: Eddie|Hydro Pump|p2a: Blissey
|-damage|p2a: Blissey|85/100
|
|-heal|p2a: Blissey|91/100|[from] item: Leftovers
|-heal|p1a: Eddie|82/100|[from] item: Leftovers
|upkeep
|turn|20
|
|t:|1729879990
|switch|p2a: Skarmory|Skarmory, F|90/100
|move|p1a: Eddie|Protect||[still]
|-fail|p1a: Eddie
|
|-heal|p2a: Skarmory|96/100|[from] item: Leftovers
|-heal|p1a: Eddie|88/100|[from] item: Leftovers
|upkeep
|turn|21
|
|t:|1729880008
|move|p2a: Skarmory|Spikes|p1a: Eddie
|-sidestart|p1: peachyaladdin|Spikes
|move|p1a: Eddie|Hydro Pump|p2a: Skarmory
|-damage|p2a: Skarmory|60/100
|
|-heal|p2a: Skarmory|66/100|[from] item: Leftovers
|-heal|p1a: Eddie|94/100|[from] item: Leftovers
|upkeep
|turn|22
|
|t:|1729880014
|switch|p1a: Zapdos|Zapdos|82/100 tox
|move|p2a: Skarmory|Toxic|p1a: Zapdos
|-fail|p1a: Zapdos|tox
|
|-heal|p1a: Zapdos|88/100 tox|[from] item: Leftovers
|-damage|p1a: Zapdos|82/100 tox|[from] psn
|-heal|p2a: Skarmory|72/100|[from] item: Leftovers
|upkeep
|turn|23
|inactive|peachyaladdin has 210 seconds left.
|
|t:|1729880043
|switch|p2a: Blissey|Blissey, F|91/100
|move|p1a: Zapdos|Thunderbolt|p2a: Blissey
|-damage|p2a: Blissey|71/100
|
|-heal|p1a: Zapdos|88/100 tox|[from] item: Leftovers
|-damage|p1a: Zapdos|76/100 tox|[from] psn
|-heal|p2a: Blissey|77/100|[from] item: Leftovers
|upkeep
|turn|24
|
|t:|1729880054
|move|p1a: Zapdos|Baton Pass|p1a: Zapdos
|
|t:|1729880058
|switch|p1a: Eddie|Swampert, F, shiny|94/100|[from] Baton Pass
|-damage|p1a: Eddie|82/100|[from] Spikes
|move|p2a: Blissey|Ice Beam|p1a: Eddie
|-damage|p1a: Eddie|63/100
|
|-heal|p2a: Blissey|83/100|[from] item: Leftovers
|-heal|p1a: Eddie|69/100|[from] item: Leftovers
|upkeep
|turn|25
|
|t:|1729880074
|move|p2a: Blissey|Ice Beam|p1a: Eddie
|-damage|p1a: Eddie|47/100
|move|p1a: Eddie|Earthquake|p2a: Blissey
|-damage|p2a: Blissey|49/100
|
|-heal|p2a: Blissey|55/100|[from] item: Leftovers
|-heal|p1a: Eddie|54/100|[from] item: Leftovers
|upkeep
|turn|26
|
|t:|1729880098
|switch|p1a: Blissey|Blissey, F|100/100
|-damage|p1a: Blissey|88/100|[from] Spikes
|move|p2a: Blissey|Soft-Boiled|p2a: Blissey
|-heal|p2a: Blissey|100/100
|
|-heal|p1a: Blissey|94/100|[from] item: Leftovers
|upkeep
|turn|27
|
|t:|1729880108
|switch|p2a: Jirachi|Jirachi|88/100
|move|p1a: Blissey|Thunder Wave|p2a: Jirachi
|-status|p2a: Jirachi|par
|
|-heal|p1a: Blissey|99/100|[from] item: Leftovers
|-heal|p2a: Jirachi|94/100 par|[from] item: Leftovers
|upkeep
|turn|28
|
|t:|1729880136
|move|p1a: Blissey|Seismic Toss|p2a: Jirachi
|-damage|p2a: Jirachi|69/100 par
|move|p2a: Jirachi|Wish|p2a: Jirachi
|
|-heal|p1a: Blissey|100/100|[from] item: Leftovers
|-heal|p2a: Jirachi|76/100 par|[from] item: Leftovers
|upkeep
|turn|29
|
|t:|1729880147
|switch|p2a: Skarmory|Skarmory, F|72/100
|move|p1a: Blissey|Seismic Toss|p2a: Skarmory
|-damage|p2a: Skarmory|42/100
|
|-heal|p2a: Skarmory|91/100|[from] move: Wish|[wisher] Jirachi
|-heal|p2a: Skarmory|97/100|[from] item: Leftovers
|upkeep
|turn|30
|inactive|peachyaladdin has 210 seconds left.
|
|t:|1729880176
|move|p2a: Skarmory|Spikes|p1a: Blissey
|-sidestart|p1: peachyaladdin|Spikes
|move|p1a: Blissey|Seismic Toss|p2a: Skarmory
|-damage|p2a: Skarmory|67/100
|
|-heal|p2a: Skarmory|73/100|[from] item: Leftovers
|upkeep
|turn|31
|
|t:|1729880187
|move|p2a: Skarmory|Spikes|p1a: Blissey
|-sidestart|p1: peachyaladdin|Spikes
|move|p1a: Blissey|Seismic Toss|p2a: Skarmory
|-damage|p2a: Skarmory|43/100
|
|-heal|p2a: Skarmory|49/100|[from] item: Leftovers
|upkeep
|turn|32
|inactive|peachyaladdin has 210 seconds left.
|
|t:|1729880204
|switch|p2a: Jirachi|Jirachi|76/100 par
|move|p1a: Blissey|Ice Beam|p2a: Jirachi
|-resisted|p2a: Jirachi
|-damage|p2a: Jirachi|65/100 par
|
|-heal|p2a: Jirachi|71/100 par|[from] item: Leftovers
|upkeep
|turn|33
|
|t:|1729880226
|move|p1a: Blissey|Seismic Toss|p2a: Jirachi
|-damage|p2a: Jirachi|47/100 par
|move|p2a: Jirachi|Wish|p2a: Jirachi
|
|-heal|p2a: Jirachi|53/100 par|[from] item: Leftovers
|upkeep
|turn|34
|
|t:|1729880232
|move|p1a: Blissey|Seismic Toss|p2a: Jirachi
|-damage|p2a: Jirachi|28/100 par
|move|p2a: Jirachi|Toxic|p1a: Blissey
|-status|p1a: Blissey|tox
|
|-heal|p2a: Jirachi|78/100 par|[from] move: Wish|[wisher] Jirachi
|-damage|p1a: Blissey|94/100 tox|[from] psn
|-heal|p2a: Jirachi|84/100 par|[from] item: Leftovers
|upkeep
|turn|35
|
|t:|1729880246
|-curestatus|p1a: Blissey|tox|[from] ability: Natural Cure
|switch|p1a: Zapdos|Zapdos|76/100 tox
|move|p2a: Jirachi|Wish|p2a: Jirachi
|
|-heal|p1a: Zapdos|82/100 tox|[from] item: Leftovers
|-damage|p1a: Zapdos|76/100 tox|[from] psn
|-heal|p2a: Jirachi|90/100 par|[from] item: Leftovers
|upkeep
|turn|36
|
|t:|1729880272
|move|p1a: Zapdos|Thunderbolt|p2a: Jirachi
|-damage|p2a: Jirachi|47/100 par
|move|p2a: Jirachi|Fire Punch|p1a: Zapdos
|-damage|p1a: Zapdos|57/100 tox
|
|-heal|p2a: Jirachi|97/100 par|[from] move: Wish|[wisher] Jirachi
|-heal|p1a: Zapdos|64/100 tox|[from] item: Leftovers
|-damage|p1a: Zapdos|51/100 tox|[from] psn
|-heal|p2a: Jirachi|100/100 par|[from] item: Leftovers
|upkeep
|turn|37
|
|t:|1729880280
|switch|p2a: Blissey|Blissey, F|100/100
|move|p1a: Zapdos|Baton Pass|p1a: Zapdos
|
|t:|1729880283
|switch|p1a: Blissey|Blissey, F|94/100|[from] Baton Pass
|-damage|p1a: Blissey|69/100|[from] Spikes
|
|-heal|p1a: Blissey|76/100|[from] item: Leftovers
|upkeep
|turn|38
|
|t:|1729880294
|switch|p2a: Jirachi|Jirachi|100/100 par
|move|p1a: Blissey|Thunder Wave|p2a: Jirachi
|-fail|p2a: Jirachi|par
|
|-heal|p1a: Blissey|82/100|[from] item: Leftovers
|upkeep
|turn|39
|
|t:|1729880305
|move|p1a: Blissey|Seismic Toss|p2a: Jirachi
|-damage|p2a: Jirachi|76/100 par
|move|p2a: Jirachi|Wish|p2a: Jirachi
|
|-heal|p1a: Blissey|88/100|[from] item: Leftovers
|-heal|p2a: Jirachi|82/100 par|[from] item: Leftovers
|upkeep
|turn|40
|
|t:|1729880315
|switch|p2a: Skarmory|Skarmory, F|49/100
|move|p1a: Blissey|Seismic Toss|p2a: Skarmory
|-damage|p2a: Skarmory|19/100
|
|-heal|p2a: Skarmory|69/100|[from] move: Wish|[wisher] Jirachi
|-heal|p2a: Skarmory|75/100|[from] item: Leftovers
|-heal|p1a: Blissey|94/100|[from] item: Leftovers
|upkeep
|turn|41
|inactive|peachyaladdin has 210 seconds left.
|
|t:|1729880323
|move|p1a: Blissey|Ice Beam|p2a: Skarmory
|-damage|p2a: Skarmory|53/100
|move|p2a: Skarmory|Roar|p1a: Blissey
|drag|p1a: Eddie|Swampert, F, shiny|54/100
|-damage|p1a: Eddie|29/100|[from] Spikes
|
|-heal|p2a: Skarmory|59/100|[from] item: Leftovers
|-heal|p1a: Eddie|35/100|[from] item: Leftovers
|upkeep
|turn|42
|inactive|peachyaladdin has 210 seconds left.
|
|t:|1729880334
|switch|p2a: Suicune|Suicune|99/100
|move|p1a: Eddie|Hydro Pump|p2a: Suicune
|-resisted|p2a: Suicune
|-damage|p2a: Suicune|85/100
|
|-heal|p2a: Suicune|91/100|[from] item: Leftovers
|-heal|p1a: Eddie|41/100|[from] item: Leftovers
|upkeep
|turn|43
|inactive|peachyaladdin has 210 seconds left.
|
|t:|1729880346
|switch|p1a: Blissey|Blissey, F|94/100
|-damage|p1a: Blissey|69/100|[from] Spikes
|move|p2a: Suicune|Surf|p1a: Blissey
|-damage|p1a: Blissey|57/100
|
|-heal|p2a: Suicune|98/100|[from] item: Leftovers
|-heal|p1a: Blissey|63/100|[from] item: Leftovers
|upkeep
|turn|44
|inactive|peachyaladdin has 210 seconds left.
|
|t:|1729880356
|switch|p2a: Jirachi|Jirachi|82/100 par
|switch|p1a: Dugtrio|Dugtrio, M|100/100
|-damage|p1a: Dugtrio|76/100|[from] Spikes
|
|-heal|p2a: Jirachi|88/100 par|[from] item: Leftovers
|upkeep
|turn|45
|
|t:|1729880364
|move|p1a: Dugtrio|Earthquake|p2a: Jirachi
|-supereffective|p2a: Jirachi
|-damage|p2a: Jirachi|24/100 par
|move|p2a: Jirachi|Wish|p2a: Jirachi
|
|-heal|p2a: Jirachi|30/100 par|[from] item: Leftovers
|upkeep
|turn|46
|
|t:|1729880373
|move|p2a: Jirachi|Protect|p2a: Jirachi
|-singleturn|p2a: Jirachi|Protect
|move|p1a: Dugtrio|Earthquake|p2a: Jirachi
|-activate|p2a: Jirachi|Protect
|
|-heal|p2a: Jirachi|80/100 par|[from] move: Wish|[wisher] Jirachi
|-heal|p2a: Jirachi|86/100 par|[from] item: Leftovers
|upkeep
|turn|47
|
|t:|1729880379
|move|p1a: Dugtrio|Earthquake|p2a: Jirachi
|-supereffective|p2a: Jirachi
|-damage|p2a: Jirachi|17/100 par
|move|p2a: Jirachi|Fire Punch|p1a: Dugtrio
|-damage|p1a: Dugtrio|37/100
|-status|p1a: Dugtrio|brn
|
|-damage|p1a: Dugtrio|25/100 brn|[from] brn
|-heal|p2a: Jirachi|23/100 par|[from] item: Leftovers
|upkeep
|turn|48
|inactive|peachyaladdin has 240 seconds left.
|
|t:|1729880386
|move|p2a: Jirachi|Protect|p2a: Jirachi
|-singleturn|p2a: Jirachi|Protect
|move|p1a: Dugtrio|Earthquake|p2a: Jirachi
|-activate|p2a: Jirachi|Protect
|
|-damage|p1a: Dugtrio|12/100 brn|[from] brn
|-heal|p2a: Jirachi|29/100 par|[from] item: Leftovers
|upkeep
|turn|49
|
|t:|1729880390
|move|p1a: Dugtrio|Earthquake|p2a: Jirachi
|-supereffective|p2a: Jirachi
|-damage|p2a: Jirachi|0 fnt
|faint|p2a: Jirachi
|
|t:|1729880393
|switch|p2a: Dugtrio|Dugtrio, F|100/100
|
|-damage|p1a: Dugtrio|0 fnt|[from] brn
|faint|p1a: Dugtrio
|upkeep
|inactive|peachyaladdin has 240 seconds left.
|
|t:|1729880418
|switch|p1a: Salamence|Salamence, M|100/100
|-ability|p1a: Salamence|Intimidate|boost
|-unboost|p2a: Dugtrio|atk|1
|turn|50
|inactive|peachyaladdin has 240 seconds left.
|
|t:|1729880434
|switch|p2a: Skarmory|Skarmory, F|59/100
|switch|p1a: Zapdos|Zapdos|51/100 tox
|
|-heal|p1a: Zapdos|57/100 tox|[from] item: Leftovers
|-damage|p1a: Zapdos|51/100 tox|[from] psn
|-heal|p2a: Skarmory|65/100|[from] item: Leftovers
|upkeep
|turn|51
|inactive|peachyaladdin has 240 seconds left.
|
|t:|1729880449
|switch|p2a: Blissey|Blissey, F|100/100
|move|p1a: Zapdos|Thunderbolt|p2a: Blissey
|-damage|p2a: Blissey|80/100
|
|-heal|p1a: Zapdos|57/100 tox|[from] item: Leftovers
|-damage|p1a: Zapdos|45/100 tox|[from] psn
|-heal|p2a: Blissey|86/100|[from] item: Leftovers
|upkeep
|turn|52
|
|t:|1729880461
|move|p1a: Zapdos|Baton Pass|p1a: Zapdos
|
|t:|1729880462
|switch|p1a: Blissey|Blissey, F|63/100|[from] Baton Pass
|-damage|p1a: Blissey|38/100|[from] Spikes
|move|p2a: Blissey|Seismic Toss|p1a: Blissey
|-damage|p1a: Blissey|23/100
|
|-heal|p1a: Blissey|29/100|[from] item: Leftovers
|-heal|p2a: Blissey|92/100|[from] item: Leftovers
|upkeep
|turn|53
|
|t:|1729880475
|switch|p2a: Skarmory|Skarmory, F|65/100
|move|p1a: Blissey|Soft-Boiled|p1a: Blissey
|-heal|p1a: Blissey|79/100
|
|-heal|p2a: Skarmory|71/100|[from] item: Leftovers
|-heal|p1a: Blissey|85/100|[from] item: Leftovers
|upkeep
|turn|54
|
|t:|1729880485
|move|p2a: Skarmory|Toxic|p1a: Blissey
|-status|p1a: Blissey|tox
|move|p1a: Blissey|Thunder Wave|p2a: Skarmory
|-status|p2a: Skarmory|par
|
|-heal|p1a: Blissey|91/100 tox|[from] item: Leftovers
|-damage|p1a: Blissey|85/100 tox|[from] psn
|-heal|p2a: Skarmory|77/100 par|[from] item: Leftovers
|upkeep
|turn|55
|
|t:|1729880495
|-curestatus|p1a: Blissey|tox|[from] ability: Natural Cure
|switch|p1a: Zapdos|Zapdos|45/100 tox
|switch|p2a: Blissey|Blissey, F|92/100
|
|-heal|p1a: Zapdos|51/100 tox|[from] item: Leftovers
|-damage|p1a: Zapdos|45/100 tox|[from] psn
|-heal|p2a: Blissey|99/100|[from] item: Leftovers
|upkeep
|turn|56
|
|t:|1729880502
|move|p1a: Zapdos|Baton Pass|p1a: Zapdos
|
|t:|1729880503
|switch|p1a: Blissey|Blissey, F|85/100|[from] Baton Pass
|-damage|p1a: Blissey|60/100|[from] Spikes
|move|p2a: Blissey|Aromatherapy|p2a: Blissey
|-cureteam|p2a: Blissey|[from] move: Aromatherapy
|
|-heal|p1a: Blissey|67/100|[from] item: Leftovers
|-heal|p2a: Blissey|100/100|[from] item: Leftovers
|upkeep
|turn|57
|
|t:|1729880513
|move|p1a: Blissey|Soft-Boiled|p1a: Blissey
|-heal|p1a: Blissey|100/100
|move|p2a: Blissey|Seismic Toss|p1a: Blissey
|-damage|p1a: Blissey|85/100
|
|-heal|p1a: Blissey|91/100|[from] item: Leftovers
|upkeep
|turn|58
|
|t:|1729880524
|move|p1a: Blissey|Ice Beam|p2a: Blissey
|-damage|p2a: Blissey|91/100
|move|p2a: Blissey|Seismic Toss|p1a: Blissey
|-damage|p1a: Blissey|76/100
|
|-heal|p1a: Blissey|82/100|[from] item: Leftovers
|-heal|p2a: Blissey|97/100|[from] item: Leftovers
|upkeep
|turn|59
|
|t:|1729880530
|move|p1a: Blissey|Ice Beam|p2a: Blissey
|-damage|p2a: Blissey|86/100
|move|p2a: Blissey|Seismic Toss|p1a: Blissey
|-damage|p1a: Blissey|67/100
|
|-heal|p1a: Blissey|73/100|[from] item: Leftovers
|-heal|p2a: Blissey|92/100|[from] item: Leftovers
|upkeep
|turn|60
|
|t:|1729880536
|move|p1a: Blissey|Ice Beam|p2a: Blissey
|-damage|p2a: Blissey|82/100
|-status|p2a: Blissey|frz
|-curestatus|p2a: Blissey|frz|[msg]
|move|p2a: Blissey|Ice Beam|p1a: Blissey
|-damage|p1a: Blissey|63/100
|
|-heal|p1a: Blissey|69/100|[from] item: Leftovers
|-heal|p2a: Blissey|88/100|[from] item: Leftovers
|upkeep
|turn|61
|
|t:|1729880543
|move|p1a: Blissey|Soft-Boiled|p1a: Blissey
|-heal|p1a: Blissey|100/100
|move|p2a: Blissey|Seismic Toss|p1a: Blissey
|-damage|p1a: Blissey|85/100
|
|-heal|p1a: Blissey|91/100|[from] item: Leftovers
|-heal|p2a: Blissey|95/100|[from] item: Leftovers
|upkeep
|turn|62
|
|t:|1729880550
|move|p1a: Blissey|Ice Beam|p2a: Blissey
|-damage|p2a: Blissey|85/100
|move|p2a: Blissey|Ice Beam|p1a: Blissey
|-damage|p1a: Blissey|82/100
|
|-heal|p1a: Blissey|88/100|[from] item: Leftovers
|-heal|p2a: Blissey|91/100|[from] item: Leftovers
|upkeep
|turn|63
|
|t:|1729880563
|move|p1a: Blissey|Seismic Toss|p2a: Blissey
|-damage|p2a: Blissey|76/100
|move|p2a: Blissey|Ice Beam|p1a: Blissey
|-damage|p1a: Blissey|79/100
|-status|p1a: Blissey|frz
|
|-heal|p1a: Blissey|85/100 frz|[from] item: Leftovers
|-heal|p2a: Blissey|82/100|[from] item: Leftovers
|upkeep
|turn|64
|
|t:|1729880573
|-curestatus|p1a: Blissey|frz|[from] ability: Natural Cure
|switch|p1a: Eddie|Swampert, F, shiny|41/100
|-damage|p1a: Eddie|16/100|[from] Spikes
|move|p2a: Blissey|Seismic Toss|p1a: Eddie
|-damage|p1a: Eddie|0 fnt
|faint|p1a: Eddie
|inactive|peachyaladdin has 270 seconds left.
|
|t:|1729880624
|switch|p1a: Blissey|Blissey, F|85/100
|-damage|p1a: Blissey|61/100|[from] Spikes
|
|-heal|p1a: Blissey|67/100|[from] item: Leftovers
|-heal|p2a: Blissey|88/100|[from] item: Leftovers
|upkeep
|turn|65
|
|t:|1729880629
|switch|p2a: Skarmory|Skarmory, F|77/100
|move|p1a: Blissey|Soft-Boiled|p1a: Blissey
|-heal|p1a: Blissey|100/100
|
|-heal|p2a: Skarmory|83/100|[from] item: Leftovers
|upkeep
|turn|66
|
|t:|1729880640
|move|p2a: Skarmory|Toxic|p1a: Blissey
|-status|p1a: Blissey|tox
|move|p1a: Blissey|Seismic Toss|p2a: Skarmory
|-damage|p2a: Skarmory|53/100
|
|-heal|p2a: Skarmory|59/100|[from] item: Leftovers
|-damage|p1a: Blissey|94/100 tox|[from] psn
|upkeep
|turn|67
|
|t:|1729880647
|switch|p2a: Blissey|Blissey, F|88/100
|move|p1a: Blissey|Seismic Toss|p2a: Blissey
|-damage|p2a: Blissey|73/100
|
|-heal|p1a: Blissey|100/100 tox|[from] item: Leftovers
|-damage|p1a: Blissey|88/100 tox|[from] psn
|-heal|p2a: Blissey|79/100|[from] item: Leftovers
|upkeep
|turn|68
|
|t:|1729880652
|move|p1a: Blissey|Ice Beam|p2a: Blissey
|-damage|p2a: Blissey|68/100
|move|p2a: Blissey|Soft-Boiled|p2a: Blissey
|-heal|p2a: Blissey|100/100
|
|-heal|p1a: Blissey|94/100 tox|[from] item: Leftovers
|-damage|p1a: Blissey|76/100 tox|[from] psn
|upkeep
|turn|69
|
|t:|1729880658
|move|p1a: Blissey|Thunder Wave|p2a: Blissey
|-status|p2a: Blissey|par
|move|p2a: Blissey|Ice Beam|p1a: Blissey
|-damage|p1a: Blissey|67/100 tox
|
|-heal|p1a: Blissey|73/100 tox|[from] item: Leftovers
|-damage|p1a: Blissey|49/100 tox|[from] psn
|upkeep
|turn|70
|
|t:|1729880664
|move|p1a: Blissey|Soft-Boiled|p1a: Blissey
|-heal|p1a: Blissey|99/100 tox
|move|p2a: Blissey|Aromatherapy|p2a: Blissey
|-cureteam|p2a: Blissey|[from] move: Aromatherapy
|
|-heal|p1a: Blissey|100/100 tox|[from] item: Leftovers
|-damage|p1a: Blissey|70/100 tox|[from] psn
|upkeep
|turn|71
|
|t:|1729880669
|-curestatus|p1a: Blissey|tox|[from] ability: Natural Cure
|switch|p1a: Zapdos|Zapdos|45/100 tox
|switch|p2a: Dugtrio|Dugtrio, F|100/100
|
|-heal|p1a: Zapdos|51/100 tox|[from] item: Leftovers
|-damage|p1a: Zapdos|45/100 tox|[from] psn
|upkeep
|turn|72
|
|t:|1729880679
|switch|p2a: Blissey|Blissey, F|100/100
|move|p1a: Zapdos|Hidden Power|p2a: Blissey
|-damage|p2a: Blissey|91/100
|
|-heal|p1a: Zapdos|51/100 tox|[from] item: Leftovers
|-damage|p1a: Zapdos|39/100 tox|[from] psn
|-heal|p2a: Blissey|97/100|[from] item: Leftovers
|upkeep
|turn|73
|
|t:|1729880690
|move|p1a: Zapdos|Baton Pass|p1a: Zapdos
|
|t:|1729880692
|switch|p1a: Blissey|Blissey, F|70/100|[from] Baton Pass
|-damage|p1a: Blissey|45/100|[from] Spikes
|move|p2a: Blissey|Seismic Toss|p1a: Blissey
|-damage|p1a: Blissey|30/100
|
|-heal|p1a: Blissey|36/100|[from] item: Leftovers
|-heal|p2a: Blissey|100/100|[from] item: Leftovers
|upkeep
|turn|74
|
|t:|1729880697
|switch|p2a: Skarmory|Skarmory, F|59/100
|move|p1a: Blissey|Soft-Boiled|p1a: Blissey
|-heal|p1a: Blissey|86/100
|
|-heal|p2a: Skarmory|65/100|[from] item: Leftovers
|-heal|p1a: Blissey|92/100|[from] item: Leftovers
|upkeep
|turn|75
|
|t:|1729880703
|move|p2a: Skarmory|Toxic|p1a: Blissey
|-status|p1a: Blissey|tox
|move|p1a: Blissey|Ice Beam|p2a: Skarmory
|-damage|p2a: Skarmory|43/100
|
|-heal|p2a: Skarmory|49/100|[from] item: Leftovers
|-heal|p1a: Blissey|98/100 tox|[from] item: Leftovers
|-damage|p1a: Blissey|92/100 tox|[from] psn
|upkeep
|turn|76
|
|t:|1729880710
|switch|p2a: Blissey|Blissey, F|100/100
|-curestatus|p1a: Blissey|tox|[from] ability: Natural Cure
|switch|p1a: Zapdos|Zapdos|39/100 tox
|
|-heal|p1a: Zapdos|45/100 tox|[from] item: Leftovers
|-damage|p1a: Zapdos|39/100 tox|[from] psn
|upkeep
|turn|77
|
|t:|1729880720
|move|p1a: Zapdos|Baton Pass|p1a: Zapdos
|
|t:|1729880722
|switch|p1a: Blissey|Blissey, F|92/100|[from] Baton Pass
|-damage|p1a: Blissey|67/100|[from] Spikes
|move|p2a: Blissey|Seismic Toss|p1a: Blissey
|-damage|p1a: Blissey|51/100
|
|-heal|p1a: Blissey|58/100|[from] item: Leftovers
|upkeep
|turn|78
|
|t:|1729880730
|switch|p2a: Dugtrio|Dugtrio, F|100/100
|move|p1a: Blissey|Soft-Boiled|p1a: Blissey
|-heal|p1a: Blissey|100/100
|
|upkeep
|turn|79
|
|t:|1729880737
|switch|p2a: Blissey|Blissey, F|100/100
|move|p1a: Blissey|Ice Beam|p2a: Blissey
|-damage|p2a: Blissey|91/100
|
|-heal|p2a: Blissey|97/100|[from] item: Leftovers
|upkeep
|turn|80
|
|t:|1729880751
|move|p1a: Blissey|Seismic Toss|p2a: Blissey
|-damage|p2a: Blissey|82/100
|move|p2a: Blissey|Seismic Toss|p1a: Blissey
|-damage|p1a: Blissey|85/100
|
|-heal|p1a: Blissey|91/100|[from] item: Leftovers
|-heal|p2a: Blissey|88/100|[from] item: Leftovers
|upkeep
|turn|81
|
|t:|1729880759
|switch|p2a: Suicune|Suicune|98/100
|move|p1a: Blissey|Seismic Toss|p2a: Suicune
|-damage|p2a: Suicune|73/100
|
|-heal|p2a: Suicune|79/100|[from] item: Leftovers
|-heal|p1a: Blissey|97/100|[from] item: Leftovers
|upkeep
|turn|82
|
|t:|1729880767
|switch|p2a: Blissey|Blissey, F|88/100
|move|p1a: Blissey|Thunder Wave|p2a: Blissey
|-status|p2a: Blissey|par
|
|-heal|p1a: Blissey|100/100|[from] item: Leftovers
|-heal|p2a: Blissey|94/100 par|[from] item: Leftovers
|upkeep
|turn|83
|
|t:|1729880770
|-curestatus|p2a: Blissey|par|[from] ability: Natural Cure
|switch|p2a: Suicune|Suicune|79/100
|move|p1a: Blissey|Seismic Toss|p2a: Suicune
|-damage|p2a: Suicune|54/100
|
|-heal|p2a: Suicune|60/100|[from] item: Leftovers
|upkeep
|turn|84
|
|t:|1729880780
|move|p2a: Suicune|Rest|p2a: Suicune
|-status|p2a: Suicune|slp|[from] move: Rest
|-heal|p2a: Suicune|100/100 slp|[silent]
|move|p1a: Blissey|Seismic Toss|p2a: Suicune
|-damage|p2a: Suicune|76/100 slp
|
|-heal|p2a: Suicune|82/100 slp|[from] item: Leftovers
|upkeep
|turn|85
|
|t:|1729880794
|switch|p2a: Blissey|Blissey, F|94/100
|switch|p1a: Salamence|Salamence, M|100/100
|-ability|p1a: Salamence|Intimidate|boost
|-unboost|p2a: Blissey|atk|1
|
|-heal|p2a: Blissey|99/100|[from] item: Leftovers
|upkeep
|turn|86
|
|t:|1729880799
|switch|p1a: Blissey|Blissey, F|100/100
|-damage|p1a: Blissey|76/100|[from] Spikes
|move|p2a: Blissey|Ice Beam|p1a: Blissey
|-damage|p1a: Blissey|66/100
|-status|p1a: Blissey|frz
|
|-heal|p1a: Blissey|72/100 frz|[from] item: Leftovers
|-heal|p2a: Blissey|100/100|[from] item: Leftovers
|upkeep
|turn|87
|
|t:|1729880810
|cant|p1a: Blissey|frz
|move|p2a: Blissey|Ice Beam|p1a: Blissey
|-damage|p1a: Blissey|63/100 frz
|
|-heal|p1a: Blissey|69/100 frz|[from] item: Leftovers
|upkeep
|turn|88
|
|t:|1729880814
|-curestatus|p1a: Blissey|frz|[msg]
|move|p1a: Blissey|Soft-Boiled|p1a: Blissey
|-heal|p1a: Blissey|100/100
|move|p2a: Blissey|Aromatherapy|p2a: Blissey
|-cureteam|p2a: Blissey|[from] move: Aromatherapy
|
|upkeep
|turn|89
|
|t:|1729880822
|switch|p2a: Dugtrio|Dugtrio, F|100/100
|move|p1a: Blissey|Seismic Toss|p2a: Dugtrio
|-damage|p2a: Dugtrio|53/100
|
|upkeep
|turn|90
|
|t:|1729880833
|switch|p2a: Suicune|Suicune|82/100
|move|p1a: Blissey|Seismic Toss|p2a: Suicune
|-damage|p2a: Suicune|57/100
|
|-heal|p2a: Suicune|63/100|[from] item: Leftovers
|upkeep
|turn|91
|
|t:|1729880848
|switch|p2a: Blissey|Blissey, F|100/100
|move|p1a: Blissey|Thunder Wave|p2a: Blissey
|-status|p2a: Blissey|par
|
|upkeep
|turn|92
|
|t:|1729880862
|switch|p1a: Zapdos|Zapdos|39/100 tox
|-curestatus|p2a: Blissey|par|[from] ability: Natural Cure
|switch|p2a: Suicune|Suicune|63/100
|
|-heal|p1a: Zapdos|45/100 tox|[from] item: Leftovers
|-damage|p1a: Zapdos|39/100 tox|[from] psn
|-heal|p2a: Suicune|70/100|[from] item: Leftovers
|upkeep
|turn|93
|
|t:|1729880870
|switch|p2a: Blissey|Blissey, F|100/100
|move|p1a: Zapdos|Baton Pass|p1a: Zapdos
|
|t:|1729880872
|switch|p1a: Blissey|Blissey, F|100/100|[from] Baton Pass
|-damage|p1a: Blissey|76/100|[from] Spikes
|
|-heal|p1a: Blissey|82/100|[from] item: Leftovers
|upkeep
|turn|94
|
|t:|1729880876
|switch|p2a: Suicune|Suicune|70/100
|move|p1a: Blissey|Thunder Wave|p2a: Suicune
|-status|p2a: Suicune|par
|
|-heal|p1a: Blissey|88/100|[from] item: Leftovers
|-heal|p2a: Suicune|76/100 par|[from] item: Leftovers
|upkeep
|turn|95
|
|t:|1729880884
|move|p1a: Blissey|Thunder Wave|p2a: Suicune
|-fail|p2a: Suicune|par
|move|p2a: Suicune|Rest|p2a: Suicune
|-status|p2a: Suicune|slp|[from] move: Rest
|-heal|p2a: Suicune|100/100 slp|[silent]
|
|-heal|p1a: Blissey|94/100|[from] item: Leftovers
|upkeep
|turn|96
|
|t:|1729880900
|switch|p2a: Blissey|Blissey, F|100/100
|switch|p1a: Zapdos|Zapdos|39/100 tox
|
|-heal|p1a: Zapdos|45/100 tox|[from] item: Leftovers
|-damage|p1a: Zapdos|39/100 tox|[from] psn
|upkeep
|turn|97
|
|t:|1729880915
|switch|p1a: Blissey|Blissey, F|94/100
|-damage|p1a: Blissey|69/100|[from] Spikes
|switch|p2a: Dugtrio|Dugtrio, F|53/100
|
|-heal|p1a: Blissey|75/100|[from] item: Leftovers
|upkeep
|turn|98
|
|t:|1729880929
|switch|p2a: Suicune|Suicune|100/100 slp
|move|p1a: Blissey|Ice Beam|p2a: Suicune
|-resisted|p2a: Suicune
|-crit|p2a: Suicune
|-damage|p2a: Suicune|82/100 slp
|
|-heal|p2a: Suicune|88/100 slp|[from] item: Leftovers
|-heal|p1a: Blissey|81/100|[from] item: Leftovers
|upkeep
|turn|99
|
|t:|1729880937
|switch|p2a: Blissey|Blissey, F|100/100
|switch|p1a: Zapdos|Zapdos|39/100 tox
|
|-heal|p1a: Zapdos|45/100 tox|[from] item: Leftovers
|-damage|p1a: Zapdos|39/100 tox|[from] psn
|upkeep
|turn|100
|
|t:|1729880943
|switch|p1a: Blissey|Blissey, F|81/100
|-damage|p1a: Blissey|57/100|[from] Spikes
|move|p2a: Blissey|Aromatherapy|p2a: Blissey
|-cureteam|p2a: Blissey|[from] move: Aromatherapy
|
|-heal|p1a: Blissey|63/100|[from] item: Leftovers
|upkeep
|turn|101
|
|t:|1729880948
|move|p1a: Blissey|Soft-Boiled|p1a: Blissey
|-heal|p1a: Blissey|100/100
|move|p2a: Blissey|Seismic Toss|p1a: Blissey
|-damage|p1a: Blissey|85/100
|
|-heal|p1a: Blissey|91/100|[from] item: Leftovers
|upkeep
|turn|102
|
|t:|1729880964
|move|p1a: Blissey|Thunder Wave|p2a: Blissey
|-status|p2a: Blissey|par
|cant|p2a: Blissey|par
|
|-heal|p1a: Blissey|97/100|[from] item: Leftovers
|upkeep
|turn|103
|
|t:|1729880979
|-curestatus|p2a: Blissey|par|[from] ability: Natural Cure
|switch|p2a: Suicune|Suicune|88/100
|move|p1a: Blissey|Seismic Toss|p2a: Suicune
|-damage|p2a: Suicune|63/100
|
|-heal|p2a: Suicune|69/100|[from] item: Leftovers
|-heal|p1a: Blissey|100/100|[from] item: Leftovers
|upkeep
|turn|104
|
|t:|1729880985
|switch|p2a: Blissey|Blissey, F|100/100
|switch|p1a: Zapdos|Zapdos|39/100 tox
|
|-heal|p1a: Zapdos|45/100 tox|[from] item: Leftovers
|-damage|p1a: Zapdos|39/100 tox|[from] psn
|upkeep
|turn|105
|
|t:|1729880993
|switch|p1a: Blissey|Blissey, F|100/100
|-damage|p1a: Blissey|76/100|[from] Spikes
|move|p2a: Blissey|Seismic Toss|p1a: Blissey
|-damage|p1a: Blissey|60/100
|
|-heal|p1a: Blissey|66/100|[from] item: Leftovers
|upkeep
|turn|106
|
|t:|1729881001
|switch|p2a: Suicune|Suicune|69/100
|move|p1a: Blissey|Thunder Wave|p2a: Suicune
|-status|p2a: Suicune|par
|
|-heal|p1a: Blissey|73/100|[from] item: Leftovers
|-heal|p2a: Suicune|75/100 par|[from] item: Leftovers
|upkeep
|turn|107
|
|t:|1729881005
|move|p1a: Blissey|Seismic Toss|p2a: Suicune
|-damage|p2a: Suicune|51/100 par
|cant|p2a: Suicune|par
|
|-heal|p1a: Blissey|79/100|[from] item: Leftovers
|-heal|p2a: Suicune|57/100 par|[from] item: Leftovers
|upkeep
|turn|108
|
|t:|1729881011
|move|p1a: Blissey|Seismic Toss|p2a: Suicune
|-damage|p2a: Suicune|32/100 par
|move|p2a: Suicune|Rest|p2a: Suicune
|-status|p2a: Suicune|slp|[from] move: Rest
|-heal|p2a: Suicune|100/100 slp|[silent]
|
|-heal|p1a: Blissey|85/100|[from] item: Leftovers
|upkeep
|turn|109
|
|t:|1729881018
|switch|p2a: Blissey|Blissey, F|100/100
|switch|p1a: Zapdos|Zapdos|39/100 tox
|
|-heal|p1a: Zapdos|45/100 tox|[from] item: Leftovers
|-damage|p1a: Zapdos|39/100 tox|[from] psn
|upkeep
|turn|110
|
|t:|1729881025
|switch|p1a: Blissey|Blissey, F|85/100
|-damage|p1a: Blissey|60/100|[from] Spikes
|move|p2a: Blissey|Seismic Toss|p1a: Blissey
|-damage|p1a: Blissey|45/100
|
|-heal|p1a: Blissey|51/100|[from] item: Leftovers
|upkeep
|turn|111
|
|t:|1729881028
|move|p1a: Blissey|Soft-Boiled|p1a: Blissey
|-heal|p1a: Blissey|100/100
|move|p2a: Blissey|Aromatherapy|p2a: Blissey
|-cureteam|p2a: Blissey|[from] move: Aromatherapy
|
|upkeep
|turn|112
|
|t:|1729881041
|move|p1a: Blissey|Thunder Wave|p2a: Blissey
|-status|p2a: Blissey|par
|cant|p2a: Blissey|par
|
|upkeep
|turn|113
|
|t:|1729881053
|move|p1a: Blissey|Seismic Toss|p2a: Blissey
|-damage|p2a: Blissey|85/100 par
|cant|p2a: Blissey|par
|
|-heal|p2a: Blissey|91/100 par|[from] item: Leftovers
|upkeep
|turn|114
|
|t:|1729881058
|switch|p1a: Zapdos|Zapdos|39/100 tox
|-curestatus|p2a: Blissey|par|[from] ability: Natural Cure
|switch|p2a: Suicune|Suicune|100/100
|
|-heal|p1a: Zapdos|45/100 tox|[from] item: Leftovers
|-damage|p1a: Zapdos|39/100 tox|[from] psn
|upkeep
|turn|115
|
|t:|1729881076
|switch|p1a: Blissey|Blissey, F|100/100
|-damage|p1a: Blissey|76/100|[from] Spikes
|switch|p2a: Blissey|Blissey, F|91/100
|
|-heal|p1a: Blissey|82/100|[from] item: Leftovers
|-heal|p2a: Blissey|97/100|[from] item: Leftovers
|upkeep
|turn|116
|
|t:|1729881086
|move|p1a: Blissey|Thunder Wave|p2a: Blissey
|-status|p2a: Blissey|par
|move|p2a: Blissey|Seismic Toss|p1a: Blissey
|-damage|p1a: Blissey|66/100
|
|-heal|p1a: Blissey|73/100|[from] item: Leftovers
|-heal|p2a: Blissey|100/100 par|[from] item: Leftovers
|upkeep
|turn|117
|
|t:|1729881094
|move|p1a: Blissey|Thunder Wave|p2a: Blissey
|-fail|p2a: Blissey|par
|move|p2a: Blissey|Seismic Toss|p1a: Blissey
|-damage|p1a: Blissey|57/100
|
|-heal|p1a: Blissey|63/100|[from] item: Leftovers
|upkeep
|turn|118
|
|t:|1729881100
|-curestatus|p2a: Blissey|par|[from] ability: Natural Cure
|switch|p2a: Suicune|Suicune|100/100
|move|p1a: Blissey|Thunder Wave|p2a: Suicune
|-status|p2a: Suicune|par
|
|-heal|p1a: Blissey|69/100|[from] item: Leftovers
|upkeep
|turn|119
|
|t:|1729881113
|switch|p1a: Zapdos|Zapdos|39/100 tox
|switch|p2a: Blissey|Blissey, F|100/100
|
|-heal|p1a: Zapdos|45/100 tox|[from] item: Leftovers
|-damage|p1a: Zapdos|39/100 tox|[from] psn
|upkeep
|turn|120
|
|t:|1729881119
|switch|p2a: Dugtrio|Dugtrio, F|53/100
|move|p1a: Zapdos|Baton Pass|p1a: Zapdos
|
|t:|1729881124
|switch|p1a: Salamence|Salamence, M|100/100|[from] Baton Pass
|-ability|p1a: Salamence|Intimidate|boost
|-unboost|p2a: Dugtrio|atk|1
|
|upkeep
|turn|121
|
|t:|1729881140
|switch|p2a: Skarmory|Skarmory, F|49/100
|move|p1a: Salamence|Hidden Power|p2a: Skarmory
|-resisted|p2a: Skarmory
|-damage|p2a: Skarmory|33/100
|
|-heal|p2a: Skarmory|39/100|[from] item: Leftovers
|upkeep
|turn|122
|
|t:|1729881154
|switch|p1a: Zapdos|Zapdos|39/100 tox
|move|p2a: Skarmory|Toxic|p1a: Zapdos
|-fail|p1a: Zapdos|tox
|
|-heal|p1a: Zapdos|45/100 tox|[from] item: Leftovers
|-damage|p1a: Zapdos|39/100 tox|[from] psn
|-heal|p2a: Skarmory|45/100|[from] item: Leftovers
|upkeep
|turn|123
|
|t:|1729881164
|switch|p2a: Blissey|Blissey, F|100/100
|move|p1a: Zapdos|Baton Pass|p1a: Zapdos
|
|t:|1729881166
|switch|p1a: Blissey|Blissey, F|69/100|[from] Baton Pass
|-damage|p1a: Blissey|45/100|[from] Spikes
|
|-heal|p1a: Blissey|51/100|[from] item: Leftovers
|upkeep
|turn|124
|
|t:|1729881173
|switch|p2a: Skarmory|Skarmory, F|45/100
|move|p1a: Blissey|Soft-Boiled|p1a: Blissey
|-heal|p1a: Blissey|100/100
|
|-heal|p2a: Skarmory|51/100|[from] item: Leftovers
|upkeep
|turn|125
|
|t:|1729881183
|switch|p2a: Suicune|Suicune|100/100 par
|move|p1a: Blissey|Thunder Wave|p2a: Suicune
|-fail|p2a: Suicune|par
|
|upkeep
|turn|126
|
|t:|1729881187
|switch|p2a: Blissey|Blissey, F|100/100
|move|p1a: Blissey|Thunder Wave|p2a: Blissey
|-status|p2a: Blissey|par
|
|upkeep
|turn|127
|
|t:|1729881196
|move|p1a: Blissey|Seismic Toss|p2a: Blissey
|-damage|p2a: Blissey|85/100 par
|cant|p2a: Blissey|par
|
|-heal|p2a: Blissey|91/100 par|[from] item: Leftovers
|upkeep
|turn|128
|
|t:|1729881202
|move|p1a: Blissey|Seismic Toss|p2a: Blissey
|-damage|p2a: Blissey|76/100 par
|cant|p2a: Blissey|par
|
|-heal|p2a: Blissey|82/100 par|[from] item: Leftovers
|upkeep
|turn|129
|
|t:|1729881209
|move|p1a: Blissey|Seismic Toss|p2a: Blissey
|-damage|p2a: Blissey|67/100 par
|move|p2a: Blissey|Aromatherapy|p2a: Blissey
|-cureteam|p2a: Blissey|[from] move: Aromatherapy
|
|-heal|p2a: Blissey|73/100|[from] item: Leftovers
|upkeep
|turn|130
|
|t:|1729881217
|switch|p1a: Zapdos|Zapdos|39/100 tox
|move|p2a: Blissey|Soft-Boiled|p2a: Blissey
|-heal|p2a: Blissey|100/100
|
|-heal|p1a: Zapdos|45/100 tox|[from] item: Leftovers
|-damage|p1a: Zapdos|39/100 tox|[from] psn
|upkeep
|turn|131
|
|t:|1729881224
|switch|p1a: Blissey|Blissey, F|100/100
|-damage|p1a: Blissey|76/100|[from] Spikes
|move|p2a: Blissey|Seismic Toss|p1a: Blissey
|-damage|p1a: Blissey|60/100
|
|-heal|p1a: Blissey|66/100|[from] item: Leftovers
|upkeep
|turn|132
|
|t:|1729881237
|move|p1a: Blissey|Thunder Wave|p2a: Blissey
|-status|p2a: Blissey|par
|move|p2a: Blissey|Seismic Toss|p1a: Blissey
|-damage|p1a: Blissey|51/100
|
|-heal|p1a: Blissey|57/100|[from] item: Leftovers
|upkeep
|turn|133
|
|t:|1729881242
|move|p1a: Blissey|Soft-Boiled|p1a: Blissey
|-heal|p1a: Blissey|100/100
|cant|p2a: Blissey|par
|
|upkeep
|turn|134
|
|t:|1729881266
|move|p1a: Blissey|Thunder Wave|p2a: Blissey
|-fail|p2a: Blissey|par
|move|p2a: Blissey|Ice Beam|p1a: Blissey
|-damage|p1a: Blissey|91/100
|
|-heal|p1a: Blissey|97/100|[from] item: Leftovers
|upkeep
|turn|135
|
|t:|1729881273
|move|p1a: Blissey|Thunder Wave|p2a: Blissey
|-fail|p2a: Blissey|par
|move|p2a: Blissey|Seismic Toss|p1a: Blissey
|-damage|p1a: Blissey|82/100
|
|-heal|p1a: Blissey|88/100|[from] item: Leftovers
|upkeep
|turn|136
|
|t:|1729881282
|move|p1a: Blissey|Thunder Wave|p2a: Blissey
|-fail|p2a: Blissey|par
|move|p2a: Blissey|Seismic Toss|p1a: Blissey
|-damage|p1a: Blissey|73/100
|
|-heal|p1a: Blissey|79/100|[from] item: Leftovers
|upkeep
|turn|137
|
|t:|1729881286
|move|p1a: Blissey|Thunder Wave|p2a: Blissey
|-fail|p2a: Blissey|par
|move|p2a: Blissey|Seismic Toss|p1a: Blissey
|-damage|p1a: Blissey|63/100
|
|-heal|p1a: Blissey|69/100|[from] item: Leftovers
|upkeep
|turn|138
|
|t:|1729881290
|move|p1a: Blissey|Thunder Wave|p2a: Blissey
|-fail|p2a: Blissey|par
|move|p2a: Blissey|Seismic Toss|p1a: Blissey
|-damage|p1a: Blissey|54/100
|
|-heal|p1a: Blissey|60/100|[from] item: Leftovers
|upkeep
|turn|139
|
|t:|1729881295
|move|p1a: Blissey|Thunder Wave|p2a: Blissey
|-fail|p2a: Blissey|par
|move|p2a: Blissey|Seismic Toss|p1a: Blissey
|-damage|p1a: Blissey|45/100
|
|-heal|p1a: Blissey|51/100|[from] item: Leftovers
|upkeep
|turn|140
|
|t:|1729881297
|move|p1a: Blissey|Soft-Boiled|p1a: Blissey
|-heal|p1a: Blissey|100/100
|move|p2a: Blissey|Seismic Toss|p1a: Blissey
|-damage|p1a: Blissey|85/100
|
|-heal|p1a: Blissey|91/100|[from] item: Leftovers
|upkeep
|turn|141
|
|t:|1729881300
|move|p1a: Blissey|Thunder Wave|p2a: Blissey
|-fail|p2a: Blissey|par
|move|p2a: Blissey|Seismic Toss|p1a: Blissey
|-damage|p1a: Blissey|76/100
|
|-heal|p1a: Blissey|82/100|[from] item: Leftovers
|upkeep
|turn|142
|
|t:|1729881307
|move|p1a: Blissey|Thunder Wave|p2a: Blissey
|-fail|p2a: Blissey|par
|cant|p2a: Blissey|par
|
|-heal|p1a: Blissey|88/100|[from] item: Leftovers
|upkeep
|turn|143
|
|t:|1729881312
|move|p1a: Blissey|Thunder Wave|p2a: Blissey
|-fail|p2a: Blissey|par
|cant|p2a: Blissey|par
|
|-heal|p1a: Blissey|94/100|[from] item: Leftovers
|upkeep
|turn|144
|
|t:|1729881322
|-curestatus|p2a: Blissey|par|[from] ability: Natural Cure
|switch|p2a: Suicune|Suicune|100/100
|move|p1a: Blissey|Soft-Boiled|p1a: Blissey
|-heal|p1a: Blissey|100/100
|
|upkeep
|turn|145
|
|t:|1729881328
|switch|p2a: Blissey|Blissey, F|100/100
|switch|p1a: Zapdos|Zapdos|39/100 tox
|
|-heal|p1a: Zapdos|45/100 tox|[from] item: Leftovers
|-damage|p1a: Zapdos|39/100 tox|[from] psn
|upkeep
|turn|146
|
|t:|1729881333
|move|p1a: Zapdos|Baton Pass|p1a: Zapdos
|
|t:|1729881334
|switch|p1a: Blissey|Blissey, F|100/100|[from] Baton Pass
|-damage|p1a: Blissey|76/100|[from] Spikes
|move|p2a: Blissey|Seismic Toss|p1a: Blissey
|-damage|p1a: Blissey|60/100
|
|-heal|p1a: Blissey|66/100|[from] item: Leftovers
|upkeep
|turn|147
|
|t:|1729881362
|move|p1a: Blissey|Soft-Boiled|p1a: Blissey
|-heal|p1a: Blissey|100/100
|move|p2a: Blissey|Seismic Toss|p1a: Blissey
|-damage|p1a: Blissey|85/100
|
|-heal|p1a: Blissey|91/100|[from] item: Leftovers
|upkeep
|turn|148
|
|t:|1729881372
|move|p1a: Blissey|Ice Beam|p2a: Blissey
|-damage|p2a: Blissey|91/100
|move|p2a: Blissey|Seismic Toss|p1a: Blissey
|-damage|p1a: Blissey|76/100
|
|-heal|p1a: Blissey|82/100|[from] item: Leftovers
|-heal|p2a: Blissey|97/100|[from] item: Leftovers
|upkeep
|turn|149
|
|t:|1729881379
|switch|p2a: Suicune|Suicune|100/100
|move|p1a: Blissey|Ice Beam|p2a: Suicune
|-resisted|p2a: Suicune
|-damage|p2a: Suicune|92/100
|
|-heal|p2a: Suicune|98/100|[from] item: Leftovers
|-heal|p1a: Blissey|88/100|[from] item: Leftovers
|upkeep
|turn|150
|
|t:|1729881383
|switch|p2a: Blissey|Blissey, F|97/100
|switch|p1a: Zapdos|Zapdos|39/100 tox
|
|-heal|p1a: Zapdos|45/100 tox|[from] item: Leftovers
|-damage|p1a: Zapdos|39/100 tox|[from] psn
|-heal|p2a: Blissey|100/100|[from] item: Leftovers
|upkeep
|turn|151
|
|t:|1729881390
|move|p1a: Zapdos|Baton Pass|p1a: Zapdos
|
|t:|1729881392
|switch|p1a: Blissey|Blissey, F|88/100|[from] Baton Pass
|-damage|p1a: Blissey|63/100|[from] Spikes
|move|p2a: Blissey|Seismic Toss|p1a: Blissey
|-damage|p1a: Blissey|48/100
|
|-heal|p1a: Blissey|54/100|[from] item: Leftovers
|upkeep
|turn|152
|
|t:|1729881409
|move|p1a: Blissey|Soft-Boiled|p1a: Blissey
|-heal|p1a: Blissey|100/100
|move|p2a: Blissey|Seismic Toss|p1a: Blissey
|-damage|p1a: Blissey|85/100
|
|-heal|p1a: Blissey|91/100|[from] item: Leftovers
|upkeep
|turn|153
|
|t:|1729881421
|move|p1a: Blissey|Ice Beam|p2a: Blissey
|-damage|p2a: Blissey|91/100
|move|p2a: Blissey|Seismic Toss|p1a: Blissey
|-damage|p1a: Blissey|76/100
|
|-heal|p1a: Blissey|82/100|[from] item: Leftovers
|-heal|p2a: Blissey|97/100|[from] item: Leftovers
|upkeep
|turn|154
|
|t:|1729881426
|move|p1a: Blissey|Ice Beam|p2a: Blissey
|-damage|p2a: Blissey|87/100
|-status|p2a: Blissey|frz
|cant|p2a: Blissey|frz
|
|-heal|p1a: Blissey|88/100|[from] item: Leftovers
|-heal|p2a: Blissey|93/100 frz|[from] item: Leftovers
|upkeep
|turn|155
|
|t:|1729881437
|switch|p1a: Zapdos|Zapdos|39/100 tox
|-curestatus|p2a: Blissey|frz|[from] ability: Natural Cure
|switch|p2a: Skarmory|Skarmory, F|51/100
|
|-heal|p1a: Zapdos|45/100 tox|[from] item: Leftovers
|-damage|p1a: Zapdos|39/100 tox|[from] psn
|-heal|p2a: Skarmory|57/100|[from] item: Leftovers
|upkeep
|turn|156
|inactive|peachyaladdin has 270 seconds left.
|
|t:|1729881470
|switch|p2a: Blissey|Blissey, F|93/100
|move|p1a: Zapdos|Baton Pass|p1a: Zapdos
|
|t:|1729881472
|switch|p1a: Blissey|Blissey, F|88/100|[from] Baton Pass
|-damage|p1a: Blissey|63/100|[from] Spikes
|
|-heal|p1a: Blissey|69/100|[from] item: Leftovers
|-heal|p2a: Blissey|99/100|[from] item: Leftovers
|upkeep
|turn|157
|
|t:|1729881478
|move|p1a: Blissey|Struggle|p2a: Blissey
|-damage|p2a: Blissey|96/100
|-damage|p1a: Blissey|69/100|[from] Recoil|[of] p2a: Blissey
|move|p2a: Blissey|Seismic Toss|p1a: Blissey
|-damage|p1a: Blissey|53/100
|
|-heal|p1a: Blissey|60/100|[from] item: Leftovers
|-heal|p2a: Blissey|100/100|[from] item: Leftovers
|upkeep
|turn|158
|
|t:|1729881483
|move|p1a: Blissey|Struggle|p2a: Blissey
|-damage|p2a: Blissey|98/100
|-damage|p1a: Blissey|59/100|[from] Recoil|[of] p2a: Blissey
|move|p2a: Blissey|Soft-Boiled|p2a: Blissey
|-heal|p2a: Blissey|100/100
|
|-heal|p1a: Blissey|65/100|[from] item: Leftovers
|upkeep
|turn|159
|
|t:|1729881489
|move|p1a: Blissey|Struggle|p2a: Blissey
|-damage|p2a: Blissey|98/100
|-damage|p1a: Blissey|65/100|[from] Recoil|[of] p2a: Blissey
|move|p2a: Blissey|Seismic Toss|p1a: Blissey
|-damage|p1a: Blissey|49/100
|
|-heal|p1a: Blissey|55/100|[from] item: Leftovers
|-heal|p2a: Blissey|100/100|[from] item: Leftovers
|upkeep
|turn|160
|
|t:|1729881496
|switch|p2a: Skarmory|Skarmory, F|57/100
|move|p1a: Blissey|Struggle|p2a: Skarmory
|-damage|p2a: Skarmory|55/100
|-damage|p1a: Blissey|55/100|[from] Recoil|[of] p2a: Skarmory
|
|-heal|p2a: Skarmory|61/100|[from] item: Leftovers
|-heal|p1a: Blissey|61/100|[from] item: Leftovers
|upkeep
|turn|161
|
|t:|1729881502
|switch|p1a: Zapdos|Zapdos|39/100 tox
|move|p2a: Skarmory|Roar|p1a: Zapdos
|drag|p1a: Salamence|Salamence, M|100/100
|-ability|p1a: Salamence|Intimidate|boost
|-unboost|p2a: Skarmory|atk|1
|
|-heal|p2a: Skarmory|67/100|[from] item: Leftovers
|upkeep
|turn|162
|
|t:|1729881509
|switch|p1a: Zapdos|Zapdos|39/100 tox
|move|p2a: Skarmory|Toxic|p1a: Zapdos
|-fail|p1a: Zapdos|tox
|
|-heal|p1a: Zapdos|45/100 tox|[from] item: Leftovers
|-damage|p1a: Zapdos|39/100 tox|[from] psn
|-heal|p2a: Skarmory|73/100|[from] item: Leftovers
|upkeep
|turn|163
|
|t:|1729881518
|switch|p2a: Blissey|Blissey, F|100/100
|move|p1a: Zapdos|Thunderbolt|p2a: Blissey
|-damage|p2a: Blissey|82/100
|
|-heal|p1a: Zapdos|45/100 tox|[from] item: Leftovers
|-damage|p1a: Zapdos|32/100 tox|[from] psn
|-heal|p2a: Blissey|88/100|[from] item: Leftovers
|upkeep
|turn|164
|
|t:|1729881527
|move|p1a: Zapdos|Baton Pass|p1a: Zapdos
|
|t:|1729881529
|switch|p1a: Blissey|Blissey, F|61/100|[from] Baton Pass
|-damage|p1a: Blissey|36/100|[from] Spikes
|move|p2a: Blissey|Soft-Boiled|p2a: Blissey
|-heal|p2a: Blissey|100/100
|
|-heal|p1a: Blissey|43/100|[from] item: Leftovers
|upkeep
|turn|165
|
|t:|1729881531
|switch|p2a: Dugtrio|Dugtrio, F|53/100
|move|p1a: Blissey|Struggle|p2a: Dugtrio
|-damage|p2a: Dugtrio|46/100
|-damage|p1a: Blissey|42/100|[from] Recoil|[of] p2a: Dugtrio
|
|-heal|p1a: Blissey|48/100|[from] item: Leftovers
|upkeep
|turn|166
|
|t:|1729881535
|move|p2a: Dugtrio|Earthquake|p1a: Blissey
|-damage|p1a: Blissey|0 fnt
|faint|p1a: Blissey
|
|t:|1729881559
|switch|p1a: Salamence|Salamence, M|100/100
|-ability|p1a: Salamence|Intimidate|boost
|-unboost|p2a: Dugtrio|atk|1
|
|upkeep
|turn|167
|
|t:|1729881563
|switch|p2a: Skarmory|Skarmory, F|73/100
|move|p1a: Salamence|Dragon Dance|p1a: Salamence
|-boost|p1a: Salamence|atk|1
|-boost|p1a: Salamence|spe|1
|
|-heal|p2a: Skarmory|79/100|[from] item: Leftovers
|upkeep
|turn|168
|
|t:|1729881571
|switch|p1a: Zapdos|Zapdos|32/100 tox
|move|p2a: Skarmory|Roar|p1a: Zapdos
|drag|p1a: Salamence|Salamence, M|100/100
|-ability|p1a: Salamence|Intimidate|boost
|-unboost|p2a: Skarmory|atk|1
|
|-heal|p2a: Skarmory|85/100|[from] item: Leftovers
|upkeep
|turn|169
|
|t:|1729881577
|switch|p1a: Zapdos|Zapdos|32/100 tox
|move|p2a: Skarmory|Toxic|p1a: Zapdos
|-fail|p1a: Zapdos|tox
|
|-heal|p1a: Zapdos|39/100 tox|[from] item: Leftovers
|-damage|p1a: Zapdos|32/100 tox|[from] psn
|-heal|p2a: Skarmory|91/100|[from] item: Leftovers
|upkeep
|turn|170
|
|t:|1729881588
|switch|p2a: Blissey|Blissey, F|100/100
|move|p1a: Zapdos|Thunderbolt|p2a: Blissey
|-damage|p2a: Blissey|81/100
|-status|p2a: Blissey|par
|
|-heal|p1a: Zapdos|39/100 tox|[from] item: Leftovers
|-damage|p1a: Zapdos|26/100 tox|[from] psn
|-heal|p2a: Blissey|87/100 par|[from] item: Leftovers
|upkeep
|turn|171
|
|t:|1729881595
|-curestatus|p2a: Blissey|par|[from] ability: Natural Cure
|switch|p2a: Dugtrio|Dugtrio, F|46/100
|move|p1a: Zapdos|Roar|p2a: Dugtrio
|drag|p2a: Blissey|Blissey, F|87/100
|
|-heal|p1a: Zapdos|32/100 tox|[from] item: Leftovers
|-damage|p1a: Zapdos|14/100 tox|[from] psn
|-heal|p2a: Blissey|93/100|[from] item: Leftovers
|upkeep
|turn|172
|
|t:|1729881604
|move|p2a: Blissey|Soft-Boiled|p2a: Blissey
|-heal|p2a: Blissey|100/100
|move|p1a: Zapdos|Roar|p2a: Blissey
|drag|p2a: Suicune|Suicune|98/100
|
|-heal|p1a: Zapdos|20/100 tox|[from] item: Leftovers
|-damage|p1a: Zapdos|0 fnt|[from] psn
|faint|p1a: Zapdos
|-heal|p2a: Suicune|100/100|[from] item: Leftovers
|upkeep
|
|t:|1729881608
|switch|p1a: Salamence|Salamence, M|100/100
|-ability|p1a: Salamence|Intimidate|boost
|-unboost|p2a: Suicune|atk|1
|turn|173
|
|t:|1729881610
|switch|p2a: Blissey|Blissey, F|100/100
|move|p1a: Salamence|Dragon Dance|p1a: Salamence
|-boost|p1a: Salamence|atk|1
|-boost|p1a: Salamence|spe|1
|
|upkeep
|turn|174
|
|t:|1729881620
|move|p1a: Salamence|Rock Slide|p2a: Blissey
|-damage|p2a: Blissey|56/100
|move|p2a: Blissey|Ice Beam|p1a: Salamence
|-supereffective|p1a: Salamence
|-damage|p1a: Salamence|0 fnt
|faint|p1a: Salamence
|
|win|TheDHope
|c|☆peachyaladdin|gg
|c|☆peachyaladdin|lol
|c|☆TheDHope|Gg

</script>
<script type="application/json" class="data" id="replaydata-smogtours-gen3ou-801859">
{"id":"smogtours-gen3ou-801859","format":"[Gen 3] OU","players":["peachyaladdin","TheDHope"],"uploadtime":1729881620,"views":78,"formatid":"gen3ou","rating":null,"private":0,"password":null}
</script>

<script defer src="js/replays.js?9d40a366"></script>
