<!DOCTYPE html>
<meta charset="utf-8" />
<meta name="viewport" content="width=device-width" />

<title>[Gen 3] OU: xGangg vs. peachyaladdin - Replays - Pok&eacute;mon Showdown!</title>

<meta name="description" content="Watch a replay of a Pok&eacute;mon battle between xGangg and peachyaladdin! Format: [Gen 3] OU; Date: Oct 14, 2024" />
<!--

Hey, you! Looking in the source for the replay log?

You can find them in JSON format, just add `.json` at the end of a replay URL.

https://replay.pokemonshowdown.com/gen7randomdoublesbattle-865046831.json

Or, if you only need the log itself, add `.log` instead:

https://replay.pokemonshowdown.com/gen7randomdoublesbattle-865046831.log

-->

<link rel="stylesheet" href="//pokemonshowdown.com/style/global.css?0.023195364461161105" />
<link rel="stylesheet" href="//play.pokemonshowdown.com/style/font-awesome.css?0.13261647063804238" />
<link rel="stylesheet" href="//play.pokemonshowdown.com/style/battle.css?0.8753245789963631" />
<link rel="stylesheet" href="//play.pokemonshowdown.com/style/utilichart.css?0.8627959624976733" />

<!-- Global site tag (gtag.js) - Google Analytics -->
<script async src="https://www.googletagmanager.com/gtag/js?id=UA-26211653-1"></script>
<script>
  window.dataLayer = window.dataLayer || [];
  function gtag(){dataLayer.push(arguments);}
  gtag('js', new Date());

  gtag('config', 'UA-26211653-1');
</script>
<!-- End Google Analytics -->
<!-- Venatus Ad Manager - Install in <HEAD> of page -->
	<script src="https://hb.vntsm.com/v3/live/ad-manager.min.js" type="text/javascript" data-site-id="642aba63ec9a7b11c3c9c1be" data-mode="scan" async></script>
<!-- / Venatus Ad Manager -->

<style>
	@media (max-width:820px) {
		.battle {
			margin: 0 auto;
		}
		.battle-log {
			margin: 7px auto 0;
			max-width: 640px;
			height: 300px;
			position: static;
		}
	}
	.optgroup {
		display: inline-block;
		line-height: 22px;
		font-size: 10pt;
	}
	.optgroup .button {
		height: 25px;
		padding-top: 0;
		padding-bottom: 0;
	}
	.optgroup button.button {
		padding-left: 12px;
		padding-right: 12px;
	}
	.linklist {
		list-style: none;
		margin: 0.5em 0;
		padding: 0;
	}
	.linklist li {
		padding: 2px 0;
	}
	.sidebar {
		float: left;
		width: 320px;
	}
	.bar-wrapper {
		max-width: 1100px;
		margin: 0 auto;
	}
	.bar-wrapper.has-sidebar {
		max-width: 1430px;
	}
	.mainbar {
		margin: 0;
		padding-right: 1px;
	}
	.mainbar.has-sidebar {
		margin-left: 330px;
	}
	@media (min-width: 1511px) {
		.sidebar {
			width: 400px;
		}
		.bar-wrapper.has-sidebar {
			max-width: 1510px;
		}
		.mainbar.has-sidebar {
			margin-left: 410px;
		}
	}
	.section.first-section {
		margin-top: 9px;
	}
	.blocklink small {
		white-space: normal;
	}
	.button {
		vertical-align: middle;
	}
	.replay-controls {
		padding-top: 10px;
	}
	.replay-controls h1 {
		font-size: 16pt;
		font-weight: normal;
		color: #CCC;
	}
	.pagelink {
		text-align: center;
	}
	.pagelink a {
		width: 150px;
	}
	.textbox, .button {
		font-size: 11pt;
		vertical-align: middle;
	}
	@media (max-width: 450px) {
		.button {
			font-size: 9pt;
		}
	}
</style>

<div>

	<header>
		<div class="nav-wrapper"><ul class="nav">
			<li><a class="button nav-first" href="//pokemonshowdown.com/"><img src="//pokemonshowdown.com/images/pokemonshowdownbeta.png" srcset="//pokemonshowdown.com/images/pokemonshowdownbeta.png 1x, //pokemonshowdown.com/images/pokemonshowdownbeta@2x.png 2x" alt="Pok&eacute;mon Showdown" width="146" height="44" /> Home</a></li>
			<li><a class="button" href="//pokemonshowdown.com/dex/">Pok&eacute;dex</a></li>
			<li><a class="button cur" href="/">Replays</a></li>
			<li><a class="button" href="//pokemonshowdown.com/ladder/">Ladder</a></li>
			<li><a class="button nav-last" href="//pokemonshowdown.com/forums/">Forum</a></li>
			<li><a class="button greenbutton nav-first nav-last" href="//play.pokemonshowdown.com/">Play</a></li>
		</ul></div>
	</header>

	<div class="main" id="main">

		<noscript><section class="section">You need to enable JavaScript to use this page; sorry!</section></noscript>

	</div>

</div>

<script defer nomodule src="//play.pokemonshowdown.com/js/lib/ps-polyfill.js"></script>
<script defer src="//play.pokemonshowdown.com/js/lib/preact.min.js"></script>

<script defer src="//play.pokemonshowdown.com/config/config.js?2bddbc15"></script>
<script defer src="//play.pokemonshowdown.com/js/lib/jquery-1.11.0.min.js"></script>
<script defer src="//play.pokemonshowdown.com/js/lib/html-sanitizer-minified.js"></script>
<script defer src="//play.pokemonshowdown.com/js/battle-sound.js"></script>
<script defer src="//play.pokemonshowdown.com/js/battledata.js?0.7209276989879541"></script>
<script defer src="//play.pokemonshowdown.com/data/pokedex-mini.js?0.6111056340867951"></script>
<script defer src="//play.pokemonshowdown.com/data/pokedex-mini-bw.js?0.3532142036491459"></script>
<script defer src="//play.pokemonshowdown.com/data/graphics.js?0.24223875632456182"></script>
<script defer src="//play.pokemonshowdown.com/data/pokedex.js?0.38839984266356864"></script>
<script defer src="//play.pokemonshowdown.com/data/moves.js?0.21866028504024015"></script>
<script defer src="//play.pokemonshowdown.com/data/abilities.js?0.2005157953846628"></script>
<script defer src="//play.pokemonshowdown.com/data/items.js?0.9894211263848525"></script>
<script defer src="//play.pokemonshowdown.com/data/teambuilder-tables.js?0.6008791140282215"></script>
<script defer src="//play.pokemonshowdown.com/js/battle-tooltips.js?0.7580118955022959"></script>
<script defer src="//play.pokemonshowdown.com/js/battle.js?0.6057722274234274"></script>

<script defer src="js/utils.js?e31f9a17"></script>
<script defer src="js/replays-battle.js?7008c182"></script>

<!-- don't scrape this data! just add .json or .log after the URL!
Full API docs: https://github.com/smogon/pokemon-showdown-client/blob/master/WEB-API.md -->
<script type="text/plain" class="log" id="replaylog-smogtours-gen3ou-798771">
|inactive|Battle timer is ON: inactive players will automatically lose when time's up.
|t:|1728940285
|gametype|singles
|player|p1|xGangg|#teamvictini|
|player|p2|peachyaladdin|alder|
|teamsize|p1|6
|teamsize|p2|6
|gen|3
|tier|[Gen 3] OU
|rule|Sleep Clause Mod: Limit one foe put to sleep
|rule|Switch Priority Clause Mod: Faster Pokémon switch first
|rule|Species Clause: Limit one of each Pokémon
|rule|OHKO Clause: OHKO moves are banned
|rule|Evasion Items Clause: Evasion items are banned
|rule|Evasion Moves Clause: Evasion moves are banned
|rule|Endless Battle Clause: Forcing endless battles is banned
|rule|HP Percentage Mod: HP is shown in percentages
|rule|One Boost Passer Clause: Limit one Baton Passer that has a way to boost its stats
|rule|Freeze Clause Mod: Limit one foe frozen
|
|t:|1728940285
|start
|switch|p1a: Skarmory|Skarmory, F|100/100
|switch|p2a: Umbreon|Umbreon, F, shiny|100/100
|turn|1
|c|☆xGangg|glhf
|c|☆peachyaladdin|gl hf
|
|t:|1728940306
|move|p1a: Skarmory|Spikes|p2a: Umbreon
|-sidestart|p2: peachyaladdin|Spikes
|move|p2a: Umbreon|Baton Pass|p2a: Umbreon
|
|t:|1728940322
|switch|p2a: Moltres|Moltres|100/100|[from] Baton Pass
|
|upkeep
|turn|2
|
|t:|1728940340
|switch|p1a: Blissey|Blissey, F, shiny|100/100
|move|p2a: Moltres|Will-O-Wisp|p1a: Blissey
|-status|p1a: Blissey|brn
|
|-damage|p1a: Blissey|88/100 brn|[from] brn
|upkeep
|turn|3
|inactive|peachyaladdin has 270 seconds left.
|
|t:|1728940367
|switch|p2a: Gyarados|Gyarados, M, shiny|100/100
|-ability|p2a: Gyarados|Intimidate|boost
|-unboost|p1a: Blissey|atk|1
|move|p1a: Blissey|Toxic|p2a: Gyarados
|-status|p2a: Gyarados|tox
|-enditem|p2a: Gyarados|Lum Berry|[eat]
|-curestatus|p2a: Gyarados|tox|[msg]
|
|-heal|p1a: Blissey|94/100 brn|[from] item: Leftovers
|-damage|p1a: Blissey|82/100 brn|[from] brn
|upkeep
|turn|4
|inactive|peachyaladdin has 270 seconds left.
|
|t:|1728940374
|-curestatus|p1a: Blissey|brn|[from] ability: Natural Cure
|switch|p1a: Skarmory|Skarmory, F|100/100
|move|p2a: Gyarados|Taunt|p1a: Skarmory
|-start|p1a: Skarmory|move: Taunt
|
|upkeep
|turn|5
|
|t:|1728940393
|switch|p1a: Starmie|Starmie|100/100
|move|p2a: Gyarados|Dragon Dance|p2a: Gyarados
|-boost|p2a: Gyarados|atk|1
|-boost|p2a: Gyarados|spe|1
|
|upkeep
|turn|6
|
|t:|1728940406
|switch|p2a: Umbreon|Umbreon, F, shiny|100/100
|-damage|p2a: Umbreon|88/100|[from] Spikes
|move|p1a: Starmie|Thunderbolt|p2a: Umbreon
|-damage|p2a: Umbreon|73/100
|
|-heal|p2a: Umbreon|79/100|[from] item: Leftovers
|upkeep
|turn|7
|
|t:|1728940420
|switch|p1a: Skarmory|Skarmory, F|100/100
|move|p2a: Umbreon|Substitute|p2a: Umbreon
|-start|p2a: Umbreon|Substitute
|-damage|p2a: Umbreon|54/100
|
|-heal|p2a: Umbreon|60/100|[from] item: Leftovers
|upkeep
|turn|8
|
|t:|1728940427
|move|p2a: Umbreon|Baton Pass|p2a: Umbreon
|
|t:|1728940438
|switch|p2a: Gyarados|Gyarados, M, shiny|100/100|[from] Baton Pass
|-ability|p2a: Gyarados|Intimidate|boost
|-unboost|p1a: Skarmory|atk|1
|move|p1a: Skarmory|Roar|p2a: Gyarados
|drag|p2a: Moltres|Moltres|100/100
|
|upkeep
|turn|9
|
|t:|1728940451
|switch|p1a: Blissey|Blissey, F, shiny|82/100
|move|p2a: Moltres|Flamethrower|p1a: Blissey
|-damage|p1a: Blissey|61/100
|
|-heal|p1a: Blissey|67/100|[from] item: Leftovers
|upkeep
|turn|10
|
|t:|1728940458
|switch|p2a: Snorlax|Snorlax, F|100/100
|-damage|p2a: Snorlax|88/100|[from] Spikes
|move|p1a: Blissey|Toxic|p2a: Snorlax
|-immune|p2a: Snorlax|[from] ability: Immunity
|
|-heal|p1a: Blissey|73/100|[from] item: Leftovers
|-heal|p2a: Snorlax|94/100|[from] item: Leftovers
|upkeep
|turn|11
|
|t:|1728940476
|switch|p1a: Skarmory|Skarmory, F|100/100
|move|p2a: Snorlax|Body Slam|p1a: Skarmory
|-resisted|p1a: Skarmory
|-damage|p1a: Skarmory|87/100
|-status|p1a: Skarmory|par
|
|-heal|p2a: Snorlax|100/100|[from] item: Leftovers
|-heal|p1a: Skarmory|93/100 par|[from] item: Leftovers
|upkeep
|turn|12
|
|t:|1728940489
|switch|p2a: Moltres|Moltres|100/100
|cant|p1a: Skarmory|par
|
|-heal|p1a: Skarmory|99/100 par|[from] item: Leftovers
|upkeep
|turn|13
|inactive|peachyaladdin has 270 seconds left.
|
|t:|1728940520
|switch|p1a: Blissey|Blissey, F, shiny|73/100
|move|p2a: Moltres|Flamethrower|p1a: Blissey
|-damage|p1a: Blissey|54/100
|
|-heal|p1a: Blissey|60/100|[from] item: Leftovers
|upkeep
|turn|14
|inactive|peachyaladdin has 270 seconds left.
|
|t:|1728940526
|switch|p2a: Snorlax|Snorlax, F|100/100
|-damage|p2a: Snorlax|88/100|[from] Spikes
|move|p1a: Blissey|Soft-Boiled|p1a: Blissey
|-heal|p1a: Blissey|100/100
|
|-heal|p2a: Snorlax|94/100|[from] item: Leftovers
|upkeep
|turn|15
|
|t:|1728940535
|-singleturn|p2a: Snorlax|move: Focus Punch
|switch|p1a: Skarmory|Skarmory, F|99/100 par
|move|p2a: Snorlax|Focus Punch|p1a: Skarmory
|-damage|p1a: Skarmory|63/100 par
|
|-heal|p2a: Snorlax|100/100|[from] item: Leftovers
|-heal|p1a: Skarmory|69/100 par|[from] item: Leftovers
|upkeep
|turn|16
|inactive|peachyaladdin has 270 seconds left.
|
|t:|1728940558
|switch|p2a: Gyarados|Gyarados, M, shiny|100/100
|-ability|p2a: Gyarados|Intimidate|boost
|-unboost|p1a: Skarmory|atk|1
|cant|p1a: Skarmory|par
|
|-heal|p1a: Skarmory|75/100 par|[from] item: Leftovers
|upkeep
|turn|17
|inactive|peachyaladdin has 270 seconds left.
|
|t:|1728940565
|switch|p1a: Starmie|Starmie|100/100
|move|p2a: Gyarados|Taunt|p1a: Starmie
|-start|p1a: Starmie|move: Taunt
|
|upkeep
|turn|18
|
|t:|1728940575
|switch|p1a: Tyranitar|Tyranitar, F|100/100
|-weather|Sandstorm|[from] ability: Sand Stream|[of] p1a: Tyranitar
|switch|p2a: Umbreon|Umbreon, F, shiny|60/100
|-damage|p2a: Umbreon|47/100|[from] Spikes
|
|-weather|Sandstorm|[upkeep]
|-damage|p2a: Umbreon|41/100|[from] Sandstorm
|-heal|p2a: Umbreon|47/100|[from] item: Leftovers
|upkeep
|turn|19
|inactive|peachyaladdin has 270 seconds left.
|inactive|peachyaladdin has 240 seconds left.
|
|t:|1728940621
|-singleturn|p1a: Tyranitar|move: Focus Punch
|move|p2a: Umbreon|Toxic|p1a: Tyranitar
|-status|p1a: Tyranitar|tox
|move|p1a: Tyranitar|Focus Punch|p2a: Umbreon
|-supereffective|p2a: Umbreon
|-damage|p2a: Umbreon|0 fnt
|faint|p2a: Umbreon
|inactive|peachyaladdin has 240 seconds left.
|
|t:|1728940635
|switch|p2a: Dugtrio|Dugtrio, F|100/100
|-damage|p2a: Dugtrio|88/100|[from] Spikes
|
|-weather|Sandstorm|[upkeep]
|-damage|p1a: Tyranitar|94/100 tox|[from] psn
|upkeep
|turn|20
|
|t:|1728940641
|move|p2a: Dugtrio|Earthquake|p1a: Tyranitar
|-supereffective|p1a: Tyranitar
|-damage|p1a: Tyranitar|1/100 tox
|move|p1a: Tyranitar|Earthquake|p2a: Dugtrio
|-damage|p2a: Dugtrio|0 fnt
|faint|p2a: Dugtrio
|inactive|peachyaladdin has 240 seconds left.
|inactive|peachyaladdin has 210 seconds left.
|
|t:|1728940685
|switch|p2a: Snorlax|Snorlax, F|100/100
|-damage|p2a: Snorlax|88/100|[from] Spikes
|
|-weather|Sandstorm|[upkeep]
|-damage|p2a: Snorlax|82/100|[from] Sandstorm
|-heal|p1a: Tyranitar|7/100 tox|[from] item: Leftovers
|-damage|p1a: Tyranitar|0 fnt|[from] psn
|faint|p1a: Tyranitar
|-heal|p2a: Snorlax|88/100|[from] item: Leftovers
|upkeep
|
|t:|1728940694
|switch|p1a: Swampert|Swampert, F|100/100
|turn|21
|
|t:|1728940708
|switch|p2a: Shiftry|Shiftry, M|100/100
|-damage|p2a: Shiftry|88/100|[from] Spikes
|move|p1a: Swampert|Hydro Pump|p2a: Shiftry
|-resisted|p2a: Shiftry
|-damage|p2a: Shiftry|58/100
|
|-weather|Sandstorm|[upkeep]
|-damage|p2a: Shiftry|52/100|[from] Sandstorm
|-heal|p2a: Shiftry|58/100|[from] item: Leftovers
|upkeep
|turn|22
|
|t:|1728940721
|move|p2a: Shiftry|Sunny Day|p2a: Shiftry
|-weather|SunnyDay
|move|p1a: Swampert|Ice Beam|p2a: Shiftry
|-supereffective|p2a: Shiftry
|-crit|p2a: Shiftry
|-damage|p2a: Shiftry|0 fnt
|faint|p2a: Shiftry
|inactive|peachyaladdin has 210 seconds left.
|
|t:|1728940750
|switch|p2a: Moltres|Moltres|100/100
|
|-weather|SunnyDay|[upkeep]
|upkeep
|turn|23
|
|t:|1728940771
|switch|p2a: Gyarados|Gyarados, M, shiny|100/100
|-ability|p2a: Gyarados|Intimidate|boost
|-unboost|p1a: Swampert|atk|1
|switch|p1a: Blissey|Blissey, F, shiny|100/100
|
|-weather|SunnyDay|[upkeep]
|upkeep
|turn|24
|
|t:|1728940786
|move|p2a: Gyarados|Dragon Dance|p2a: Gyarados
|-boost|p2a: Gyarados|atk|1
|-boost|p2a: Gyarados|spe|1
|move|p1a: Blissey|Toxic|p2a: Gyarados
|-status|p2a: Gyarados|tox
|
|-weather|SunnyDay|[upkeep]
|-damage|p2a: Gyarados|94/100 tox|[from] psn
|upkeep
|turn|25
|
|t:|1728940795
|switch|p1a: Skarmory|Skarmory, F|75/100 par
|move|p2a: Gyarados|Dragon Dance|p2a: Gyarados
|-boost|p2a: Gyarados|atk|1
|-boost|p2a: Gyarados|spe|1
|
|-weather|SunnyDay|[upkeep]
|-damage|p2a: Gyarados|82/100 tox|[from] psn
|-heal|p1a: Skarmory|81/100 par|[from] item: Leftovers
|upkeep
|turn|26
|
|t:|1728940801
|move|p2a: Gyarados|Hidden Power|p1a: Skarmory
|-damage|p1a: Skarmory|43/100 par
|cant|p1a: Skarmory|par
|
|-weather|none
|-damage|p2a: Gyarados|63/100 tox|[from] psn
|-heal|p1a: Skarmory|49/100 par|[from] item: Leftovers
|upkeep
|turn|27
|
|t:|1728940808
|move|p1a: Skarmory|Protect|p1a: Skarmory
|-singleturn|p1a: Skarmory|Protect
|move|p2a: Gyarados|Dragon Dance|p2a: Gyarados
|-boost|p2a: Gyarados|atk|1
|-boost|p2a: Gyarados|spe|1
|
|-damage|p2a: Gyarados|38/100 tox|[from] psn
|-heal|p1a: Skarmory|55/100 par|[from] item: Leftovers
|upkeep
|turn|28
|inactive|peachyaladdin has 210 seconds left.
|
|t:|1728940814
|switch|p1a: Swampert|Swampert, F|100/100
|move|p2a: Gyarados|Hidden Power|p1a: Swampert
|-resisted|p1a: Swampert
|-damage|p1a: Swampert|80/100
|
|-damage|p2a: Gyarados|7/100 tox|[from] psn
|-heal|p1a: Swampert|86/100|[from] item: Leftovers
|upkeep
|turn|29
|inactive|peachyaladdin has 210 seconds left.
|
|t:|1728940825
|switch|p2a: Moltres|Moltres|100/100
|move|p1a: Swampert|Protect||[still]
|-fail|p1a: Swampert
|
|-heal|p1a: Swampert|92/100|[from] item: Leftovers
|upkeep
|turn|30
|inactive|peachyaladdin has 210 seconds left.
|
|t:|1728940838
|switch|p1a: Blissey|Blissey, F, shiny|100/100
|move|p2a: Moltres|Hidden Power|p1a: Blissey
|-damage|p1a: Blissey|90/100
|
|-heal|p1a: Blissey|96/100|[from] item: Leftovers
|upkeep
|turn|31
|
|t:|1728940846
|switch|p2a: Snorlax|Snorlax, F|88/100
|-damage|p2a: Snorlax|76/100|[from] Spikes
|move|p1a: Blissey|Ice Beam|p2a: Snorlax
|-damage|p2a: Snorlax|61/100
|
|-heal|p1a: Blissey|100/100|[from] item: Leftovers
|-heal|p2a: Snorlax|67/100|[from] item: Leftovers
|upkeep
|turn|32
|
|t:|1728940852
|switch|p1a: Gengar|Gengar, F|100/100
|move|p2a: Snorlax|Body Slam|p1a: Gengar
|-immune|p1a: Gengar
|
|-heal|p2a: Snorlax|74/100|[from] item: Leftovers
|upkeep
|turn|33
|
|t:|1728940870
|switch|p2a: Moltres|Moltres|100/100
|move|p1a: Gengar|Will-O-Wisp|p2a: Moltres|[miss]
|-miss|p1a: Gengar|p2a: Moltres
|
|upkeep
|turn|34
|inactive|peachyaladdin has 210 seconds left.
|
|t:|1728940903
|switch|p1a: Blissey|Blissey, F, shiny|100/100
|switch|p2a: Gyarados|Gyarados, M, shiny|7/100 tox
|-ability|p2a: Gyarados|Intimidate|boost
|-unboost|p1a: Blissey|atk|1
|
|-damage|p2a: Gyarados|0 fnt|[from] psn
|faint|p2a: Gyarados
|upkeep
|
|t:|1728940906
|switch|p2a: Snorlax|Snorlax, F|74/100
|-damage|p2a: Snorlax|61/100|[from] Spikes
|turn|35
|
|t:|1728940912
|switch|p1a: Skarmory|Skarmory, F|55/100 par
|move|p2a: Snorlax|Shadow Ball|p1a: Skarmory
|-resisted|p1a: Skarmory
|-damage|p1a: Skarmory|46/100 par
|
|-heal|p2a: Snorlax|67/100|[from] item: Leftovers
|-heal|p1a: Skarmory|52/100 par|[from] item: Leftovers
|upkeep
|turn|36
|
|t:|1728940917
|-singleturn|p2a: Snorlax|move: Focus Punch
|move|p2a: Snorlax|Focus Punch|p1a: Skarmory
|-damage|p1a: Skarmory|18/100 par
|move|p1a: Skarmory|Roar|p2a: Snorlax
|drag|p2a: Moltres|Moltres|100/100
|
|-heal|p1a: Skarmory|24/100 par|[from] item: Leftovers
|upkeep
|turn|37
|
|t:|1728940928
|switch|p1a: Blissey|Blissey, F, shiny|100/100
|move|p2a: Moltres|Flamethrower|p1a: Blissey
|-damage|p1a: Blissey|81/100
|
|-heal|p1a: Blissey|87/100|[from] item: Leftovers
|upkeep
|turn|38
|
|t:|1728940932
|switch|p2a: Snorlax|Snorlax, F|67/100
|-damage|p2a: Snorlax|55/100|[from] Spikes
|move|p1a: Blissey|Ice Beam|p2a: Snorlax
|-damage|p2a: Snorlax|41/100
|
|-heal|p1a: Blissey|93/100|[from] item: Leftovers
|-heal|p2a: Snorlax|48/100|[from] item: Leftovers
|upkeep
|turn|39
|inactive|peachyaladdin has 240 seconds left.
|
|t:|1728940945
|switch|p1a: Skarmory|Skarmory, F|24/100 par
|move|p2a: Snorlax|Body Slam|p1a: Skarmory
|-resisted|p1a: Skarmory
|-damage|p1a: Skarmory|9/100 par
|
|-heal|p2a: Snorlax|54/100|[from] item: Leftovers
|-heal|p1a: Skarmory|15/100 par|[from] item: Leftovers
|upkeep
|turn|40
|
|t:|1728940949
|move|p2a: Snorlax|Body Slam|p1a: Skarmory
|-resisted|p1a: Skarmory
|-damage|p1a: Skarmory|0 fnt
|faint|p1a: Skarmory
|
|t:|1728940957
|switch|p1a: Swampert|Swampert, F|92/100
|
|-heal|p1a: Swampert|98/100|[from] item: Leftovers
|-heal|p2a: Snorlax|60/100|[from] item: Leftovers
|upkeep
|turn|41
|
|t:|1728940968
|move|p1a: Swampert|Hydro Pump|p2a: Snorlax
|-crit|p2a: Snorlax
|-damage|p2a: Snorlax|17/100
|move|p2a: Snorlax|Body Slam|p1a: Swampert
|-damage|p1a: Swampert|68/100
|
|-heal|p1a: Swampert|74/100|[from] item: Leftovers
|-heal|p2a: Snorlax|23/100|[from] item: Leftovers
|upkeep
|turn|42
|
|t:|1728940976
|switch|p2a: Moltres|Moltres|100/100
|move|p1a: Swampert|Hydro Pump|p2a: Moltres
|-supereffective|p2a: Moltres
|-damage|p2a: Moltres|16/100
|
|-heal|p2a: Moltres|22/100|[from] item: Leftovers
|-heal|p1a: Swampert|80/100|[from] item: Leftovers
|upkeep
|turn|43
|
|t:|1728940986
|switch|p1a: Blissey|Blissey, F, shiny|93/100
|move|p2a: Moltres|Hidden Power|p1a: Blissey
|-crit|p1a: Blissey
|-damage|p1a: Blissey|74/100
|
|-heal|p2a: Moltres|28/100|[from] item: Leftovers
|-heal|p1a: Blissey|80/100|[from] item: Leftovers
|upkeep
|turn|44
|
|t:|1728940992
|switch|p2a: Snorlax|Snorlax, F|23/100
|-damage|p2a: Snorlax|11/100|[from] Spikes
|move|p1a: Blissey|Ice Beam|p2a: Snorlax
|-damage|p2a: Snorlax|0 fnt
|faint|p2a: Snorlax
|
|t:|1728940994
|switch|p2a: Moltres|Moltres|28/100
|
|-heal|p2a: Moltres|34/100|[from] item: Leftovers
|-heal|p1a: Blissey|86/100|[from] item: Leftovers
|upkeep
|turn|45
|c|☆xGangg|gg
|c|☆peachyaladdin|gg
|
|t:|1728940999
|move|p1a: Blissey|Ice Beam|p2a: Moltres
|-crit|p2a: Moltres
|-damage|p2a: Moltres|0 fnt
|faint|p2a: Moltres
|
|win|xGangg

</script>
<script type="application/json" class="data" id="replaydata-smogtours-gen3ou-798771">
{"id":"smogtours-gen3ou-798771","format":"[Gen 3] OU","players":["xGangg","peachyaladdin"],"uploadtime":1728940999,"views":103,"formatid":"gen3ou","rating":null,"private":0,"password":null}
</script>

<script defer src="js/replays.js?9d40a366"></script>
