<!DOCTYPE html>
<meta charset="utf-8" />
<meta name="viewport" content="width=device-width" />

<title>[Gen 3] OU: xDeacon vs. yyyyyfyyyyy - Replays - Pok&eacute;mon Showdown!</title>

<meta name="description" content="Watch a replay of a Pok&eacute;mon battle between xDeacon and yyyyyfyyyyy! Format: [Gen 3] OU; Date: Oct 29, 2024" />
<!--

Hey, you! Looking in the source for the replay log?

You can find them in JSON format, just add `.json` at the end of a replay URL.

https://replay.pokemonshowdown.com/gen7randomdoublesbattle-865046831.json

Or, if you only need the log itself, add `.log` instead:

https://replay.pokemonshowdown.com/gen7randomdoublesbattle-865046831.log

-->

<link rel="stylesheet" href="//pokemonshowdown.com/style/global.css?0.023195364461161105" />
<link rel="stylesheet" href="//play.pokemonshowdown.com/style/font-awesome.css?0.13261647063804238" />
<link rel="stylesheet" href="//play.pokemonshowdown.com/style/battle.css?0.8753245789963631" />
<link rel="stylesheet" href="//play.pokemonshowdown.com/style/utilichart.css?0.8627959624976733" />

<!-- Global site tag (gtag.js) - Google Analytics -->
<script async src="https://www.googletagmanager.com/gtag/js?id=UA-26211653-1"></script>
<script>
  window.dataLayer = window.dataLayer || [];
  function gtag(){dataLayer.push(arguments);}
  gtag('js', new Date());

  gtag('config', 'UA-26211653-1');
</script>
<!-- End Google Analytics -->
<!-- Venatus Ad Manager - Install in <HEAD> of page -->
	<script src="https://hb.vntsm.com/v3/live/ad-manager.min.js" type="text/javascript" data-site-id="642aba63ec9a7b11c3c9c1be" data-mode="scan" async></script>
<!-- / Venatus Ad Manager -->

<style>
	@media (max-width:820px) {
		.battle {
			margin: 0 auto;
		}
		.battle-log {
			margin: 7px auto 0;
			max-width: 640px;
			height: 300px;
			position: static;
		}
	}
	.optgroup {
		display: inline-block;
		line-height: 22px;
		font-size: 10pt;
	}
	.optgroup .button {
		height: 25px;
		padding-top: 0;
		padding-bottom: 0;
	}
	.optgroup button.button {
		padding-left: 12px;
		padding-right: 12px;
	}
	.linklist {
		list-style: none;
		margin: 0.5em 0;
		padding: 0;
	}
	.linklist li {
		padding: 2px 0;
	}
	.sidebar {
		float: left;
		width: 320px;
	}
	.bar-wrapper {
		max-width: 1100px;
		margin: 0 auto;
	}
	.bar-wrapper.has-sidebar {
		max-width: 1430px;
	}
	.mainbar {
		margin: 0;
		padding-right: 1px;
	}
	.mainbar.has-sidebar {
		margin-left: 330px;
	}
	@media (min-width: 1511px) {
		.sidebar {
			width: 400px;
		}
		.bar-wrapper.has-sidebar {
			max-width: 1510px;
		}
		.mainbar.has-sidebar {
			margin-left: 410px;
		}
	}
	.section.first-section {
		margin-top: 9px;
	}
	.blocklink small {
		white-space: normal;
	}
	.button {
		vertical-align: middle;
	}
	.replay-controls {
		padding-top: 10px;
	}
	.replay-controls h1 {
		font-size: 16pt;
		font-weight: normal;
		color: #CCC;
	}
	.pagelink {
		text-align: center;
	}
	.pagelink a {
		width: 150px;
	}
	.textbox, .button {
		font-size: 11pt;
		vertical-align: middle;
	}
	@media (max-width: 450px) {
		.button {
			font-size: 9pt;
		}
	}
</style>

<div>

	<header>
		<div class="nav-wrapper"><ul class="nav">
			<li><a class="button nav-first" href="//pokemonshowdown.com/"><img src="//pokemonshowdown.com/images/pokemonshowdownbeta.png" srcset="//pokemonshowdown.com/images/pokemonshowdownbeta.png 1x, //pokemonshowdown.com/images/pokemonshowdownbeta@2x.png 2x" alt="Pok&eacute;mon Showdown" width="146" height="44" /> Home</a></li>
			<li><a class="button" href="//pokemonshowdown.com/dex/">Pok&eacute;dex</a></li>
			<li><a class="button cur" href="/">Replays</a></li>
			<li><a class="button" href="//pokemonshowdown.com/ladder/">Ladder</a></li>
			<li><a class="button nav-last" href="//pokemonshowdown.com/forums/">Forum</a></li>
			<li><a class="button greenbutton nav-first nav-last" href="//play.pokemonshowdown.com/">Play</a></li>
		</ul></div>
	</header>

	<div class="main" id="main">

		<noscript><section class="section">You need to enable JavaScript to use this page; sorry!</section></noscript>

	</div>

</div>

<script defer nomodule src="//play.pokemonshowdown.com/js/lib/ps-polyfill.js"></script>
<script defer src="//play.pokemonshowdown.com/js/lib/preact.min.js"></script>

<script defer src="//play.pokemonshowdown.com/config/config.js?2bddbc15"></script>
<script defer src="//play.pokemonshowdown.com/js/lib/jquery-1.11.0.min.js"></script>
<script defer src="//play.pokemonshowdown.com/js/lib/html-sanitizer-minified.js"></script>
<script defer src="//play.pokemonshowdown.com/js/battle-sound.js"></script>
<script defer src="//play.pokemonshowdown.com/js/battledata.js?0.7209276989879541"></script>
<script defer src="//play.pokemonshowdown.com/data/pokedex-mini.js?0.6111056340867951"></script>
<script defer src="//play.pokemonshowdown.com/data/pokedex-mini-bw.js?0.3532142036491459"></script>
<script defer src="//play.pokemonshowdown.com/data/graphics.js?0.24223875632456182"></script>
<script defer src="//play.pokemonshowdown.com/data/pokedex.js?0.38839984266356864"></script>
<script defer src="//play.pokemonshowdown.com/data/moves.js?0.21866028504024015"></script>
<script defer src="//play.pokemonshowdown.com/data/abilities.js?0.2005157953846628"></script>
<script defer src="//play.pokemonshowdown.com/data/items.js?0.9894211263848525"></script>
<script defer src="//play.pokemonshowdown.com/data/teambuilder-tables.js?0.6008791140282215"></script>
<script defer src="//play.pokemonshowdown.com/js/battle-tooltips.js?0.7580118955022959"></script>
<script defer src="//play.pokemonshowdown.com/js/battle.js?0.6057722274234274"></script>

<script defer src="js/utils.js?e31f9a17"></script>
<script defer src="js/replays-battle.js?7008c182"></script>

<!-- don't scrape this data! just add .json or .log after the URL!
Full API docs: https://github.com/smogon/pokemon-showdown-client/blob/master/WEB-API.md -->
<script type="text/plain" class="log" id="replaylog-smogtours-gen3ou-803275">
|inactive|Battle timer is ON: inactive players will automatically lose when time's up.
|t:|1730230131
|gametype|singles
|player|p1|xDeacon|fisherman-gen4|
|player|p2|yyyyyfyyyyy|102|
|teamsize|p1|6
|teamsize|p2|6
|gen|3
|tier|[Gen 3] OU
|rule|Sleep Clause Mod: Limit one foe put to sleep
|rule|Switch Priority Clause Mod: Faster Pokémon switch first
|rule|Species Clause: Limit one of each Pokémon
|rule|OHKO Clause: OHKO moves are banned
|rule|Evasion Items Clause: Evasion items are banned
|rule|Evasion Moves Clause: Evasion moves are banned
|rule|Endless Battle Clause: Forcing endless battles is banned
|rule|HP Percentage Mod: HP is shown in percentages
|rule|One Boost Passer Clause: Limit one Baton Passer that has a way to boost its stats
|rule|Freeze Clause Mod: Limit one foe frozen
|
|t:|1730230131
|start
|switch|p1a: Zapdos|Zapdos|100/100
|switch|p2a: Kevin|Metagross|100/100
|turn|1
|c|☆xDeacon|hf
|c|☆yyyyyfyyyyy|glhf!
|
|t:|1730230157
|switch|p1a: Swampert|Swampert, M|100/100
|move|p2a: Kevin|Double-Edge|p1a: Swampert
|-damage|p1a: Swampert|39/100
|-damage|p2a: Kevin|74/100|[from] Recoil|[of] p1a: Swampert
|
|-heal|p1a: Swampert|45/100|[from] item: Leftovers
|upkeep
|turn|2
|
|t:|1730230174
|switch|p1a: Tyranitar|Tyranitar, F|100/100
|-weather|Sandstorm|[from] ability: Sand Stream|[of] p1a: Tyranitar
|move|p2a: Kevin|Double-Edge|p1a: Tyranitar
|-resisted|p1a: Tyranitar
|-damage|p1a: Tyranitar|77/100
|-damage|p2a: Kevin|63/100|[from] Recoil|[of] p1a: Tyranitar
|
|-weather|Sandstorm|[upkeep]
|-heal|p1a: Tyranitar|83/100|[from] item: Leftovers
|upkeep
|turn|3
|inactive|yyyyyfyyyyy has 270 seconds left.
|inactive|xDeacon has 270 seconds left.
|inactive|yyyyyfyyyyy has 240 seconds left.
|
|t:|1730230235
|-activate|p2a: Kevin|move: Pursuit
|move|p1a: Tyranitar|Pursuit|p2a: Kevin|[from]Pursuit
|-damage|p2a: Kevin|18/100
|switch|p2a: Darin|Gyarados, F|100/100
|-ability|p2a: Darin|Intimidate|boost
|-unboost|p1a: Tyranitar|atk|1
|
|-weather|Sandstorm|[upkeep]
|-damage|p2a: Darin|94/100|[from] Sandstorm
|-heal|p2a: Darin|100/100|[from] item: Leftovers
|-heal|p1a: Tyranitar|89/100|[from] item: Leftovers
|upkeep
|turn|4
|inactive|xDeacon has 270 seconds left.
|inactive|yyyyyfyyyyy has 240 seconds left.
|
|t:|1730230270
|switch|p1a: Zapdos|Zapdos|100/100
|move|p2a: Darin|Earthquake|p1a: Zapdos
|-immune|p1a: Zapdos
|
|-weather|Sandstorm|[upkeep]
|-damage|p1a: Zapdos|94/100|[from] Sandstorm
|-damage|p2a: Darin|94/100|[from] Sandstorm
|-heal|p1a: Zapdos|100/100|[from] item: Leftovers
|-heal|p2a: Darin|100/100|[from] item: Leftovers
|upkeep
|turn|5
|
|t:|1730230279
|switch|p2a: Cameron|Celebi|100/100
|move|p1a: Zapdos|Thunderbolt|p2a: Cameron
|-resisted|p2a: Cameron
|-damage|p2a: Cameron|82/100
|
|-weather|Sandstorm|[upkeep]
|-damage|p1a: Zapdos|94/100|[from] Sandstorm
|-damage|p2a: Cameron|76/100|[from] Sandstorm
|-heal|p2a: Cameron|82/100|[from] item: Leftovers
|-heal|p1a: Zapdos|100/100|[from] item: Leftovers
|upkeep
|turn|6
|
|t:|1730230299
|move|p2a: Cameron|Substitute|p2a: Cameron
|-start|p2a: Cameron|Substitute
|-damage|p2a: Cameron|57/100
|move|p1a: Zapdos|Baton Pass|p1a: Zapdos
|inactive|xDeacon has 240 seconds left.
|
|t:|1730230342
|switch|p1a: Charizard|Charizard, M|100/100|[from] Baton Pass
|
|-weather|Sandstorm|[upkeep]
|-damage|p2a: Cameron|51/100|[from] Sandstorm
|-damage|p1a: Charizard|94/100|[from] Sandstorm
|-heal|p2a: Cameron|57/100|[from] item: Leftovers
|-heal|p1a: Charizard|100/100|[from] item: Leftovers
|upkeep
|turn|7
|inactive|xDeacon has 210 seconds left.
|inactive|yyyyyfyyyyy has 240 seconds left.
|
|t:|1730230376
|move|p1a: Charizard|Fire Blast|p2a: Cameron
|-supereffective|p2a: Cameron
|-end|p2a: Cameron|Substitute
|move|p2a: Cameron|Baton Pass|p2a: Cameron
|
|t:|1730230378
|switch|p2a: Darin|Gyarados, F|100/100|[from] Baton Pass
|-ability|p2a: Darin|Intimidate|boost
|-unboost|p1a: Charizard|atk|1
|
|-weather|Sandstorm|[upkeep]
|-damage|p1a: Charizard|94/100|[from] Sandstorm
|-damage|p2a: Darin|94/100|[from] Sandstorm
|-heal|p1a: Charizard|100/100|[from] item: Leftovers
|-heal|p2a: Darin|100/100|[from] item: Leftovers
|upkeep
|turn|8
|inactive|xDeacon has 210 seconds left.
|inactive|xDeacon has 180 seconds left.
|
|t:|1730230427
|move|p1a: Charizard|Toxic|p2a: Darin
|-status|p2a: Darin|tox
|move|p2a: Darin|Double-Edge|p1a: Charizard
|-damage|p1a: Charizard|44/100
|-damage|p2a: Darin|84/100 tox|[from] Recoil|[of] p1a: Charizard
|
|-weather|Sandstorm|[upkeep]
|-damage|p1a: Charizard|38/100|[from] Sandstorm
|-damage|p2a: Darin|78/100 tox|[from] Sandstorm
|-heal|p1a: Charizard|44/100|[from] item: Leftovers
|-heal|p2a: Darin|84/100 tox|[from] item: Leftovers
|-damage|p2a: Darin|78/100 tox|[from] psn
|upkeep
|turn|9
|inactive|xDeacon has 180 seconds left.
|
|t:|1730230459
|switch|p1a: Snorlax|Snorlax, F|100/100
|move|p2a: Darin|Dragon Dance|p2a: Darin
|-boost|p2a: Darin|atk|1
|-boost|p2a: Darin|spe|1
|
|-weather|Sandstorm|[upkeep]
|-damage|p2a: Darin|72/100 tox|[from] Sandstorm
|-damage|p1a: Snorlax|94/100|[from] Sandstorm
|-heal|p2a: Darin|78/100 tox|[from] item: Leftovers
|-damage|p2a: Darin|65/100 tox|[from] psn
|-heal|p1a: Snorlax|100/100|[from] item: Leftovers
|upkeep
|turn|10
|
|t:|1730230466
|move|p2a: Darin|Double-Edge|p1a: Snorlax
|-damage|p1a: Snorlax|54/100
|-damage|p2a: Darin|43/100 tox|[from] Recoil|[of] p1a: Snorlax
|move|p1a: Snorlax|Body Slam|p2a: Darin
|-crit|p2a: Darin
|-damage|p2a: Darin|0 fnt
|faint|p2a: Darin
|
|t:|1730230483
|switch|p2a: Kevin|Metagross|18/100
|
|-weather|Sandstorm|[upkeep]
|-damage|p1a: Snorlax|48/100|[from] Sandstorm
|-heal|p1a: Snorlax|54/100|[from] item: Leftovers
|upkeep
|turn|11
|
|t:|1730230493
|move|p2a: Kevin|Explosion|p1a: Snorlax
|-damage|p1a: Snorlax|0 fnt
|faint|p2a: Kevin
|faint|p1a: Snorlax
|
|t:|1730230522
|switch|p2a: Nathan|Magneton|100/100
|switch|p1a: Charizard|Charizard, M|44/100
|
|-weather|Sandstorm|[upkeep]
|-damage|p1a: Charizard|38/100|[from] Sandstorm
|-heal|p1a: Charizard|44/100|[from] item: Leftovers
|upkeep
|turn|12
|
|t:|1730230532
|move|p2a: Nathan|Endure|p2a: Nathan
|-singleturn|p2a: Nathan|move: Endure
|move|p1a: Charizard|Fire Blast|p2a: Nathan
|-supereffective|p2a: Nathan
|-activate|p2a: Nathan|move: Endure
|-damage|p2a: Nathan|1/100
|
|-weather|Sandstorm|[upkeep]
|-damage|p1a: Charizard|38/100|[from] Sandstorm
|-heal|p1a: Charizard|44/100|[from] item: Leftovers
|-enditem|p2a: Nathan|Salac Berry|[eat]
|-boost|p2a: Nathan|spe|1|[from] item: Salac Berry
|upkeep
|turn|13
|
|t:|1730230540
|switch|p1a: Swampert|Swampert, M|45/100
|move|p2a: Nathan|Thunderbolt|p1a: Swampert
|-immune|p1a: Swampert
|
|-weather|Sandstorm|[upkeep]
|-heal|p1a: Swampert|51/100|[from] item: Leftovers
|upkeep
|turn|14
|
|t:|1730230549
|switch|p1a: Breloom|Breloom, F|100/100
|move|p2a: Nathan|Hidden Power|p1a: Breloom
|-resisted|p1a: Breloom
|-damage|p1a: Breloom|77/100
|
|-weather|Sandstorm|[upkeep]
|-damage|p1a: Breloom|71/100|[from] Sandstorm
|-heal|p1a: Breloom|77/100|[from] item: Leftovers
|upkeep
|turn|15
|
|t:|1730230556
|move|p1a: Breloom|Mach Punch|p2a: Nathan
|-supereffective|p2a: Nathan
|-damage|p2a: Nathan|0 fnt
|faint|p2a: Nathan
|inactive|yyyyyfyyyyy has 270 seconds left.
|inactive|yyyyyfyyyyy has 240 seconds left.
|
|t:|1730230612
|switch|p2a: Cameron|Celebi|57/100
|
|-weather|Sandstorm|[upkeep]
|-damage|p2a: Cameron|51/100|[from] Sandstorm
|-damage|p1a: Breloom|71/100|[from] Sandstorm
|-heal|p2a: Cameron|57/100|[from] item: Leftovers
|-heal|p1a: Breloom|77/100|[from] item: Leftovers
|upkeep
|turn|16
|inactive|xDeacon has 180 seconds left.
|
|t:|1730230626
|switch|p1a: Tyranitar|Tyranitar, F|89/100
|move|p2a: Cameron|Substitute|p2a: Cameron
|-start|p2a: Cameron|Substitute
|-damage|p2a: Cameron|32/100
|
|-weather|Sandstorm|[upkeep]
|-damage|p2a: Cameron|26/100|[from] Sandstorm
|-heal|p2a: Cameron|32/100|[from] item: Leftovers
|-heal|p1a: Tyranitar|95/100|[from] item: Leftovers
|upkeep
|turn|17
|
|t:|1730230630
|move|p2a: Cameron|Leech Seed|p1a: Tyranitar|[miss]
|-miss|p2a: Cameron|p1a: Tyranitar
|move|p1a: Tyranitar|Crunch|p2a: Cameron
|-supereffective|p2a: Cameron
|-end|p2a: Cameron|Substitute
|
|-weather|Sandstorm|[upkeep]
|-damage|p2a: Cameron|26/100|[from] Sandstorm
|-heal|p2a: Cameron|32/100|[from] item: Leftovers
|-heal|p1a: Tyranitar|100/100|[from] item: Leftovers
|upkeep
|turn|18
|
|t:|1730230641
|move|p2a: Cameron|Leech Seed|p1a: Tyranitar
|-start|p1a: Tyranitar|move: Leech Seed
|move|p1a: Tyranitar|Pursuit|p2a: Cameron
|-supereffective|p2a: Cameron
|-damage|p2a: Cameron|3/100
|
|-weather|Sandstorm|[upkeep]
|-damage|p2a: Cameron|0 fnt|[from] Sandstorm
|faint|p2a: Cameron
|upkeep
|inactive|yyyyyfyyyyy has 270 seconds left.
|c|☆xDeacon|unfortunate
|
|t:|1730230654
|switch|p2a: Yuya|Salamence, F|100/100
|-ability|p2a: Yuya|Intimidate|boost
|-unboost|p1a: Tyranitar|atk|1
|turn|19
|inactive|yyyyyfyyyyy has 270 seconds left.
|inactive|xDeacon has 180 seconds left.
|
|t:|1730230696
|switch|p1a: Charizard|Charizard, M|44/100
|move|p2a: Yuya|Dragon Dance|p2a: Yuya
|-boost|p2a: Yuya|atk|1
|-boost|p2a: Yuya|spe|1
|
|-weather|Sandstorm|[upkeep]
|-damage|p2a: Yuya|94/100|[from] Sandstorm
|-damage|p1a: Charizard|38/100|[from] Sandstorm
|-heal|p2a: Yuya|100/100|[from] item: Leftovers
|-heal|p1a: Charizard|44/100|[from] item: Leftovers
|upkeep
|turn|20
|
|t:|1730230714
|move|p2a: Yuya|Hidden Power|p1a: Charizard
|-damage|p1a: Charizard|0 fnt
|faint|p1a: Charizard
|inactive|xDeacon has 150 seconds left.
|inactive|xDeacon has 120 seconds left.
|
|t:|1730230774
|switch|p1a: Swampert|Swampert, M|51/100
|
|-weather|Sandstorm|[upkeep]
|-damage|p2a: Yuya|94/100|[from] Sandstorm
|-heal|p2a: Yuya|100/100|[from] item: Leftovers
|-heal|p1a: Swampert|57/100|[from] item: Leftovers
|upkeep
|turn|21
|
|t:|1730230784
|switch|p1a: Breloom|Breloom, F|77/100
|move|p2a: Yuya|Hidden Power|p1a: Breloom
|-supereffective|p1a: Breloom
|-damage|p1a: Breloom|0 fnt
|faint|p1a: Breloom
|
|t:|1730230786
|switch|p1a: Swampert|Swampert, M|57/100
|
|-weather|Sandstorm|[upkeep]
|-damage|p2a: Yuya|94/100|[from] Sandstorm
|-heal|p2a: Yuya|100/100|[from] item: Leftovers
|-heal|p1a: Swampert|63/100|[from] item: Leftovers
|upkeep
|turn|22
|inactive|yyyyyfyyyyy has 270 seconds left.
|
|t:|1730230798
|move|p2a: Yuya|Hidden Power|p1a: Swampert
|-damage|p1a: Swampert|10/100
|move|p1a: Swampert|Ice Beam|p2a: Yuya
|-supereffective|p2a: Yuya
|-damage|p2a: Yuya|0 fnt
|faint|p2a: Yuya
|
|t:|1730230808
|switch|p2a: Justin|Tyranitar, F|100/100
|
|-weather|Sandstorm|[upkeep]
|-heal|p1a: Swampert|16/100|[from] item: Leftovers
|upkeep
|turn|23
|inactive|xDeacon has 150 seconds left.
|inactive|yyyyyfyyyyy has 270 seconds left.
|
|t:|1730230830
|-singleturn|p1a: Swampert|move: Focus Punch
|move|p2a: Justin|Earthquake|p1a: Swampert
|-damage|p1a: Swampert|0 fnt
|faint|p1a: Swampert
|
|t:|1730230838
|switch|p1a: Tyranitar|Tyranitar, F|100/100
|
|-weather|Sandstorm|[upkeep]
|upkeep
|turn|24
|inactive|yyyyyfyyyyy has 270 seconds left.
|
|t:|1730230879
|move|p2a: Justin|Earthquake|p1a: Tyranitar
|-supereffective|p1a: Tyranitar
|-damage|p1a: Tyranitar|41/100
|move|p1a: Tyranitar|Brick Break|p2a: Justin
|-supereffective|p2a: Justin
|-damage|p2a: Justin|6/100
|
|-weather|Sandstorm|[upkeep]
|-heal|p1a: Tyranitar|47/100|[from] item: Leftovers
|upkeep
|turn|25
|inactive|xDeacon has 150 seconds left.
|
|t:|1730230887
|move|p2a: Justin|Earthquake|p1a: Tyranitar
|-supereffective|p1a: Tyranitar
|-damage|p1a: Tyranitar|0 fnt
|faint|p1a: Tyranitar
|
|t:|1730230888
|switch|p1a: Zapdos|Zapdos|100/100
|
|-weather|Sandstorm|[upkeep]
|-damage|p1a: Zapdos|94/100|[from] Sandstorm
|-heal|p1a: Zapdos|100/100|[from] item: Leftovers
|upkeep
|turn|26
|
|t:|1730230890
|move|p1a: Zapdos|Thunderbolt|p2a: Justin
|-damage|p2a: Justin|0 fnt
|faint|p2a: Justin
|
|win|xDeacon
|c|☆yyyyyfyyyyy|ggs
|c|☆xDeacon|gg

</script>
<script type="application/json" class="data" id="replaydata-smogtours-gen3ou-803275">
{"id":"smogtours-gen3ou-803275","format":"[Gen 3] OU","players":["xDeacon","yyyyyfyyyyy"],"uploadtime":1730230890,"views":52,"formatid":"gen3ou","rating":null,"private":0,"password":null}
</script>

<script defer src="js/replays.js?9d40a366"></script>
