<!DOCTYPE html>
<meta charset="utf-8" />
<meta name="viewport" content="width=device-width" />

<title>[Gen 3] OU: naisuneicha vs. 1998 mercedes-benz - Replays - Pok&eacute;mon Showdown!</title>

<meta name="description" content="Watch a replay of a Pok&eacute;mon battle between naisuneicha and 1998 mercedes-benz! Format: [Gen 3] OU; Date: Oct 18, 2024" />
<!--

Hey, you! Looking in the source for the replay log?

You can find them in JSON format, just add `.json` at the end of a replay URL.

https://replay.pokemonshowdown.com/gen7randomdoublesbattle-865046831.json

Or, if you only need the log itself, add `.log` instead:

https://replay.pokemonshowdown.com/gen7randomdoublesbattle-865046831.log

-->

<link rel="stylesheet" href="//pokemonshowdown.com/style/global.css?0.023195364461161105" />
<link rel="stylesheet" href="//play.pokemonshowdown.com/style/font-awesome.css?0.13261647063804238" />
<link rel="stylesheet" href="//play.pokemonshowdown.com/style/battle.css?0.8753245789963631" />
<link rel="stylesheet" href="//play.pokemonshowdown.com/style/utilichart.css?0.8627959624976733" />

<!-- Global site tag (gtag.js) - Google Analytics -->
<script async src="https://www.googletagmanager.com/gtag/js?id=UA-26211653-1"></script>
<script>
  window.dataLayer = window.dataLayer || [];
  function gtag(){dataLayer.push(arguments);}
  gtag('js', new Date());

  gtag('config', 'UA-26211653-1');
</script>
<!-- End Google Analytics -->
<!-- Venatus Ad Manager - Install in <HEAD> of page -->
	<script src="https://hb.vntsm.com/v3/live/ad-manager.min.js" type="text/javascript" data-site-id="642aba63ec9a7b11c3c9c1be" data-mode="scan" async></script>
<!-- / Venatus Ad Manager -->

<style>
	@media (max-width:820px) {
		.battle {
			margin: 0 auto;
		}
		.battle-log {
			margin: 7px auto 0;
			max-width: 640px;
			height: 300px;
			position: static;
		}
	}
	.optgroup {
		display: inline-block;
		line-height: 22px;
		font-size: 10pt;
	}
	.optgroup .button {
		height: 25px;
		padding-top: 0;
		padding-bottom: 0;
	}
	.optgroup button.button {
		padding-left: 12px;
		padding-right: 12px;
	}
	.linklist {
		list-style: none;
		margin: 0.5em 0;
		padding: 0;
	}
	.linklist li {
		padding: 2px 0;
	}
	.sidebar {
		float: left;
		width: 320px;
	}
	.bar-wrapper {
		max-width: 1100px;
		margin: 0 auto;
	}
	.bar-wrapper.has-sidebar {
		max-width: 1430px;
	}
	.mainbar {
		margin: 0;
		padding-right: 1px;
	}
	.mainbar.has-sidebar {
		margin-left: 330px;
	}
	@media (min-width: 1511px) {
		.sidebar {
			width: 400px;
		}
		.bar-wrapper.has-sidebar {
			max-width: 1510px;
		}
		.mainbar.has-sidebar {
			margin-left: 410px;
		}
	}
	.section.first-section {
		margin-top: 9px;
	}
	.blocklink small {
		white-space: normal;
	}
	.button {
		vertical-align: middle;
	}
	.replay-controls {
		padding-top: 10px;
	}
	.replay-controls h1 {
		font-size: 16pt;
		font-weight: normal;
		color: #CCC;
	}
	.pagelink {
		text-align: center;
	}
	.pagelink a {
		width: 150px;
	}
	.textbox, .button {
		font-size: 11pt;
		vertical-align: middle;
	}
	@media (max-width: 450px) {
		.button {
			font-size: 9pt;
		}
	}
</style>

<div>

	<header>
		<div class="nav-wrapper"><ul class="nav">
			<li><a class="button nav-first" href="//pokemonshowdown.com/"><img src="//pokemonshowdown.com/images/pokemonshowdownbeta.png" srcset="//pokemonshowdown.com/images/pokemonshowdownbeta.png 1x, //pokemonshowdown.com/images/pokemonshowdownbeta@2x.png 2x" alt="Pok&eacute;mon Showdown" width="146" height="44" /> Home</a></li>
			<li><a class="button" href="//pokemonshowdown.com/dex/">Pok&eacute;dex</a></li>
			<li><a class="button cur" href="/">Replays</a></li>
			<li><a class="button" href="//pokemonshowdown.com/ladder/">Ladder</a></li>
			<li><a class="button nav-last" href="//pokemonshowdown.com/forums/">Forum</a></li>
			<li><a class="button greenbutton nav-first nav-last" href="//play.pokemonshowdown.com/">Play</a></li>
		</ul></div>
	</header>

	<div class="main" id="main">

		<noscript><section class="section">You need to enable JavaScript to use this page; sorry!</section></noscript>

	</div>

</div>

<script defer nomodule src="//play.pokemonshowdown.com/js/lib/ps-polyfill.js"></script>
<script defer src="//play.pokemonshowdown.com/js/lib/preact.min.js"></script>

<script defer src="//play.pokemonshowdown.com/config/config.js?2bddbc15"></script>
<script defer src="//play.pokemonshowdown.com/js/lib/jquery-1.11.0.min.js"></script>
<script defer src="//play.pokemonshowdown.com/js/lib/html-sanitizer-minified.js"></script>
<script defer src="//play.pokemonshowdown.com/js/battle-sound.js"></script>
<script defer src="//play.pokemonshowdown.com/js/battledata.js?0.7209276989879541"></script>
<script defer src="//play.pokemonshowdown.com/data/pokedex-mini.js?0.6111056340867951"></script>
<script defer src="//play.pokemonshowdown.com/data/pokedex-mini-bw.js?0.3532142036491459"></script>
<script defer src="//play.pokemonshowdown.com/data/graphics.js?0.24223875632456182"></script>
<script defer src="//play.pokemonshowdown.com/data/pokedex.js?0.38839984266356864"></script>
<script defer src="//play.pokemonshowdown.com/data/moves.js?0.21866028504024015"></script>
<script defer src="//play.pokemonshowdown.com/data/abilities.js?0.2005157953846628"></script>
<script defer src="//play.pokemonshowdown.com/data/items.js?0.9894211263848525"></script>
<script defer src="//play.pokemonshowdown.com/data/teambuilder-tables.js?0.6008791140282215"></script>
<script defer src="//play.pokemonshowdown.com/js/battle-tooltips.js?0.7580118955022959"></script>
<script defer src="//play.pokemonshowdown.com/js/battle.js?0.6057722274234274"></script>

<script defer src="js/utils.js?e31f9a17"></script>
<script defer src="js/replays-battle.js?7008c182"></script>

<!-- don't scrape this data! just add .json or .log after the URL!
Full API docs: https://github.com/smogon/pokemon-showdown-client/blob/master/WEB-API.md -->
<script type="text/plain" class="log" id="replaylog-smogtours-gen3ou-799513">
|inactive|Battle timer is ON: inactive players will automatically lose when time's up.
|t:|1729262501
|gametype|singles
|player|p1|naisuneicha|karen|
|player|p2|1998 mercedes-benz|169|
|teamsize|p1|6
|teamsize|p2|6
|gen|3
|tier|[Gen 3] OU
|rule|Sleep Clause Mod: Limit one foe put to sleep
|rule|Switch Priority Clause Mod: Faster Pokémon switch first
|rule|Species Clause: Limit one of each Pokémon
|rule|OHKO Clause: OHKO moves are banned
|rule|Evasion Items Clause: Evasion items are banned
|rule|Evasion Moves Clause: Evasion moves are banned
|rule|Endless Battle Clause: Forcing endless battles is banned
|rule|HP Percentage Mod: HP is shown in percentages
|rule|One Boost Passer Clause: Limit one Baton Passer that has a way to boost its stats
|rule|Freeze Clause Mod: Limit one foe frozen
|
|t:|1729262501
|start
|switch|p1a: Venusaur|Venusaur, F|100/100
|switch|p2a: Marvin's Room|Jirachi|100/100
|turn|1
|c|☆1998 mercedes-benz|Hf
|c|☆naisuneicha|u2
|
|t:|1729262517
|move|p2a: Marvin's Room|Protect|p2a: Marvin's Room
|-singleturn|p2a: Marvin's Room|Protect
|move|p1a: Venusaur|Sleep Powder|p2a: Marvin's Room|[miss]
|-miss|p1a: Venusaur|p2a: Marvin's Room
|
|upkeep
|turn|2
|
|t:|1729262526
|move|p2a: Marvin's Room|Fire Punch|p1a: Venusaur
|-supereffective|p1a: Venusaur
|-damage|p1a: Venusaur|71/100
|move|p1a: Venusaur|Sleep Powder|p2a: Marvin's Room
|-status|p2a: Marvin's Room|slp|[from] move: Sleep Powder
|
|-heal|p1a: Venusaur|77/100|[from] item: Leftovers
|upkeep
|turn|3
|
|t:|1729262533
|cant|p2a: Marvin's Room|slp
|move|p1a: Venusaur|Leech Seed|p2a: Marvin's Room
|-start|p2a: Marvin's Room|move: Leech Seed
|
|-damage|p2a: Marvin's Room|88/100 slp|[from] Leech Seed|[of] p1a: Venusaur
|-heal|p1a: Venusaur|94/100|[silent]
|-heal|p1a: Venusaur|99/100|[from] item: Leftovers
|upkeep
|turn|4
|
|t:|1729262550
|switch|p2a: Catch The Rainbow|Skarmory, M|100/100
|switch|p1a: Tyranitar|Tyranitar, F|100/100
|-weather|Sandstorm|[from] ability: Sand Stream|[of] p1a: Tyranitar
|
|-weather|Sandstorm|[upkeep]
|upkeep
|turn|5
|
|t:|1729262556
|move|p2a: Catch The Rainbow|Spikes|p1a: Tyranitar
|-sidestart|p1: naisuneicha|Spikes
|move|p1a: Tyranitar|Fire Blast|p2a: Catch The Rainbow
|-supereffective|p2a: Catch The Rainbow
|-damage|p2a: Catch The Rainbow|28/100
|
|-weather|Sandstorm|[upkeep]
|-heal|p2a: Catch The Rainbow|34/100|[from] item: Leftovers
|upkeep
|turn|6
|c|+Tree69420|revival?
|
|t:|1729262560
|switch|p1a: Forretress|Forretress, M|100/100
|-damage|p1a: Forretress|88/100|[from] Spikes
|move|p2a: Catch The Rainbow|Protect||[still]
|-fail|p2a: Catch The Rainbow
|
|-weather|Sandstorm|[upkeep]
|-heal|p2a: Catch The Rainbow|40/100|[from] item: Leftovers
|-heal|p1a: Forretress|94/100|[from] item: Leftovers
|upkeep
|turn|7
|c|☆1998 mercedes-benz|Yes
|
|t:|1729262570
|move|p2a: Catch The Rainbow|Drill Peck|p1a: Forretress
|-damage|p1a: Forretress|76/100
|move|p1a: Forretress|Spikes|p2a: Catch The Rainbow
|-sidestart|p2: 1998 mercedes-benz|Spikes
|
|-weather|Sandstorm|[upkeep]
|-heal|p2a: Catch The Rainbow|46/100|[from] item: Leftovers
|-heal|p1a: Forretress|83/100|[from] item: Leftovers
|upkeep
|turn|8
|
|t:|1729262584
|switch|p1a: Tyranitar|Tyranitar, F|100/100
|-damage|p1a: Tyranitar|88/100|[from] Spikes
|move|p2a: Catch The Rainbow|Drill Peck|p1a: Tyranitar
|-resisted|p1a: Tyranitar
|-damage|p1a: Tyranitar|79/100
|
|-weather|Sandstorm|[upkeep]
|-heal|p2a: Catch The Rainbow|52/100|[from] item: Leftovers
|-heal|p1a: Tyranitar|85/100|[from] item: Leftovers
|upkeep
|turn|9
|
|t:|1729262589
|move|p2a: Catch The Rainbow|Protect|p2a: Catch The Rainbow
|-singleturn|p2a: Catch The Rainbow|Protect
|move|p1a: Tyranitar|Ice Beam|p2a: Catch The Rainbow
|-activate|p2a: Catch The Rainbow|Protect
|
|-weather|Sandstorm|[upkeep]
|-heal|p2a: Catch The Rainbow|58/100|[from] item: Leftovers
|-heal|p1a: Tyranitar|92/100|[from] item: Leftovers
|upkeep
|turn|10
|
|t:|1729262598
|switch|p2a: Heaven Can Wait|Suicune|100/100
|-damage|p2a: Heaven Can Wait|88/100|[from] Spikes
|move|p1a: Tyranitar|Fire Blast|p2a: Heaven Can Wait
|-resisted|p2a: Heaven Can Wait
|-damage|p2a: Heaven Can Wait|75/100
|-status|p2a: Heaven Can Wait|brn
|
|-weather|Sandstorm|[upkeep]
|-damage|p2a: Heaven Can Wait|68/100 brn|[from] Sandstorm
|-heal|p2a: Heaven Can Wait|75/100 brn|[from] item: Leftovers
|-damage|p2a: Heaven Can Wait|62/100 brn|[from] brn
|-heal|p1a: Tyranitar|98/100|[from] item: Leftovers
|upkeep
|turn|11
|
|t:|1729262617
|switch|p1a: Venusaur|Venusaur, F|99/100
|-damage|p1a: Venusaur|88/100|[from] Spikes
|move|p2a: Heaven Can Wait|Surf|p1a: Venusaur
|-resisted|p1a: Venusaur
|-damage|p1a: Venusaur|75/100
|
|-weather|Sandstorm|[upkeep]
|-damage|p1a: Venusaur|69/100|[from] Sandstorm
|-damage|p2a: Heaven Can Wait|56/100 brn|[from] Sandstorm
|-heal|p1a: Venusaur|75/100|[from] item: Leftovers
|-heal|p2a: Heaven Can Wait|62/100 brn|[from] item: Leftovers
|-damage|p2a: Heaven Can Wait|50/100 brn|[from] brn
|upkeep
|turn|12
|
|t:|1729262624
|switch|p2a: Purple Rain|Blissey, F|100/100
|-damage|p2a: Purple Rain|88/100|[from] Spikes
|move|p1a: Venusaur|Roar|p2a: Purple Rain
|drag|p2a: Paisley Park|Claydol|100/100
|
|-weather|Sandstorm|[upkeep]
|-damage|p1a: Venusaur|69/100|[from] Sandstorm
|-heal|p1a: Venusaur|75/100|[from] item: Leftovers
|upkeep
|turn|13
|
|t:|1729262633
|switch|p2a: Catch The Rainbow|Skarmory, M|58/100
|move|p1a: Venusaur|Giga Drain|p2a: Catch The Rainbow
|-resisted|p2a: Catch The Rainbow
|-damage|p2a: Catch The Rainbow|53/100
|-heal|p1a: Venusaur|78/100|[from] drain|[of] p2a: Catch The Rainbow
|
|-weather|Sandstorm|[upkeep]
|-damage|p1a: Venusaur|72/100|[from] Sandstorm
|-heal|p1a: Venusaur|78/100|[from] item: Leftovers
|-heal|p2a: Catch The Rainbow|59/100|[from] item: Leftovers
|upkeep
|turn|14
|
|t:|1729262649
|switch|p1a: Jirachi|Jirachi|100/100
|-damage|p1a: Jirachi|88/100|[from] Spikes
|move|p2a: Catch The Rainbow|Drill Peck|p1a: Jirachi
|-resisted|p1a: Jirachi
|-damage|p1a: Jirachi|80/100
|
|-weather|Sandstorm|[upkeep]
|-heal|p1a: Jirachi|86/100|[from] item: Leftovers
|-heal|p2a: Catch The Rainbow|65/100|[from] item: Leftovers
|upkeep
|turn|15
|
|t:|1729262663
|move|p2a: Catch The Rainbow|Protect|p2a: Catch The Rainbow
|-singleturn|p2a: Catch The Rainbow|Protect
|move|p1a: Jirachi|Wish|p1a: Jirachi
|
|-weather|Sandstorm|[upkeep]
|-heal|p1a: Jirachi|92/100|[from] item: Leftovers
|-heal|p2a: Catch The Rainbow|71/100|[from] item: Leftovers
|upkeep
|turn|16
|
|t:|1729262675
|switch|p1a: Forretress|Forretress, M|83/100
|-damage|p1a: Forretress|70/100|[from] Spikes
|switch|p2a: Purple Rain|Blissey, F|88/100
|-damage|p2a: Purple Rain|76/100|[from] Spikes
|
|-heal|p1a: Forretress|100/100|[from] move: Wish|[wisher] Jirachi
|-weather|Sandstorm|[upkeep]
|-damage|p2a: Purple Rain|69/100|[from] Sandstorm
|-heal|p2a: Purple Rain|76/100|[from] item: Leftovers
|upkeep
|turn|17
|
|t:|1729262693
|switch|p1a: Swampert|Swampert, F|100/100
|-damage|p1a: Swampert|88/100|[from] Spikes
|move|p2a: Purple Rain|Thunder Wave|p1a: Swampert
|-immune|p1a: Swampert
|
|-weather|Sandstorm|[upkeep]
|-damage|p2a: Purple Rain|69/100|[from] Sandstorm
|-heal|p1a: Swampert|94/100|[from] item: Leftovers
|-heal|p2a: Purple Rain|76/100|[from] item: Leftovers
|upkeep
|turn|18
|
|t:|1729262705
|switch|p1a: Forretress|Forretress, M|100/100
|-damage|p1a: Forretress|88/100|[from] Spikes
|move|p2a: Purple Rain|Seismic Toss|p1a: Forretress
|-damage|p1a: Forretress|60/100
|
|-weather|Sandstorm|[upkeep]
|-damage|p2a: Purple Rain|69/100|[from] Sandstorm
|-heal|p2a: Purple Rain|76/100|[from] item: Leftovers
|-heal|p1a: Forretress|66/100|[from] item: Leftovers
|upkeep
|turn|19
|
|t:|1729262713
|switch|p1a: Swampert|Swampert, F|94/100
|-damage|p1a: Swampert|82/100|[from] Spikes
|move|p2a: Purple Rain|Seismic Toss|p1a: Swampert
|-damage|p1a: Swampert|57/100
|
|-weather|Sandstorm|[upkeep]
|-damage|p2a: Purple Rain|69/100|[from] Sandstorm
|-heal|p1a: Swampert|63/100|[from] item: Leftovers
|-heal|p2a: Purple Rain|76/100|[from] item: Leftovers
|upkeep
|turn|20
|
|t:|1729262715
|move|p1a: Swampert|Earthquake|p2a: Purple Rain
|-damage|p2a: Purple Rain|39/100
|move|p2a: Purple Rain|Seismic Toss|p1a: Swampert
|-damage|p1a: Swampert|38/100
|
|-weather|Sandstorm|[upkeep]
|-damage|p2a: Purple Rain|33/100|[from] Sandstorm
|-heal|p1a: Swampert|44/100|[from] item: Leftovers
|-heal|p2a: Purple Rain|39/100|[from] item: Leftovers
|upkeep
|turn|21
|
|t:|1729262730
|switch|p2a: Catch The Rainbow|Skarmory, M|71/100
|move|p1a: Swampert|Earthquake|p2a: Catch The Rainbow
|-immune|p2a: Catch The Rainbow
|
|-weather|Sandstorm|[upkeep]
|-heal|p1a: Swampert|51/100|[from] item: Leftovers
|-heal|p2a: Catch The Rainbow|77/100|[from] item: Leftovers
|upkeep
|turn|22
|
|t:|1729262741
|switch|p1a: Jirachi|Jirachi|92/100
|-damage|p1a: Jirachi|80/100|[from] Spikes
|move|p2a: Catch The Rainbow|Roar|p1a: Jirachi
|drag|p1a: Aerodactyl|Aerodactyl, M|100/100
|
|-weather|Sandstorm|[upkeep]
|-heal|p2a: Catch The Rainbow|83/100|[from] item: Leftovers
|upkeep
|turn|23
|
|t:|1729262750
|move|p2a: Catch The Rainbow|Protect|p2a: Catch The Rainbow
|-singleturn|p2a: Catch The Rainbow|Protect
|move|p1a: Aerodactyl|Rock Slide|p2a: Catch The Rainbow
|-activate|p2a: Catch The Rainbow|Protect
|
|-weather|Sandstorm|[upkeep]
|-heal|p2a: Catch The Rainbow|89/100|[from] item: Leftovers
|upkeep
|turn|24
|
|t:|1729262755
|switch|p1a: Forretress|Forretress, M|66/100
|-damage|p1a: Forretress|54/100|[from] Spikes
|move|p2a: Catch The Rainbow|Roar|p1a: Forretress
|drag|p1a: Venusaur|Venusaur, F|78/100
|-damage|p1a: Venusaur|65/100|[from] Spikes
|
|-weather|Sandstorm|[upkeep]
|-damage|p1a: Venusaur|59/100|[from] Sandstorm
|-heal|p1a: Venusaur|65/100|[from] item: Leftovers
|-heal|p2a: Catch The Rainbow|95/100|[from] item: Leftovers
|upkeep
|turn|25
|
|t:|1729262761
|move|p1a: Venusaur|Leech Seed|p2a: Catch The Rainbow
|-start|p2a: Catch The Rainbow|move: Leech Seed
|move|p2a: Catch The Rainbow|Drill Peck|p1a: Venusaur
|-supereffective|p1a: Venusaur
|-damage|p1a: Venusaur|10/100
|
|-weather|Sandstorm|[upkeep]
|-damage|p1a: Venusaur|4/100|[from] Sandstorm
|-heal|p1a: Venusaur|10/100|[from] item: Leftovers
|-heal|p2a: Catch The Rainbow|100/100|[from] item: Leftovers
|-damage|p2a: Catch The Rainbow|88/100|[from] Leech Seed|[of] p1a: Venusaur
|-heal|p1a: Venusaur|23/100|[silent]
|upkeep
|turn|26
|
|t:|1729262776
|switch|p1a: Jirachi|Jirachi|80/100
|-damage|p1a: Jirachi|68/100|[from] Spikes
|switch|p2a: I Want You|Dugtrio, F|100/100
|-damage|p2a: I Want You|88/100|[from] Spikes
|
|-weather|Sandstorm|[upkeep]
|-heal|p1a: Jirachi|74/100|[from] item: Leftovers
|upkeep
|turn|27
|
|t:|1729262782
|move|p1a: Jirachi|Protect|p1a: Jirachi
|-singleturn|p1a: Jirachi|Protect
|move|p2a: I Want You|Earthquake|p1a: Jirachi
|-activate|p1a: Jirachi|Protect
|
|-weather|Sandstorm|[upkeep]
|-heal|p1a: Jirachi|80/100|[from] item: Leftovers
|upkeep
|turn|28
|
|t:|1729262794
|move|p2a: I Want You|Earthquake|p1a: Jirachi
|-supereffective|p1a: Jirachi
|-damage|p1a: Jirachi|1/100
|move|p1a: Jirachi|Wish|p1a: Jirachi
|
|-weather|Sandstorm|[upkeep]
|-heal|p1a: Jirachi|7/100|[from] item: Leftovers
|upkeep
|turn|29
|
|t:|1729262800
|move|p1a: Jirachi|Protect|p1a: Jirachi
|-singleturn|p1a: Jirachi|Protect
|move|p2a: I Want You|Earthquake|p1a: Jirachi
|-activate|p1a: Jirachi|Protect
|
|-heal|p1a: Jirachi|57/100|[from] move: Wish|[wisher] Jirachi
|-weather|Sandstorm|[upkeep]
|-heal|p1a: Jirachi|63/100|[from] item: Leftovers
|upkeep
|turn|30
|
|t:|1729262805
|move|p2a: I Want You|Earthquake|p1a: Jirachi
|-supereffective|p1a: Jirachi
|-damage|p1a: Jirachi|0 fnt
|faint|p1a: Jirachi
|
|t:|1729262811
|switch|p1a: Aerodactyl|Aerodactyl, M|100/100
|
|-weather|Sandstorm|[upkeep]
|upkeep
|turn|31
|
|t:|1729262830
|switch|p1a: Swampert|Swampert, F|51/100
|-damage|p1a: Swampert|38/100|[from] Spikes
|switch|p2a: Catch The Rainbow|Skarmory, M|88/100
|
|-weather|Sandstorm|[upkeep]
|-heal|p1a: Swampert|44/100|[from] item: Leftovers
|-heal|p2a: Catch The Rainbow|94/100|[from] item: Leftovers
|upkeep
|turn|32
|
|t:|1729262842
|move|p1a: Swampert|Hydro Pump|p2a: Catch The Rainbow
|-damage|p2a: Catch The Rainbow|49/100
|move|p2a: Catch The Rainbow|Roar|p1a: Swampert
|drag|p1a: Tyranitar|Tyranitar, F|98/100
|-damage|p1a: Tyranitar|85/100|[from] Spikes
|
|-weather|Sandstorm|[upkeep]
|-heal|p2a: Catch The Rainbow|55/100|[from] item: Leftovers
|-heal|p1a: Tyranitar|92/100|[from] item: Leftovers
|upkeep
|turn|33
|
|t:|1729262850
|move|p2a: Catch The Rainbow|Protect|p2a: Catch The Rainbow
|-singleturn|p2a: Catch The Rainbow|Protect
|move|p1a: Tyranitar|Crunch|p2a: Catch The Rainbow
|-activate|p2a: Catch The Rainbow|Protect
|
|-weather|Sandstorm|[upkeep]
|-heal|p2a: Catch The Rainbow|61/100|[from] item: Leftovers
|-heal|p1a: Tyranitar|98/100|[from] item: Leftovers
|upkeep
|turn|34
|
|t:|1729262861
|switch|p2a: Heaven Can Wait|Suicune|50/100 brn
|-damage|p2a: Heaven Can Wait|37/100 brn|[from] Spikes
|move|p1a: Tyranitar|Crunch|p2a: Heaven Can Wait
|-damage|p2a: Heaven Can Wait|6/100 brn
|
|-weather|Sandstorm|[upkeep]
|-damage|p2a: Heaven Can Wait|0 fnt|[from] Sandstorm
|faint|p2a: Heaven Can Wait
|-heal|p1a: Tyranitar|100/100|[from] item: Leftovers
|upkeep
|
|t:|1729262875
|switch|p2a: Paisley Park|Claydol|100/100
|turn|35
|
|t:|1729262883
|move|p2a: Paisley Park|Earthquake|p1a: Tyranitar
|-supereffective|p1a: Tyranitar
|-damage|p1a: Tyranitar|41/100
|move|p1a: Tyranitar|Crunch|p2a: Paisley Park
|-supereffective|p2a: Paisley Park
|-damage|p2a: Paisley Park|34/100
|
|-weather|Sandstorm|[upkeep]
|-heal|p2a: Paisley Park|41/100|[from] item: Leftovers
|-heal|p1a: Tyranitar|47/100|[from] item: Leftovers
|upkeep
|turn|36
|
|t:|1729262895
|switch|p1a: Forretress|Forretress, M|54/100
|-damage|p1a: Forretress|41/100|[from] Spikes
|move|p2a: Paisley Park|Earthquake|p1a: Forretress
|-damage|p1a: Forretress|15/100
|
|-weather|Sandstorm|[upkeep]
|-heal|p2a: Paisley Park|47/100|[from] item: Leftovers
|-heal|p1a: Forretress|22/100|[from] item: Leftovers
|upkeep
|turn|37
|
|t:|1729262915
|move|p2a: Paisley Park|Earthquake|p1a: Forretress
|-damage|p1a: Forretress|0 fnt
|faint|p1a: Forretress
|
|t:|1729262921
|switch|p1a: Aerodactyl|Aerodactyl, M|100/100
|
|-weather|Sandstorm|[upkeep]
|-heal|p2a: Paisley Park|53/100|[from] item: Leftovers
|upkeep
|turn|38
|
|t:|1729262935
|move|p1a: Aerodactyl|Double-Edge|p2a: Paisley Park
|-damage|p2a: Paisley Park|0 fnt
|faint|p2a: Paisley Park
|
|t:|1729262941
|switch|p2a: Catch The Rainbow|Skarmory, M|61/100
|
|-weather|Sandstorm|[upkeep]
|-heal|p2a: Catch The Rainbow|67/100|[from] item: Leftovers
|upkeep
|turn|39
|
|t:|1729262955
|switch|p1a: Tyranitar|Tyranitar, F|47/100
|-damage|p1a: Tyranitar|34/100|[from] Spikes
|move|p2a: Catch The Rainbow|Roar|p1a: Tyranitar
|drag|p1a: Venusaur|Venusaur, F|23/100
|-damage|p1a: Venusaur|11/100|[from] Spikes
|
|-weather|Sandstorm|[upkeep]
|-damage|p1a: Venusaur|5/100|[from] Sandstorm
|-heal|p1a: Venusaur|11/100|[from] item: Leftovers
|-heal|p2a: Catch The Rainbow|73/100|[from] item: Leftovers
|upkeep
|turn|40
|
|t:|1729262960
|move|p1a: Venusaur|Leech Seed|p2a: Catch The Rainbow
|-start|p2a: Catch The Rainbow|move: Leech Seed
|move|p2a: Catch The Rainbow|Drill Peck|p1a: Venusaur
|-supereffective|p1a: Venusaur
|-damage|p1a: Venusaur|0 fnt
|faint|p1a: Venusaur
|
|t:|1729262968
|switch|p1a: Tyranitar|Tyranitar, F|34/100
|-damage|p1a: Tyranitar|22/100|[from] Spikes
|
|-weather|Sandstorm|[upkeep]
|-heal|p2a: Catch The Rainbow|79/100|[from] item: Leftovers
|-damage|p2a: Catch The Rainbow|67/100|[from] Leech Seed|[of] p1a: Tyranitar
|-heal|p1a: Tyranitar|32/100|[silent]
|-heal|p1a: Tyranitar|38/100|[from] item: Leftovers
|upkeep
|turn|41
|
|t:|1729262975
|switch|p2a: Marvin's Room|Jirachi|88/100 slp
|-damage|p2a: Marvin's Room|76/100 slp|[from] Spikes
|move|p1a: Tyranitar|Fire Blast|p2a: Marvin's Room
|-supereffective|p2a: Marvin's Room
|-damage|p2a: Marvin's Room|15/100 slp
|
|-weather|Sandstorm|[upkeep]
|-heal|p2a: Marvin's Room|22/100 slp|[from] item: Leftovers
|-heal|p1a: Tyranitar|45/100|[from] item: Leftovers
|upkeep
|turn|42
|
|t:|1729262983
|cant|p2a: Marvin's Room|slp
|move|p1a: Tyranitar|Crunch|p2a: Marvin's Room
|-crit|p2a: Marvin's Room
|-damage|p2a: Marvin's Room|0 fnt
|faint|p2a: Marvin's Room
|
|t:|1729262986
|switch|p2a: I Want You|Dugtrio, F|88/100
|-damage|p2a: I Want You|76/100|[from] Spikes
|
|-weather|Sandstorm|[upkeep]
|-heal|p1a: Tyranitar|51/100|[from] item: Leftovers
|upkeep
|turn|43
|
|t:|1729262991
|move|p2a: I Want You|Earthquake|p1a: Tyranitar
|-supereffective|p1a: Tyranitar
|-damage|p1a: Tyranitar|0 fnt
|faint|p1a: Tyranitar
|
|t:|1729262993
|switch|p1a: Aerodactyl|Aerodactyl, M|100/100
|
|-weather|Sandstorm|[upkeep]
|upkeep
|turn|44
|
|t:|1729263005
|switch|p2a: Purple Rain|Blissey, F|39/100
|-damage|p2a: Purple Rain|27/100|[from] Spikes
|move|p1a: Aerodactyl|Rock Slide|p2a: Purple Rain
|-damage|p2a: Purple Rain|0 fnt
|faint|p2a: Purple Rain
|
|t:|1729263008
|switch|p2a: Catch The Rainbow|Skarmory, M|67/100
|
|-weather|Sandstorm|[upkeep]
|-heal|p2a: Catch The Rainbow|73/100|[from] item: Leftovers
|upkeep
|turn|45
|
|t:|1729263015
|move|p1a: Aerodactyl|Rock Slide|p2a: Catch The Rainbow
|-damage|p2a: Catch The Rainbow|34/100
|move|p2a: Catch The Rainbow|Drill Peck|p1a: Aerodactyl
|-resisted|p1a: Aerodactyl
|-damage|p1a: Aerodactyl|83/100
|
|-weather|Sandstorm|[upkeep]
|-heal|p2a: Catch The Rainbow|40/100|[from] item: Leftovers
|upkeep
|turn|46
|
|t:|1729263020
|move|p2a: Catch The Rainbow|Protect|p2a: Catch The Rainbow
|-singleturn|p2a: Catch The Rainbow|Protect
|move|p1a: Aerodactyl|Rock Slide|p2a: Catch The Rainbow|[miss]
|-miss|p1a: Aerodactyl|p2a: Catch The Rainbow
|
|-weather|Sandstorm|[upkeep]
|-heal|p2a: Catch The Rainbow|46/100|[from] item: Leftovers
|upkeep
|turn|47
|
|t:|1729263022
|move|p1a: Aerodactyl|Rock Slide|p2a: Catch The Rainbow|[miss]
|-miss|p1a: Aerodactyl|p2a: Catch The Rainbow
|move|p2a: Catch The Rainbow|Drill Peck|p1a: Aerodactyl
|-resisted|p1a: Aerodactyl
|-damage|p1a: Aerodactyl|65/100
|
|-weather|Sandstorm|[upkeep]
|-heal|p2a: Catch The Rainbow|52/100|[from] item: Leftovers
|upkeep
|turn|48
|c|☆1998 mercedes-benz|I dont know what im thinking
|
|t:|1729263033
|switch|p1a: Swampert|Swampert, F|44/100
|-damage|p1a: Swampert|32/100|[from] Spikes
|move|p2a: Catch The Rainbow|Protect||[still]
|-fail|p2a: Catch The Rainbow
|
|-weather|Sandstorm|[upkeep]
|-heal|p1a: Swampert|38/100|[from] item: Leftovers
|-heal|p2a: Catch The Rainbow|58/100|[from] item: Leftovers
|upkeep
|turn|49
|
|t:|1729263042
|move|p2a: Catch The Rainbow|Protect|p2a: Catch The Rainbow
|-singleturn|p2a: Catch The Rainbow|Protect
|move|p1a: Swampert|Ice Beam|p2a: Catch The Rainbow
|-activate|p2a: Catch The Rainbow|Protect
|
|-weather|Sandstorm|[upkeep]
|-heal|p2a: Catch The Rainbow|64/100|[from] item: Leftovers
|-heal|p1a: Swampert|44/100|[from] item: Leftovers
|upkeep
|turn|50
|
|t:|1729263046
|move|p1a: Swampert|Hydro Pump|p2a: Catch The Rainbow
|-damage|p2a: Catch The Rainbow|19/100
|move|p2a: Catch The Rainbow|Roar|p1a: Swampert
|drag|p1a: Aerodactyl|Aerodactyl, M|65/100
|
|-weather|Sandstorm|[upkeep]
|-heal|p2a: Catch The Rainbow|25/100|[from] item: Leftovers
|upkeep
|turn|51
|
|t:|1729263051
|move|p2a: Catch The Rainbow|Protect|p2a: Catch The Rainbow
|-singleturn|p2a: Catch The Rainbow|Protect
|move|p1a: Aerodactyl|Rock Slide|p2a: Catch The Rainbow
|-activate|p2a: Catch The Rainbow|Protect
|
|-weather|Sandstorm|[upkeep]
|-heal|p2a: Catch The Rainbow|31/100|[from] item: Leftovers
|upkeep
|turn|52
|
|t:|1729263054
|move|p1a: Aerodactyl|Rock Slide|p2a: Catch The Rainbow
|-damage|p2a: Catch The Rainbow|0 fnt
|faint|p2a: Catch The Rainbow
|c|☆1998 mercedes-benz|ggs
|c|☆naisuneicha|gg wp
|c|☆1998 mercedes-benz|Maybe
|-message|1998 mercedes-benz forfeited.
|
|win|naisuneicha
|player|p2|
|c|☆naisuneicha|gl in ur future games
|player|p1|

</script>
<script type="application/json" class="data" id="replaydata-smogtours-gen3ou-799513">
{"id":"smogtours-gen3ou-799513","format":"[Gen 3] OU","players":["naisuneicha","1998 mercedes-benz"],"uploadtime":1729263077,"views":90,"formatid":"gen3ou","rating":null,"private":0,"password":null}
</script>

<script defer src="js/replays.js?9d40a366"></script>
