<!DOCTYPE html>
<meta charset="utf-8" />
<meta name="viewport" content="width=device-width" />

<title>[Gen 3] OU: earl gr3y vs. TreinerOrenge - Replays - Pok&eacute;mon Showdown!</title>

<meta name="description" content="Watch a replay of a Pok&eacute;mon battle between earl gr3y and TreinerOrenge! Format: [Gen 3] OU; Date: Oct 10, 2024" />
<!--

Hey, you! Looking in the source for the replay log?

You can find them in JSON format, just add `.json` at the end of a replay URL.

https://replay.pokemonshowdown.com/gen7randomdoublesbattle-865046831.json

Or, if you only need the log itself, add `.log` instead:

https://replay.pokemonshowdown.com/gen7randomdoublesbattle-865046831.log

-->

<link rel="stylesheet" href="//pokemonshowdown.com/style/global.css?0.023195364461161105" />
<link rel="stylesheet" href="//play.pokemonshowdown.com/style/font-awesome.css?0.13261647063804238" />
<link rel="stylesheet" href="//play.pokemonshowdown.com/style/battle.css?0.8753245789963631" />
<link rel="stylesheet" href="//play.pokemonshowdown.com/style/utilichart.css?0.8627959624976733" />

<!-- Global site tag (gtag.js) - Google Analytics -->
<script async src="https://www.googletagmanager.com/gtag/js?id=UA-26211653-1"></script>
<script>
  window.dataLayer = window.dataLayer || [];
  function gtag(){dataLayer.push(arguments);}
  gtag('js', new Date());

  gtag('config', 'UA-26211653-1');
</script>
<!-- End Google Analytics -->
<!-- Venatus Ad Manager - Install in <HEAD> of page -->
	<script src="https://hb.vntsm.com/v3/live/ad-manager.min.js" type="text/javascript" data-site-id="642aba63ec9a7b11c3c9c1be" data-mode="scan" async></script>
<!-- / Venatus Ad Manager -->

<style>
	@media (max-width:820px) {
		.battle {
			margin: 0 auto;
		}
		.battle-log {
			margin: 7px auto 0;
			max-width: 640px;
			height: 300px;
			position: static;
		}
	}
	.optgroup {
		display: inline-block;
		line-height: 22px;
		font-size: 10pt;
	}
	.optgroup .button {
		height: 25px;
		padding-top: 0;
		padding-bottom: 0;
	}
	.optgroup button.button {
		padding-left: 12px;
		padding-right: 12px;
	}
	.linklist {
		list-style: none;
		margin: 0.5em 0;
		padding: 0;
	}
	.linklist li {
		padding: 2px 0;
	}
	.sidebar {
		float: left;
		width: 320px;
	}
	.bar-wrapper {
		max-width: 1100px;
		margin: 0 auto;
	}
	.bar-wrapper.has-sidebar {
		max-width: 1430px;
	}
	.mainbar {
		margin: 0;
		padding-right: 1px;
	}
	.mainbar.has-sidebar {
		margin-left: 330px;
	}
	@media (min-width: 1511px) {
		.sidebar {
			width: 400px;
		}
		.bar-wrapper.has-sidebar {
			max-width: 1510px;
		}
		.mainbar.has-sidebar {
			margin-left: 410px;
		}
	}
	.section.first-section {
		margin-top: 9px;
	}
	.blocklink small {
		white-space: normal;
	}
	.button {
		vertical-align: middle;
	}
	.replay-controls {
		padding-top: 10px;
	}
	.replay-controls h1 {
		font-size: 16pt;
		font-weight: normal;
		color: #CCC;
	}
	.pagelink {
		text-align: center;
	}
	.pagelink a {
		width: 150px;
	}
	.textbox, .button {
		font-size: 11pt;
		vertical-align: middle;
	}
	@media (max-width: 450px) {
		.button {
			font-size: 9pt;
		}
	}
</style>

<div>

	<header>
		<div class="nav-wrapper"><ul class="nav">
			<li><a class="button nav-first" href="//pokemonshowdown.com/"><img src="//pokemonshowdown.com/images/pokemonshowdownbeta.png" srcset="//pokemonshowdown.com/images/pokemonshowdownbeta.png 1x, //pokemonshowdown.com/images/pokemonshowdownbeta@2x.png 2x" alt="Pok&eacute;mon Showdown" width="146" height="44" /> Home</a></li>
			<li><a class="button" href="//pokemonshowdown.com/dex/">Pok&eacute;dex</a></li>
			<li><a class="button cur" href="/">Replays</a></li>
			<li><a class="button" href="//pokemonshowdown.com/ladder/">Ladder</a></li>
			<li><a class="button nav-last" href="//pokemonshowdown.com/forums/">Forum</a></li>
			<li><a class="button greenbutton nav-first nav-last" href="//play.pokemonshowdown.com/">Play</a></li>
		</ul></div>
	</header>

	<div class="main" id="main">

		<noscript><section class="section">You need to enable JavaScript to use this page; sorry!</section></noscript>

	</div>

</div>

<script defer nomodule src="//play.pokemonshowdown.com/js/lib/ps-polyfill.js"></script>
<script defer src="//play.pokemonshowdown.com/js/lib/preact.min.js"></script>

<script defer src="//play.pokemonshowdown.com/config/config.js?2bddbc15"></script>
<script defer src="//play.pokemonshowdown.com/js/lib/jquery-1.11.0.min.js"></script>
<script defer src="//play.pokemonshowdown.com/js/lib/html-sanitizer-minified.js"></script>
<script defer src="//play.pokemonshowdown.com/js/battle-sound.js"></script>
<script defer src="//play.pokemonshowdown.com/js/battledata.js?0.7209276989879541"></script>
<script defer src="//play.pokemonshowdown.com/data/pokedex-mini.js?0.6111056340867951"></script>
<script defer src="//play.pokemonshowdown.com/data/pokedex-mini-bw.js?0.3532142036491459"></script>
<script defer src="//play.pokemonshowdown.com/data/graphics.js?0.24223875632456182"></script>
<script defer src="//play.pokemonshowdown.com/data/pokedex.js?0.38839984266356864"></script>
<script defer src="//play.pokemonshowdown.com/data/moves.js?0.21866028504024015"></script>
<script defer src="//play.pokemonshowdown.com/data/abilities.js?0.2005157953846628"></script>
<script defer src="//play.pokemonshowdown.com/data/items.js?0.9894211263848525"></script>
<script defer src="//play.pokemonshowdown.com/data/teambuilder-tables.js?0.6008791140282215"></script>
<script defer src="//play.pokemonshowdown.com/js/battle-tooltips.js?0.7580118955022959"></script>
<script defer src="//play.pokemonshowdown.com/js/battle.js?0.6057722274234274"></script>

<script defer src="js/utils.js?e31f9a17"></script>
<script defer src="js/replays-battle.js?7008c182"></script>

<!-- don't scrape this data! just add .json or .log after the URL!
Full API docs: https://github.com/smogon/pokemon-showdown-client/blob/master/WEB-API.md -->
<script type="text/plain" class="log" id="replaylog-gen3ou-2220184800-ilj6az7vmjwz57817817khd3kcq242ypw">
|j|☆earl gr3y
|j|☆TreinerOrenge
|t:|1728583326
|gametype|singles
|player|p1|earl gr3y|#roaplxyorknewyanma|
|player|p2|TreinerOrenge|#dpppliii|
|teamsize|p1|6
|teamsize|p2|6
|gen|3
|tier|[Gen 3] OU
|rule|Sleep Clause Mod: Limit one foe put to sleep
|rule|Switch Priority Clause Mod: Faster Pokémon switch first
|rule|Species Clause: Limit one of each Pokémon
|rule|OHKO Clause: OHKO moves are banned
|rule|Evasion Items Clause: Evasion items are banned
|rule|Evasion Moves Clause: Evasion moves are banned
|rule|Endless Battle Clause: Forcing endless battles is banned
|rule|HP Percentage Mod: HP is shown in percentages
|rule|One Boost Passer Clause: Limit one Baton Passer that has a way to boost its stats
|rule|Freeze Clause Mod: Limit one foe frozen
|
|t:|1728583326
|start
|switch|p1a: Salamence|Salamence, F, shiny|100/100
|switch|p2a: Zapdos|Zapdos|100/100
|-ability|p1a: Salamence|Intimidate|boost
|-unboost|p2a: Zapdos|atk|1
|turn|1
|inactive|Battle timer is ON: inactive players will automatically lose when time's up. (requested by earl gr3y)
|c|☆earl gr3y|hf
|j| 3 blades
|
|t:|1728583352
|switch|p1a: Swampert|Swampert, F, shiny|100/100
|move|p2a: Zapdos|Thunder Wave|p1a: Swampert
|-immune|p1a: Swampert
|
|upkeep
|turn|2
|j| crayoneater123
|
|t:|1728583363
|move|p1a: Swampert|Protect|p1a: Swampert
|-singleturn|p1a: Swampert|Protect
|move|p2a: Zapdos|Thunder Wave|p1a: Swampert
|-activate|p1a: Swampert|Protect
|
|upkeep
|turn|3
|
|t:|1728583380
|switch|p1a: Tyranitar|Tyranitar, F|100/100
|-weather|Sandstorm|[from] ability: Sand Stream|[of] p1a: Tyranitar
|move|p2a: Zapdos|Thunder Wave|p1a: Tyranitar
|-status|p1a: Tyranitar|par
|
|-weather|Sandstorm|[upkeep]
|-damage|p2a: Zapdos|94/100|[from] Sandstorm
|-heal|p2a: Zapdos|100/100|[from] item: Leftovers
|upkeep
|turn|4
|
|t:|1728583394
|-singleturn|p1a: Tyranitar|move: Focus Punch
|switch|p2a: Metagross|Metagross|100/100
|move|p1a: Tyranitar|Focus Punch|p2a: Metagross
|-damage|p2a: Metagross|70/100
|
|-weather|Sandstorm|[upkeep]
|upkeep
|turn|5
|j| Spfunkm
|
|t:|1728583409
|switch|p2a: Cloyster|Cloyster, F|100/100
|switch|p1a: Swampert|Swampert, F, shiny|100/100
|
|-weather|Sandstorm|[upkeep]
|-damage|p2a: Cloyster|94/100|[from] Sandstorm
|-heal|p2a: Cloyster|100/100|[from] item: Leftovers
|upkeep
|turn|6
|j| PursuitTarMafia
|
|t:|1728583432
|move|p2a: Cloyster|Spikes|p1a: Swampert
|-sidestart|p1: earl gr3y|Spikes
|move|p1a: Swampert|Hydro Pump|p2a: Cloyster
|-resisted|p2a: Cloyster
|-damage|p2a: Cloyster|53/100
|
|-weather|Sandstorm|[upkeep]
|-damage|p2a: Cloyster|47/100|[from] Sandstorm
|-heal|p2a: Cloyster|53/100|[from] item: Leftovers
|upkeep
|turn|7
|
|t:|1728583442
|move|p2a: Cloyster|Spikes|p1a: Swampert
|-sidestart|p1: earl gr3y|Spikes
|move|p1a: Swampert|Hydro Pump|p2a: Cloyster
|-resisted|p2a: Cloyster
|-damage|p2a: Cloyster|11/100
|
|-weather|Sandstorm|[upkeep]
|-damage|p2a: Cloyster|5/100|[from] Sandstorm
|-heal|p2a: Cloyster|11/100|[from] item: Leftovers
|upkeep
|turn|8
|
|t:|1728583453
|switch|p1a: Jirachi|Jirachi|100/100
|-damage|p1a: Jirachi|84/100|[from] Spikes
|move|p2a: Cloyster|Ice Beam|p1a: Jirachi
|-resisted|p1a: Jirachi
|-damage|p1a: Jirachi|73/100
|
|-weather|Sandstorm|[upkeep]
|-damage|p2a: Cloyster|5/100|[from] Sandstorm
|-heal|p2a: Cloyster|11/100|[from] item: Leftovers
|-heal|p1a: Jirachi|79/100|[from] item: Leftovers
|upkeep
|turn|9
|
|t:|1728583465
|move|p2a: Cloyster|Explosion|p1a: Jirachi
|-resisted|p1a: Jirachi
|-damage|p1a: Jirachi|47/100
|faint|p2a: Cloyster
|
|t:|1728583471
|switch|p2a: Flygon|Flygon, F|100/100
|
|-weather|Sandstorm|[upkeep]
|-heal|p1a: Jirachi|53/100|[from] item: Leftovers
|upkeep
|turn|10
|
|t:|1728583474
|move|p1a: Jirachi|Protect|p1a: Jirachi
|-singleturn|p1a: Jirachi|Protect
|move|p2a: Flygon|Substitute|p2a: Flygon
|-start|p2a: Flygon|Substitute
|-damage|p2a: Flygon|76/100
|
|-weather|Sandstorm|[upkeep]
|-heal|p1a: Jirachi|59/100|[from] item: Leftovers
|upkeep
|turn|11
|
|t:|1728583484
|switch|p1a: Salamence|Salamence, F, shiny|100/100
|move|p2a: Flygon|Rock Slide|p1a: Salamence
|-supereffective|p1a: Salamence
|-damage|p1a: Salamence|38/100
|
|-weather|Sandstorm|[upkeep]
|-damage|p1a: Salamence|32/100|[from] Sandstorm
|-heal|p1a: Salamence|38/100|[from] item: Leftovers
|upkeep
|turn|12
|
|t:|1728583493
|switch|p1a: Skarmory|Skarmory, F|100/100
|move|p2a: Flygon|Rock Slide|p1a: Skarmory|[miss]
|-miss|p2a: Flygon|p1a: Skarmory
|
|-weather|Sandstorm|[upkeep]
|upkeep
|turn|13
|
|t:|1728583496
|switch|p2a: Zapdos|Zapdos|100/100
|move|p1a: Skarmory|Roar|p2a: Zapdos
|drag|p2a: Raikou|Raikou|100/100
|
|-weather|Sandstorm|[upkeep]
|-damage|p2a: Raikou|94/100|[from] Sandstorm
|-heal|p2a: Raikou|100/100|[from] item: Leftovers
|upkeep
|turn|14
|
|t:|1728583503
|switch|p1a: Blissey|Blissey, F|100/100
|-damage|p1a: Blissey|84/100|[from] Spikes
|move|p2a: Raikou|Thunderbolt|p1a: Blissey
|-damage|p1a: Blissey|65/100
|
|-weather|Sandstorm|[upkeep]
|-damage|p2a: Raikou|94/100|[from] Sandstorm
|-damage|p1a: Blissey|59/100|[from] Sandstorm
|-heal|p2a: Raikou|100/100|[from] item: Leftovers
|-heal|p1a: Blissey|65/100|[from] item: Leftovers
|upkeep
|turn|15
|j| DeepBlueC
|l| Spfunkm
|j| Spfunkm
|
|t:|1728583518
|switch|p2a: Metagross|Metagross|70/100
|switch|p1a: Salamence|Salamence, F, shiny|38/100
|-ability|p1a: Salamence|Intimidate|boost
|-fail|p2a: Metagross|unboost|[from] ability: Clear Body|[of] p2a: Metagross
|
|-weather|Sandstorm|[upkeep]
|-damage|p1a: Salamence|32/100|[from] Sandstorm
|-heal|p1a: Salamence|38/100|[from] item: Leftovers
|upkeep
|turn|16
|
|t:|1728583546
|move|p1a: Salamence|Dragon Claw|p2a: Metagross
|-resisted|p2a: Metagross
|-damage|p2a: Metagross|48/100
|move|p2a: Metagross|Meteor Mash|p1a: Salamence
|-crit|p1a: Salamence
|-damage|p1a: Salamence|0 fnt
|-boost|p2a: Metagross|atk|1
|faint|p1a: Salamence
|j| lac00t
|
|t:|1728583554
|switch|p1a: Jirachi|Jirachi|59/100
|-damage|p1a: Jirachi|43/100|[from] Spikes
|
|-weather|Sandstorm|[upkeep]
|-heal|p1a: Jirachi|49/100|[from] item: Leftovers
|upkeep
|turn|17
|
|t:|1728583559
|move|p1a: Jirachi|Fire Punch|p2a: Metagross
|-supereffective|p2a: Metagross
|-crit|p2a: Metagross
|-damage|p2a: Metagross|0 fnt
|faint|p2a: Metagross
|
|t:|1728583563
|switch|p2a: Zapdos|Zapdos|100/100
|
|-weather|Sandstorm|[upkeep]
|-damage|p2a: Zapdos|94/100|[from] Sandstorm
|-heal|p2a: Zapdos|100/100|[from] item: Leftovers
|-heal|p1a: Jirachi|55/100|[from] item: Leftovers
|upkeep
|turn|18
|c|☆TreinerOrenge|Rip
|j| necasintrouble
|
|t:|1728583577
|move|p1a: Jirachi|Protect|p1a: Jirachi
|-singleturn|p1a: Jirachi|Protect
|move|p2a: Zapdos|Thunder Wave|p1a: Jirachi
|-activate|p1a: Jirachi|Protect
|
|-weather|Sandstorm|[upkeep]
|-damage|p2a: Zapdos|94/100|[from] Sandstorm
|-heal|p2a: Zapdos|100/100|[from] item: Leftovers
|-heal|p1a: Jirachi|61/100|[from] item: Leftovers
|upkeep
|turn|19
|
|t:|1728583581
|switch|p1a: Blissey|Blissey, F|65/100
|-damage|p1a: Blissey|48/100|[from] Spikes
|move|p2a: Zapdos|Thunder Wave|p1a: Blissey
|-status|p1a: Blissey|par
|
|-weather|Sandstorm|[upkeep]
|-damage|p2a: Zapdos|94/100|[from] Sandstorm
|-damage|p1a: Blissey|42/100 par|[from] Sandstorm
|-heal|p2a: Zapdos|100/100|[from] item: Leftovers
|-heal|p1a: Blissey|48/100 par|[from] item: Leftovers
|upkeep
|turn|20
|
|t:|1728583586
|move|p1a: Blissey|Soft-Boiled|p1a: Blissey
|-heal|p1a: Blissey|98/100 par
|move|p2a: Zapdos|Roar|p1a: Blissey
|-curestatus|p1a: Blissey|par|[from] ability: Natural Cure
|drag|p1a: Tyranitar|Tyranitar, F|100/100 par
|-damage|p1a: Tyranitar|84/100 par|[from] Spikes
|
|-weather|Sandstorm|[upkeep]
|-damage|p2a: Zapdos|94/100|[from] Sandstorm
|-heal|p2a: Zapdos|100/100|[from] item: Leftovers
|-heal|p1a: Tyranitar|90/100 par|[from] item: Leftovers
|upkeep
|turn|21
|
|t:|1728583594
|move|p2a: Zapdos|Thunderbolt|p1a: Tyranitar
|-damage|p1a: Tyranitar|52/100 par
|move|p1a: Tyranitar|Crunch|p2a: Zapdos
|-damage|p2a: Zapdos|63/100
|
|-weather|Sandstorm|[upkeep]
|-damage|p2a: Zapdos|57/100|[from] Sandstorm
|-heal|p2a: Zapdos|63/100|[from] item: Leftovers
|-heal|p1a: Tyranitar|59/100 par|[from] item: Leftovers
|upkeep
|turn|22
|
|t:|1728583600
|move|p2a: Zapdos|Thunderbolt|p1a: Tyranitar
|-damage|p1a: Tyranitar|18/100 par
|move|p1a: Tyranitar|Crunch|p2a: Zapdos
|-damage|p2a: Zapdos|26/100
|
|-weather|Sandstorm|[upkeep]
|-damage|p2a: Zapdos|20/100|[from] Sandstorm
|-heal|p2a: Zapdos|26/100|[from] item: Leftovers
|-heal|p1a: Tyranitar|24/100 par|[from] item: Leftovers
|upkeep
|turn|23
|
|t:|1728583604
|move|p2a: Zapdos|Thunderbolt|p1a: Tyranitar
|-damage|p1a: Tyranitar|0 fnt
|faint|p1a: Tyranitar
|
|t:|1728583605
|switch|p1a: Blissey|Blissey, F|98/100
|-damage|p1a: Blissey|82/100|[from] Spikes
|
|-weather|Sandstorm|[upkeep]
|-damage|p2a: Zapdos|20/100|[from] Sandstorm
|-damage|p1a: Blissey|75/100|[from] Sandstorm
|-heal|p2a: Zapdos|26/100|[from] item: Leftovers
|-heal|p1a: Blissey|82/100|[from] item: Leftovers
|upkeep
|turn|24
|
|t:|1728583615
|move|p2a: Zapdos|Thunder Wave|p1a: Blissey
|-status|p1a: Blissey|par
|cant|p1a: Blissey|par
|
|-weather|Sandstorm|[upkeep]
|-damage|p2a: Zapdos|20/100|[from] Sandstorm
|-damage|p1a: Blissey|75/100 par|[from] Sandstorm
|-heal|p2a: Zapdos|26/100|[from] item: Leftovers
|-heal|p1a: Blissey|82/100 par|[from] item: Leftovers
|upkeep
|turn|25
|
|t:|1728583621
|move|p1a: Blissey|Ice Beam|p2a: Zapdos
|-supereffective|p2a: Zapdos
|-damage|p2a: Zapdos|0 fnt
|faint|p2a: Zapdos
|
|t:|1728583629
|switch|p2a: Gengar|Gengar, M|100/100
|
|-weather|Sandstorm|[upkeep]
|-damage|p2a: Gengar|94/100|[from] Sandstorm
|-damage|p1a: Blissey|75/100 par|[from] Sandstorm
|-heal|p2a: Gengar|100/100|[from] item: Leftovers
|-heal|p1a: Blissey|82/100 par|[from] item: Leftovers
|upkeep
|turn|26
|
|t:|1728583638
|move|p2a: Gengar|Thunderbolt|p1a: Blissey
|-damage|p1a: Blissey|69/100 par
|move|p1a: Blissey|Ice Beam|p2a: Gengar
|-damage|p2a: Gengar|64/100
|
|-weather|Sandstorm|[upkeep]
|-damage|p2a: Gengar|58/100|[from] Sandstorm
|-damage|p1a: Blissey|63/100 par|[from] Sandstorm
|-heal|p2a: Gengar|64/100|[from] item: Leftovers
|-heal|p1a: Blissey|69/100 par|[from] item: Leftovers
|upkeep
|turn|27
|
|t:|1728583642
|-curestatus|p1a: Blissey|par|[from] ability: Natural Cure
|switch|p1a: Swampert|Swampert, F, shiny|100/100
|-damage|p1a: Swampert|84/100|[from] Spikes
|move|p2a: Gengar|Thunderbolt|p1a: Swampert
|-immune|p1a: Swampert
|
|-weather|Sandstorm|[upkeep]
|-damage|p2a: Gengar|58/100|[from] Sandstorm
|-heal|p2a: Gengar|64/100|[from] item: Leftovers
|-heal|p1a: Swampert|90/100|[from] item: Leftovers
|upkeep
|turn|28
|
|t:|1728583651
|move|p1a: Swampert|Protect|p1a: Swampert
|-singleturn|p1a: Swampert|Protect
|move|p2a: Gengar|Explosion|p1a: Swampert
|-activate|p1a: Swampert|Protect
|faint|p2a: Gengar
|
|t:|1728583653
|switch|p2a: Raikou|Raikou|100/100
|
|-weather|Sandstorm|[upkeep]
|-damage|p2a: Raikou|94/100|[from] Sandstorm
|-heal|p2a: Raikou|100/100|[from] item: Leftovers
|-heal|p1a: Swampert|97/100|[from] item: Leftovers
|upkeep
|turn|29
|
|t:|1728583662
|move|p2a: Raikou|Hidden Power|p1a: Swampert
|-supereffective|p1a: Swampert
|-damage|p1a: Swampert|8/100
|move|p1a: Swampert|Earthquake|p2a: Raikou
|-supereffective|p2a: Raikou
|-damage|p2a: Raikou|0 fnt
|faint|p2a: Raikou
|
|t:|1728583665
|switch|p2a: Flygon|Flygon, F|76/100
|
|-weather|Sandstorm|[upkeep]
|-heal|p1a: Swampert|15/100|[from] item: Leftovers
|upkeep
|turn|30
|
|t:|1728583669
|move|p2a: Flygon|Earthquake|p1a: Swampert
|-damage|p1a: Swampert|0 fnt
|faint|p1a: Swampert
|
|t:|1728583679
|switch|p1a: Blissey|Blissey, F|69/100
|-damage|p1a: Blissey|52/100|[from] Spikes
|
|-weather|Sandstorm|[upkeep]
|-damage|p1a: Blissey|46/100|[from] Sandstorm
|-heal|p1a: Blissey|52/100|[from] item: Leftovers
|upkeep
|turn|31
|
|t:|1728583684
|move|p2a: Flygon|Substitute|p2a: Flygon
|-start|p2a: Flygon|Substitute
|-damage|p2a: Flygon|51/100
|move|p1a: Blissey|Ice Beam|p2a: Flygon
|-supereffective|p2a: Flygon
|-end|p2a: Flygon|Substitute
|
|-weather|Sandstorm|[upkeep]
|-damage|p1a: Blissey|46/100|[from] Sandstorm
|-heal|p1a: Blissey|52/100|[from] item: Leftovers
|upkeep
|turn|32
|l| crayoneater123
|
|t:|1728583699
|move|p2a: Flygon|Rock Slide|p1a: Blissey
|-damage|p1a: Blissey|26/100
|move|p1a: Blissey|Ice Beam|p2a: Flygon
|-supereffective|p2a: Flygon
|-damage|p2a: Flygon|0 fnt
|faint|p2a: Flygon
|
|win|earl gr3y
|c|☆earl gr3y|sry 4 crit
|c|☆earl gr3y|ggs
|c|☆TreinerOrenge|Ggs

</script>
<script type="application/json" class="data" id="replaydata-gen3ou-2220184800-ilj6az7vmjwz57817817khd3kcq242ypw">
{"id":"gen3ou-2220184800","format":"[Gen 3] OU","players":["earl gr3y","TreinerOrenge"],"uploadtime":1728583708,"views":114,"formatid":"gen3ou","rating":null,"private":1,"password":"ilj6az7vmjwz57817817khd3kcq242y"}
</script>

<script defer src="js/replays.js?9d40a366"></script>
