<!DOCTYPE html>
<meta charset="utf-8" />
<meta name="viewport" content="width=device-width" />

<title>[Gen 3] OU: my_rocks vs. Segale - Replays - Pok&eacute;mon Showdown!</title>

<meta name="description" content="Watch a replay of a Pok&eacute;mon battle between my_rocks and Segale! Format: [Gen 3] OU; Date: Oct 8, 2024" />
<!--

Hey, you! Looking in the source for the replay log?

You can find them in JSON format, just add `.json` at the end of a replay URL.

https://replay.pokemonshowdown.com/gen7randomdoublesbattle-865046831.json

Or, if you only need the log itself, add `.log` instead:

https://replay.pokemonshowdown.com/gen7randomdoublesbattle-865046831.log

-->

<link rel="stylesheet" href="//pokemonshowdown.com/style/global.css?0.023195364461161105" />
<link rel="stylesheet" href="//play.pokemonshowdown.com/style/font-awesome.css?0.13261647063804238" />
<link rel="stylesheet" href="//play.pokemonshowdown.com/style/battle.css?0.8753245789963631" />
<link rel="stylesheet" href="//play.pokemonshowdown.com/style/utilichart.css?0.8627959624976733" />

<!-- Global site tag (gtag.js) - Google Analytics -->
<script async src="https://www.googletagmanager.com/gtag/js?id=UA-26211653-1"></script>
<script>
  window.dataLayer = window.dataLayer || [];
  function gtag(){dataLayer.push(arguments);}
  gtag('js', new Date());

  gtag('config', 'UA-26211653-1');
</script>
<!-- End Google Analytics -->
<!-- Venatus Ad Manager - Install in <HEAD> of page -->
	<script src="https://hb.vntsm.com/v3/live/ad-manager.min.js" type="text/javascript" data-site-id="642aba63ec9a7b11c3c9c1be" data-mode="scan" async></script>
<!-- / Venatus Ad Manager -->

<style>
	@media (max-width:820px) {
		.battle {
			margin: 0 auto;
		}
		.battle-log {
			margin: 7px auto 0;
			max-width: 640px;
			height: 300px;
			position: static;
		}
	}
	.optgroup {
		display: inline-block;
		line-height: 22px;
		font-size: 10pt;
	}
	.optgroup .button {
		height: 25px;
		padding-top: 0;
		padding-bottom: 0;
	}
	.optgroup button.button {
		padding-left: 12px;
		padding-right: 12px;
	}
	.linklist {
		list-style: none;
		margin: 0.5em 0;
		padding: 0;
	}
	.linklist li {
		padding: 2px 0;
	}
	.sidebar {
		float: left;
		width: 320px;
	}
	.bar-wrapper {
		max-width: 1100px;
		margin: 0 auto;
	}
	.bar-wrapper.has-sidebar {
		max-width: 1430px;
	}
	.mainbar {
		margin: 0;
		padding-right: 1px;
	}
	.mainbar.has-sidebar {
		margin-left: 330px;
	}
	@media (min-width: 1511px) {
		.sidebar {
			width: 400px;
		}
		.bar-wrapper.has-sidebar {
			max-width: 1510px;
		}
		.mainbar.has-sidebar {
			margin-left: 410px;
		}
	}
	.section.first-section {
		margin-top: 9px;
	}
	.blocklink small {
		white-space: normal;
	}
	.button {
		vertical-align: middle;
	}
	.replay-controls {
		padding-top: 10px;
	}
	.replay-controls h1 {
		font-size: 16pt;
		font-weight: normal;
		color: #CCC;
	}
	.pagelink {
		text-align: center;
	}
	.pagelink a {
		width: 150px;
	}
	.textbox, .button {
		font-size: 11pt;
		vertical-align: middle;
	}
	@media (max-width: 450px) {
		.button {
			font-size: 9pt;
		}
	}
</style>

<div>

	<header>
		<div class="nav-wrapper"><ul class="nav">
			<li><a class="button nav-first" href="//pokemonshowdown.com/"><img src="//pokemonshowdown.com/images/pokemonshowdownbeta.png" srcset="//pokemonshowdown.com/images/pokemonshowdownbeta.png 1x, //pokemonshowdown.com/images/pokemonshowdownbeta@2x.png 2x" alt="Pok&eacute;mon Showdown" width="146" height="44" /> Home</a></li>
			<li><a class="button" href="//pokemonshowdown.com/dex/">Pok&eacute;dex</a></li>
			<li><a class="button cur" href="/">Replays</a></li>
			<li><a class="button" href="//pokemonshowdown.com/ladder/">Ladder</a></li>
			<li><a class="button nav-last" href="//pokemonshowdown.com/forums/">Forum</a></li>
			<li><a class="button greenbutton nav-first nav-last" href="//play.pokemonshowdown.com/">Play</a></li>
		</ul></div>
	</header>

	<div class="main" id="main">

		<noscript><section class="section">You need to enable JavaScript to use this page; sorry!</section></noscript>

	</div>

</div>

<script defer nomodule src="//play.pokemonshowdown.com/js/lib/ps-polyfill.js"></script>
<script defer src="//play.pokemonshowdown.com/js/lib/preact.min.js"></script>

<script defer src="//play.pokemonshowdown.com/config/config.js?2bddbc15"></script>
<script defer src="//play.pokemonshowdown.com/js/lib/jquery-1.11.0.min.js"></script>
<script defer src="//play.pokemonshowdown.com/js/lib/html-sanitizer-minified.js"></script>
<script defer src="//play.pokemonshowdown.com/js/battle-sound.js"></script>
<script defer src="//play.pokemonshowdown.com/js/battledata.js?0.7209276989879541"></script>
<script defer src="//play.pokemonshowdown.com/data/pokedex-mini.js?0.6111056340867951"></script>
<script defer src="//play.pokemonshowdown.com/data/pokedex-mini-bw.js?0.3532142036491459"></script>
<script defer src="//play.pokemonshowdown.com/data/graphics.js?0.24223875632456182"></script>
<script defer src="//play.pokemonshowdown.com/data/pokedex.js?0.38839984266356864"></script>
<script defer src="//play.pokemonshowdown.com/data/moves.js?0.21866028504024015"></script>
<script defer src="//play.pokemonshowdown.com/data/abilities.js?0.2005157953846628"></script>
<script defer src="//play.pokemonshowdown.com/data/items.js?0.9894211263848525"></script>
<script defer src="//play.pokemonshowdown.com/data/teambuilder-tables.js?0.6008791140282215"></script>
<script defer src="//play.pokemonshowdown.com/js/battle-tooltips.js?0.7580118955022959"></script>
<script defer src="//play.pokemonshowdown.com/js/battle.js?0.6057722274234274"></script>

<script defer src="js/utils.js?e31f9a17"></script>
<script defer src="js/replays-battle.js?7008c182"></script>

<!-- don't scrape this data! just add .json or .log after the URL!
Full API docs: https://github.com/smogon/pokemon-showdown-client/blob/master/WEB-API.md -->
<script type="text/plain" class="log" id="replaylog-smogtours-gen3ou-796463">
|inactive|Battle timer is ON: inactive players will automatically lose when time's up.
|t:|1728417078
|gametype|singles
|player|p1|my_rocks|102|
|player|p2|Segale|blue|
|teamsize|p1|6
|teamsize|p2|6
|gen|3
|tier|[Gen 3] OU
|rule|Sleep Clause Mod: Limit one foe put to sleep
|rule|Switch Priority Clause Mod: Faster Pokémon switch first
|rule|Species Clause: Limit one of each Pokémon
|rule|OHKO Clause: OHKO moves are banned
|rule|Evasion Items Clause: Evasion items are banned
|rule|Evasion Moves Clause: Evasion moves are banned
|rule|Endless Battle Clause: Forcing endless battles is banned
|rule|HP Percentage Mod: HP is shown in percentages
|rule|One Boost Passer Clause: Limit one Baton Passer that has a way to boost its stats
|rule|Freeze Clause Mod: Limit one foe frozen
|
|t:|1728417078
|start
|switch|p1a: Tyranitar|Tyranitar, M|100/100
|switch|p2a: Registeel|Registeel|100/100
|-weather|Sandstorm|[from] ability: Sand Stream|[of] p1a: Tyranitar
|turn|1
|
|t:|1728417099
|switch|p2a: Claydol|Claydol|100/100
|move|p1a: Tyranitar|Fire Blast|p2a: Claydol|[miss]
|-miss|p1a: Tyranitar|p2a: Claydol
|
|-weather|Sandstorm|[upkeep]
|upkeep
|turn|2
|
|t:|1728417111
|switch|p1a: Skarmory|Skarmory, M|100/100
|switch|p2a: Milotic|Milotic, F|100/100
|
|-weather|Sandstorm|[upkeep]
|-damage|p2a: Milotic|94/100|[from] Sandstorm
|-heal|p2a: Milotic|100/100|[from] item: Leftovers
|upkeep
|turn|3
|
|t:|1728417118
|move|p2a: Milotic|Surf|p1a: Skarmory
|-damage|p1a: Skarmory|73/100
|move|p1a: Skarmory|Spikes|p2a: Milotic
|-sidestart|p2: Segale|Spikes
|
|-weather|Sandstorm|[upkeep]
|-damage|p2a: Milotic|94/100|[from] Sandstorm
|-heal|p2a: Milotic|100/100|[from] item: Leftovers
|-heal|p1a: Skarmory|79/100|[from] item: Leftovers
|upkeep
|turn|4
|
|t:|1728417127
|move|p2a: Milotic|Surf|p1a: Skarmory
|-damage|p1a: Skarmory|48/100
|move|p1a: Skarmory|Spikes|p2a: Milotic
|-sidestart|p2: Segale|Spikes
|
|-weather|Sandstorm|[upkeep]
|-damage|p2a: Milotic|94/100|[from] Sandstorm
|-heal|p2a: Milotic|100/100|[from] item: Leftovers
|-heal|p1a: Skarmory|54/100|[from] item: Leftovers
|upkeep
|turn|5
|
|t:|1728417135
|move|p2a: Milotic|Surf|p1a: Skarmory
|-damage|p1a: Skarmory|25/100
|move|p1a: Skarmory|Toxic|p2a: Milotic
|-status|p2a: Milotic|tox
|
|-weather|Sandstorm|[upkeep]
|-damage|p2a: Milotic|94/100 tox|[from] Sandstorm
|-heal|p2a: Milotic|100/100 tox|[from] item: Leftovers
|-damage|p2a: Milotic|94/100 tox|[from] psn
|-heal|p1a: Skarmory|31/100|[from] item: Leftovers
|upkeep
|turn|6
|
|t:|1728417145
|move|p1a: Skarmory|Protect|p1a: Skarmory
|-singleturn|p1a: Skarmory|Protect
|move|p2a: Milotic|Refresh|p2a: Milotic
|-curestatus|p2a: Milotic|tox|[msg]
|
|-weather|Sandstorm|[upkeep]
|-damage|p2a: Milotic|88/100|[from] Sandstorm
|-heal|p2a: Milotic|94/100|[from] item: Leftovers
|-heal|p1a: Skarmory|37/100|[from] item: Leftovers
|upkeep
|turn|7
|
|t:|1728417155
|move|p2a: Milotic|Surf|p1a: Skarmory
|-damage|p1a: Skarmory|5/100
|move|p1a: Skarmory|Spikes|p2a: Milotic
|-sidestart|p2: Segale|Spikes
|
|-weather|Sandstorm|[upkeep]
|-damage|p2a: Milotic|88/100|[from] Sandstorm
|-heal|p2a: Milotic|94/100|[from] item: Leftovers
|-heal|p1a: Skarmory|11/100|[from] item: Leftovers
|upkeep
|turn|8
|
|t:|1728417171
|switch|p1a: Blissey|Blissey, F|100/100
|move|p2a: Milotic|Surf|p1a: Blissey
|-damage|p1a: Blissey|87/100
|
|-weather|Sandstorm|[upkeep]
|-damage|p2a: Milotic|88/100|[from] Sandstorm
|-damage|p1a: Blissey|81/100|[from] Sandstorm
|-heal|p2a: Milotic|94/100|[from] item: Leftovers
|-heal|p1a: Blissey|87/100|[from] item: Leftovers
|upkeep
|turn|9
|
|t:|1728417180
|move|p2a: Milotic|Toxic|p1a: Blissey
|-status|p1a: Blissey|tox
|move|p1a: Blissey|Toxic|p2a: Milotic
|-status|p2a: Milotic|tox
|
|-weather|Sandstorm|[upkeep]
|-damage|p2a: Milotic|88/100 tox|[from] Sandstorm
|-damage|p1a: Blissey|81/100 tox|[from] Sandstorm
|-heal|p2a: Milotic|94/100 tox|[from] item: Leftovers
|-damage|p2a: Milotic|88/100 tox|[from] psn
|-heal|p1a: Blissey|87/100 tox|[from] item: Leftovers
|-damage|p1a: Blissey|81/100 tox|[from] psn
|upkeep
|turn|10
|
|t:|1728417190
|move|p2a: Milotic|Refresh|p2a: Milotic
|-curestatus|p2a: Milotic|tox|[msg]
|move|p1a: Blissey|Thunderbolt|p2a: Milotic
|-supereffective|p2a: Milotic
|-damage|p2a: Milotic|54/100
|
|-weather|Sandstorm|[upkeep]
|-damage|p2a: Milotic|47/100|[from] Sandstorm
|-damage|p1a: Blissey|75/100 tox|[from] Sandstorm
|-heal|p2a: Milotic|54/100|[from] item: Leftovers
|-heal|p1a: Blissey|81/100 tox|[from] item: Leftovers
|-damage|p1a: Blissey|68/100 tox|[from] psn
|upkeep
|turn|11
|
|t:|1728417201
|move|p2a: Milotic|Recover|p2a: Milotic
|-heal|p2a: Milotic|100/100
|move|p1a: Blissey|Thunderbolt|p2a: Milotic
|-supereffective|p2a: Milotic
|-damage|p2a: Milotic|67/100
|
|-weather|Sandstorm|[upkeep]
|-damage|p2a: Milotic|61/100|[from] Sandstorm
|-damage|p1a: Blissey|62/100 tox|[from] Sandstorm
|-heal|p2a: Milotic|67/100|[from] item: Leftovers
|-heal|p1a: Blissey|68/100 tox|[from] item: Leftovers
|-damage|p1a: Blissey|50/100 tox|[from] psn
|upkeep
|turn|12
|
|t:|1728417218
|-curestatus|p1a: Blissey|tox|[from] ability: Natural Cure
|switch|p1a: Skarmory|Skarmory, M|11/100
|move|p2a: Milotic|Surf|p1a: Skarmory
|-damage|p1a: Skarmory|0 fnt
|faint|p1a: Skarmory
|
|t:|1728417227
|switch|p1a: Gengar|Gengar, F|100/100
|
|-weather|Sandstorm|[upkeep]
|-damage|p1a: Gengar|94/100|[from] Sandstorm
|-damage|p2a: Milotic|61/100|[from] Sandstorm
|-heal|p1a: Gengar|100/100|[from] item: Leftovers
|-heal|p2a: Milotic|67/100|[from] item: Leftovers
|upkeep
|turn|13
|
|t:|1728417234
|move|p1a: Gengar|Thunderbolt|p2a: Milotic
|-supereffective|p2a: Milotic
|-damage|p2a: Milotic|23/100
|move|p2a: Milotic|Recover|p2a: Milotic
|-heal|p2a: Milotic|73/100
|
|-weather|Sandstorm|[upkeep]
|-damage|p1a: Gengar|94/100|[from] Sandstorm
|-damage|p2a: Milotic|66/100|[from] Sandstorm
|-heal|p1a: Gengar|100/100|[from] item: Leftovers
|-heal|p2a: Milotic|73/100|[from] item: Leftovers
|upkeep
|turn|14
|
|t:|1728417244
|switch|p2a: Blissey|Blissey, F|100/100
|-damage|p2a: Blissey|76/100|[from] Spikes
|move|p1a: Gengar|Thunderbolt|p2a: Blissey
|-damage|p2a: Blissey|63/100
|
|-weather|Sandstorm|[upkeep]
|-damage|p1a: Gengar|94/100|[from] Sandstorm
|-damage|p2a: Blissey|57/100|[from] Sandstorm
|-heal|p1a: Gengar|100/100|[from] item: Leftovers
|-heal|p2a: Blissey|63/100|[from] item: Leftovers
|upkeep
|turn|15
|
|t:|1728417257
|switch|p1a: Swampert|Swampert, M|100/100
|move|p2a: Blissey|Soft-Boiled|p2a: Blissey
|-heal|p2a: Blissey|100/100
|
|-weather|Sandstorm|[upkeep]
|-damage|p2a: Blissey|94/100|[from] Sandstorm
|-heal|p2a: Blissey|100/100|[from] item: Leftovers
|upkeep
|turn|16
|
|t:|1728417266
|switch|p2a: Skarmory|Skarmory, M|100/100
|move|p1a: Swampert|Earthquake|p2a: Skarmory
|-immune|p2a: Skarmory
|
|-weather|Sandstorm|[upkeep]
|upkeep
|turn|17
|
|t:|1728417274
|switch|p1a: Blissey|Blissey, F|50/100
|move|p2a: Skarmory|Spikes|p1a: Blissey
|-sidestart|p1: my_rocks|Spikes
|
|-weather|Sandstorm|[upkeep]
|-damage|p1a: Blissey|44/100|[from] Sandstorm
|-heal|p1a: Blissey|50/100|[from] item: Leftovers
|upkeep
|turn|18
|
|t:|1728417281
|move|p2a: Skarmory|Spikes|p1a: Blissey
|-sidestart|p1: my_rocks|Spikes
|move|p1a: Blissey|Thunderbolt|p2a: Skarmory
|-supereffective|p2a: Skarmory
|-damage|p2a: Skarmory|51/100
|
|-weather|Sandstorm|[upkeep]
|-damage|p1a: Blissey|44/100|[from] Sandstorm
|-heal|p2a: Skarmory|57/100|[from] item: Leftovers
|-heal|p1a: Blissey|50/100|[from] item: Leftovers
|upkeep
|turn|19
|
|t:|1728417294
|switch|p2a: Claydol|Claydol|100/100
|move|p1a: Blissey|Thunderbolt|p2a: Claydol
|-immune|p2a: Claydol
|
|-weather|Sandstorm|[upkeep]
|-damage|p1a: Blissey|44/100|[from] Sandstorm
|-heal|p1a: Blissey|50/100|[from] item: Leftovers
|upkeep
|turn|20
|
|t:|1728417301
|move|p2a: Claydol|Psychic|p1a: Blissey
|-damage|p1a: Blissey|41/100
|move|p1a: Blissey|Ice Beam|p2a: Claydol
|-supereffective|p2a: Claydol
|-damage|p2a: Claydol|52/100
|
|-weather|Sandstorm|[upkeep]
|-damage|p1a: Blissey|35/100|[from] Sandstorm
|-heal|p2a: Claydol|58/100|[from] item: Leftovers
|-heal|p1a: Blissey|41/100|[from] item: Leftovers
|upkeep
|turn|21
|
|t:|1728417310
|move|p2a: Claydol|Rapid Spin|p1a: Blissey
|-damage|p1a: Blissey|36/100
|-sideend|p2: Segale|Spikes|[from] move: Rapid Spin|[of] p2a: Claydol
|move|p1a: Blissey|Soft-Boiled|p1a: Blissey
|-heal|p1a: Blissey|86/100
|
|-weather|Sandstorm|[upkeep]
|-damage|p1a: Blissey|79/100|[from] Sandstorm
|-heal|p2a: Claydol|64/100|[from] item: Leftovers
|-heal|p1a: Blissey|86/100|[from] item: Leftovers
|upkeep
|turn|22
|
|t:|1728417319
|switch|p2a: Blissey|Blissey, F|100/100
|move|p1a: Blissey|Toxic|p2a: Blissey
|-status|p2a: Blissey|tox
|
|-weather|Sandstorm|[upkeep]
|-damage|p2a: Blissey|94/100 tox|[from] Sandstorm
|-damage|p1a: Blissey|79/100|[from] Sandstorm
|-heal|p2a: Blissey|100/100 tox|[from] item: Leftovers
|-heal|p1a: Blissey|86/100|[from] item: Leftovers
|-damage|p2a: Blissey|94/100 tox|[from] psn
|upkeep
|turn|23
|
|t:|1728417332
|switch|p1a: Swampert|Swampert, M|100/100
|-damage|p1a: Swampert|84/100|[from] Spikes
|-curestatus|p2a: Blissey|tox|[from] ability: Natural Cure
|switch|p2a: Registeel|Registeel|100/100
|
|-weather|Sandstorm|[upkeep]
|-heal|p1a: Swampert|90/100|[from] item: Leftovers
|upkeep
|turn|24
|
|t:|1728417342
|switch|p2a: Milotic|Milotic, F|73/100
|move|p1a: Swampert|Hydro Pump|p2a: Milotic|[miss]
|-miss|p1a: Swampert|p2a: Milotic
|
|-weather|Sandstorm|[upkeep]
|-damage|p2a: Milotic|66/100|[from] Sandstorm
|-heal|p2a: Milotic|73/100|[from] item: Leftovers
|-heal|p1a: Swampert|96/100|[from] item: Leftovers
|upkeep
|turn|25
|
|t:|1728417352
|switch|p1a: Blissey|Blissey, F|86/100
|-damage|p1a: Blissey|69/100|[from] Spikes
|move|p2a: Milotic|Recover|p2a: Milotic
|-heal|p2a: Milotic|100/100
|
|-weather|Sandstorm|[upkeep]
|-damage|p2a: Milotic|94/100|[from] Sandstorm
|-damage|p1a: Blissey|63/100|[from] Sandstorm
|-heal|p2a: Milotic|100/100|[from] item: Leftovers
|-heal|p1a: Blissey|69/100|[from] item: Leftovers
|upkeep
|turn|26
|
|t:|1728417361
|move|p2a: Milotic|Toxic|p1a: Blissey|[miss]
|-miss|p2a: Milotic|p1a: Blissey
|move|p1a: Blissey|Toxic|p2a: Milotic
|-status|p2a: Milotic|tox
|
|-weather|Sandstorm|[upkeep]
|-damage|p2a: Milotic|94/100 tox|[from] Sandstorm
|-damage|p1a: Blissey|63/100|[from] Sandstorm
|-heal|p2a: Milotic|100/100 tox|[from] item: Leftovers
|-damage|p2a: Milotic|94/100 tox|[from] psn
|-heal|p1a: Blissey|69/100|[from] item: Leftovers
|upkeep
|turn|27
|
|t:|1728417371
|switch|p2a: Registeel|Registeel|100/100
|move|p1a: Blissey|Thunderbolt|p2a: Registeel
|-damage|p2a: Registeel|86/100
|
|-weather|Sandstorm|[upkeep]
|-damage|p1a: Blissey|63/100|[from] Sandstorm
|-heal|p1a: Blissey|69/100|[from] item: Leftovers
|-heal|p2a: Registeel|92/100|[from] item: Leftovers
|upkeep
|turn|28
|
|t:|1728417380
|switch|p1a: Charizard|Charizard, F|100/100
|move|p2a: Registeel|Seismic Toss|p1a: Charizard
|-damage|p1a: Charizard|67/100
|
|-weather|Sandstorm|[upkeep]
|-damage|p1a: Charizard|61/100|[from] Sandstorm
|-heal|p1a: Charizard|67/100|[from] item: Leftovers
|-heal|p2a: Registeel|98/100|[from] item: Leftovers
|upkeep
|turn|29
|
|t:|1728417394
|move|p1a: Charizard|Hidden Power|p2a: Registeel
|-resisted|p2a: Registeel
|-damage|p2a: Registeel|93/100
|move|p2a: Registeel|Seismic Toss|p1a: Charizard
|-damage|p1a: Charizard|33/100
|
|-weather|Sandstorm|[upkeep]
|-damage|p1a: Charizard|27/100|[from] Sandstorm
|-heal|p1a: Charizard|33/100|[from] item: Leftovers
|-heal|p2a: Registeel|99/100|[from] item: Leftovers
|upkeep
|turn|30
|
|t:|1728417406
|switch|p2a: Blissey|Blissey, F|94/100
|move|p1a: Charizard|Fire Blast|p2a: Blissey|[miss]
|-miss|p1a: Charizard|p2a: Blissey
|
|-weather|Sandstorm|[upkeep]
|-damage|p1a: Charizard|27/100|[from] Sandstorm
|-damage|p2a: Blissey|88/100|[from] Sandstorm
|-heal|p1a: Charizard|33/100|[from] item: Leftovers
|-heal|p2a: Blissey|94/100|[from] item: Leftovers
|upkeep
|turn|31
|
|t:|1728417415
|move|p1a: Charizard|Beat Up|p2a: Blissey
|-damage|p2a: Blissey|85/100
|-damage|p2a: Blissey|68/100
|-damage|p2a: Blissey|54/100
|-damage|p2a: Blissey|53/100
|-damage|p2a: Blissey|45/100
|-hitcount|p2a: Blissey|5
|move|p2a: Blissey|Ice Beam|p1a: Charizard
|-damage|p1a: Charizard|1/100
|
|-weather|Sandstorm|[upkeep]
|-damage|p1a: Charizard|0 fnt|[from] Sandstorm
|-damage|p2a: Blissey|39/100|[from] Sandstorm
|faint|p1a: Charizard
|-heal|p2a: Blissey|45/100|[from] item: Leftovers
|upkeep
|
|t:|1728417429
|switch|p1a: Tyranitar|Tyranitar, M|100/100
|-damage|p1a: Tyranitar|84/100|[from] Spikes
|turn|32
|
|t:|1728417436
|switch|p2a: Milotic|Milotic, F|94/100 tox
|move|p1a: Tyranitar|Brick Break|p2a: Milotic
|-damage|p2a: Milotic|84/100 tox
|
|-weather|Sandstorm|[upkeep]
|-damage|p2a: Milotic|78/100 tox|[from] Sandstorm
|-heal|p2a: Milotic|84/100 tox|[from] item: Leftovers
|-damage|p2a: Milotic|78/100 tox|[from] psn
|upkeep
|turn|33
|
|t:|1728417446
|move|p1a: Tyranitar|Hidden Power|p2a: Milotic
|-supereffective|p2a: Milotic
|-damage|p2a: Milotic|49/100 tox
|move|p2a: Milotic|Refresh|p2a: Milotic
|-curestatus|p2a: Milotic|tox|[msg]
|
|-weather|Sandstorm|[upkeep]
|-damage|p2a: Milotic|43/100|[from] Sandstorm
|-heal|p2a: Milotic|49/100|[from] item: Leftovers
|upkeep
|turn|34
|
|t:|1728417454
|move|p1a: Tyranitar|Hidden Power|p2a: Milotic
|-supereffective|p2a: Milotic
|-damage|p2a: Milotic|19/100
|move|p2a: Milotic|Recover|p2a: Milotic
|-heal|p2a: Milotic|69/100
|
|-weather|Sandstorm|[upkeep]
|-damage|p2a: Milotic|63/100|[from] Sandstorm
|-heal|p2a: Milotic|69/100|[from] item: Leftovers
|upkeep
|turn|35
|
|t:|1728417463
|switch|p1a: Blissey|Blissey, F|69/100
|-damage|p1a: Blissey|52/100|[from] Spikes
|move|p2a: Milotic|Recover|p2a: Milotic
|-heal|p2a: Milotic|100/100
|
|-weather|Sandstorm|[upkeep]
|-damage|p2a: Milotic|94/100|[from] Sandstorm
|-damage|p1a: Blissey|46/100|[from] Sandstorm
|-heal|p2a: Milotic|100/100|[from] item: Leftovers
|-heal|p1a: Blissey|52/100|[from] item: Leftovers
|upkeep
|turn|36
|
|t:|1728417473
|move|p2a: Milotic|Toxic|p1a: Blissey
|-status|p1a: Blissey|tox
|move|p1a: Blissey|Thunderbolt|p2a: Milotic
|-supereffective|p2a: Milotic
|-damage|p2a: Milotic|61/100
|
|-weather|Sandstorm|[upkeep]
|-damage|p2a: Milotic|55/100|[from] Sandstorm
|-damage|p1a: Blissey|46/100 tox|[from] Sandstorm
|-heal|p2a: Milotic|61/100|[from] item: Leftovers
|-heal|p1a: Blissey|52/100 tox|[from] item: Leftovers
|-damage|p1a: Blissey|46/100 tox|[from] psn
|upkeep
|turn|37
|
|t:|1728417484
|move|p2a: Milotic|Recover|p2a: Milotic
|-heal|p2a: Milotic|100/100
|move|p1a: Blissey|Toxic|p2a: Milotic
|-status|p2a: Milotic|tox
|
|-weather|Sandstorm|[upkeep]
|-damage|p2a: Milotic|94/100 tox|[from] Sandstorm
|-damage|p1a: Blissey|40/100 tox|[from] Sandstorm
|-heal|p2a: Milotic|100/100 tox|[from] item: Leftovers
|-damage|p2a: Milotic|94/100 tox|[from] psn
|-heal|p1a: Blissey|46/100 tox|[from] item: Leftovers
|-damage|p1a: Blissey|34/100 tox|[from] psn
|upkeep
|turn|38
|
|t:|1728417495
|move|p2a: Milotic|Refresh|p2a: Milotic
|-curestatus|p2a: Milotic|tox|[msg]
|move|p1a: Blissey|Soft-Boiled|p1a: Blissey
|-heal|p1a: Blissey|84/100 tox
|
|-weather|Sandstorm|[upkeep]
|-damage|p2a: Milotic|88/100|[from] Sandstorm
|-damage|p1a: Blissey|78/100 tox|[from] Sandstorm
|-heal|p2a: Milotic|94/100|[from] item: Leftovers
|-heal|p1a: Blissey|84/100 tox|[from] item: Leftovers
|-damage|p1a: Blissey|65/100 tox|[from] psn
|upkeep
|turn|39
|
|t:|1728417506
|switch|p2a: Claydol|Claydol|64/100
|-curestatus|p1a: Blissey|tox|[from] ability: Natural Cure
|switch|p1a: Gengar|Gengar, F|100/100
|
|-weather|Sandstorm|[upkeep]
|-damage|p1a: Gengar|94/100|[from] Sandstorm
|-heal|p1a: Gengar|100/100|[from] item: Leftovers
|-heal|p2a: Claydol|70/100|[from] item: Leftovers
|upkeep
|turn|40
|
|t:|1728417517
|switch|p1a: Tyranitar|Tyranitar, M|84/100
|-damage|p1a: Tyranitar|68/100|[from] Spikes
|move|p2a: Claydol|Psychic|p1a: Tyranitar
|-immune|p1a: Tyranitar
|
|-weather|Sandstorm|[upkeep]
|-heal|p2a: Claydol|76/100|[from] item: Leftovers
|upkeep
|turn|41
|
|t:|1728417525
|switch|p2a: Milotic|Milotic, F|94/100
|move|p1a: Tyranitar|Hidden Power|p2a: Milotic
|-supereffective|p2a: Milotic
|-damage|p2a: Milotic|65/100
|
|-weather|Sandstorm|[upkeep]
|-damage|p2a: Milotic|59/100|[from] Sandstorm
|-heal|p2a: Milotic|65/100|[from] item: Leftovers
|upkeep
|turn|42
|
|t:|1728417533
|move|p1a: Tyranitar|Hidden Power|p2a: Milotic
|-supereffective|p2a: Milotic
|-damage|p2a: Milotic|35/100
|move|p2a: Milotic|Recover|p2a: Milotic
|-heal|p2a: Milotic|85/100
|
|-weather|Sandstorm|[upkeep]
|-damage|p2a: Milotic|79/100|[from] Sandstorm
|-heal|p2a: Milotic|85/100|[from] item: Leftovers
|upkeep
|turn|43
|
|t:|1728417542
|switch|p1a: Gengar|Gengar, F|100/100
|move|p2a: Milotic|Surf|p1a: Gengar
|-damage|p1a: Gengar|48/100
|
|-weather|Sandstorm|[upkeep]
|-damage|p1a: Gengar|41/100|[from] Sandstorm
|-damage|p2a: Milotic|79/100|[from] Sandstorm
|-heal|p1a: Gengar|48/100|[from] item: Leftovers
|-heal|p2a: Milotic|85/100|[from] item: Leftovers
|upkeep
|turn|44
|
|t:|1728417554
|switch|p2a: Claydol|Claydol|76/100
|move|p1a: Gengar|Thunderbolt|p2a: Claydol
|-immune|p2a: Claydol
|
|-weather|Sandstorm|[upkeep]
|-damage|p1a: Gengar|41/100|[from] Sandstorm
|-heal|p1a: Gengar|48/100|[from] item: Leftovers
|-heal|p2a: Claydol|83/100|[from] item: Leftovers
|upkeep
|turn|45
|
|t:|1728417562
|move|p1a: Gengar|Ice Punch|p2a: Claydol
|-supereffective|p2a: Claydol
|-damage|p2a: Claydol|34/100
|move|p2a: Claydol|Psychic|p1a: Gengar
|-supereffective|p1a: Gengar
|-damage|p1a: Gengar|0 fnt
|faint|p1a: Gengar
|
|t:|1728417569
|switch|p1a: Swampert|Swampert, M|96/100
|-damage|p1a: Swampert|80/100|[from] Spikes
|
|-weather|Sandstorm|[upkeep]
|-heal|p2a: Claydol|40/100|[from] item: Leftovers
|-heal|p1a: Swampert|86/100|[from] item: Leftovers
|upkeep
|turn|46
|
|t:|1728417577
|switch|p2a: Milotic|Milotic, F|85/100
|move|p1a: Swampert|Hydro Pump|p2a: Milotic
|-resisted|p2a: Milotic
|-damage|p2a: Milotic|73/100
|
|-weather|Sandstorm|[upkeep]
|-damage|p2a: Milotic|66/100|[from] Sandstorm
|-heal|p2a: Milotic|73/100|[from] item: Leftovers
|-heal|p1a: Swampert|92/100|[from] item: Leftovers
|upkeep
|turn|47
|
|t:|1728417586
|switch|p1a: Blissey|Blissey, F|65/100
|-damage|p1a: Blissey|49/100|[from] Spikes
|move|p2a: Milotic|Recover|p2a: Milotic
|-heal|p2a: Milotic|100/100
|
|-weather|Sandstorm|[upkeep]
|-damage|p2a: Milotic|94/100|[from] Sandstorm
|-damage|p1a: Blissey|43/100|[from] Sandstorm
|-heal|p2a: Milotic|100/100|[from] item: Leftovers
|-heal|p1a: Blissey|49/100|[from] item: Leftovers
|upkeep
|turn|48
|
|t:|1728417597
|move|p2a: Milotic|Toxic|p1a: Blissey
|-status|p1a: Blissey|tox
|move|p1a: Blissey|Toxic|p2a: Milotic
|-status|p2a: Milotic|tox
|
|-weather|Sandstorm|[upkeep]
|-damage|p2a: Milotic|94/100 tox|[from] Sandstorm
|-damage|p1a: Blissey|43/100 tox|[from] Sandstorm
|-heal|p2a: Milotic|100/100 tox|[from] item: Leftovers
|-damage|p2a: Milotic|94/100 tox|[from] psn
|-heal|p1a: Blissey|49/100 tox|[from] item: Leftovers
|-damage|p1a: Blissey|43/100 tox|[from] psn
|upkeep
|turn|49
|
|t:|1728417607
|move|p2a: Milotic|Refresh|p2a: Milotic
|-curestatus|p2a: Milotic|tox|[msg]
|move|p1a: Blissey|Thunderbolt|p2a: Milotic
|-supereffective|p2a: Milotic
|-damage|p2a: Milotic|55/100
|
|-weather|Sandstorm|[upkeep]
|-damage|p2a: Milotic|49/100|[from] Sandstorm
|-damage|p1a: Blissey|37/100 tox|[from] Sandstorm
|-heal|p2a: Milotic|55/100|[from] item: Leftovers
|-heal|p1a: Blissey|43/100 tox|[from] item: Leftovers
|-damage|p1a: Blissey|30/100 tox|[from] psn
|upkeep
|turn|50
|
|t:|1728417618
|switch|p2a: Dugtrio|Dugtrio, M|100/100
|move|p1a: Blissey|Soft-Boiled|p1a: Blissey
|-heal|p1a: Blissey|80/100 tox
|
|-weather|Sandstorm|[upkeep]
|-damage|p1a: Blissey|74/100 tox|[from] Sandstorm
|-heal|p1a: Blissey|80/100 tox|[from] item: Leftovers
|-damage|p1a: Blissey|62/100 tox|[from] psn
|upkeep
|turn|51
|
|t:|1728417626
|switch|p2a: Milotic|Milotic, F|55/100
|move|p1a: Blissey|Ice Beam|p2a: Milotic
|-resisted|p2a: Milotic
|-damage|p2a: Milotic|46/100
|
|-weather|Sandstorm|[upkeep]
|-damage|p2a: Milotic|40/100|[from] Sandstorm
|-damage|p1a: Blissey|56/100 tox|[from] Sandstorm
|-heal|p2a: Milotic|46/100|[from] item: Leftovers
|-heal|p1a: Blissey|62/100 tox|[from] item: Leftovers
|-damage|p1a: Blissey|37/100 tox|[from] psn
|upkeep
|turn|52
|
|t:|1728417636
|move|p2a: Milotic|Recover|p2a: Milotic
|-heal|p2a: Milotic|96/100
|move|p1a: Blissey|Toxic|p2a: Milotic|[miss]
|-miss|p1a: Blissey|p2a: Milotic
|
|-weather|Sandstorm|[upkeep]
|-damage|p2a: Milotic|90/100|[from] Sandstorm
|-damage|p1a: Blissey|31/100 tox|[from] Sandstorm
|-heal|p2a: Milotic|96/100|[from] item: Leftovers
|-heal|p1a: Blissey|37/100 tox|[from] item: Leftovers
|-damage|p1a: Blissey|7/100 tox|[from] psn
|upkeep
|turn|53
|
|t:|1728417647
|move|p2a: Milotic|Surf|p1a: Blissey
|-damage|p1a: Blissey|0 fnt
|faint|p1a: Blissey
|
|t:|1728417651
|switch|p1a: Swampert|Swampert, M|92/100
|-damage|p1a: Swampert|75/100|[from] Spikes
|
|-weather|Sandstorm|[upkeep]
|-damage|p2a: Milotic|90/100|[from] Sandstorm
|-heal|p2a: Milotic|96/100|[from] item: Leftovers
|-heal|p1a: Swampert|82/100|[from] item: Leftovers
|upkeep
|turn|54
|
|t:|1728417658
|move|p2a: Milotic|Toxic|p1a: Swampert|[miss]
|-miss|p2a: Milotic|p1a: Swampert
|move|p1a: Swampert|Earthquake|p2a: Milotic
|-damage|p2a: Milotic|71/100
|
|-weather|Sandstorm|[upkeep]
|-damage|p2a: Milotic|64/100|[from] Sandstorm
|-heal|p2a: Milotic|71/100|[from] item: Leftovers
|-heal|p1a: Swampert|88/100|[from] item: Leftovers
|upkeep
|turn|55
|
|t:|1728417667
|move|p2a: Milotic|Toxic|p1a: Swampert
|-status|p1a: Swampert|tox
|move|p1a: Swampert|Earthquake|p2a: Milotic
|-damage|p2a: Milotic|45/100
|
|-weather|Sandstorm|[upkeep]
|-damage|p2a: Milotic|39/100|[from] Sandstorm
|-heal|p2a: Milotic|45/100|[from] item: Leftovers
|-heal|p1a: Swampert|94/100 tox|[from] item: Leftovers
|-damage|p1a: Swampert|88/100 tox|[from] psn
|upkeep
|turn|56
|
|t:|1728417680
|move|p2a: Milotic|Recover|p2a: Milotic
|-heal|p2a: Milotic|95/100
|move|p1a: Swampert|Earthquake|p2a: Milotic
|-damage|p2a: Milotic|66/100
|
|-weather|Sandstorm|[upkeep]
|-damage|p2a: Milotic|60/100|[from] Sandstorm
|-heal|p2a: Milotic|66/100|[from] item: Leftovers
|-heal|p1a: Swampert|94/100 tox|[from] item: Leftovers
|-damage|p1a: Swampert|82/100 tox|[from] psn
|upkeep
|turn|57
|
|t:|1728417700
|move|p2a: Milotic|Recover|p2a: Milotic
|-heal|p2a: Milotic|100/100
|move|p1a: Swampert|Earthquake|p2a: Milotic
|-damage|p2a: Milotic|75/100
|
|-weather|Sandstorm|[upkeep]
|-damage|p2a: Milotic|69/100|[from] Sandstorm
|-heal|p2a: Milotic|75/100|[from] item: Leftovers
|-heal|p1a: Swampert|88/100 tox|[from] item: Leftovers
|-damage|p1a: Swampert|69/100 tox|[from] psn
|upkeep
|turn|58
|
|t:|1728417712
|move|p2a: Milotic|Surf|p1a: Swampert
|-damage|p1a: Swampert|39/100 tox
|move|p1a: Swampert|Earthquake|p2a: Milotic
|-damage|p2a: Milotic|45/100
|
|-weather|Sandstorm|[upkeep]
|-damage|p2a: Milotic|39/100|[from] Sandstorm
|-heal|p2a: Milotic|45/100|[from] item: Leftovers
|-heal|p1a: Swampert|45/100 tox|[from] item: Leftovers
|-damage|p1a: Swampert|20/100 tox|[from] psn
|upkeep
|turn|59
|
|t:|1728417722
|move|p2a: Milotic|Recover|p2a: Milotic
|-heal|p2a: Milotic|95/100
|move|p1a: Swampert|Earthquake|p2a: Milotic
|-damage|p2a: Milotic|67/100
|
|-weather|Sandstorm|[upkeep]
|-damage|p2a: Milotic|61/100|[from] Sandstorm
|-heal|p2a: Milotic|67/100|[from] item: Leftovers
|-heal|p1a: Swampert|26/100 tox|[from] item: Leftovers
|-damage|p1a: Swampert|0 fnt|[from] psn
|faint|p1a: Swampert
|upkeep
|c|☆Segale|gg
|c|☆my_rocks|yeah thats gg
|
|t:|1728417734
|switch|p1a: Tyranitar|Tyranitar, M|68/100
|-damage|p1a: Tyranitar|51/100|[from] Spikes
|turn|60
|
|t:|1728417738
|move|p1a: Tyranitar|Hidden Power|p2a: Milotic
|-supereffective|p2a: Milotic
|-damage|p2a: Milotic|40/100
|move|p2a: Milotic|Surf|p1a: Tyranitar
|-supereffective|p1a: Tyranitar
|-damage|p1a: Tyranitar|0 fnt
|faint|p1a: Tyranitar
|
|win|Segale
|c|☆Segale|/log Segale made the replay of this battle unlisted.
|player|p2|
|c|☆my_rocks|u gonna send the replays?

</script>
<script type="application/json" class="data" id="replaydata-smogtours-gen3ou-796463">
{"id":"smogtours-gen3ou-796463","format":"[Gen 3] OU","players":["my_rocks","Segale"],"uploadtime":1728417738,"views":140,"formatid":"gen3ou","rating":null,"private":1,"password":null}
</script>

<script defer src="js/replays.js?9d40a366"></script>
