<!DOCTYPE html>
<meta charset="utf-8" />
<meta name="viewport" content="width=device-width" />

<title>[Gen 3] OU: 3 blades vs. antantantantant - Replays - Pok&eacute;mon Showdown!</title>

<meta name="description" content="Watch a replay of a Pok&eacute;mon battle between 3 blades and antantantantant! Format: [Gen 3] OU; Date: Oct 11, 2024" />
<!--

Hey, you! Looking in the source for the replay log?

You can find them in JSON format, just add `.json` at the end of a replay URL.

https://replay.pokemonshowdown.com/gen7randomdoublesbattle-865046831.json

Or, if you only need the log itself, add `.log` instead:

https://replay.pokemonshowdown.com/gen7randomdoublesbattle-865046831.log

-->

<link rel="stylesheet" href="//pokemonshowdown.com/style/global.css?0.767286132409787" />
<link rel="stylesheet" href="//play.pokemonshowdown.com/style/font-awesome.css?0.9266228007934947" />
<link rel="stylesheet" href="//play.pokemonshowdown.com/style/battle.css?0.7924700842790926" />
<link rel="stylesheet" href="//play.pokemonshowdown.com/style/utilichart.css?0.8777417872839479" />

<!-- Global site tag (gtag.js) - Google Analytics -->
<script async src="https://www.googletagmanager.com/gtag/js?id=UA-26211653-1"></script>
<script>
  window.dataLayer = window.dataLayer || [];
  function gtag(){dataLayer.push(arguments);}
  gtag('js', new Date());

  gtag('config', 'UA-26211653-1');
</script>
<!-- End Google Analytics -->
<!-- Venatus Ad Manager - Install in <HEAD> of page -->
	<script src="https://hb.vntsm.com/v3/live/ad-manager.min.js" type="text/javascript" data-site-id="642aba63ec9a7b11c3c9c1be" data-mode="scan" async></script>
<!-- / Venatus Ad Manager -->

<style>
	@media (max-width:820px) {
		.battle {
			margin: 0 auto;
		}
		.battle-log {
			margin: 7px auto 0;
			max-width: 640px;
			height: 300px;
			position: static;
		}
	}
	.optgroup {
		display: inline-block;
		line-height: 22px;
		font-size: 10pt;
	}
	.optgroup .button {
		height: 25px;
		padding-top: 0;
		padding-bottom: 0;
	}
	.optgroup button.button {
		padding-left: 12px;
		padding-right: 12px;
	}
	.linklist {
		list-style: none;
		margin: 0.5em 0;
		padding: 0;
	}
	.linklist li {
		padding: 2px 0;
	}
	.sidebar {
		float: left;
		width: 320px;
	}
	.bar-wrapper {
		max-width: 1100px;
		margin: 0 auto;
	}
	.bar-wrapper.has-sidebar {
		max-width: 1430px;
	}
	.mainbar {
		margin: 0;
		padding-right: 1px;
	}
	.mainbar.has-sidebar {
		margin-left: 330px;
	}
	@media (min-width: 1511px) {
		.sidebar {
			width: 400px;
		}
		.bar-wrapper.has-sidebar {
			max-width: 1510px;
		}
		.mainbar.has-sidebar {
			margin-left: 410px;
		}
	}
	.section.first-section {
		margin-top: 9px;
	}
	.blocklink small {
		white-space: normal;
	}
	.button {
		vertical-align: middle;
	}
	.replay-controls {
		padding-top: 10px;
	}
	.replay-controls h1 {
		font-size: 16pt;
		font-weight: normal;
		color: #CCC;
	}
	.pagelink {
		text-align: center;
	}
	.pagelink a {
		width: 150px;
	}
	.textbox, .button {
		font-size: 11pt;
		vertical-align: middle;
	}
	@media (max-width: 450px) {
		.button {
			font-size: 9pt;
		}
	}
</style>

<div>

	<header>
		<div class="nav-wrapper"><ul class="nav">
			<li><a class="button nav-first" href="//pokemonshowdown.com/"><img src="//pokemonshowdown.com/images/pokemonshowdownbeta.png" srcset="//pokemonshowdown.com/images/pokemonshowdownbeta.png 1x, //pokemonshowdown.com/images/pokemonshowdownbeta@2x.png 2x" alt="Pok&eacute;mon Showdown" width="146" height="44" /> Home</a></li>
			<li><a class="button" href="//pokemonshowdown.com/dex/">Pok&eacute;dex</a></li>
			<li><a class="button cur" href="/">Replays</a></li>
			<li><a class="button" href="//pokemonshowdown.com/ladder/">Ladder</a></li>
			<li><a class="button nav-last" href="//pokemonshowdown.com/forums/">Forum</a></li>
			<li><a class="button greenbutton nav-first nav-last" href="//play.pokemonshowdown.com/">Play</a></li>
		</ul></div>
	</header>

	<div class="main" id="main">

		<noscript><section class="section">You need to enable JavaScript to use this page; sorry!</section></noscript>

	</div>

</div>

<script defer nomodule src="//play.pokemonshowdown.com/js/lib/ps-polyfill.js"></script>
<script defer src="//play.pokemonshowdown.com/js/lib/preact.min.js"></script>

<script defer src="//play.pokemonshowdown.com/config/config.js?6dec07f6"></script>
<script defer src="//play.pokemonshowdown.com/js/lib/jquery-1.11.0.min.js"></script>
<script defer src="//play.pokemonshowdown.com/js/lib/html-sanitizer-minified.js"></script>
<script defer src="//play.pokemonshowdown.com/js/battle-sound.js"></script>
<script defer src="//play.pokemonshowdown.com/js/battledata.js?0.6315294753075389"></script>
<script defer src="//play.pokemonshowdown.com/data/pokedex-mini.js?0.7603743185311358"></script>
<script defer src="//play.pokemonshowdown.com/data/pokedex-mini-bw.js?0.030888842834281283"></script>
<script defer src="//play.pokemonshowdown.com/data/graphics.js?0.05593094747507488"></script>
<script defer src="//play.pokemonshowdown.com/data/pokedex.js?0.47064822249611904"></script>
<script defer src="//play.pokemonshowdown.com/data/moves.js?0.8583693120512459"></script>
<script defer src="//play.pokemonshowdown.com/data/abilities.js?0.16017181182386842"></script>
<script defer src="//play.pokemonshowdown.com/data/items.js?0.4163379185673943"></script>
<script defer src="//play.pokemonshowdown.com/data/teambuilder-tables.js?0.31075597372830477"></script>
<script defer src="//play.pokemonshowdown.com/js/battle-tooltips.js?0.6536193500708172"></script>
<script defer src="//play.pokemonshowdown.com/js/battle.js?0.1916591943277901"></script>

<script defer src="js/utils.js?e31f9a17"></script>
<script defer src="js/replays-battle.js?7008c182"></script>

<!-- don't scrape this data! just add .json or .log after the URL!
Full API docs: https://github.com/smogon/pokemon-showdown-client/blob/master/WEB-API.md -->
<script type="text/plain" class="log" id="replaylog-smogtours-gen3ou-797260">
|inactive|Battle timer is ON: inactive players will automatically lose when time's up.
|t:|1728676440
|gametype|singles
|player|p1|3 blades|guzma|
|player|p2|antantantantant|265|
|teamsize|p1|6
|teamsize|p2|6
|gen|3
|tier|[Gen 3] OU
|rule|Sleep Clause Mod: Limit one foe put to sleep
|rule|Switch Priority Clause Mod: Faster Pokémon switch first
|rule|Species Clause: Limit one of each Pokémon
|rule|OHKO Clause: OHKO moves are banned
|rule|Evasion Items Clause: Evasion items are banned
|rule|Evasion Moves Clause: Evasion moves are banned
|rule|Endless Battle Clause: Forcing endless battles is banned
|rule|HP Percentage Mod: HP is shown in percentages
|rule|One Boost Passer Clause: Limit one Baton Passer that has a way to boost its stats
|rule|Freeze Clause Mod: Limit one foe frozen
|
|t:|1728676440
|start
|switch|p1a: STAR PLATINUM|Swampert, F|100/100
|switch|p2a: Tyranitar|Tyranitar, M|100/100
|-weather|Sandstorm|[from] ability: Sand Stream|[of] p2a: Tyranitar
|turn|1
|c|☆3 blades|hf
|c|☆antantantantant|glgl
|
|t:|1728676450
|switch|p2a: Milotic|Milotic, F|100/100
|move|p1a: STAR PLATINUM|Hydro Pump|p2a: Milotic|[miss]
|-miss|p1a: STAR PLATINUM|p2a: Milotic
|
|-weather|Sandstorm|[upkeep]
|-damage|p2a: Milotic|94/100|[from] Sandstorm
|-heal|p2a: Milotic|100/100|[from] item: Leftovers
|upkeep
|turn|2
|
|t:|1728676456
|switch|p1a: STONE FREE|Celebi|100/100
|move|p2a: Milotic|Toxic|p1a: STONE FREE
|-status|p1a: STONE FREE|tox
|
|-weather|Sandstorm|[upkeep]
|-damage|p1a: STONE FREE|94/100 tox|[from] Sandstorm
|-damage|p2a: Milotic|94/100|[from] Sandstorm
|-heal|p1a: STONE FREE|100/100 tox|[from] item: Leftovers
|-damage|p1a: STONE FREE|94/100 tox|[from] psn
|-heal|p2a: Milotic|100/100|[from] item: Leftovers
|upkeep
|turn|3
|
|t:|1728676462
|switch|p2a: Skarmory|Skarmory, M|100/100
|move|p1a: STONE FREE|Baton Pass|p1a: STONE FREE
|
|t:|1728676465
|-curestatus|p1a: STONE FREE|tox|[from] ability: Natural Cure
|switch|p1a: C-MOON|Jolteon, F|100/100|[from] Baton Pass
|
|-weather|Sandstorm|[upkeep]
|-damage|p1a: C-MOON|94/100|[from] Sandstorm
|-heal|p1a: C-MOON|100/100|[from] item: Leftovers
|upkeep
|turn|4
|
|t:|1728676469
|switch|p2a: Blissey|Blissey, F|100/100
|move|p1a: C-MOON|Baton Pass|p1a: C-MOON
|
|t:|1728676470
|switch|p1a: HERMIT PURPLE|Metagross|100/100|[from] Baton Pass
|
|-weather|Sandstorm|[upkeep]
|-damage|p2a: Blissey|94/100|[from] Sandstorm
|-heal|p2a: Blissey|100/100|[from] item: Leftovers
|upkeep
|turn|5
|
|t:|1728676485
|switch|p2a: Claydol|Claydol|100/100
|move|p1a: HERMIT PURPLE|Hidden Power|p2a: Claydol
|-crit|p2a: Claydol
|-damage|p2a: Claydol|62/100
|
|-weather|Sandstorm|[upkeep]
|-heal|p2a: Claydol|68/100|[from] item: Leftovers
|upkeep
|turn|6
|
|t:|1728676499
|switch|p2a: Skarmory|Skarmory, M|100/100
|move|p1a: HERMIT PURPLE|Meteor Mash|p2a: Skarmory
|-resisted|p2a: Skarmory
|-damage|p2a: Skarmory|82/100
|
|-weather|Sandstorm|[upkeep]
|-heal|p2a: Skarmory|88/100|[from] item: Leftovers
|upkeep
|turn|7
|c|+Elian|spl?
|
|t:|1728676508
|move|p2a: Skarmory|Protect|p2a: Skarmory
|-singleturn|p2a: Skarmory|Protect
|move|p1a: HERMIT PURPLE|Hidden Power|p2a: Skarmory
|-activate|p2a: Skarmory|Protect
|
|-weather|Sandstorm|[upkeep]
|-heal|p2a: Skarmory|94/100|[from] item: Leftovers
|upkeep
|turn|8
|c|☆3 blades|yeah finals
|
|t:|1728676520
|move|p1a: HERMIT PURPLE|Hidden Power|p2a: Skarmory
|-supereffective|p2a: Skarmory
|-damage|p2a: Skarmory|50/100
|move|p2a: Skarmory|Spikes|p1a: HERMIT PURPLE
|-sidestart|p1: 3 blades|Spikes
|
|-weather|Sandstorm|[upkeep]
|-heal|p2a: Skarmory|56/100|[from] item: Leftovers
|upkeep
|turn|9
|
|t:|1728676523
|move|p2a: Skarmory|Protect|p2a: Skarmory
|-singleturn|p2a: Skarmory|Protect
|move|p1a: HERMIT PURPLE|Hidden Power|p2a: Skarmory
|-activate|p2a: Skarmory|Protect
|
|-weather|Sandstorm|[upkeep]
|-heal|p2a: Skarmory|62/100|[from] item: Leftovers
|upkeep
|turn|10
|
|t:|1728676529
|switch|p2a: Milotic|Milotic, F|100/100
|move|p1a: HERMIT PURPLE|Hidden Power|p2a: Milotic
|-resisted|p2a: Milotic
|-damage|p2a: Milotic|93/100
|
|-weather|Sandstorm|[upkeep]
|-damage|p2a: Milotic|87/100|[from] Sandstorm
|-heal|p2a: Milotic|93/100|[from] item: Leftovers
|upkeep
|turn|11
|
|t:|1728676545
|switch|p2a: Claydol|Claydol|68/100
|move|p1a: HERMIT PURPLE|Meteor Mash|p2a: Claydol
|-damage|p2a: Claydol|26/100
|-boost|p1a: HERMIT PURPLE|atk|1
|
|-weather|Sandstorm|[upkeep]
|-heal|p2a: Claydol|32/100|[from] item: Leftovers
|upkeep
|turn|12
|
|t:|1728676550
|move|p1a: HERMIT PURPLE|Meteor Mash|p2a: Claydol
|-damage|p2a: Claydol|0 fnt
|faint|p2a: Claydol
|
|t:|1728676553
|switch|p2a: Skarmory|Skarmory, M|62/100
|
|-weather|Sandstorm|[upkeep]
|-heal|p2a: Skarmory|68/100|[from] item: Leftovers
|upkeep
|turn|13
|
|t:|1728676557
|move|p1a: HERMIT PURPLE|Hidden Power|p2a: Skarmory
|-supereffective|p2a: Skarmory
|-damage|p2a: Skarmory|25/100
|move|p2a: Skarmory|Roar|p1a: HERMIT PURPLE
|drag|p1a: KILLER QUEEN|Salamence, F|100/100
|-ability|p1a: KILLER QUEEN|Intimidate|boost
|-unboost|p2a: Skarmory|atk|1
|
|-weather|Sandstorm|[upkeep]
|-damage|p1a: KILLER QUEEN|94/100|[from] Sandstorm
|-heal|p1a: KILLER QUEEN|100/100|[from] item: Leftovers
|-heal|p2a: Skarmory|31/100|[from] item: Leftovers
|upkeep
|turn|14
|
|t:|1728676574
|switch|p1a: HERMIT PURPLE|Metagross|100/100
|-damage|p1a: HERMIT PURPLE|88/100|[from] Spikes
|move|p2a: Skarmory|Protect||[still]
|-fail|p2a: Skarmory
|
|-weather|Sandstorm|[upkeep]
|-heal|p1a: HERMIT PURPLE|94/100|[from] item: Leftovers
|-heal|p2a: Skarmory|37/100|[from] item: Leftovers
|upkeep
|turn|15
|
|t:|1728676578
|move|p2a: Skarmory|Protect|p2a: Skarmory
|-singleturn|p2a: Skarmory|Protect
|move|p1a: HERMIT PURPLE|Hidden Power|p2a: Skarmory
|-activate|p2a: Skarmory|Protect
|
|-weather|Sandstorm|[upkeep]
|-heal|p1a: HERMIT PURPLE|100/100|[from] item: Leftovers
|-heal|p2a: Skarmory|43/100|[from] item: Leftovers
|upkeep
|turn|16
|
|t:|1728676586
|switch|p2a: Milotic|Milotic, F|93/100
|move|p1a: HERMIT PURPLE|Hidden Power|p2a: Milotic
|-resisted|p2a: Milotic
|-damage|p2a: Milotic|86/100
|
|-weather|Sandstorm|[upkeep]
|-damage|p2a: Milotic|79/100|[from] Sandstorm
|-heal|p2a: Milotic|86/100|[from] item: Leftovers
|upkeep
|turn|17
|
|t:|1728676588
|move|p2a: Milotic|Surf|p1a: HERMIT PURPLE
|-damage|p1a: HERMIT PURPLE|61/100
|move|p1a: HERMIT PURPLE|Psychic|p2a: Milotic
|-damage|p2a: Milotic|57/100
|
|-weather|Sandstorm|[upkeep]
|-damage|p2a: Milotic|51/100|[from] Sandstorm
|-heal|p2a: Milotic|57/100|[from] item: Leftovers
|-heal|p1a: HERMIT PURPLE|67/100|[from] item: Leftovers
|upkeep
|turn|18
|
|t:|1728676595
|switch|p2a: Tyranitar|Tyranitar, M|100/100
|switch|p1a: STONE FREE|Celebi|94/100
|-damage|p1a: STONE FREE|82/100|[from] Spikes
|
|-weather|Sandstorm|[upkeep]
|-damage|p1a: STONE FREE|76/100|[from] Sandstorm
|-heal|p1a: STONE FREE|82/100|[from] item: Leftovers
|upkeep
|turn|19
|
|t:|1728676603
|switch|p2a: Skarmory|Skarmory, M|43/100
|move|p1a: STONE FREE|Leech Seed|p2a: Skarmory
|-start|p2a: Skarmory|move: Leech Seed
|
|-weather|Sandstorm|[upkeep]
|-damage|p1a: STONE FREE|76/100|[from] Sandstorm
|-heal|p1a: STONE FREE|82/100|[from] item: Leftovers
|-heal|p2a: Skarmory|49/100|[from] item: Leftovers
|-damage|p2a: Skarmory|37/100|[from] Leech Seed|[of] p1a: STONE FREE
|-heal|p1a: STONE FREE|92/100|[silent]
|upkeep
|turn|20
|
|t:|1728676607
|move|p1a: STONE FREE|Swords Dance|p1a: STONE FREE
|-boost|p1a: STONE FREE|atk|2
|move|p2a: Skarmory|Spikes|p1a: STONE FREE
|-sidestart|p1: 3 blades|Spikes
|
|-weather|Sandstorm|[upkeep]
|-damage|p1a: STONE FREE|86/100|[from] Sandstorm
|-heal|p1a: STONE FREE|92/100|[from] item: Leftovers
|-heal|p2a: Skarmory|43/100|[from] item: Leftovers
|-damage|p2a: Skarmory|30/100|[from] Leech Seed|[of] p1a: STONE FREE
|-heal|p1a: STONE FREE|100/100|[silent]
|upkeep
|turn|21
|
|t:|1728676612
|move|p1a: STONE FREE|Baton Pass|p1a: STONE FREE
|
|t:|1728676613
|switch|p1a: HERMIT PURPLE|Metagross|67/100|[from] Baton Pass
|-damage|p1a: HERMIT PURPLE|50/100|[from] Spikes
|move|p2a: Skarmory|Roar|p1a: HERMIT PURPLE
|drag|p1a: C-MOON|Jolteon, F|100/100
|-damage|p1a: C-MOON|84/100|[from] Spikes
|
|-weather|Sandstorm|[upkeep]
|-damage|p1a: C-MOON|78/100|[from] Sandstorm
|-heal|p1a: C-MOON|84/100|[from] item: Leftovers
|-heal|p2a: Skarmory|36/100|[from] item: Leftovers
|-damage|p2a: Skarmory|24/100|[from] Leech Seed|[of] p1a: C-MOON
|-heal|p1a: C-MOON|99/100|[silent]
|upkeep
|turn|22
|
|t:|1728676618
|switch|p2a: Blissey|Blissey, F|100/100
|move|p1a: C-MOON|Baton Pass|p1a: C-MOON
|
|t:|1728676619
|switch|p1a: MILAGROMAN|Heracross, F|100/100|[from] Baton Pass
|-damage|p1a: MILAGROMAN|84/100|[from] Spikes
|
|-weather|Sandstorm|[upkeep]
|-damage|p1a: MILAGROMAN|78/100|[from] Sandstorm
|-damage|p2a: Blissey|94/100|[from] Sandstorm
|-heal|p2a: Blissey|100/100|[from] item: Leftovers
|upkeep
|turn|23
|
|t:|1728676629
|switch|p2a: Skarmory|Skarmory, M|24/100
|move|p1a: MILAGROMAN|Substitute|p1a: MILAGROMAN
|-start|p1a: MILAGROMAN|Substitute
|-damage|p1a: MILAGROMAN|53/100
|
|-weather|Sandstorm|[upkeep]
|-damage|p1a: MILAGROMAN|47/100|[from] Sandstorm
|-heal|p2a: Skarmory|30/100|[from] item: Leftovers
|upkeep
|turn|24
|
|t:|1728676638
|-singleturn|p1a: MILAGROMAN|move: Focus Punch
|move|p2a: Skarmory|Protect|p2a: Skarmory
|-singleturn|p2a: Skarmory|Protect
|move|p1a: MILAGROMAN|Focus Punch|p2a: Skarmory
|-activate|p2a: Skarmory|Protect
|
|-weather|Sandstorm|[upkeep]
|-damage|p1a: MILAGROMAN|41/100|[from] Sandstorm
|-heal|p2a: Skarmory|36/100|[from] item: Leftovers
|upkeep
|turn|25
|
|t:|1728676647
|-singleturn|p1a: MILAGROMAN|move: Focus Punch
|move|p2a: Skarmory|Protect||[still]
|-fail|p2a: Skarmory
|move|p1a: MILAGROMAN|Focus Punch|p2a: Skarmory
|-damage|p2a: Skarmory|0 fnt
|faint|p2a: Skarmory
|
|t:|1728676654
|switch|p2a: Dugtrio|Dugtrio, M|100/100
|
|-weather|Sandstorm|[upkeep]
|-damage|p1a: MILAGROMAN|35/100|[from] Sandstorm
|upkeep
|turn|26
|
|t:|1728676666
|-singleturn|p1a: MILAGROMAN|move: Focus Punch
|move|p2a: Dugtrio|Aerial Ace|p1a: MILAGROMAN
|-supereffective|p1a: MILAGROMAN
|-end|p1a: MILAGROMAN|Substitute
|move|p1a: MILAGROMAN|Focus Punch|p2a: Dugtrio
|-damage|p2a: Dugtrio|0 fnt
|faint|p2a: Dugtrio
|
|t:|1728676671
|switch|p2a: Milotic|Milotic, F|57/100
|
|-weather|Sandstorm|[upkeep]
|-damage|p1a: MILAGROMAN|29/100|[from] Sandstorm
|-damage|p2a: Milotic|51/100|[from] Sandstorm
|-heal|p2a: Milotic|57/100|[from] item: Leftovers
|upkeep
|turn|27
|c|☆antantantantant|ggs man 
|
|t:|1728676680
|move|p1a: MILAGROMAN|Megahorn|p2a: Milotic
|-damage|p2a: Milotic|0 fnt
|faint|p2a: Milotic
|
|t:|1728676684
|switch|p2a: Tyranitar|Tyranitar, M|100/100
|
|-weather|Sandstorm|[upkeep]
|-damage|p1a: MILAGROMAN|23/100|[from] Sandstorm
|-enditem|p1a: MILAGROMAN|Salac Berry|[eat]
|-boost|p1a: MILAGROMAN|spe|1|[from] item: Salac Berry
|upkeep
|turn|28
|
|t:|1728676688
|move|p1a: MILAGROMAN|Megahorn|p2a: Tyranitar
|-supereffective|p2a: Tyranitar
|-damage|p2a: Tyranitar|0 fnt
|faint|p2a: Tyranitar
|
|t:|1728676690
|switch|p2a: Blissey|Blissey, F|100/100
|
|-weather|Sandstorm|[upkeep]
|-damage|p1a: MILAGROMAN|17/100|[from] Sandstorm
|-damage|p2a: Blissey|94/100|[from] Sandstorm
|-heal|p2a: Blissey|100/100|[from] item: Leftovers
|upkeep
|turn|29
|
|t:|1728676694
|switch|p1a: HERMIT PURPLE|Metagross|50/100
|-damage|p1a: HERMIT PURPLE|33/100|[from] Spikes
|move|p2a: Blissey|Calm Mind|p2a: Blissey
|-boost|p2a: Blissey|spa|1
|-boost|p2a: Blissey|spd|1
|
|-weather|Sandstorm|[upkeep]
|-damage|p2a: Blissey|94/100|[from] Sandstorm
|-heal|p1a: HERMIT PURPLE|40/100|[from] item: Leftovers
|-heal|p2a: Blissey|100/100|[from] item: Leftovers
|upkeep
|turn|30
|c|☆3 blades|ggs
|
|t:|1728676698
|move|p1a: HERMIT PURPLE|Explosion|p2a: Blissey
|-damage|p2a: Blissey|0 fnt
|faint|p1a: HERMIT PURPLE
|faint|p2a: Blissey
|
|win|3 blades

</script>
<script type="application/json" class="data" id="replaydata-smogtours-gen3ou-797260">
{"id":"smogtours-gen3ou-797260","format":"[Gen 3] OU","players":["3 blades","antantantantant"],"uploadtime":1728676698,"views":179,"formatid":"gen3ou","rating":null,"private":0,"password":null}
</script>

<script defer src="js/replays.js?9d40a366"></script>
