<!DOCTYPE html>
<meta charset="utf-8" />
<meta name="viewport" content="width=device-width" />

<title>[Gen 3] OU: tefoshark vs. GShed - Replays - Pok&eacute;mon Showdown!</title>

<meta name="description" content="Watch a replay of a Pok&eacute;mon battle between tefoshark and GShed! Format: [Gen 3] OU; Date: Oct 22, 2024" />
<!--

Hey, you! Looking in the source for the replay log?

You can find them in JSON format, just add `.json` at the end of a replay URL.

https://replay.pokemonshowdown.com/gen7randomdoublesbattle-865046831.json

Or, if you only need the log itself, add `.log` instead:

https://replay.pokemonshowdown.com/gen7randomdoublesbattle-865046831.log

-->

<link rel="stylesheet" href="//pokemonshowdown.com/style/global.css?0.023195364461161105" />
<link rel="stylesheet" href="//play.pokemonshowdown.com/style/font-awesome.css?0.13261647063804238" />
<link rel="stylesheet" href="//play.pokemonshowdown.com/style/battle.css?0.8753245789963631" />
<link rel="stylesheet" href="//play.pokemonshowdown.com/style/utilichart.css?0.8627959624976733" />

<!-- Global site tag (gtag.js) - Google Analytics -->
<script async src="https://www.googletagmanager.com/gtag/js?id=UA-26211653-1"></script>
<script>
  window.dataLayer = window.dataLayer || [];
  function gtag(){dataLayer.push(arguments);}
  gtag('js', new Date());

  gtag('config', 'UA-26211653-1');
</script>
<!-- End Google Analytics -->
<!-- Venatus Ad Manager - Install in <HEAD> of page -->
	<script src="https://hb.vntsm.com/v3/live/ad-manager.min.js" type="text/javascript" data-site-id="642aba63ec9a7b11c3c9c1be" data-mode="scan" async></script>
<!-- / Venatus Ad Manager -->

<style>
	@media (max-width:820px) {
		.battle {
			margin: 0 auto;
		}
		.battle-log {
			margin: 7px auto 0;
			max-width: 640px;
			height: 300px;
			position: static;
		}
	}
	.optgroup {
		display: inline-block;
		line-height: 22px;
		font-size: 10pt;
	}
	.optgroup .button {
		height: 25px;
		padding-top: 0;
		padding-bottom: 0;
	}
	.optgroup button.button {
		padding-left: 12px;
		padding-right: 12px;
	}
	.linklist {
		list-style: none;
		margin: 0.5em 0;
		padding: 0;
	}
	.linklist li {
		padding: 2px 0;
	}
	.sidebar {
		float: left;
		width: 320px;
	}
	.bar-wrapper {
		max-width: 1100px;
		margin: 0 auto;
	}
	.bar-wrapper.has-sidebar {
		max-width: 1430px;
	}
	.mainbar {
		margin: 0;
		padding-right: 1px;
	}
	.mainbar.has-sidebar {
		margin-left: 330px;
	}
	@media (min-width: 1511px) {
		.sidebar {
			width: 400px;
		}
		.bar-wrapper.has-sidebar {
			max-width: 1510px;
		}
		.mainbar.has-sidebar {
			margin-left: 410px;
		}
	}
	.section.first-section {
		margin-top: 9px;
	}
	.blocklink small {
		white-space: normal;
	}
	.button {
		vertical-align: middle;
	}
	.replay-controls {
		padding-top: 10px;
	}
	.replay-controls h1 {
		font-size: 16pt;
		font-weight: normal;
		color: #CCC;
	}
	.pagelink {
		text-align: center;
	}
	.pagelink a {
		width: 150px;
	}
	.textbox, .button {
		font-size: 11pt;
		vertical-align: middle;
	}
	@media (max-width: 450px) {
		.button {
			font-size: 9pt;
		}
	}
</style>

<div>

	<header>
		<div class="nav-wrapper"><ul class="nav">
			<li><a class="button nav-first" href="//pokemonshowdown.com/"><img src="//pokemonshowdown.com/images/pokemonshowdownbeta.png" srcset="//pokemonshowdown.com/images/pokemonshowdownbeta.png 1x, //pokemonshowdown.com/images/pokemonshowdownbeta@2x.png 2x" alt="Pok&eacute;mon Showdown" width="146" height="44" /> Home</a></li>
			<li><a class="button" href="//pokemonshowdown.com/dex/">Pok&eacute;dex</a></li>
			<li><a class="button cur" href="/">Replays</a></li>
			<li><a class="button" href="//pokemonshowdown.com/ladder/">Ladder</a></li>
			<li><a class="button nav-last" href="//pokemonshowdown.com/forums/">Forum</a></li>
			<li><a class="button greenbutton nav-first nav-last" href="//play.pokemonshowdown.com/">Play</a></li>
		</ul></div>
	</header>

	<div class="main" id="main">

		<noscript><section class="section">You need to enable JavaScript to use this page; sorry!</section></noscript>

	</div>

</div>

<script defer nomodule src="//play.pokemonshowdown.com/js/lib/ps-polyfill.js"></script>
<script defer src="//play.pokemonshowdown.com/js/lib/preact.min.js"></script>

<script defer src="//play.pokemonshowdown.com/config/config.js?2bddbc15"></script>
<script defer src="//play.pokemonshowdown.com/js/lib/jquery-1.11.0.min.js"></script>
<script defer src="//play.pokemonshowdown.com/js/lib/html-sanitizer-minified.js"></script>
<script defer src="//play.pokemonshowdown.com/js/battle-sound.js"></script>
<script defer src="//play.pokemonshowdown.com/js/battledata.js?0.7209276989879541"></script>
<script defer src="//play.pokemonshowdown.com/data/pokedex-mini.js?0.6111056340867951"></script>
<script defer src="//play.pokemonshowdown.com/data/pokedex-mini-bw.js?0.3532142036491459"></script>
<script defer src="//play.pokemonshowdown.com/data/graphics.js?0.24223875632456182"></script>
<script defer src="//play.pokemonshowdown.com/data/pokedex.js?0.38839984266356864"></script>
<script defer src="//play.pokemonshowdown.com/data/moves.js?0.21866028504024015"></script>
<script defer src="//play.pokemonshowdown.com/data/abilities.js?0.2005157953846628"></script>
<script defer src="//play.pokemonshowdown.com/data/items.js?0.9894211263848525"></script>
<script defer src="//play.pokemonshowdown.com/data/teambuilder-tables.js?0.6008791140282215"></script>
<script defer src="//play.pokemonshowdown.com/js/battle-tooltips.js?0.7580118955022959"></script>
<script defer src="//play.pokemonshowdown.com/js/battle.js?0.6057722274234274"></script>

<script defer src="js/utils.js?e31f9a17"></script>
<script defer src="js/replays-battle.js?7008c182"></script>

<!-- don't scrape this data! just add .json or .log after the URL!
Full API docs: https://github.com/smogon/pokemon-showdown-client/blob/master/WEB-API.md -->
<script type="text/plain" class="log" id="replaylog-smogtours-gen3ou-801177">
|inactive|Battle timer is ON: inactive players will automatically lose when time's up.
|t:|1729564768
|gametype|singles
|player|p1|tefoshark|acetrainer|
|player|p2|GShed|170|
|teamsize|p1|6
|teamsize|p2|6
|gen|3
|tier|[Gen 3] OU
|rule|Sleep Clause Mod: Limit one foe put to sleep
|rule|Switch Priority Clause Mod: Faster Pokémon switch first
|rule|Species Clause: Limit one of each Pokémon
|rule|OHKO Clause: OHKO moves are banned
|rule|Evasion Items Clause: Evasion items are banned
|rule|Evasion Moves Clause: Evasion moves are banned
|rule|Endless Battle Clause: Forcing endless battles is banned
|rule|HP Percentage Mod: HP is shown in percentages
|rule|One Boost Passer Clause: Limit one Baton Passer that has a way to boost its stats
|rule|Freeze Clause Mod: Limit one foe frozen
|
|t:|1729564768
|start
|switch|p1a: Tyranitar|Tyranitar, M|100/100
|switch|p2a: Regirock|Regirock|100/100
|-weather|Sandstorm|[from] ability: Sand Stream|[of] p1a: Tyranitar
|turn|1
|
|t:|1729564783
|switch|p1a: Forretress|Forretress, M|100/100
|move|p2a: Regirock|Earthquake|p1a: Forretress
|-damage|p1a: Forretress|78/100
|
|-weather|Sandstorm|[upkeep]
|-heal|p1a: Forretress|84/100|[from] item: Leftovers
|upkeep
|turn|2
|
|t:|1729564790
|switch|p2a: Magneton|Magneton|100/100
|move|p1a: Forretress|Spikes|p2a: Magneton
|-sidestart|p2: GShed|Spikes
|
|-weather|Sandstorm|[upkeep]
|-heal|p1a: Forretress|90/100|[from] item: Leftovers
|upkeep
|turn|3
|
|t:|1729564796
|move|p2a: Magneton|Hidden Power|p1a: Forretress
|-supereffective|p1a: Forretress
|-damage|p1a: Forretress|0 fnt
|faint|p1a: Forretress
|
|t:|1729564798
|switch|p1a: Dugtrio|Dugtrio, M|100/100
|
|-weather|Sandstorm|[upkeep]
|upkeep
|turn|4
|
|t:|1729564803
|move|p1a: Dugtrio|Earthquake|p2a: Magneton
|-supereffective|p2a: Magneton
|-damage|p2a: Magneton|0 fnt
|faint|p2a: Magneton
|
|t:|1729564810
|switch|p2a: Salamence|Salamence, F|100/100
|-ability|p2a: Salamence|Intimidate|boost
|-unboost|p1a: Dugtrio|atk|1
|
|-weather|Sandstorm|[upkeep]
|-damage|p2a: Salamence|94/100|[from] Sandstorm
|-heal|p2a: Salamence|100/100|[from] item: Leftovers
|upkeep
|turn|5
|
|t:|1729564817
|switch|p1a: Swampert|Swampert, M|100/100
|move|p2a: Salamence|Earthquake|p1a: Swampert
|-damage|p1a: Swampert|72/100
|
|-weather|Sandstorm|[upkeep]
|-damage|p2a: Salamence|94/100|[from] Sandstorm
|-heal|p2a: Salamence|100/100|[from] item: Leftovers
|-heal|p1a: Swampert|79/100|[from] item: Leftovers
|upkeep
|turn|6
|
|t:|1729564829
|switch|p2a: Suicune|Suicune|100/100
|-damage|p2a: Suicune|88/100|[from] Spikes
|move|p1a: Swampert|Ice Beam|p2a: Suicune
|-resisted|p2a: Suicune
|-damage|p2a: Suicune|80/100
|
|-weather|Sandstorm|[upkeep]
|-damage|p2a: Suicune|74/100|[from] Sandstorm
|-heal|p2a: Suicune|80/100|[from] item: Leftovers
|-heal|p1a: Swampert|85/100|[from] item: Leftovers
|upkeep
|turn|7
|
|t:|1729564847
|switch|p2a: Regirock|Regirock|100/100
|-damage|p2a: Regirock|88/100|[from] Spikes
|switch|p1a: Blissey|Blissey, F|100/100
|
|-weather|Sandstorm|[upkeep]
|-damage|p1a: Blissey|94/100|[from] Sandstorm
|-heal|p1a: Blissey|100/100|[from] item: Leftovers
|-heal|p2a: Regirock|94/100|[from] item: Leftovers
|upkeep
|turn|8
|
|t:|1729564860
|switch|p1a: Gengar|Gengar, M|100/100
|move|p2a: Regirock|Explosion|p1a: Gengar
|-immune|p1a: Gengar
|faint|p2a: Regirock
|
|t:|1729564871
|switch|p2a: Snorlax|Snorlax, M|100/100
|-damage|p2a: Snorlax|88/100|[from] Spikes
|
|-weather|Sandstorm|[upkeep]
|-damage|p1a: Gengar|94/100|[from] Sandstorm
|-damage|p2a: Snorlax|82/100|[from] Sandstorm
|-heal|p1a: Gengar|100/100|[from] item: Leftovers
|-heal|p2a: Snorlax|88/100|[from] item: Leftovers
|upkeep
|turn|9
|
|t:|1729564880
|move|p1a: Gengar|Will-O-Wisp|p2a: Snorlax|[miss]
|-miss|p1a: Gengar|p2a: Snorlax
|move|p2a: Snorlax|Shadow Ball|p1a: Gengar
|-supereffective|p1a: Gengar
|-damage|p1a: Gengar|22/100
|
|-weather|Sandstorm|[upkeep]
|-damage|p1a: Gengar|16/100|[from] Sandstorm
|-damage|p2a: Snorlax|82/100|[from] Sandstorm
|-heal|p1a: Gengar|22/100|[from] item: Leftovers
|-heal|p2a: Snorlax|88/100|[from] item: Leftovers
|upkeep
|turn|10
|
|t:|1729564891
|move|p1a: Gengar|Explosion|p2a: Snorlax
|-damage|p2a: Snorlax|17/100
|faint|p1a: Gengar
|
|t:|1729564894
|switch|p1a: Dugtrio|Dugtrio, M|100/100
|
|-weather|Sandstorm|[upkeep]
|-damage|p2a: Snorlax|11/100|[from] Sandstorm
|-heal|p2a: Snorlax|17/100|[from] item: Leftovers
|upkeep
|turn|11
|
|t:|1729564901
|move|p1a: Dugtrio|Earthquake|p2a: Snorlax
|-damage|p2a: Snorlax|0 fnt
|faint|p2a: Snorlax
|
|t:|1729564907
|switch|p2a: Salamence|Salamence, F|100/100
|-ability|p2a: Salamence|Intimidate|boost
|-unboost|p1a: Dugtrio|atk|1
|
|-weather|Sandstorm|[upkeep]
|-damage|p2a: Salamence|94/100|[from] Sandstorm
|-heal|p2a: Salamence|100/100|[from] item: Leftovers
|upkeep
|turn|12
|
|t:|1729564931
|switch|p1a: Swampert|Swampert, M|85/100
|move|p2a: Salamence|Earthquake|p1a: Swampert
|-damage|p1a: Swampert|56/100
|
|-weather|Sandstorm|[upkeep]
|-damage|p2a: Salamence|94/100|[from] Sandstorm
|-heal|p2a: Salamence|100/100|[from] item: Leftovers
|-heal|p1a: Swampert|62/100|[from] item: Leftovers
|upkeep
|turn|13
|
|t:|1729564941
|switch|p2a: Suicune|Suicune|80/100
|-damage|p2a: Suicune|67/100|[from] Spikes
|move|p1a: Swampert|Ice Beam|p2a: Suicune
|-resisted|p2a: Suicune
|-damage|p2a: Suicune|60/100
|
|-weather|Sandstorm|[upkeep]
|-damage|p2a: Suicune|54/100|[from] Sandstorm
|-heal|p2a: Suicune|60/100|[from] item: Leftovers
|-heal|p1a: Swampert|68/100|[from] item: Leftovers
|upkeep
|turn|14
|
|t:|1729564952
|move|p2a: Suicune|Calm Mind|p2a: Suicune
|-boost|p2a: Suicune|spa|1
|-boost|p2a: Suicune|spd|1
|move|p1a: Swampert|Earthquake|p2a: Suicune
|-damage|p2a: Suicune|37/100
|
|-weather|Sandstorm|[upkeep]
|-damage|p2a: Suicune|31/100|[from] Sandstorm
|-heal|p2a: Suicune|37/100|[from] item: Leftovers
|-heal|p1a: Swampert|75/100|[from] item: Leftovers
|upkeep
|turn|15
|
|t:|1729564963
|move|p2a: Suicune|Surf|p1a: Swampert
|-damage|p1a: Swampert|33/100
|move|p1a: Swampert|Earthquake|p2a: Suicune
|-damage|p2a: Suicune|15/100
|
|-weather|Sandstorm|[upkeep]
|-damage|p2a: Suicune|8/100|[from] Sandstorm
|-heal|p2a: Suicune|15/100|[from] item: Leftovers
|-heal|p1a: Swampert|39/100|[from] item: Leftovers
|upkeep
|turn|16
|
|t:|1729564972
|switch|p1a: Tyranitar|Tyranitar, M|100/100
|move|p2a: Suicune|Rest|p2a: Suicune
|-status|p2a: Suicune|slp|[from] move: Rest
|-heal|p2a: Suicune|100/100 slp|[silent]
|
|-weather|Sandstorm|[upkeep]
|-damage|p2a: Suicune|94/100 slp|[from] Sandstorm
|-heal|p2a: Suicune|100/100 slp|[from] item: Leftovers
|upkeep
|turn|17
|
|t:|1729564981
|cant|p2a: Suicune|slp
|move|p2a: Suicune|Sleep Talk|p2a: Suicune
|move|p2a: Suicune|Surf|p1a: Tyranitar|[from]Sleep Talk
|-supereffective|p1a: Tyranitar
|-damage|p1a: Tyranitar|22/100
|move|p1a: Tyranitar|Roar|p2a: Suicune
|drag|p2a: Metagross|Metagross|100/100
|-damage|p2a: Metagross|88/100|[from] Spikes
|
|-weather|Sandstorm|[upkeep]
|-heal|p2a: Metagross|94/100|[from] item: Leftovers
|-heal|p1a: Tyranitar|28/100|[from] item: Leftovers
|upkeep
|turn|18
|
|t:|1729564995
|move|p2a: Metagross|Earthquake|p1a: Tyranitar
|-supereffective|p1a: Tyranitar
|-damage|p1a: Tyranitar|0 fnt
|faint|p1a: Tyranitar
|
|t:|1729565002
|switch|p1a: Blissey|Blissey, F|100/100
|
|-weather|Sandstorm|[upkeep]
|-damage|p1a: Blissey|94/100|[from] Sandstorm
|-heal|p2a: Metagross|99/100|[from] item: Leftovers
|-heal|p1a: Blissey|100/100|[from] item: Leftovers
|upkeep
|turn|19
|
|t:|1729565010
|move|p2a: Metagross|Meteor Mash|p1a: Blissey
|-crit|p1a: Blissey
|-damage|p1a: Blissey|0 fnt
|faint|p1a: Blissey
|
|t:|1729565014
|switch|p1a: Dugtrio|Dugtrio, M|100/100
|
|-weather|Sandstorm|[upkeep]
|-heal|p2a: Metagross|100/100|[from] item: Leftovers
|upkeep
|turn|20
|
|t:|1729565024
|move|p1a: Dugtrio|Earthquake|p2a: Metagross
|-supereffective|p2a: Metagross
|-damage|p2a: Metagross|0 fnt
|faint|p2a: Metagross
|
|t:|1729565027
|switch|p2a: Salamence|Salamence, F|100/100
|-ability|p2a: Salamence|Intimidate|boost
|-unboost|p1a: Dugtrio|atk|1
|
|-weather|Sandstorm|[upkeep]
|-damage|p2a: Salamence|94/100|[from] Sandstorm
|-heal|p2a: Salamence|100/100|[from] item: Leftovers
|upkeep
|turn|21
|
|t:|1729565053
|move|p1a: Dugtrio|Earthquake|p2a: Salamence
|-immune|p2a: Salamence
|move|p2a: Salamence|Hidden Power|p1a: Dugtrio
|-damage|p1a: Dugtrio|0 fnt
|faint|p1a: Dugtrio
|
|t:|1729565055
|switch|p1a: Swampert|Swampert, M|39/100
|
|-weather|Sandstorm|[upkeep]
|-damage|p2a: Salamence|94/100|[from] Sandstorm
|-heal|p2a: Salamence|100/100|[from] item: Leftovers
|-heal|p1a: Swampert|45/100|[from] item: Leftovers
|upkeep
|turn|22
|
|t:|1729565065
|move|p1a: Swampert|Protect|p1a: Swampert
|-singleturn|p1a: Swampert|Protect
|move|p2a: Salamence|Hidden Power|p1a: Swampert
|-activate|p1a: Swampert|Protect
|
|-weather|Sandstorm|[upkeep]
|-damage|p2a: Salamence|94/100|[from] Sandstorm
|-heal|p2a: Salamence|100/100|[from] item: Leftovers
|-heal|p1a: Swampert|52/100|[from] item: Leftovers
|upkeep
|turn|23
|
|t:|1729565074
|move|p2a: Salamence|Hidden Power|p1a: Swampert
|-damage|p1a: Swampert|20/100
|move|p1a: Swampert|Ice Beam|p2a: Salamence
|-supereffective|p2a: Salamence
|-damage|p2a: Salamence|11/100
|
|-weather|Sandstorm|[upkeep]
|-damage|p2a: Salamence|4/100|[from] Sandstorm
|-heal|p2a: Salamence|11/100|[from] item: Leftovers
|-heal|p1a: Swampert|26/100|[from] item: Leftovers
|upkeep
|turn|24
|
|t:|1729565083
|move|p1a: Swampert|Protect|p1a: Swampert
|-singleturn|p1a: Swampert|Protect
|move|p2a: Salamence|Hidden Power|p1a: Swampert
|-activate|p1a: Swampert|Protect
|
|-weather|Sandstorm|[upkeep]
|-damage|p2a: Salamence|4/100|[from] Sandstorm
|-heal|p2a: Salamence|11/100|[from] item: Leftovers
|-heal|p1a: Swampert|32/100|[from] item: Leftovers
|upkeep
|turn|25
|
|t:|1729565092
|move|p2a: Salamence|Hidden Power|p1a: Swampert
|-damage|p1a: Swampert|4/100
|move|p1a: Swampert|Ice Beam|p2a: Salamence
|-supereffective|p2a: Salamence
|-damage|p2a: Salamence|0 fnt
|faint|p2a: Salamence
|
|t:|1729565098
|switch|p2a: Suicune|Suicune|100/100 slp
|-damage|p2a: Suicune|88/100 slp|[from] Spikes
|
|-weather|Sandstorm|[upkeep]
|-damage|p2a: Suicune|82/100 slp|[from] Sandstorm
|-heal|p2a: Suicune|88/100 slp|[from] item: Leftovers
|-heal|p1a: Swampert|10/100|[from] item: Leftovers
|upkeep
|turn|26
|
|t:|1729565105
|cant|p2a: Suicune|slp
|move|p2a: Suicune|Sleep Talk|p2a: Suicune
|move|p2a: Suicune|Rest|p2a: Suicune|[from]Sleep Talk
|move|p1a: Swampert|Earthquake|p2a: Suicune
|-damage|p2a: Suicune|67/100 slp
|
|-weather|Sandstorm|[upkeep]
|-damage|p2a: Suicune|61/100 slp|[from] Sandstorm
|-heal|p2a: Suicune|67/100 slp|[from] item: Leftovers
|-heal|p1a: Swampert|16/100|[from] item: Leftovers
|upkeep
|turn|27
|
|t:|1729565122
|move|p1a: Swampert|Protect|p1a: Swampert
|-singleturn|p1a: Swampert|Protect
|cant|p2a: Suicune|slp
|move|p2a: Suicune|Sleep Talk|p2a: Suicune
|move|p2a: Suicune|Rest|p2a: Suicune|[from]Sleep Talk
|
|-weather|Sandstorm|[upkeep]
|-damage|p2a: Suicune|61/100 slp|[from] Sandstorm
|-heal|p2a: Suicune|67/100 slp|[from] item: Leftovers
|-heal|p1a: Swampert|23/100|[from] item: Leftovers
|upkeep
|turn|28
|
|t:|1729565132
|-curestatus|p2a: Suicune|slp|[msg]
|move|p2a: Suicune|Surf|p1a: Swampert
|-damage|p1a: Swampert|0 fnt
|faint|p1a: Swampert
|
|win|GShed
|c|☆tefoshark|gg
|c|☆GShed|ggs

</script>
<script type="application/json" class="data" id="replaydata-smogtours-gen3ou-801177">
{"id":"smogtours-gen3ou-801177","format":"[Gen 3] OU","players":["tefoshark","GShed"],"uploadtime":1729565132,"views":92,"formatid":"gen3ou","rating":null,"private":0,"password":null}
</script>

<script defer src="js/replays.js?9d40a366"></script>
