<!DOCTYPE html>
<meta charset="utf-8" />
<meta name="viewport" content="width=device-width" />

<title>[Gen 3] OU: Ivoire vs. Hexmoonie - Replays - Pok&eacute;mon Showdown!</title>

<meta name="description" content="Watch a replay of a Pok&eacute;mon battle between Ivoire and Hexmoonie! Format: [Gen 3] OU; Date: Oct 14, 2024" />
<!--

Hey, you! Looking in the source for the replay log?

You can find them in JSON format, just add `.json` at the end of a replay URL.

https://replay.pokemonshowdown.com/gen7randomdoublesbattle-865046831.json

Or, if you only need the log itself, add `.log` instead:

https://replay.pokemonshowdown.com/gen7randomdoublesbattle-865046831.log

-->

<link rel="stylesheet" href="//pokemonshowdown.com/style/global.css?0.023195364461161105" />
<link rel="stylesheet" href="//play.pokemonshowdown.com/style/font-awesome.css?0.13261647063804238" />
<link rel="stylesheet" href="//play.pokemonshowdown.com/style/battle.css?0.8753245789963631" />
<link rel="stylesheet" href="//play.pokemonshowdown.com/style/utilichart.css?0.8627959624976733" />

<!-- Global site tag (gtag.js) - Google Analytics -->
<script async src="https://www.googletagmanager.com/gtag/js?id=UA-26211653-1"></script>
<script>
  window.dataLayer = window.dataLayer || [];
  function gtag(){dataLayer.push(arguments);}
  gtag('js', new Date());

  gtag('config', 'UA-26211653-1');
</script>
<!-- End Google Analytics -->
<!-- Venatus Ad Manager - Install in <HEAD> of page -->
	<script src="https://hb.vntsm.com/v3/live/ad-manager.min.js" type="text/javascript" data-site-id="642aba63ec9a7b11c3c9c1be" data-mode="scan" async></script>
<!-- / Venatus Ad Manager -->

<style>
	@media (max-width:820px) {
		.battle {
			margin: 0 auto;
		}
		.battle-log {
			margin: 7px auto 0;
			max-width: 640px;
			height: 300px;
			position: static;
		}
	}
	.optgroup {
		display: inline-block;
		line-height: 22px;
		font-size: 10pt;
	}
	.optgroup .button {
		height: 25px;
		padding-top: 0;
		padding-bottom: 0;
	}
	.optgroup button.button {
		padding-left: 12px;
		padding-right: 12px;
	}
	.linklist {
		list-style: none;
		margin: 0.5em 0;
		padding: 0;
	}
	.linklist li {
		padding: 2px 0;
	}
	.sidebar {
		float: left;
		width: 320px;
	}
	.bar-wrapper {
		max-width: 1100px;
		margin: 0 auto;
	}
	.bar-wrapper.has-sidebar {
		max-width: 1430px;
	}
	.mainbar {
		margin: 0;
		padding-right: 1px;
	}
	.mainbar.has-sidebar {
		margin-left: 330px;
	}
	@media (min-width: 1511px) {
		.sidebar {
			width: 400px;
		}
		.bar-wrapper.has-sidebar {
			max-width: 1510px;
		}
		.mainbar.has-sidebar {
			margin-left: 410px;
		}
	}
	.section.first-section {
		margin-top: 9px;
	}
	.blocklink small {
		white-space: normal;
	}
	.button {
		vertical-align: middle;
	}
	.replay-controls {
		padding-top: 10px;
	}
	.replay-controls h1 {
		font-size: 16pt;
		font-weight: normal;
		color: #CCC;
	}
	.pagelink {
		text-align: center;
	}
	.pagelink a {
		width: 150px;
	}
	.textbox, .button {
		font-size: 11pt;
		vertical-align: middle;
	}
	@media (max-width: 450px) {
		.button {
			font-size: 9pt;
		}
	}
</style>

<div>

	<header>
		<div class="nav-wrapper"><ul class="nav">
			<li><a class="button nav-first" href="//pokemonshowdown.com/"><img src="//pokemonshowdown.com/images/pokemonshowdownbeta.png" srcset="//pokemonshowdown.com/images/pokemonshowdownbeta.png 1x, //pokemonshowdown.com/images/pokemonshowdownbeta@2x.png 2x" alt="Pok&eacute;mon Showdown" width="146" height="44" /> Home</a></li>
			<li><a class="button" href="//pokemonshowdown.com/dex/">Pok&eacute;dex</a></li>
			<li><a class="button cur" href="/">Replays</a></li>
			<li><a class="button" href="//pokemonshowdown.com/ladder/">Ladder</a></li>
			<li><a class="button nav-last" href="//pokemonshowdown.com/forums/">Forum</a></li>
			<li><a class="button greenbutton nav-first nav-last" href="//play.pokemonshowdown.com/">Play</a></li>
		</ul></div>
	</header>

	<div class="main" id="main">

		<noscript><section class="section">You need to enable JavaScript to use this page; sorry!</section></noscript>

	</div>

</div>

<script defer nomodule src="//play.pokemonshowdown.com/js/lib/ps-polyfill.js"></script>
<script defer src="//play.pokemonshowdown.com/js/lib/preact.min.js"></script>

<script defer src="//play.pokemonshowdown.com/config/config.js?2bddbc15"></script>
<script defer src="//play.pokemonshowdown.com/js/lib/jquery-1.11.0.min.js"></script>
<script defer src="//play.pokemonshowdown.com/js/lib/html-sanitizer-minified.js"></script>
<script defer src="//play.pokemonshowdown.com/js/battle-sound.js"></script>
<script defer src="//play.pokemonshowdown.com/js/battledata.js?0.7209276989879541"></script>
<script defer src="//play.pokemonshowdown.com/data/pokedex-mini.js?0.6111056340867951"></script>
<script defer src="//play.pokemonshowdown.com/data/pokedex-mini-bw.js?0.3532142036491459"></script>
<script defer src="//play.pokemonshowdown.com/data/graphics.js?0.24223875632456182"></script>
<script defer src="//play.pokemonshowdown.com/data/pokedex.js?0.38839984266356864"></script>
<script defer src="//play.pokemonshowdown.com/data/moves.js?0.21866028504024015"></script>
<script defer src="//play.pokemonshowdown.com/data/abilities.js?0.2005157953846628"></script>
<script defer src="//play.pokemonshowdown.com/data/items.js?0.9894211263848525"></script>
<script defer src="//play.pokemonshowdown.com/data/teambuilder-tables.js?0.6008791140282215"></script>
<script defer src="//play.pokemonshowdown.com/js/battle-tooltips.js?0.7580118955022959"></script>
<script defer src="//play.pokemonshowdown.com/js/battle.js?0.6057722274234274"></script>

<script defer src="js/utils.js?e31f9a17"></script>
<script defer src="js/replays-battle.js?7008c182"></script>

<!-- don't scrape this data! just add .json or .log after the URL!
Full API docs: https://github.com/smogon/pokemon-showdown-client/blob/master/WEB-API.md -->
<script type="text/plain" class="log" id="replaylog-smogtours-gen3ou-798739">
|inactive|Battle timer is ON: inactive players will automatically lose when time's up.
|t:|1728936692
|gametype|singles
|player|p1|Ivoire|volkner-masters|
|player|p2|Hexmoonie|hexmaniac-gen6|
|teamsize|p1|6
|teamsize|p2|6
|gen|3
|tier|[Gen 3] OU
|rule|Sleep Clause Mod: Limit one foe put to sleep
|rule|Switch Priority Clause Mod: Faster Pokémon switch first
|rule|Species Clause: Limit one of each Pokémon
|rule|OHKO Clause: OHKO moves are banned
|rule|Evasion Items Clause: Evasion items are banned
|rule|Evasion Moves Clause: Evasion moves are banned
|rule|Endless Battle Clause: Forcing endless battles is banned
|rule|HP Percentage Mod: HP is shown in percentages
|rule|One Boost Passer Clause: Limit one Baton Passer that has a way to boost its stats
|rule|Freeze Clause Mod: Limit one foe frozen
|
|t:|1728936692
|start
|switch|p1a: Dugtrio|Dugtrio, F|100/100
|switch|p2a: Salamence|Salamence, M|100/100
|-ability|p2a: Salamence|Intimidate|boost
|-unboost|p1a: Dugtrio|atk|1
|turn|1
|c|☆Ivoire|hf
|c|☆Hexmoonie|hf
|
|t:|1728936718
|switch|p1a: Suicune|Suicune|100/100
|move|p2a: Salamence|Brick Break|p1a: Suicune
|-damage|p1a: Suicune|75/100
|
|-heal|p1a: Suicune|81/100|[from] item: Leftovers
|upkeep
|turn|2
|
|t:|1728936748
|switch|p2a: Skarmory|Skarmory, F|100/100
|switch|p1a: Forretress|Forretress, M|100/100
|
|upkeep
|turn|3
|
|t:|1728936752
|move|p2a: Skarmory|Spikes|p1a: Forretress
|-sidestart|p1: Ivoire|Spikes
|move|p1a: Forretress|Spikes|p2a: Skarmory
|-sidestart|p2: Hexmoonie|Spikes
|
|upkeep
|turn|4
|
|t:|1728936756
|move|p1a: Forretress|Spikes|p2a: Skarmory
|-sidestart|p2: Hexmoonie|Spikes
|move|p2a: Skarmory|Whirlwind|p1a: Forretress
|drag|p1a: Suicune|Suicune|81/100
|-damage|p1a: Suicune|69/100|[from] Spikes
|
|-heal|p1a: Suicune|75/100|[from] item: Leftovers
|upkeep
|turn|5
|
|t:|1728936772
|move|p1a: Suicune|Calm Mind|p1a: Suicune
|-boost|p1a: Suicune|spa|1
|-boost|p1a: Suicune|spd|1
|move|p2a: Skarmory|Spikes|p1a: Suicune
|-sidestart|p1: Ivoire|Spikes
|
|-heal|p1a: Suicune|81/100|[from] item: Leftovers
|upkeep
|turn|6
|
|t:|1728936777
|move|p1a: Suicune|Surf|p2a: Skarmory
|-damage|p2a: Skarmory|62/100
|move|p2a: Skarmory|Toxic|p1a: Suicune
|-status|p1a: Suicune|tox
|
|-heal|p1a: Suicune|87/100 tox|[from] item: Leftovers
|-damage|p1a: Suicune|81/100 tox|[from] psn
|-heal|p2a: Skarmory|68/100|[from] item: Leftovers
|upkeep
|turn|7
|
|t:|1728936785
|move|p2a: Skarmory|Protect|p2a: Skarmory
|-singleturn|p2a: Skarmory|Protect
|move|p1a: Suicune|Calm Mind|p1a: Suicune
|-boost|p1a: Suicune|spa|1
|-boost|p1a: Suicune|spd|1
|
|-heal|p1a: Suicune|87/100 tox|[from] item: Leftovers
|-damage|p1a: Suicune|75/100 tox|[from] psn
|-heal|p2a: Skarmory|74/100|[from] item: Leftovers
|upkeep
|turn|8
|
|t:|1728936790
|switch|p2a: Blissey|Blissey, F|100/100
|-damage|p2a: Blissey|84/100|[from] Spikes
|move|p1a: Suicune|Surf|p2a: Blissey
|-damage|p2a: Blissey|59/100
|
|-heal|p1a: Suicune|81/100 tox|[from] item: Leftovers
|-damage|p1a: Suicune|62/100 tox|[from] psn
|-heal|p2a: Blissey|65/100|[from] item: Leftovers
|upkeep
|turn|9
|
|t:|1728936797
|move|p1a: Suicune|Rest|p1a: Suicune
|-status|p1a: Suicune|slp|[from] move: Rest
|-heal|p1a: Suicune|100/100 slp|[silent]
|move|p2a: Blissey|Soft-Boiled|p2a: Blissey
|-heal|p2a: Blissey|100/100
|
|upkeep
|turn|10
|
|t:|1728936809
|cant|p1a: Suicune|slp
|move|p2a: Blissey|Seismic Toss|p1a: Suicune
|-damage|p1a: Suicune|76/100 slp
|
|-heal|p1a: Suicune|82/100 slp|[from] item: Leftovers
|upkeep
|turn|11
|
|t:|1728936817
|cant|p1a: Suicune|slp
|move|p2a: Blissey|Seismic Toss|p1a: Suicune
|-damage|p1a: Suicune|57/100 slp
|
|-heal|p1a: Suicune|63/100 slp|[from] item: Leftovers
|upkeep
|turn|12
|
|t:|1728936835
|move|p2a: Blissey|Seismic Toss|p1a: Suicune
|-damage|p1a: Suicune|39/100 slp
|-curestatus|p1a: Suicune|slp|[msg]
|move|p1a: Suicune|Roar|p2a: Blissey
|drag|p2a: Salamence|Salamence, M|100/100
|-ability|p2a: Salamence|Intimidate|boost
|-unboost|p1a: Suicune|atk|1
|
|-heal|p1a: Suicune|45/100|[from] item: Leftovers
|upkeep
|turn|13
|
|t:|1728936852
|switch|p2a: Blissey|Blissey, F|100/100
|-damage|p2a: Blissey|84/100|[from] Spikes
|move|p1a: Suicune|Rest|p1a: Suicune
|-status|p1a: Suicune|slp|[from] move: Rest
|-heal|p1a: Suicune|100/100 slp|[silent]
|
|-heal|p2a: Blissey|90/100|[from] item: Leftovers
|upkeep
|turn|14
|
|t:|1728936854
|switch|p2a: Skarmory|Skarmory, F|74/100
|cant|p1a: Suicune|slp
|
|-heal|p2a: Skarmory|80/100|[from] item: Leftovers
|upkeep
|turn|15
|
|t:|1728936858
|cant|p1a: Suicune|slp
|move|p2a: Skarmory|Whirlwind|p1a: Suicune
|drag|p1a: Claydol|Claydol|100/100
|
|-heal|p2a: Skarmory|86/100|[from] item: Leftovers
|upkeep
|turn|16
|
|t:|1728936864
|move|p2a: Skarmory|Toxic|p1a: Claydol
|-status|p1a: Claydol|tox
|move|p1a: Claydol|Rapid Spin|p2a: Skarmory
|-resisted|p2a: Skarmory
|-damage|p2a: Skarmory|84/100
|-sideend|p1: Ivoire|Spikes|[from] move: Rapid Spin|[of] p1a: Claydol
|
|-heal|p2a: Skarmory|90/100|[from] item: Leftovers
|-damage|p1a: Claydol|94/100 tox|[from] psn
|upkeep
|turn|17
|
|t:|1728936868
|switch|p1a: Forretress|Forretress, M|100/100
|move|p2a: Skarmory|Spikes|p1a: Forretress
|-sidestart|p1: Ivoire|Spikes
|
|-heal|p2a: Skarmory|96/100|[from] item: Leftovers
|upkeep
|turn|18
|
|t:|1728936877
|switch|p2a: Magneton|Magneton|100/100
|-damage|p2a: Magneton|84/100|[from] Spikes
|move|p1a: Forretress|Spikes|p2a: Magneton
|-sidestart|p2: Hexmoonie|Spikes
|
|upkeep
|turn|19
|
|t:|1728936882
|move|p2a: Magneton|Hidden Power|p1a: Forretress
|-supereffective|p1a: Forretress
|-damage|p1a: Forretress|0 fnt
|faint|p1a: Forretress
|
|t:|1728936885
|switch|p1a: Dugtrio|Dugtrio, F|100/100
|-damage|p1a: Dugtrio|88/100|[from] Spikes
|
|upkeep
|turn|20
|
|t:|1728936891
|move|p1a: Dugtrio|Earthquake|p2a: Magneton
|-supereffective|p2a: Magneton
|-damage|p2a: Magneton|0 fnt
|faint|p2a: Magneton
|
|t:|1728936899
|switch|p2a: Salamence|Salamence, M|100/100
|-ability|p2a: Salamence|Intimidate|boost
|-unboost|p1a: Dugtrio|atk|1
|
|upkeep
|turn|21
|
|t:|1728936917
|switch|p1a: Claydol|Claydol|94/100 tox
|move|p2a: Salamence|Hidden Power|p1a: Claydol
|-damage|p1a: Claydol|43/100 tox
|
|-heal|p1a: Claydol|49/100 tox|[from] item: Leftovers
|-damage|p1a: Claydol|43/100 tox|[from] psn
|upkeep
|turn|22
|inactive|Ivoire has 270 seconds left.
|
|t:|1728936969
|move|p2a: Salamence|Hidden Power|p1a: Claydol
|-damage|p1a: Claydol|0 fnt
|faint|p1a: Claydol
|
|t:|1728936970
|switch|p1a: Blissey|Blissey, F|100/100
|-damage|p1a: Blissey|88/100|[from] Spikes
|
|-heal|p1a: Blissey|94/100|[from] item: Leftovers
|upkeep
|turn|23
|
|t:|1728936988
|switch|p2a: Metagross|Metagross|100/100
|-damage|p2a: Metagross|75/100|[from] Spikes
|move|p1a: Blissey|Thunder Wave|p2a: Metagross
|-status|p2a: Metagross|par
|
|-heal|p1a: Blissey|99/100|[from] item: Leftovers
|-heal|p2a: Metagross|82/100 par|[from] item: Leftovers
|upkeep
|turn|24
|inactive|Ivoire has 270 seconds left.
|
|t:|1728937001
|switch|p1a: Suicune|Suicune|100/100 slp
|-damage|p1a: Suicune|88/100 slp|[from] Spikes
|move|p2a: Metagross|Toxic||[still]
|-fail|p2a: Metagross
|
|-heal|p1a: Suicune|94/100 slp|[from] item: Leftovers
|-heal|p2a: Metagross|88/100 par|[from] item: Leftovers
|upkeep
|turn|25
|inactive|Ivoire has 270 seconds left.
|
|t:|1728937007
|-curestatus|p1a: Suicune|slp|[msg]
|move|p1a: Suicune|Calm Mind|p1a: Suicune
|-boost|p1a: Suicune|spa|1
|-boost|p1a: Suicune|spd|1
|move|p2a: Metagross|Meteor Mash|p1a: Suicune
|-resisted|p1a: Suicune
|-damage|p1a: Suicune|79/100
|
|-heal|p1a: Suicune|85/100|[from] item: Leftovers
|-heal|p2a: Metagross|94/100 par|[from] item: Leftovers
|upkeep
|turn|26
|
|t:|1728937011
|move|p1a: Suicune|Surf|p2a: Metagross
|-damage|p2a: Metagross|46/100 par
|move|p2a: Metagross|Toxic|p1a: Suicune
|-status|p1a: Suicune|tox
|
|-heal|p1a: Suicune|91/100 tox|[from] item: Leftovers
|-damage|p1a: Suicune|85/100 tox|[from] psn
|-heal|p2a: Metagross|52/100 par|[from] item: Leftovers
|upkeep
|turn|27
|
|t:|1728937014
|move|p2a: Metagross|Protect|p2a: Metagross
|-singleturn|p2a: Metagross|Protect
|move|p1a: Suicune|Calm Mind|p1a: Suicune
|-boost|p1a: Suicune|spa|1
|-boost|p1a: Suicune|spd|1
|
|-heal|p1a: Suicune|91/100 tox|[from] item: Leftovers
|-damage|p1a: Suicune|79/100 tox|[from] psn
|-heal|p2a: Metagross|58/100 par|[from] item: Leftovers
|upkeep
|turn|28
|
|t:|1728937019
|move|p1a: Suicune|Surf|p2a: Metagross
|-damage|p2a: Metagross|0 fnt
|faint|p2a: Metagross
|
|t:|1728937022
|switch|p2a: Blissey|Blissey, F|90/100
|-damage|p2a: Blissey|65/100|[from] Spikes
|
|-heal|p1a: Suicune|85/100 tox|[from] item: Leftovers
|-damage|p1a: Suicune|67/100 tox|[from] psn
|-heal|p2a: Blissey|71/100|[from] item: Leftovers
|upkeep
|turn|29
|
|t:|1728937027
|move|p1a: Suicune|Rest|p1a: Suicune
|-status|p1a: Suicune|slp|[from] move: Rest
|-heal|p1a: Suicune|100/100 slp|[silent]
|move|p2a: Blissey|Wish|p2a: Blissey
|
|-heal|p2a: Blissey|78/100|[from] item: Leftovers
|upkeep
|turn|30
|
|t:|1728937030
|switch|p2a: Skarmory|Skarmory, F|96/100
|cant|p1a: Suicune|slp
|
|-heal|p2a: Skarmory|100/100|[from] move: Wish|[wisher] Blissey
|upkeep
|turn|31
|
|t:|1728937034
|cant|p1a: Suicune|slp
|move|p2a: Skarmory|Whirlwind|p1a: Suicune
|drag|p1a: Blissey|Blissey, F|99/100
|-damage|p1a: Blissey|88/100|[from] Spikes
|
|-heal|p1a: Blissey|94/100|[from] item: Leftovers
|upkeep
|turn|32
|
|t:|1728937041
|move|p2a: Skarmory|Toxic|p1a: Blissey
|-status|p1a: Blissey|tox
|move|p1a: Blissey|Thunder Wave|p2a: Skarmory
|-status|p2a: Skarmory|par
|
|-heal|p1a: Blissey|99/100 tox|[from] item: Leftovers
|-damage|p1a: Blissey|94/100 tox|[from] psn
|upkeep
|turn|33
|
|t:|1728937045
|-curestatus|p1a: Blissey|tox|[from] ability: Natural Cure
|switch|p1a: Suicune|Suicune|100/100 slp
|-damage|p1a: Suicune|88/100 slp|[from] Spikes
|cant|p2a: Skarmory|par
|
|-heal|p1a: Suicune|94/100 slp|[from] item: Leftovers
|upkeep
|turn|34
|
|t:|1728937052
|-curestatus|p1a: Suicune|slp|[msg]
|move|p1a: Suicune|Roar|p2a: Skarmory
|drag|p2a: Blissey|Blissey, F|78/100
|-damage|p2a: Blissey|53/100|[from] Spikes
|
|-heal|p1a: Suicune|100/100|[from] item: Leftovers
|-heal|p2a: Blissey|59/100|[from] item: Leftovers
|upkeep
|turn|35
|
|t:|1728937059
|move|p1a: Suicune|Calm Mind|p1a: Suicune
|-boost|p1a: Suicune|spa|1
|-boost|p1a: Suicune|spd|1
|move|p2a: Blissey|Soft-Boiled|p2a: Blissey
|-heal|p2a: Blissey|100/100
|
|upkeep
|turn|36
|
|t:|1728937067
|move|p2a: Blissey|Ice Beam|p1a: Suicune
|-resisted|p1a: Suicune
|-damage|p1a: Suicune|95/100
|move|p1a: Suicune|Roar|p2a: Blissey
|drag|p2a: Skarmory|Skarmory, F|100/100 par
|
|-heal|p1a: Suicune|100/100|[from] item: Leftovers
|upkeep
|turn|37
|
|t:|1728937072
|move|p1a: Suicune|Surf|p2a: Skarmory
|-damage|p2a: Skarmory|62/100 par
|cant|p2a: Skarmory|par
|
|-heal|p2a: Skarmory|68/100 par|[from] item: Leftovers
|upkeep
|turn|38
|
|t:|1728937081
|move|p1a: Suicune|Surf|p2a: Skarmory
|-damage|p2a: Skarmory|30/100 par
|cant|p2a: Skarmory|par
|
|-heal|p2a: Skarmory|36/100 par|[from] item: Leftovers
|upkeep
|turn|39
|
|t:|1728937107
|switch|p2a: Blissey|Blissey, F|100/100
|-damage|p2a: Blissey|76/100|[from] Spikes
|move|p1a: Suicune|Calm Mind|p1a: Suicune
|-boost|p1a: Suicune|spa|1
|-boost|p1a: Suicune|spd|1
|
|-heal|p2a: Blissey|82/100|[from] item: Leftovers
|upkeep
|turn|40
|
|t:|1728937112
|move|p1a: Suicune|Calm Mind|p1a: Suicune
|-boost|p1a: Suicune|spa|1
|-boost|p1a: Suicune|spd|1
|move|p2a: Blissey|Ice Beam|p1a: Suicune
|-resisted|p1a: Suicune
|-damage|p1a: Suicune|97/100
|-status|p1a: Suicune|frz
|
|-heal|p1a: Suicune|100/100 frz|[from] item: Leftovers
|-heal|p2a: Blissey|88/100|[from] item: Leftovers
|upkeep
|turn|41
|
|t:|1728937116
|cant|p1a: Suicune|frz
|move|p2a: Blissey|Seismic Toss|p1a: Suicune
|-damage|p1a: Suicune|76/100 frz
|
|-heal|p1a: Suicune|82/100 frz|[from] item: Leftovers
|-heal|p2a: Blissey|94/100|[from] item: Leftovers
|upkeep
|turn|42
|
|t:|1728937119
|cant|p1a: Suicune|frz
|move|p2a: Blissey|Seismic Toss|p1a: Suicune
|-damage|p1a: Suicune|57/100 frz
|
|-heal|p1a: Suicune|63/100 frz|[from] item: Leftovers
|-heal|p2a: Blissey|99/100|[from] item: Leftovers
|upkeep
|turn|43
|
|t:|1728937121
|cant|p1a: Suicune|frz
|move|p2a: Blissey|Seismic Toss|p1a: Suicune
|-damage|p1a: Suicune|39/100 frz
|
|-heal|p1a: Suicune|45/100 frz|[from] item: Leftovers
|-heal|p2a: Blissey|100/100|[from] item: Leftovers
|upkeep
|turn|44
|
|t:|1728937124
|switch|p1a: Blissey|Blissey, F|94/100
|-damage|p1a: Blissey|82/100|[from] Spikes
|move|p2a: Blissey|Seismic Toss|p1a: Blissey
|-damage|p1a: Blissey|67/100
|
|-heal|p1a: Blissey|74/100|[from] item: Leftovers
|upkeep
|turn|45
|
|t:|1728937130
|move|p1a: Blissey|Heal Bell|p1a: Blissey
|-activate|p1a: Blissey|move: Heal Bell
|-curestatus|p1: Suicune|frz|[silent]
|move|p2a: Blissey|Wish|p2a: Blissey
|
|-heal|p1a: Blissey|80/100|[from] item: Leftovers
|upkeep
|turn|46
|
|t:|1728937139
|switch|p1a: Suicune|Suicune|45/100
|-damage|p1a: Suicune|32/100|[from] Spikes
|switch|p2a: Salamence|Salamence, M|100/100
|-ability|p2a: Salamence|Intimidate|boost
|-unboost|p1a: Suicune|atk|1
|
|-heal|p1a: Suicune|39/100|[from] item: Leftovers
|upkeep
|turn|47
|
|t:|1728937152
|move|p2a: Salamence|Hidden Power|p1a: Suicune
|-damage|p1a: Suicune|3/100
|move|p1a: Suicune|Rest|p1a: Suicune
|-status|p1a: Suicune|slp|[from] move: Rest
|-heal|p1a: Suicune|100/100 slp|[silent]
|
|upkeep
|turn|48
|
|t:|1728937158
|switch|p2a: Skarmory|Skarmory, F|36/100 par
|cant|p1a: Suicune|slp
|
|-heal|p2a: Skarmory|42/100 par|[from] item: Leftovers
|upkeep
|turn|49
|
|t:|1728937161
|cant|p1a: Suicune|slp
|cant|p2a: Skarmory|par
|
|-heal|p2a: Skarmory|48/100 par|[from] item: Leftovers
|upkeep
|turn|50
|
|t:|1728937168
|-curestatus|p1a: Suicune|slp|[msg]
|move|p1a: Suicune|Surf|p2a: Skarmory
|-damage|p2a: Skarmory|21/100 par
|move|p2a: Skarmory|Whirlwind|p1a: Suicune
|drag|p1a: Dugtrio|Dugtrio, F|88/100
|-damage|p1a: Dugtrio|76/100|[from] Spikes
|
|-heal|p2a: Skarmory|27/100 par|[from] item: Leftovers
|upkeep
|turn|51
|
|t:|1728937175
|move|p1a: Dugtrio|Rock Slide|p2a: Skarmory
|-damage|p2a: Skarmory|3/100 par
|cant|p2a: Skarmory|par
|
|-heal|p2a: Skarmory|9/100 par|[from] item: Leftovers
|upkeep
|turn|52
|
|t:|1728937188
|switch|p2a: Blissey|Blissey, F|100/100
|-damage|p2a: Blissey|76/100|[from] Spikes
|move|p1a: Dugtrio|Rock Slide|p2a: Blissey
|-crit|p2a: Blissey
|-damage|p2a: Blissey|21/100
|
|-heal|p2a: Blissey|27/100|[from] item: Leftovers
|upkeep
|turn|53
|
|t:|1728937195
|move|p1a: Dugtrio|Rock Slide|p2a: Blissey
|-damage|p2a: Blissey|0 fnt
|faint|p2a: Blissey
|
|t:|1728937199
|switch|p2a: Salamence|Salamence, M|100/100
|-ability|p2a: Salamence|Intimidate|boost
|-unboost|p1a: Dugtrio|atk|1
|
|upkeep
|turn|54
|
|t:|1728937210
|move|p1a: Dugtrio|Rock Slide|p2a: Salamence
|-supereffective|p2a: Salamence
|-crit|p2a: Salamence
|-damage|p2a: Salamence|0 fnt
|faint|p2a: Salamence
|
|t:|1728937217
|switch|p2a: Moltres|Moltres|100/100
|
|upkeep
|turn|55
|
|t:|1728937223
|move|p1a: Dugtrio|Rock Slide|p2a: Moltres
|-supereffective|p2a: Moltres
|-damage|p2a: Moltres|0 fnt
|faint|p2a: Moltres
|
|t:|1728937225
|switch|p2a: Skarmory|Skarmory, F|9/100 par
|
|-heal|p2a: Skarmory|15/100 par|[from] item: Leftovers
|upkeep
|turn|56
|
|t:|1728937228
|move|p1a: Dugtrio|Rock Slide|p2a: Skarmory
|-damage|p2a: Skarmory|0 fnt
|faint|p2a: Skarmory
|
|win|Ivoire
|c|☆Ivoire|gg
|c|☆Hexmoonie|gg
|c|☆Ivoire|/log Ivoire made the replay of this battle unlisted.

</script>
<script type="application/json" class="data" id="replaydata-smogtours-gen3ou-798739">
{"id":"smogtours-gen3ou-798739","format":"[Gen 3] OU","players":["Ivoire","Hexmoonie"],"uploadtime":1728937228,"views":112,"formatid":"gen3ou","rating":null,"private":1,"password":null}
</script>

<script defer src="js/replays.js?9d40a366"></script>
