<!DOCTYPE html>
<meta charset="utf-8" />
<meta name="viewport" content="width=device-width" />

<title>[Gen 3] OU: Xurkiyee vs. RetiredBohrier - Replays - Pok&eacute;mon Showdown!</title>

<meta name="description" content="Watch a replay of a Pok&eacute;mon battle between Xurkiyee and RetiredBohrier! Format: [Gen 3] OU; Date: Nov 2, 2024" />
<!--

Hey, you! Looking in the source for the replay log?

You can find them in JSON format, just add `.json` at the end of a replay URL.

https://replay.pokemonshowdown.com/gen7randomdoublesbattle-865046831.json

Or, if you only need the log itself, add `.log` instead:

https://replay.pokemonshowdown.com/gen7randomdoublesbattle-865046831.log

-->

<link rel="stylesheet" href="//pokemonshowdown.com/style/global.css?0.023195364461161105" />
<link rel="stylesheet" href="//play.pokemonshowdown.com/style/font-awesome.css?0.13261647063804238" />
<link rel="stylesheet" href="//play.pokemonshowdown.com/style/battle.css?0.8753245789963631" />
<link rel="stylesheet" href="//play.pokemonshowdown.com/style/utilichart.css?0.8627959624976733" />

<!-- Global site tag (gtag.js) - Google Analytics -->
<script async src="https://www.googletagmanager.com/gtag/js?id=UA-26211653-1"></script>
<script>
  window.dataLayer = window.dataLayer || [];
  function gtag(){dataLayer.push(arguments);}
  gtag('js', new Date());

  gtag('config', 'UA-26211653-1');
</script>
<!-- End Google Analytics -->
<!-- Venatus Ad Manager - Install in <HEAD> of page -->
	<script src="https://hb.vntsm.com/v3/live/ad-manager.min.js" type="text/javascript" data-site-id="642aba63ec9a7b11c3c9c1be" data-mode="scan" async></script>
<!-- / Venatus Ad Manager -->

<style>
	@media (max-width:820px) {
		.battle {
			margin: 0 auto;
		}
		.battle-log {
			margin: 7px auto 0;
			max-width: 640px;
			height: 300px;
			position: static;
		}
	}
	.optgroup {
		display: inline-block;
		line-height: 22px;
		font-size: 10pt;
	}
	.optgroup .button {
		height: 25px;
		padding-top: 0;
		padding-bottom: 0;
	}
	.optgroup button.button {
		padding-left: 12px;
		padding-right: 12px;
	}
	.linklist {
		list-style: none;
		margin: 0.5em 0;
		padding: 0;
	}
	.linklist li {
		padding: 2px 0;
	}
	.sidebar {
		float: left;
		width: 320px;
	}
	.bar-wrapper {
		max-width: 1100px;
		margin: 0 auto;
	}
	.bar-wrapper.has-sidebar {
		max-width: 1430px;
	}
	.mainbar {
		margin: 0;
		padding-right: 1px;
	}
	.mainbar.has-sidebar {
		margin-left: 330px;
	}
	@media (min-width: 1511px) {
		.sidebar {
			width: 400px;
		}
		.bar-wrapper.has-sidebar {
			max-width: 1510px;
		}
		.mainbar.has-sidebar {
			margin-left: 410px;
		}
	}
	.section.first-section {
		margin-top: 9px;
	}
	.blocklink small {
		white-space: normal;
	}
	.button {
		vertical-align: middle;
	}
	.replay-controls {
		padding-top: 10px;
	}
	.replay-controls h1 {
		font-size: 16pt;
		font-weight: normal;
		color: #CCC;
	}
	.pagelink {
		text-align: center;
	}
	.pagelink a {
		width: 150px;
	}
	.textbox, .button {
		font-size: 11pt;
		vertical-align: middle;
	}
	@media (max-width: 450px) {
		.button {
			font-size: 9pt;
		}
	}
</style>

<div>

	<header>
		<div class="nav-wrapper"><ul class="nav">
			<li><a class="button nav-first" href="//pokemonshowdown.com/"><img src="//pokemonshowdown.com/images/pokemonshowdownbeta.png" srcset="//pokemonshowdown.com/images/pokemonshowdownbeta.png 1x, //pokemonshowdown.com/images/pokemonshowdownbeta@2x.png 2x" alt="Pok&eacute;mon Showdown" width="146" height="44" /> Home</a></li>
			<li><a class="button" href="//pokemonshowdown.com/dex/">Pok&eacute;dex</a></li>
			<li><a class="button cur" href="/">Replays</a></li>
			<li><a class="button" href="//pokemonshowdown.com/ladder/">Ladder</a></li>
			<li><a class="button nav-last" href="//pokemonshowdown.com/forums/">Forum</a></li>
			<li><a class="button greenbutton nav-first nav-last" href="//play.pokemonshowdown.com/">Play</a></li>
		</ul></div>
	</header>

	<div class="main" id="main">

		<noscript><section class="section">You need to enable JavaScript to use this page; sorry!</section></noscript>

	</div>

</div>

<script defer nomodule src="//play.pokemonshowdown.com/js/lib/ps-polyfill.js"></script>
<script defer src="//play.pokemonshowdown.com/js/lib/preact.min.js"></script>

<script defer src="//play.pokemonshowdown.com/config/config.js?2bddbc15"></script>
<script defer src="//play.pokemonshowdown.com/js/lib/jquery-1.11.0.min.js"></script>
<script defer src="//play.pokemonshowdown.com/js/lib/html-sanitizer-minified.js"></script>
<script defer src="//play.pokemonshowdown.com/js/battle-sound.js"></script>
<script defer src="//play.pokemonshowdown.com/js/battledata.js?0.7209276989879541"></script>
<script defer src="//play.pokemonshowdown.com/data/pokedex-mini.js?0.6111056340867951"></script>
<script defer src="//play.pokemonshowdown.com/data/pokedex-mini-bw.js?0.3532142036491459"></script>
<script defer src="//play.pokemonshowdown.com/data/graphics.js?0.24223875632456182"></script>
<script defer src="//play.pokemonshowdown.com/data/pokedex.js?0.38839984266356864"></script>
<script defer src="//play.pokemonshowdown.com/data/moves.js?0.21866028504024015"></script>
<script defer src="//play.pokemonshowdown.com/data/abilities.js?0.2005157953846628"></script>
<script defer src="//play.pokemonshowdown.com/data/items.js?0.9894211263848525"></script>
<script defer src="//play.pokemonshowdown.com/data/teambuilder-tables.js?0.6008791140282215"></script>
<script defer src="//play.pokemonshowdown.com/js/battle-tooltips.js?0.7580118955022959"></script>
<script defer src="//play.pokemonshowdown.com/js/battle.js?0.6057722274234274"></script>

<script defer src="js/utils.js?e31f9a17"></script>
<script defer src="js/replays-battle.js?7008c182"></script>

<!-- don't scrape this data! just add .json or .log after the URL!
Full API docs: https://github.com/smogon/pokemon-showdown-client/blob/master/WEB-API.md -->
<script type="text/plain" class="log" id="replaylog-smogtours-gen3ou-803966">
|inactive|Battle timer is ON: inactive players will automatically lose when time's up.
|t:|1730565142
|gametype|singles
|player|p1|Xurkiyee|waiter-gen4|
|player|p2|RetiredBohrier|1|
|teamsize|p1|6
|teamsize|p2|6
|gen|3
|tier|[Gen 3] OU
|rule|Sleep Clause Mod: Limit one foe put to sleep
|rule|Switch Priority Clause Mod: Faster Pokémon switch first
|rule|Species Clause: Limit one of each Pokémon
|rule|OHKO Clause: OHKO moves are banned
|rule|Evasion Items Clause: Evasion items are banned
|rule|Evasion Moves Clause: Evasion moves are banned
|rule|Endless Battle Clause: Forcing endless battles is banned
|rule|HP Percentage Mod: HP is shown in percentages
|rule|One Boost Passer Clause: Limit one Baton Passer that has a way to boost its stats
|rule|Freeze Clause Mod: Limit one foe frozen
|
|t:|1730565142
|start
|switch|p1a: Blaziken|Blaziken, M|100/100
|switch|p2a: Salamence|Salamence, F|100/100
|-ability|p2a: Salamence|Intimidate|boost
|-unboost|p1a: Blaziken|atk|1
|turn|1
|c|☆Xurkiyee|hf
|inactive|Xurkiyee has 270 seconds left.
|
|t:|1730565195
|switch|p1a: Zapdos|Zapdos|100/100
|move|p2a: Salamence|Dragon Claw|p1a: Zapdos
|-damage|p1a: Zapdos|64/100
|
|-heal|p1a: Zapdos|70/100|[from] item: Leftovers
|upkeep
|turn|2
|
|t:|1730565210
|move|p2a: Salamence|Rock Slide|p1a: Zapdos
|-supereffective|p1a: Zapdos
|-damage|p1a: Zapdos|24/100
|move|p1a: Zapdos|Thunderbolt|p2a: Salamence
|-damage|p2a: Salamence|38/100
|
|-heal|p2a: Salamence|44/100|[from] item: Leftovers
|-heal|p1a: Zapdos|30/100|[from] item: Leftovers
|upkeep
|turn|3
|c|☆RetiredBohrier|Chat I was watching the highlord bin pin game last game
|c|☆RetiredBohrier|Now we're back
|inactive|Xurkiyee has 270 seconds left.
|
|t:|1730565257
|switch|p1a: Porygon2|Porygon2|100/100
|-ability|p1a: Porygon2|Intimidate|[from] ability: Trace|[of] p2a: Salamence
|move|p2a: Salamence|Dragon Claw|p1a: Porygon2
|-damage|p1a: Porygon2|64/100
|
|-heal|p2a: Salamence|50/100|[from] item: Leftovers
|-heal|p1a: Porygon2|70/100|[from] item: Leftovers
|upkeep
|turn|4
|
|t:|1730565266
|switch|p2a: Blissey|Blissey, F|100/100
|move|p1a: Porygon2|Recover|p1a: Porygon2
|-heal|p1a: Porygon2|100/100
|
|upkeep
|turn|5
|
|t:|1730565270
|switch|p1a: Metagross|Metagross|100/100
|move|p2a: Blissey|Toxic|p1a: Metagross
|-immune|p1a: Metagross
|
|upkeep
|turn|6
|
|t:|1730565276
|switch|p1a: Blaziken|Blaziken, M|100/100
|switch|p2a: Skarmory|Skarmory, F|100/100
|
|upkeep
|turn|7
|
|t:|1730565282
|switch|p2a: Suicune|Suicune|100/100
|move|p1a: Blaziken|Fire Blast|p2a: Suicune
|-resisted|p2a: Suicune
|-damage|p2a: Suicune|77/100
|
|-heal|p2a: Suicune|83/100|[from] item: Leftovers
|upkeep
|turn|8
|
|t:|1730565289
|switch|p1a: Celebi|Celebi|100/100
|switch|p2a: Blissey|Blissey, F|100/100
|
|upkeep
|turn|9
|
|t:|1730565297
|move|p1a: Celebi|Calm Mind|p1a: Celebi
|-boost|p1a: Celebi|spa|1
|-boost|p1a: Celebi|spd|1
|move|p2a: Blissey|Toxic|p1a: Celebi
|-status|p1a: Celebi|tox
|
|-damage|p1a: Celebi|94/100 tox|[from] psn
|upkeep
|turn|10
|
|t:|1730565306
|move|p1a: Celebi|Calm Mind|p1a: Celebi
|-boost|p1a: Celebi|spa|1
|-boost|p1a: Celebi|spd|1
|move|p2a: Blissey|Thunderbolt|p1a: Celebi
|-resisted|p1a: Celebi
|-damage|p1a: Celebi|89/100 tox
|
|-heal|p1a: Celebi|95/100 tox|[from] item: Leftovers
|-damage|p1a: Celebi|83/100 tox|[from] psn
|upkeep
|turn|11
|
|t:|1730565324
|move|p1a: Celebi|Baton Pass|p1a: Celebi
|
|t:|1730565325
|-curestatus|p1a: Celebi|tox|[from] ability: Natural Cure
|switch|p1a: Blaziken|Blaziken, M|100/100|[from] Baton Pass
|move|p2a: Blissey|Ice Beam|p1a: Blaziken
|-resisted|p1a: Blaziken
|-damage|p1a: Blaziken|91/100
|
|-heal|p1a: Blaziken|97/100|[from] item: Leftovers
|upkeep
|turn|12
|
|t:|1730565346
|move|p1a: Blaziken|Sky Uppercut|p2a: Blissey
|-supereffective|p2a: Blissey
|-damage|p2a: Blissey|23/100
|move|p2a: Blissey|Toxic|p1a: Blaziken
|-status|p1a: Blaziken|tox
|
|-heal|p1a: Blaziken|100/100 tox|[from] item: Leftovers
|-damage|p1a: Blaziken|95/100 tox|[from] psn
|-heal|p2a: Blissey|29/100|[from] item: Leftovers
|upkeep
|turn|13
|
|t:|1730565352
|switch|p2a: Salamence|Salamence, F|50/100
|-ability|p2a: Salamence|Intimidate|boost
|-unboost|p1a: Blaziken|atk|1
|move|p1a: Blaziken|Fire Blast|p2a: Salamence
|-resisted|p2a: Salamence
|-damage|p2a: Salamence|0 fnt
|faint|p2a: Salamence
|inactive|RetiredBohrier disconnected and has 300 seconds to reconnect!
|player|p2|
|inactive|RetiredBohrier reconnected and has 285 seconds left.
|player|p2|RetiredBohrier|1|
|inactive|RetiredBohrier has 270 seconds left.
|
|t:|1730565386
|switch|p2a: Suicune|Suicune|83/100
|
|-heal|p1a: Blaziken|100/100 tox|[from] item: Leftovers
|-damage|p1a: Blaziken|89/100 tox|[from] psn
|-heal|p2a: Suicune|89/100|[from] item: Leftovers
|upkeep
|turn|14
|
|t:|1730565395
|move|p1a: Blaziken|Thunder Punch|p2a: Suicune
|-supereffective|p2a: Suicune
|-damage|p2a: Suicune|14/100
|move|p2a: Suicune|Surf|p1a: Blaziken
|-supereffective|p1a: Blaziken
|-damage|p1a: Blaziken|44/100 tox
|
|-heal|p1a: Blaziken|50/100 tox|[from] item: Leftovers
|-damage|p1a: Blaziken|32/100 tox|[from] psn
|-heal|p2a: Suicune|20/100|[from] item: Leftovers
|upkeep
|turn|15
|
|t:|1730565402
|switch|p2a: Claydol|Claydol|100/100
|move|p1a: Blaziken|Fire Blast|p2a: Claydol
|-damage|p2a: Claydol|0 fnt
|faint|p2a: Claydol
|
|t:|1730565406
|switch|p2a: Blissey|Blissey, F|29/100
|
|-heal|p1a: Blaziken|38/100 tox|[from] item: Leftovers
|-damage|p1a: Blaziken|14/100 tox|[from] psn
|-heal|p2a: Blissey|35/100|[from] item: Leftovers
|upkeep
|turn|16
|
|t:|1730565412
|switch|p2a: Suicune|Suicune|20/100
|move|p1a: Blaziken|Fire Blast|p2a: Suicune
|-resisted|p2a: Suicune
|-damage|p2a: Suicune|0 fnt
|faint|p2a: Suicune
|
|t:|1730565415
|switch|p2a: Blissey|Blissey, F|35/100
|
|-heal|p1a: Blaziken|20/100 tox|[from] item: Leftovers
|-damage|p1a: Blaziken|0 fnt|[from] psn
|faint|p1a: Blaziken
|-heal|p2a: Blissey|41/100|[from] item: Leftovers
|upkeep
|
|t:|1730565430
|switch|p1a: Swampert|Swampert, M|100/100
|turn|17
|
|t:|1730565442
|-singleturn|p1a: Swampert|move: Focus Punch
|switch|p2a: Skarmory|Skarmory, F|100/100
|move|p1a: Swampert|Focus Punch|p2a: Skarmory
|-damage|p2a: Skarmory|71/100
|
|-heal|p2a: Skarmory|77/100|[from] item: Leftovers
|upkeep
|turn|18
|
|t:|1730565454
|move|p2a: Skarmory|Spikes|p1a: Swampert
|-sidestart|p1: Xurkiyee|Spikes
|move|p1a: Swampert|Hydro Pump|p2a: Skarmory
|-damage|p2a: Skarmory|32/100
|
|-heal|p2a: Skarmory|38/100|[from] item: Leftovers
|upkeep
|turn|19
|inactive|Xurkiyee has 270 seconds left.
|
|t:|1730565511
|move|p2a: Skarmory|Spikes|p1a: Swampert
|-sidestart|p1: Xurkiyee|Spikes
|move|p1a: Swampert|Hydro Pump|p2a: Skarmory
|-damage|p2a: Skarmory|0 fnt
|faint|p2a: Skarmory
|
|t:|1730565525
|switch|p2a: Blissey|Blissey, F|41/100
|
|-heal|p2a: Blissey|47/100|[from] item: Leftovers
|upkeep
|turn|20
|
|t:|1730565533
|switch|p1a: Metagross|Metagross|100/100
|-damage|p1a: Metagross|84/100|[from] Spikes
|move|p2a: Blissey|Ice Beam|p1a: Metagross
|-resisted|p1a: Metagross
|-damage|p1a: Metagross|72/100
|-status|p1a: Metagross|frz
|
|-heal|p1a: Metagross|78/100 frz|[from] item: Leftovers
|-heal|p2a: Blissey|53/100|[from] item: Leftovers
|upkeep
|turn|21
|c|☆RetiredBohrier|ohhhh
|c|☆Xurkiyee|i believe in meta
|
|t:|1730565558
|switch|p2a: Metagross|Metagross|100/100
|cant|p1a: Metagross|frz
|
|-heal|p1a: Metagross|84/100 frz|[from] item: Leftovers
|upkeep
|turn|22
|c|☆RetiredBohrier|I also believe in my meta
|
|t:|1730565573
|-curestatus|p1a: Metagross|frz|[msg]
|move|p1a: Metagross|Earthquake|p2a: Metagross
|-supereffective|p2a: Metagross
|-damage|p2a: Metagross|50/100
|move|p2a: Metagross|Meteor Mash|p1a: Metagross
|-resisted|p1a: Metagross
|-damage|p1a: Metagross|63/100
|
|-heal|p1a: Metagross|69/100|[from] item: Leftovers
|-heal|p2a: Metagross|56/100|[from] item: Leftovers
|upkeep
|turn|23
|
|t:|1730565581
|move|p2a: Metagross|Protect|p2a: Metagross
|-singleturn|p2a: Metagross|Protect
|move|p1a: Metagross|Earthquake|p2a: Metagross
|-activate|p2a: Metagross|Protect
|
|-heal|p1a: Metagross|75/100|[from] item: Leftovers
|-heal|p2a: Metagross|62/100|[from] item: Leftovers
|upkeep
|turn|24
|c|☆RetiredBohrier|Gg
|
|t:|1730565586
|move|p1a: Metagross|Earthquake|p2a: Metagross
|-supereffective|p2a: Metagross
|-damage|p2a: Metagross|10/100
|move|p2a: Metagross|Earthquake|p1a: Metagross
|-supereffective|p1a: Metagross
|-damage|p1a: Metagross|18/100
|
|-heal|p1a: Metagross|24/100|[from] item: Leftovers
|-heal|p2a: Metagross|16/100|[from] item: Leftovers
|upkeep
|turn|25
|
|t:|1730565591
|move|p2a: Metagross|Protect|p2a: Metagross
|-singleturn|p2a: Metagross|Protect
|move|p1a: Metagross|Earthquake|p2a: Metagross
|-activate|p2a: Metagross|Protect
|
|-heal|p1a: Metagross|30/100|[from] item: Leftovers
|-heal|p2a: Metagross|22/100|[from] item: Leftovers
|upkeep
|turn|26
|
|t:|1730565596
|move|p2a: Metagross|Earthquake|p1a: Metagross
|-supereffective|p1a: Metagross
|-damage|p1a: Metagross|0 fnt
|faint|p1a: Metagross
|
|t:|1730565614
|switch|p1a: Zapdos|Zapdos|30/100
|
|-heal|p1a: Zapdos|36/100|[from] item: Leftovers
|-heal|p2a: Metagross|28/100|[from] item: Leftovers
|upkeep
|turn|27
|
|t:|1730565619
|switch|p2a: Blissey|Blissey, F|53/100
|move|p1a: Zapdos|Thunderbolt|p2a: Blissey
|-damage|p2a: Blissey|31/100
|
|-heal|p1a: Zapdos|42/100|[from] item: Leftovers
|-heal|p2a: Blissey|37/100|[from] item: Leftovers
|upkeep
|turn|28
|
|t:|1730565628
|move|p1a: Zapdos|Baton Pass|p1a: Zapdos
|
|t:|1730565629
|switch|p1a: Porygon2|Porygon2|100/100|[from] Baton Pass
|-damage|p1a: Porygon2|84/100|[from] Spikes
|-ability|p1a: Porygon2|Natural Cure|[from] ability: Trace|[of] p2a: Blissey
|move|p2a: Blissey|Soft-Boiled|p2a: Blissey
|-heal|p2a: Blissey|87/100
|
|-heal|p1a: Porygon2|90/100|[from] item: Leftovers
|-heal|p2a: Blissey|93/100|[from] item: Leftovers
|upkeep
|turn|29
|
|t:|1730565632
|move|p1a: Porygon2|Toxic|p2a: Blissey|[miss]
|-miss|p1a: Porygon2|p2a: Blissey
|move|p2a: Blissey|Toxic|p1a: Porygon2
|-status|p1a: Porygon2|tox
|
|-heal|p1a: Porygon2|96/100 tox|[from] item: Leftovers
|-damage|p1a: Porygon2|90/100 tox|[from] psn
|-heal|p2a: Blissey|99/100|[from] item: Leftovers
|upkeep
|turn|30
|
|t:|1730565637
|switch|p2a: Metagross|Metagross|28/100
|move|p1a: Porygon2|Thunderbolt|p2a: Metagross
|-damage|p2a: Metagross|5/100
|
|-heal|p2a: Metagross|12/100|[from] item: Leftovers
|-heal|p1a: Porygon2|96/100 tox|[from] item: Leftovers
|-damage|p1a: Porygon2|84/100 tox|[from] psn
|upkeep
|turn|31
|
|t:|1730565644
|-curestatus|p1a: Porygon2|tox|[from] ability: Natural Cure
|switch|p1a: Zapdos|Zapdos|42/100
|move|p2a: Metagross|Protect||[still]
|-fail|p2a: Metagross
|
|-heal|p1a: Zapdos|48/100|[from] item: Leftovers
|-heal|p2a: Metagross|18/100|[from] item: Leftovers
|upkeep
|turn|32
|
|t:|1730565647
|switch|p2a: Blissey|Blissey, F|99/100
|move|p1a: Zapdos|Thunderbolt|p2a: Blissey
|-damage|p2a: Blissey|77/100
|
|-heal|p1a: Zapdos|53/100|[from] item: Leftovers
|-heal|p2a: Blissey|83/100|[from] item: Leftovers
|upkeep
|turn|33
|
|t:|1730565655
|move|p1a: Zapdos|Baton Pass|p1a: Zapdos
|
|t:|1730565656
|switch|p1a: Porygon2|Porygon2|84/100|[from] Baton Pass
|-damage|p1a: Porygon2|67/100|[from] Spikes
|-ability|p1a: Porygon2|Natural Cure|[from] ability: Trace|[of] p2a: Blissey
|move|p2a: Blissey|Ice Beam|p1a: Porygon2
|-damage|p1a: Porygon2|45/100
|-status|p1a: Porygon2|frz
|
|-heal|p1a: Porygon2|51/100 frz|[from] item: Leftovers
|-heal|p2a: Blissey|89/100|[from] item: Leftovers
|upkeep
|turn|34
|c|☆RetiredBohrier|lmaooo
|
|t:|1730565670
|-curestatus|p1a: Porygon2|frz|[from] ability: Natural Cure
|switch|p1a: Celebi|Celebi|83/100
|-damage|p1a: Celebi|66/100|[from] Spikes
|move|p2a: Blissey|Ice Beam|p1a: Celebi
|-supereffective|p1a: Celebi
|-damage|p1a: Celebi|27/100
|
|-heal|p1a: Celebi|33/100|[from] item: Leftovers
|-heal|p2a: Blissey|95/100|[from] item: Leftovers
|upkeep
|turn|35
|
|t:|1730565677
|move|p1a: Celebi|Calm Mind|p1a: Celebi
|-boost|p1a: Celebi|spa|1
|-boost|p1a: Celebi|spd|1
|move|p2a: Blissey|Ice Beam|p1a: Celebi
|-supereffective|p1a: Celebi
|-damage|p1a: Celebi|5/100
|
|-heal|p1a: Celebi|11/100|[from] item: Leftovers
|-heal|p2a: Blissey|100/100|[from] item: Leftovers
|upkeep
|turn|36
|
|t:|1730565682
|move|p1a: Celebi|Recover|p1a: Celebi
|-heal|p1a: Celebi|61/100
|move|p2a: Blissey|Toxic|p1a: Celebi
|-status|p1a: Celebi|tox
|
|-heal|p1a: Celebi|67/100 tox|[from] item: Leftovers
|-damage|p1a: Celebi|61/100 tox|[from] psn
|upkeep
|turn|37
|
|t:|1730565685
|move|p1a: Celebi|Calm Mind|p1a: Celebi
|-boost|p1a: Celebi|spa|1
|-boost|p1a: Celebi|spd|1
|move|p2a: Blissey|Ice Beam|p1a: Celebi
|-supereffective|p1a: Celebi
|-damage|p1a: Celebi|38/100 tox
|
|-heal|p1a: Celebi|44/100 tox|[from] item: Leftovers
|-damage|p1a: Celebi|32/100 tox|[from] psn
|upkeep
|turn|38
|
|t:|1730565689
|move|p1a: Celebi|Recover|p1a: Celebi
|-heal|p1a: Celebi|82/100 tox
|move|p2a: Blissey|Ice Beam|p1a: Celebi
|-supereffective|p1a: Celebi
|-damage|p1a: Celebi|62/100 tox
|
|-heal|p1a: Celebi|68/100 tox|[from] item: Leftovers
|-damage|p1a: Celebi|50/100 tox|[from] psn
|upkeep
|turn|39
|
|t:|1730565700
|move|p1a: Celebi|Recover|p1a: Celebi
|-heal|p1a: Celebi|99/100 tox
|move|p2a: Blissey|Toxic|p1a: Celebi
|-fail|p1a: Celebi|tox
|
|-heal|p1a: Celebi|100/100 tox|[from] item: Leftovers
|-damage|p1a: Celebi|76/100 tox|[from] psn
|upkeep
|turn|40
|
|t:|1730565707
|move|p1a: Celebi|Baton Pass|p1a: Celebi
|
|t:|1730565709
|-curestatus|p1a: Celebi|tox|[from] ability: Natural Cure
|switch|p1a: Porygon2|Porygon2|51/100|[from] Baton Pass
|-damage|p1a: Porygon2|34/100|[from] Spikes
|-ability|p1a: Porygon2|Natural Cure|[from] ability: Trace|[of] p2a: Blissey
|move|p2a: Blissey|Ice Beam|p1a: Porygon2
|-damage|p1a: Porygon2|23/100
|
|-heal|p1a: Porygon2|29/100|[from] item: Leftovers
|upkeep
|turn|41
|
|t:|1730565718
|move|p1a: Porygon2|Recover|p1a: Porygon2
|-heal|p1a: Porygon2|79/100
|move|p2a: Blissey|Toxic|p1a: Porygon2|[miss]
|-miss|p2a: Blissey|p1a: Porygon2
|
|-heal|p1a: Porygon2|86/100|[from] item: Leftovers
|upkeep
|turn|42
|
|t:|1730565722
|move|p1a: Porygon2|Toxic|p2a: Blissey
|-status|p2a: Blissey|tox
|move|p2a: Blissey|Toxic|p1a: Porygon2
|-status|p1a: Porygon2|tox
|
|-heal|p1a: Porygon2|92/100 tox|[from] item: Leftovers
|-damage|p1a: Porygon2|86/100 tox|[from] psn
|-damage|p2a: Blissey|94/100 tox|[from] psn
|upkeep
|turn|43
|
|t:|1730565728
|move|p1a: Porygon2|Thunderbolt|p2a: Blissey
|-crit|p2a: Blissey
|-damage|p2a: Blissey|58/100 tox
|move|p2a: Blissey|Ice Beam|p1a: Porygon2
|-damage|p1a: Porygon2|75/100 tox
|
|-heal|p1a: Porygon2|81/100 tox|[from] item: Leftovers
|-damage|p1a: Porygon2|69/100 tox|[from] psn
|-heal|p2a: Blissey|64/100 tox|[from] item: Leftovers
|-damage|p2a: Blissey|51/100 tox|[from] psn
|upkeep
|turn|44
|
|t:|1730565737
|move|p1a: Porygon2|Thunderbolt|p2a: Blissey
|-damage|p2a: Blissey|34/100 tox
|move|p2a: Blissey|Soft-Boiled|p2a: Blissey
|-heal|p2a: Blissey|84/100 tox
|
|-heal|p1a: Porygon2|75/100 tox|[from] item: Leftovers
|-damage|p1a: Porygon2|56/100 tox|[from] psn
|-heal|p2a: Blissey|91/100 tox|[from] item: Leftovers
|-damage|p2a: Blissey|72/100 tox|[from] psn
|upkeep
|turn|45
|
|t:|1730565741
|-curestatus|p2a: Blissey|tox|[from] ability: Natural Cure
|switch|p2a: Metagross|Metagross|18/100
|move|p1a: Porygon2|Thunderbolt|p2a: Metagross
|-damage|p2a: Metagross|0 fnt
|faint|p2a: Metagross
|
|t:|1730565745
|switch|p2a: Blissey|Blissey, F|72/100
|
|-heal|p1a: Porygon2|63/100 tox|[from] item: Leftovers
|-damage|p1a: Porygon2|38/100 tox|[from] psn
|-heal|p2a: Blissey|78/100|[from] item: Leftovers
|upkeep
|turn|46
|c|☆RetiredBohrier|Ah rip
|c|☆RetiredBohrier|Just toxic here
|
|t:|1730565773
|-curestatus|p1a: Porygon2|tox|[from] ability: Natural Cure
|switch|p1a: Zapdos|Zapdos|53/100
|move|p2a: Blissey|Ice Beam|p1a: Zapdos
|-supereffective|p1a: Zapdos
|-damage|p1a: Zapdos|0 fnt
|faint|p1a: Zapdos
|
|t:|1730565775
|switch|p1a: Porygon2|Porygon2|38/100
|-damage|p1a: Porygon2|21/100|[from] Spikes
|-ability|p1a: Porygon2|Natural Cure|[from] ability: Trace|[of] p2a: Blissey
|
|-heal|p1a: Porygon2|28/100|[from] item: Leftovers
|-heal|p2a: Blissey|84/100|[from] item: Leftovers
|upkeep
|turn|47
|c|☆RetiredBohrier|Bruh
|
|t:|1730565782
|move|p1a: Porygon2|Recover|p1a: Porygon2
|-heal|p1a: Porygon2|78/100
|move|p2a: Blissey|Toxic|p1a: Porygon2
|-status|p1a: Porygon2|tox
|
|-heal|p1a: Porygon2|84/100 tox|[from] item: Leftovers
|-damage|p1a: Porygon2|78/100 tox|[from] psn
|-heal|p2a: Blissey|91/100|[from] item: Leftovers
|upkeep
|turn|48
|
|t:|1730565788
|move|p1a: Porygon2|Toxic|p2a: Blissey
|-status|p2a: Blissey|tox
|move|p2a: Blissey|Thunderbolt|p1a: Porygon2
|-damage|p1a: Porygon2|56/100 tox
|
|-heal|p1a: Porygon2|62/100 tox|[from] item: Leftovers
|-damage|p1a: Porygon2|50/100 tox|[from] psn
|-heal|p2a: Blissey|97/100 tox|[from] item: Leftovers
|-damage|p2a: Blissey|91/100 tox|[from] psn
|upkeep
|turn|49
|
|t:|1730565791
|move|p1a: Porygon2|Recover|p1a: Porygon2
|-heal|p1a: Porygon2|99/100 tox
|move|p2a: Blissey|Thunderbolt|p1a: Porygon2
|-damage|p1a: Porygon2|79/100 tox
|
|-heal|p1a: Porygon2|85/100 tox|[from] item: Leftovers
|-damage|p1a: Porygon2|66/100 tox|[from] psn
|-heal|p2a: Blissey|97/100 tox|[from] item: Leftovers
|-damage|p2a: Blissey|84/100 tox|[from] psn
|upkeep
|turn|50
|
|t:|1730565793
|move|p1a: Porygon2|Recover|p1a: Porygon2
|-heal|p1a: Porygon2|100/100 tox
|move|p2a: Blissey|Thunderbolt|p1a: Porygon2
|-damage|p1a: Porygon2|78/100 tox
|
|-heal|p1a: Porygon2|84/100 tox|[from] item: Leftovers
|-damage|p1a: Porygon2|60/100 tox|[from] psn
|-heal|p2a: Blissey|91/100 tox|[from] item: Leftovers
|-damage|p2a: Blissey|72/100 tox|[from] psn
|upkeep
|turn|51
|
|t:|1730565814
|move|p1a: Porygon2|Recover|p1a: Porygon2
|-heal|p1a: Porygon2|100/100 tox
|move|p2a: Blissey|Thunderbolt|p1a: Porygon2
|-damage|p1a: Porygon2|79/100 tox
|
|-heal|p1a: Porygon2|85/100 tox|[from] item: Leftovers
|-damage|p1a: Porygon2|55/100 tox|[from] psn
|-heal|p2a: Blissey|78/100 tox|[from] item: Leftovers
|-damage|p2a: Blissey|54/100 tox|[from] psn
|upkeep
|turn|52
|
|t:|1730565822
|move|p1a: Porygon2|Recover|p1a: Porygon2
|-heal|p1a: Porygon2|100/100 tox
|move|p2a: Blissey|Ice Beam|p1a: Porygon2
|-damage|p1a: Porygon2|80/100 tox
|
|-heal|p1a: Porygon2|86/100 tox|[from] item: Leftovers
|-damage|p1a: Porygon2|49/100 tox|[from] psn
|-heal|p2a: Blissey|60/100 tox|[from] item: Leftovers
|-damage|p2a: Blissey|29/100 tox|[from] psn
|upkeep
|turn|53
|
|t:|1730565825
|move|p1a: Porygon2|Thunderbolt|p2a: Blissey
|-damage|p2a: Blissey|20/100 tox
|move|p2a: Blissey|Ice Beam|p1a: Porygon2
|-damage|p1a: Porygon2|25/100 tox
|
|-heal|p1a: Porygon2|32/100 tox|[from] item: Leftovers
|-damage|p1a: Porygon2|0 fnt|[from] psn
|faint|p1a: Porygon2
|-heal|p2a: Blissey|26/100 tox|[from] item: Leftovers
|-damage|p2a: Blissey|0 fnt|[from] psn
|faint|p2a: Blissey
|
|win|Xurkiyee
|upkeep
|c|☆Xurkiyee|ggs
|player|p2|

</script>
<script type="application/json" class="data" id="replaydata-smogtours-gen3ou-803966">
{"id":"smogtours-gen3ou-803966","format":"[Gen 3] OU","players":["Xurkiyee","RetiredBohrier"],"uploadtime":1730565825,"views":74,"formatid":"gen3ou","rating":null,"private":0,"password":null}
</script>

<script defer src="js/replays.js?9d40a366"></script>
