<!DOCTYPE html>
<meta charset="utf-8" />
<meta name="viewport" content="width=device-width" />

<title>[Gen 3] OU: plznostep vs. ccczzx - Replays - Pok&eacute;mon Showdown!</title>

<meta name="description" content="Watch a replay of a Pok&eacute;mon battle between plznostep and ccczzx! Format: [Gen 3] OU; Date: Oct 4, 2024" />
<!--

Hey, you! Looking in the source for the replay log?

You can find them in JSON format, just add `.json` at the end of a replay URL.

https://replay.pokemonshowdown.com/gen7randomdoublesbattle-865046831.json

Or, if you only need the log itself, add `.log` instead:

https://replay.pokemonshowdown.com/gen7randomdoublesbattle-865046831.log

-->

<link rel="stylesheet" href="//pokemonshowdown.com/style/global.css?0.023195364461161105" />
<link rel="stylesheet" href="//play.pokemonshowdown.com/style/font-awesome.css?0.13261647063804238" />
<link rel="stylesheet" href="//play.pokemonshowdown.com/style/battle.css?0.8753245789963631" />
<link rel="stylesheet" href="//play.pokemonshowdown.com/style/utilichart.css?0.8627959624976733" />

<!-- Global site tag (gtag.js) - Google Analytics -->
<script async src="https://www.googletagmanager.com/gtag/js?id=UA-26211653-1"></script>
<script>
  window.dataLayer = window.dataLayer || [];
  function gtag(){dataLayer.push(arguments);}
  gtag('js', new Date());

  gtag('config', 'UA-26211653-1');
</script>
<!-- End Google Analytics -->
<!-- Venatus Ad Manager - Install in <HEAD> of page -->
	<script src="https://hb.vntsm.com/v3/live/ad-manager.min.js" type="text/javascript" data-site-id="642aba63ec9a7b11c3c9c1be" data-mode="scan" async></script>
<!-- / Venatus Ad Manager -->

<style>
	@media (max-width:820px) {
		.battle {
			margin: 0 auto;
		}
		.battle-log {
			margin: 7px auto 0;
			max-width: 640px;
			height: 300px;
			position: static;
		}
	}
	.optgroup {
		display: inline-block;
		line-height: 22px;
		font-size: 10pt;
	}
	.optgroup .button {
		height: 25px;
		padding-top: 0;
		padding-bottom: 0;
	}
	.optgroup button.button {
		padding-left: 12px;
		padding-right: 12px;
	}
	.linklist {
		list-style: none;
		margin: 0.5em 0;
		padding: 0;
	}
	.linklist li {
		padding: 2px 0;
	}
	.sidebar {
		float: left;
		width: 320px;
	}
	.bar-wrapper {
		max-width: 1100px;
		margin: 0 auto;
	}
	.bar-wrapper.has-sidebar {
		max-width: 1430px;
	}
	.mainbar {
		margin: 0;
		padding-right: 1px;
	}
	.mainbar.has-sidebar {
		margin-left: 330px;
	}
	@media (min-width: 1511px) {
		.sidebar {
			width: 400px;
		}
		.bar-wrapper.has-sidebar {
			max-width: 1510px;
		}
		.mainbar.has-sidebar {
			margin-left: 410px;
		}
	}
	.section.first-section {
		margin-top: 9px;
	}
	.blocklink small {
		white-space: normal;
	}
	.button {
		vertical-align: middle;
	}
	.replay-controls {
		padding-top: 10px;
	}
	.replay-controls h1 {
		font-size: 16pt;
		font-weight: normal;
		color: #CCC;
	}
	.pagelink {
		text-align: center;
	}
	.pagelink a {
		width: 150px;
	}
	.textbox, .button {
		font-size: 11pt;
		vertical-align: middle;
	}
	@media (max-width: 450px) {
		.button {
			font-size: 9pt;
		}
	}
</style>

<div>

	<header>
		<div class="nav-wrapper"><ul class="nav">
			<li><a class="button nav-first" href="//pokemonshowdown.com/"><img src="//pokemonshowdown.com/images/pokemonshowdownbeta.png" srcset="//pokemonshowdown.com/images/pokemonshowdownbeta.png 1x, //pokemonshowdown.com/images/pokemonshowdownbeta@2x.png 2x" alt="Pok&eacute;mon Showdown" width="146" height="44" /> Home</a></li>
			<li><a class="button" href="//pokemonshowdown.com/dex/">Pok&eacute;dex</a></li>
			<li><a class="button cur" href="/">Replays</a></li>
			<li><a class="button" href="//pokemonshowdown.com/ladder/">Ladder</a></li>
			<li><a class="button nav-last" href="//pokemonshowdown.com/forums/">Forum</a></li>
			<li><a class="button greenbutton nav-first nav-last" href="//play.pokemonshowdown.com/">Play</a></li>
		</ul></div>
	</header>

	<div class="main" id="main">

		<noscript><section class="section">You need to enable JavaScript to use this page; sorry!</section></noscript>

	</div>

</div>

<script defer nomodule src="//play.pokemonshowdown.com/js/lib/ps-polyfill.js"></script>
<script defer src="//play.pokemonshowdown.com/js/lib/preact.min.js"></script>

<script defer src="//play.pokemonshowdown.com/config/config.js?2bddbc15"></script>
<script defer src="//play.pokemonshowdown.com/js/lib/jquery-1.11.0.min.js"></script>
<script defer src="//play.pokemonshowdown.com/js/lib/html-sanitizer-minified.js"></script>
<script defer src="//play.pokemonshowdown.com/js/battle-sound.js"></script>
<script defer src="//play.pokemonshowdown.com/js/battledata.js?0.7209276989879541"></script>
<script defer src="//play.pokemonshowdown.com/data/pokedex-mini.js?0.6111056340867951"></script>
<script defer src="//play.pokemonshowdown.com/data/pokedex-mini-bw.js?0.3532142036491459"></script>
<script defer src="//play.pokemonshowdown.com/data/graphics.js?0.24223875632456182"></script>
<script defer src="//play.pokemonshowdown.com/data/pokedex.js?0.38839984266356864"></script>
<script defer src="//play.pokemonshowdown.com/data/moves.js?0.21866028504024015"></script>
<script defer src="//play.pokemonshowdown.com/data/abilities.js?0.2005157953846628"></script>
<script defer src="//play.pokemonshowdown.com/data/items.js?0.9894211263848525"></script>
<script defer src="//play.pokemonshowdown.com/data/teambuilder-tables.js?0.6008791140282215"></script>
<script defer src="//play.pokemonshowdown.com/js/battle-tooltips.js?0.7580118955022959"></script>
<script defer src="//play.pokemonshowdown.com/js/battle.js?0.6057722274234274"></script>

<script defer src="js/utils.js?e31f9a17"></script>
<script defer src="js/replays-battle.js?7008c182"></script>

<!-- don't scrape this data! just add .json or .log after the URL!
Full API docs: https://github.com/smogon/pokemon-showdown-client/blob/master/WEB-API.md -->
<script type="text/plain" class="log" id="replaylog-smogtours-gen3ou-794602">
|inactive|Battle timer is ON: inactive players will automatically lose when time's up.
|t:|1728062343
|gametype|singles
|player|p1|plznostep|steven|
|player|p2|ccczzx|266|
|teamsize|p1|6
|teamsize|p2|6
|gen|3
|tier|[Gen 3] OU
|rule|Sleep Clause Mod: Limit one foe put to sleep
|rule|Switch Priority Clause Mod: Faster Pokémon switch first
|rule|Species Clause: Limit one of each Pokémon
|rule|OHKO Clause: OHKO moves are banned
|rule|Evasion Items Clause: Evasion items are banned
|rule|Evasion Moves Clause: Evasion moves are banned
|rule|Endless Battle Clause: Forcing endless battles is banned
|rule|HP Percentage Mod: HP is shown in percentages
|rule|One Boost Passer Clause: Limit one Baton Passer that has a way to boost its stats
|rule|Freeze Clause Mod: Limit one foe frozen
|
|t:|1728062343
|start
|switch|p1a: Metagross|Metagross|100/100
|switch|p2a: fuck skarm again|Skarmory, F|100/100
|turn|1
|c|☆plznostep|glhf
|c|☆ccczzx|glhf
|inactive|plznostep has 270 seconds left.
|
|t:|1728062378
|move|p1a: Metagross|Rock Slide|p2a: fuck skarm again
|-damage|p2a: fuck skarm again|67/100
|move|p2a: fuck skarm again|Spikes|p1a: Metagross
|-sidestart|p1: plznostep|Spikes
|
|-heal|p2a: fuck skarm again|73/100|[from] item: Leftovers
|upkeep
|turn|2
|
|t:|1728062390
|move|p1a: Metagross|Rock Slide|p2a: fuck skarm again
|-damage|p2a: fuck skarm again|39/100
|move|p2a: fuck skarm again|Spikes|p1a: Metagross
|-sidestart|p1: plznostep|Spikes
|
|-heal|p2a: fuck skarm again|45/100|[from] item: Leftovers
|upkeep
|turn|3
|
|t:|1728062396
|move|p2a: fuck skarm again|Protect|p2a: fuck skarm again
|-singleturn|p2a: fuck skarm again|Protect
|move|p1a: Metagross|Rock Slide|p2a: fuck skarm again
|-activate|p2a: fuck skarm again|Protect
|
|-heal|p2a: fuck skarm again|51/100|[from] item: Leftovers
|upkeep
|turn|4
|
|t:|1728062402
|move|p1a: Metagross|Rock Slide|p2a: fuck skarm again
|-damage|p2a: fuck skarm again|18/100
|move|p2a: fuck skarm again|Spikes|p1a: Metagross
|-sidestart|p1: plznostep|Spikes
|
|-heal|p2a: fuck skarm again|24/100|[from] item: Leftovers
|upkeep
|turn|5
|
|t:|1728062411
|switch|p1a: Claydol|Claydol, shiny|100/100
|move|p2a: fuck skarm again|Protect||[still]
|-fail|p2a: fuck skarm again
|
|-heal|p2a: fuck skarm again|30/100|[from] item: Leftovers
|upkeep
|turn|6
|
|t:|1728062417
|switch|p1a: Tyranitar|Tyranitar, F|100/100
|-damage|p1a: Tyranitar|76/100|[from] Spikes
|-weather|Sandstorm|[from] ability: Sand Stream|[of] p1a: Tyranitar
|switch|p2a: got hands|Dusclops, M|100/100
|
|-weather|Sandstorm|[upkeep]
|-damage|p2a: got hands|95/100|[from] Sandstorm
|-heal|p2a: got hands|100/100|[from] item: Leftovers
|upkeep
|turn|7
|
|t:|1728062424
|move|p1a: Tyranitar|Pursuit|p2a: got hands
|-supereffective|p2a: got hands
|-damage|p2a: got hands|71/100
|move|p2a: got hands|Will-O-Wisp|p1a: Tyranitar
|-status|p1a: Tyranitar|brn
|
|-weather|Sandstorm|[upkeep]
|-damage|p2a: got hands|65/100|[from] Sandstorm
|-damage|p1a: Tyranitar|63/100 brn|[from] brn
|-heal|p2a: got hands|71/100|[from] item: Leftovers
|upkeep
|turn|8
|
|t:|1728062444
|move|p1a: Tyranitar|Pursuit|p2a: got hands
|-supereffective|p2a: got hands
|-damage|p2a: got hands|37/100
|move|p2a: got hands|Rest|p2a: got hands
|-status|p2a: got hands|slp|[from] move: Rest
|-heal|p2a: got hands|100/100 slp|[silent]
|
|-weather|Sandstorm|[upkeep]
|-damage|p2a: got hands|95/100 slp|[from] Sandstorm
|-damage|p1a: Tyranitar|51/100 brn|[from] brn
|-heal|p2a: got hands|100/100 slp|[from] item: Leftovers
|upkeep
|turn|9
|
|t:|1728062455
|-activate|p2a: got hands|move: Pursuit
|move|p1a: Tyranitar|Pursuit|p2a: got hands|[from]Pursuit
|-supereffective|p2a: got hands
|-damage|p2a: got hands|45/100 slp
|switch|p2a: giddy|Dugtrio, F|100/100
|
|-weather|Sandstorm|[upkeep]
|-damage|p1a: Tyranitar|38/100 brn|[from] brn
|upkeep
|turn|10
|
|t:|1728062464
|move|p2a: giddy|Hidden Power|p1a: Tyranitar
|-supereffective|p1a: Tyranitar
|-damage|p1a: Tyranitar|0 fnt
|faint|p1a: Tyranitar
|
|t:|1728062472
|switch|p1a: Salamence|Salamence, F|100/100
|-ability|p1a: Salamence|Intimidate|boost
|-unboost|p2a: giddy|atk|1
|
|-weather|Sandstorm|[upkeep]
|-damage|p1a: Salamence|94/100|[from] Sandstorm
|-heal|p1a: Salamence|100/100|[from] item: Leftovers
|upkeep
|turn|11
|
|t:|1728062480
|switch|p2a: first|Suicune|100/100
|move|p1a: Salamence|Dragon Dance|p1a: Salamence
|-boost|p1a: Salamence|atk|1
|-boost|p1a: Salamence|spe|1
|
|-weather|Sandstorm|[upkeep]
|-damage|p1a: Salamence|94/100|[from] Sandstorm
|-damage|p2a: first|94/100|[from] Sandstorm
|-heal|p1a: Salamence|100/100|[from] item: Leftovers
|-heal|p2a: first|100/100|[from] item: Leftovers
|upkeep
|turn|12
|
|t:|1728062488
|switch|p1a: Snorlax|Snorlax, F|100/100
|-damage|p1a: Snorlax|76/100|[from] Spikes
|move|p2a: first|Roar|p1a: Snorlax
|drag|p1a: Suicune|Suicune, shiny|100/100
|-damage|p1a: Suicune|76/100|[from] Spikes
|
|-weather|Sandstorm|[upkeep]
|-damage|p1a: Suicune|70/100|[from] Sandstorm
|-damage|p2a: first|94/100|[from] Sandstorm
|-heal|p1a: Suicune|76/100|[from] item: Leftovers
|-heal|p2a: first|100/100|[from] item: Leftovers
|upkeep
|turn|13
|
|t:|1728062497
|move|p2a: first|Calm Mind|p2a: first
|-boost|p2a: first|spa|1
|-boost|p2a: first|spd|1
|move|p1a: Suicune|Roar|p2a: first
|drag|p2a: got hands|Dusclops, M|45/100 slp
|
|-weather|Sandstorm|[upkeep]
|-damage|p1a: Suicune|70/100|[from] Sandstorm
|-damage|p2a: got hands|39/100 slp|[from] Sandstorm
|-heal|p1a: Suicune|76/100|[from] item: Leftovers
|-heal|p2a: got hands|45/100 slp|[from] item: Leftovers
|upkeep
|turn|14
|
|t:|1728062506
|move|p1a: Suicune|Hydro Pump|p2a: got hands
|-damage|p2a: got hands|4/100 slp
|cant|p2a: got hands|slp
|move|p2a: got hands|Sleep Talk|p2a: got hands
|move|p2a: got hands|Night Shade|p1a: Suicune|[from]Sleep Talk
|-damage|p1a: Suicune|48/100
|
|-weather|Sandstorm|[upkeep]
|-damage|p1a: Suicune|42/100|[from] Sandstorm
|-damage|p2a: got hands|0 fnt|[from] Sandstorm
|faint|p2a: got hands
|-heal|p1a: Suicune|48/100|[from] item: Leftovers
|upkeep
|
|t:|1728062517
|switch|p2a: giddy|Dugtrio, F|100/100
|turn|15
|
|t:|1728062522
|move|p2a: giddy|Earthquake|p1a: Suicune
|-damage|p1a: Suicune|4/100
|move|p1a: Suicune|Ice Beam|p2a: giddy
|-supereffective|p2a: giddy
|-damage|p2a: giddy|0 fnt
|faint|p2a: giddy
|
|t:|1728062530
|switch|p2a: fuck skarm again|Skarmory, F|30/100
|
|-weather|Sandstorm|[upkeep]
|-damage|p1a: Suicune|0 fnt|[from] Sandstorm
|faint|p1a: Suicune
|-heal|p2a: fuck skarm again|36/100|[from] item: Leftovers
|upkeep
|
|t:|1728062534
|switch|p1a: Claydol|Claydol, shiny|100/100
|turn|16
|
|t:|1728062542
|move|p1a: Claydol|Rapid Spin|p2a: fuck skarm again
|-resisted|p2a: fuck skarm again
|-crit|p2a: fuck skarm again
|-damage|p2a: fuck skarm again|32/100
|-sideend|p1: plznostep|Spikes|[from] move: Rapid Spin|[of] p1a: Claydol
|move|p2a: fuck skarm again|Toxic|p1a: Claydol|[miss]
|-miss|p2a: fuck skarm again|p1a: Claydol
|
|-weather|Sandstorm|[upkeep]
|-heal|p2a: fuck skarm again|38/100|[from] item: Leftovers
|upkeep
|turn|17
|
|t:|1728062551
|switch|p1a: Snorlax|Snorlax, F|76/100
|move|p2a: fuck skarm again|Toxic|p1a: Snorlax
|-immune|p1a: Snorlax|[from] ability: Immunity
|
|-weather|Sandstorm|[upkeep]
|-damage|p1a: Snorlax|69/100|[from] Sandstorm
|-heal|p2a: fuck skarm again|44/100|[from] item: Leftovers
|-heal|p1a: Snorlax|76/100|[from] item: Leftovers
|upkeep
|turn|18
|
|t:|1728062580
|-singleturn|p1a: Snorlax|move: Focus Punch
|move|p2a: fuck skarm again|Spikes|p1a: Snorlax
|-sidestart|p1: plznostep|Spikes
|move|p1a: Snorlax|Focus Punch|p2a: fuck skarm again
|-damage|p2a: fuck skarm again|6/100
|
|-weather|Sandstorm|[upkeep]
|-damage|p1a: Snorlax|69/100|[from] Sandstorm
|-heal|p2a: fuck skarm again|12/100|[from] item: Leftovers
|-heal|p1a: Snorlax|76/100|[from] item: Leftovers
|upkeep
|turn|19
|
|t:|1728062590
|-singleturn|p1a: Snorlax|move: Focus Punch
|move|p2a: fuck skarm again|Spikes|p1a: Snorlax
|-sidestart|p1: plznostep|Spikes
|move|p1a: Snorlax|Focus Punch|p2a: fuck skarm again
|-damage|p2a: fuck skarm again|0 fnt
|faint|p2a: fuck skarm again
|
|t:|1728062600
|switch|p2a: first|Suicune|100/100
|
|-weather|Sandstorm|[upkeep]
|-damage|p2a: first|94/100|[from] Sandstorm
|-damage|p1a: Snorlax|69/100|[from] Sandstorm
|-heal|p2a: first|100/100|[from] item: Leftovers
|-heal|p1a: Snorlax|76/100|[from] item: Leftovers
|upkeep
|turn|20
|
|t:|1728062604
|move|p1a: Snorlax|Self-Destruct|p2a: first
|-damage|p2a: first|0 fnt
|faint|p1a: Snorlax
|faint|p2a: first
|c|☆ccczzx|gg, well played
|
|t:|1728062617
|switch|p2a: get out of my pert|Claydol|100/100
|switch|p1a: Claydol|Claydol, shiny|100/100
|
|-weather|Sandstorm|[upkeep]
|upkeep
|turn|21
|c|☆ccczzx|ya got this
|c|☆plznostep|maybe idk whats left 
|
|t:|1728062635
|move|p1a: Claydol|Rapid Spin|p2a: get out of my pert
|-damage|p2a: get out of my pert|95/100
|-sideend|p1: plznostep|Spikes|[from] move: Rapid Spin|[of] p1a: Claydol
|move|p2a: get out of my pert|Explosion|p1a: Claydol
|-damage|p1a: Claydol|0 fnt
|faint|p2a: get out of my pert
|faint|p1a: Claydol
|
|t:|1728062639
|switch|p1a: Metagross|Metagross|100/100
|switch|p2a: blobs|Blissey, F|100/100
|
|-weather|Sandstorm|[upkeep]
|-damage|p2a: blobs|94/100|[from] Sandstorm
|-heal|p2a: blobs|100/100|[from] item: Leftovers
|upkeep
|turn|22
|c|☆plznostep|gg
|c|☆ccczzx|gg
|
|t:|1728062648
|move|p1a: Metagross|Meteor Mash|p2a: blobs
|-damage|p2a: blobs|3/100
|-boost|p1a: Metagross|atk|1
|move|p2a: blobs|Ice Beam|p1a: Metagross
|-resisted|p1a: Metagross
|-damage|p1a: Metagross|87/100
|
|-weather|Sandstorm|[upkeep]
|-damage|p2a: blobs|0 fnt|[from] Sandstorm
|faint|p2a: blobs
|
|win|plznostep
|upkeep

</script>
<script type="application/json" class="data" id="replaydata-smogtours-gen3ou-794602">
{"id":"smogtours-gen3ou-794602","format":"[Gen 3] OU","players":["plznostep","ccczzx"],"uploadtime":1728062648,"views":95,"formatid":"gen3ou","rating":null,"private":0,"password":null}
</script>

<script defer src="js/replays.js?9d40a366"></script>
