<!DOCTYPE html>
<meta charset="utf-8" />
<meta name="viewport" content="width=device-width" />

<title>[Gen 3] OU: diegoyuhhi vs. incognidoqueen - Replays - Pok&eacute;mon Showdown!</title>

<meta name="description" content="Watch a replay of a Pok&eacute;mon battle between diegoyuhhi and incognidoqueen! Format: [Gen 3] OU; Date: Oct 18, 2024" />
<!--

Hey, you! Looking in the source for the replay log?

You can find them in JSON format, just add `.json` at the end of a replay URL.

https://replay.pokemonshowdown.com/gen7randomdoublesbattle-865046831.json

Or, if you only need the log itself, add `.log` instead:

https://replay.pokemonshowdown.com/gen7randomdoublesbattle-865046831.log

-->

<link rel="stylesheet" href="//pokemonshowdown.com/style/global.css?0.767286132409787" />
<link rel="stylesheet" href="//play.pokemonshowdown.com/style/font-awesome.css?0.9266228007934947" />
<link rel="stylesheet" href="//play.pokemonshowdown.com/style/battle.css?0.7924700842790926" />
<link rel="stylesheet" href="//play.pokemonshowdown.com/style/utilichart.css?0.8777417872839479" />

<!-- Global site tag (gtag.js) - Google Analytics -->
<script async src="https://www.googletagmanager.com/gtag/js?id=UA-26211653-1"></script>
<script>
  window.dataLayer = window.dataLayer || [];
  function gtag(){dataLayer.push(arguments);}
  gtag('js', new Date());

  gtag('config', 'UA-26211653-1');
</script>
<!-- End Google Analytics -->
<!-- Venatus Ad Manager - Install in <HEAD> of page -->
	<script src="https://hb.vntsm.com/v3/live/ad-manager.min.js" type="text/javascript" data-site-id="642aba63ec9a7b11c3c9c1be" data-mode="scan" async></script>
<!-- / Venatus Ad Manager -->

<style>
	@media (max-width:820px) {
		.battle {
			margin: 0 auto;
		}
		.battle-log {
			margin: 7px auto 0;
			max-width: 640px;
			height: 300px;
			position: static;
		}
	}
	.optgroup {
		display: inline-block;
		line-height: 22px;
		font-size: 10pt;
	}
	.optgroup .button {
		height: 25px;
		padding-top: 0;
		padding-bottom: 0;
	}
	.optgroup button.button {
		padding-left: 12px;
		padding-right: 12px;
	}
	.linklist {
		list-style: none;
		margin: 0.5em 0;
		padding: 0;
	}
	.linklist li {
		padding: 2px 0;
	}
	.sidebar {
		float: left;
		width: 320px;
	}
	.bar-wrapper {
		max-width: 1100px;
		margin: 0 auto;
	}
	.bar-wrapper.has-sidebar {
		max-width: 1430px;
	}
	.mainbar {
		margin: 0;
		padding-right: 1px;
	}
	.mainbar.has-sidebar {
		margin-left: 330px;
	}
	@media (min-width: 1511px) {
		.sidebar {
			width: 400px;
		}
		.bar-wrapper.has-sidebar {
			max-width: 1510px;
		}
		.mainbar.has-sidebar {
			margin-left: 410px;
		}
	}
	.section.first-section {
		margin-top: 9px;
	}
	.blocklink small {
		white-space: normal;
	}
	.button {
		vertical-align: middle;
	}
	.replay-controls {
		padding-top: 10px;
	}
	.replay-controls h1 {
		font-size: 16pt;
		font-weight: normal;
		color: #CCC;
	}
	.pagelink {
		text-align: center;
	}
	.pagelink a {
		width: 150px;
	}
	.textbox, .button {
		font-size: 11pt;
		vertical-align: middle;
	}
	@media (max-width: 450px) {
		.button {
			font-size: 9pt;
		}
	}
</style>

<div>

	<header>
		<div class="nav-wrapper"><ul class="nav">
			<li><a class="button nav-first" href="//pokemonshowdown.com/"><img src="//pokemonshowdown.com/images/pokemonshowdownbeta.png" srcset="//pokemonshowdown.com/images/pokemonshowdownbeta.png 1x, //pokemonshowdown.com/images/pokemonshowdownbeta@2x.png 2x" alt="Pok&eacute;mon Showdown" width="146" height="44" /> Home</a></li>
			<li><a class="button" href="//pokemonshowdown.com/dex/">Pok&eacute;dex</a></li>
			<li><a class="button cur" href="/">Replays</a></li>
			<li><a class="button" href="//pokemonshowdown.com/ladder/">Ladder</a></li>
			<li><a class="button nav-last" href="//pokemonshowdown.com/forums/">Forum</a></li>
			<li><a class="button greenbutton nav-first nav-last" href="//play.pokemonshowdown.com/">Play</a></li>
		</ul></div>
	</header>

	<div class="main" id="main">

		<noscript><section class="section">You need to enable JavaScript to use this page; sorry!</section></noscript>

	</div>

</div>

<script defer nomodule src="//play.pokemonshowdown.com/js/lib/ps-polyfill.js"></script>
<script defer src="//play.pokemonshowdown.com/js/lib/preact.min.js"></script>

<script defer src="//play.pokemonshowdown.com/config/config.js?6dec07f6"></script>
<script defer src="//play.pokemonshowdown.com/js/lib/jquery-1.11.0.min.js"></script>
<script defer src="//play.pokemonshowdown.com/js/lib/html-sanitizer-minified.js"></script>
<script defer src="//play.pokemonshowdown.com/js/battle-sound.js"></script>
<script defer src="//play.pokemonshowdown.com/js/battledata.js?0.6315294753075389"></script>
<script defer src="//play.pokemonshowdown.com/data/pokedex-mini.js?0.7603743185311358"></script>
<script defer src="//play.pokemonshowdown.com/data/pokedex-mini-bw.js?0.030888842834281283"></script>
<script defer src="//play.pokemonshowdown.com/data/graphics.js?0.05593094747507488"></script>
<script defer src="//play.pokemonshowdown.com/data/pokedex.js?0.47064822249611904"></script>
<script defer src="//play.pokemonshowdown.com/data/moves.js?0.8583693120512459"></script>
<script defer src="//play.pokemonshowdown.com/data/abilities.js?0.16017181182386842"></script>
<script defer src="//play.pokemonshowdown.com/data/items.js?0.4163379185673943"></script>
<script defer src="//play.pokemonshowdown.com/data/teambuilder-tables.js?0.31075597372830477"></script>
<script defer src="//play.pokemonshowdown.com/js/battle-tooltips.js?0.6536193500708172"></script>
<script defer src="//play.pokemonshowdown.com/js/battle.js?0.1916591943277901"></script>

<script defer src="js/utils.js?e31f9a17"></script>
<script defer src="js/replays-battle.js?7008c182"></script>

<!-- don't scrape this data! just add .json or .log after the URL!
Full API docs: https://github.com/smogon/pokemon-showdown-client/blob/master/WEB-API.md -->
<script type="text/plain" class="log" id="replaylog-smogtours-gen3ou-799696">
|inactive|Battle timer is ON: inactive players will automatically lose when time's up.
|t:|1729284857
|gametype|singles
|player|p1|diegoyuhhi|allister|
|player|p2|incognidoqueen|clerkf|
|teamsize|p1|6
|teamsize|p2|6
|gen|3
|tier|[Gen 3] OU
|rule|Sleep Clause Mod: Limit one foe put to sleep
|rule|Switch Priority Clause Mod: Faster Pokémon switch first
|rule|Species Clause: Limit one of each Pokémon
|rule|OHKO Clause: OHKO moves are banned
|rule|Evasion Items Clause: Evasion items are banned
|rule|Evasion Moves Clause: Evasion moves are banned
|rule|Endless Battle Clause: Forcing endless battles is banned
|rule|HP Percentage Mod: HP is shown in percentages
|rule|One Boost Passer Clause: Limit one Baton Passer that has a way to boost its stats
|rule|Freeze Clause Mod: Limit one foe frozen
|
|t:|1729284857
|start
|switch|p1a: Solrock|Solrock|100/100
|switch|p2a: Tin Chicken|Skarmory, M|100/100
|turn|1
|inactive|diegoyuhhi has 270 seconds left.
|c|☆incognidoqueen|Glhf
|c|☆diegoyuhhi|hf
|
|t:|1729284895
|switch|p1a: Magneton|Magneton|100/100
|switch|p2a: The Crippler|Jirachi|100/100
|
|upkeep
|turn|2
|c|+bp|swiss?
|c|☆diegoyuhhi|revival
|
|t:|1729284917
|move|p1a: Magneton|Thunderbolt|p2a: The Crippler
|-damage|p2a: The Crippler|63/100
|move|p2a: The Crippler|Fire Punch|p1a: Magneton
|-supereffective|p1a: Magneton
|-damage|p1a: Magneton|35/100
|
|-heal|p2a: The Crippler|69/100|[from] item: Leftovers
|upkeep
|turn|3
|c|+bp|accepting subs
|c|+bp|?
|c|☆diegoyuhhi|idk
|
|t:|1729284937
|switch|p1a: Tyranitar|Tyranitar, F|100/100
|-weather|Sandstorm|[from] ability: Sand Stream|[of] p1a: Tyranitar
|move|p2a: The Crippler|Wish|p2a: The Crippler
|
|-weather|Sandstorm|[upkeep]
|-heal|p2a: The Crippler|75/100|[from] item: Leftovers
|upkeep
|turn|4
|
|t:|1729284943
|move|p1a: Tyranitar|Dragon Dance|p1a: Tyranitar
|-boost|p1a: Tyranitar|atk|1
|-boost|p1a: Tyranitar|spe|1
|move|p2a: The Crippler|Toxic|p1a: Tyranitar
|-status|p1a: Tyranitar|tox
|-enditem|p1a: Tyranitar|Lum Berry|[eat]
|-curestatus|p1a: Tyranitar|tox|[msg]
|
|-heal|p2a: The Crippler|100/100|[from] move: Wish|[wisher] The Crippler
|-weather|Sandstorm|[upkeep]
|upkeep
|turn|5
|c|+bp|oh its round 4
|c|+bp|lol
|
|t:|1729284954
|switch|p2a: :o|Jumpluff, M|100/100
|move|p1a: Tyranitar|Taunt|p2a: :o
|-start|p2a: :o|move: Taunt
|
|-weather|Sandstorm|[upkeep]
|-damage|p2a: :o|94/100|[from] Sandstorm
|-heal|p2a: :o|100/100|[from] item: Leftovers
|upkeep
|turn|6
|
|t:|1729284967
|switch|p2a: The Crippler|Jirachi|100/100
|move|p1a: Tyranitar|Dragon Dance|p1a: Tyranitar
|-boost|p1a: Tyranitar|atk|1
|-boost|p1a: Tyranitar|spe|1
|
|-weather|Sandstorm|[upkeep]
|upkeep
|turn|7
|
|t:|1729284980
|switch|p2a: Bifurcation|Weezing, F|100/100
|move|p1a: Tyranitar|Earthquake|p2a: Bifurcation
|-immune|p2a: Bifurcation
|
|-weather|Sandstorm|[upkeep]
|-damage|p2a: Bifurcation|95/100|[from] Sandstorm
|-heal|p2a: Bifurcation|100/100|[from] item: Leftovers
|upkeep
|turn|8
|
|t:|1729284987
|move|p1a: Tyranitar|Taunt|p2a: Bifurcation
|-start|p2a: Bifurcation|move: Taunt
|move|p2a: Bifurcation|Sludge Bomb|p1a: Tyranitar
|-resisted|p1a: Tyranitar
|-damage|p1a: Tyranitar|87/100
|-status|p1a: Tyranitar|psn
|
|-weather|Sandstorm|[upkeep]
|-damage|p2a: Bifurcation|95/100|[from] Sandstorm
|-damage|p1a: Tyranitar|75/100 psn|[from] psn
|-heal|p2a: Bifurcation|100/100|[from] item: Leftovers
|upkeep
|turn|9
|
|t:|1729284991
|switch|p2a: The Crippler|Jirachi|100/100
|move|p1a: Tyranitar|Rock Slide|p2a: The Crippler|[miss]
|-miss|p1a: Tyranitar|p2a: The Crippler
|
|-weather|Sandstorm|[upkeep]
|-damage|p1a: Tyranitar|63/100 psn|[from] psn
|upkeep
|turn|10
|
|t:|1729285000
|switch|p2a: :o|Jumpluff, M|100/100
|move|p1a: Tyranitar|Rock Slide|p2a: :o
|-supereffective|p2a: :o
|-damage|p2a: :o|0 fnt
|faint|p2a: :o
|
|t:|1729285007
|switch|p2a: Tin Chicken|Skarmory, M|100/100
|
|-weather|Sandstorm|[upkeep]
|-damage|p1a: Tyranitar|50/100 psn|[from] psn
|upkeep
|turn|11
|
|t:|1729285011
|switch|p1a: Magneton|Magneton|35/100
|move|p2a: Tin Chicken|Protect||[still]
|-fail|p2a: Tin Chicken
|
|-weather|Sandstorm|[upkeep]
|upkeep
|turn|12
|
|t:|1729285016
|move|p2a: Tin Chicken|Hidden Power|p1a: Magneton
|-supereffective|p1a: Magneton
|-damage|p1a: Magneton|0 fnt
|faint|p1a: Magneton
|
|t:|1729285039
|switch|p1a: Tyranitar|Tyranitar, F|50/100 psn
|
|-weather|Sandstorm|[upkeep]
|-damage|p1a: Tyranitar|38/100 psn|[from] psn
|upkeep
|turn|13
|
|t:|1729285044
|move|p1a: Tyranitar|Rock Slide|p2a: Tin Chicken
|-damage|p2a: Tin Chicken|64/100
|cant|p2a: Tin Chicken|flinch
|
|-weather|Sandstorm|[upkeep]
|-damage|p1a: Tyranitar|26/100 psn|[from] psn
|-heal|p2a: Tin Chicken|70/100|[from] item: Leftovers
|upkeep
|turn|14
|
|t:|1729285052
|move|p1a: Tyranitar|Dragon Dance|p1a: Tyranitar
|-boost|p1a: Tyranitar|atk|1
|-boost|p1a: Tyranitar|spe|1
|move|p2a: Tin Chicken|Spikes|p1a: Tyranitar
|-sidestart|p1: diegoyuhhi|Spikes
|
|-weather|Sandstorm|[upkeep]
|-damage|p1a: Tyranitar|13/100 psn|[from] psn
|-heal|p2a: Tin Chicken|77/100|[from] item: Leftovers
|upkeep
|turn|15
|
|t:|1729285061
|move|p2a: Tin Chicken|Protect|p2a: Tin Chicken
|-singleturn|p2a: Tin Chicken|Protect
|move|p1a: Tyranitar|Rock Slide|p2a: Tin Chicken
|-activate|p2a: Tin Chicken|Protect
|
|-weather|Sandstorm|[upkeep]
|-damage|p1a: Tyranitar|1/100 psn|[from] psn
|-heal|p2a: Tin Chicken|83/100|[from] item: Leftovers
|upkeep
|turn|16
|
|t:|1729285070
|switch|p2a: The Crippler|Jirachi|100/100
|move|p1a: Tyranitar|Earthquake|p2a: The Crippler
|-supereffective|p2a: The Crippler
|-damage|p2a: The Crippler|23/100
|
|-weather|Sandstorm|[upkeep]
|-damage|p1a: Tyranitar|0 fnt|[from] psn
|faint|p1a: Tyranitar
|-heal|p2a: The Crippler|29/100|[from] item: Leftovers
|upkeep
|c|☆incognidoqueen|Oh nice read
|c|☆incognidoqueen|I got greedy
|c|☆diegoyuhhi|ty
|inactive|diegoyuhhi has 270 seconds left.
|c|+bp|idk that kinda feels free
|c|+bp|there
|
|t:|1729285104
|switch|p1a: Snorlax|Snorlax, F|100/100
|-damage|p1a: Snorlax|88/100|[from] Spikes
|turn|17
|
|t:|1729285113
|-singleturn|p1a: Snorlax|move: Focus Punch
|switch|p2a: Bifurcation|Weezing, F|100/100
|move|p1a: Snorlax|Focus Punch|p2a: Bifurcation
|-resisted|p2a: Bifurcation
|-damage|p2a: Bifurcation|85/100
|
|-weather|Sandstorm|[upkeep]
|-damage|p2a: Bifurcation|79/100|[from] Sandstorm
|-damage|p1a: Snorlax|82/100|[from] Sandstorm
|-heal|p2a: Bifurcation|85/100|[from] item: Leftovers
|-heal|p1a: Snorlax|88/100|[from] item: Leftovers
|upkeep
|turn|18
|
|t:|1729285120
|switch|p1a: Metagross|Metagross|100/100
|-damage|p1a: Metagross|88/100|[from] Spikes
|move|p2a: Bifurcation|Will-O-Wisp|p1a: Metagross|[miss]
|-miss|p2a: Bifurcation|p1a: Metagross
|
|-weather|Sandstorm|[upkeep]
|-damage|p2a: Bifurcation|79/100|[from] Sandstorm
|-heal|p1a: Metagross|94/100|[from] item: Leftovers
|-heal|p2a: Bifurcation|85/100|[from] item: Leftovers
|upkeep
|turn|19
|
|t:|1729285130
|switch|p2a: The Crippler|Jirachi|29/100
|move|p1a: Metagross|Psychic|p2a: The Crippler
|-resisted|p2a: The Crippler
|-crit|p2a: The Crippler
|-damage|p2a: The Crippler|17/100
|
|-weather|Sandstorm|[upkeep]
|-heal|p2a: The Crippler|23/100|[from] item: Leftovers
|-heal|p1a: Metagross|99/100|[from] item: Leftovers
|upkeep
|turn|20
|
|t:|1729285146
|switch|p1a: Salamence|Salamence, M|100/100
|-ability|p1a: Salamence|Intimidate|boost
|-unboost|p2a: The Crippler|atk|1
|move|p2a: The Crippler|Protect||[still]
|-fail|p2a: The Crippler
|
|-weather|Sandstorm|[upkeep]
|-damage|p1a: Salamence|94/100|[from] Sandstorm
|-heal|p1a: Salamence|100/100|[from] item: Leftovers
|-heal|p2a: The Crippler|29/100|[from] item: Leftovers
|upkeep
|turn|21
|
|t:|1729285152
|move|p1a: Salamence|Dragon Dance|p1a: Salamence
|-boost|p1a: Salamence|atk|1
|-boost|p1a: Salamence|spe|1
|move|p2a: The Crippler|Toxic|p1a: Salamence
|-status|p1a: Salamence|tox
|
|-weather|Sandstorm|[upkeep]
|-damage|p1a: Salamence|94/100 tox|[from] Sandstorm
|-heal|p1a: Salamence|100/100 tox|[from] item: Leftovers
|-damage|p1a: Salamence|94/100 tox|[from] psn
|-heal|p2a: The Crippler|35/100|[from] item: Leftovers
|upkeep
|turn|22
|
|t:|1729285160
|move|p1a: Salamence|Earthquake|p2a: The Crippler
|-supereffective|p2a: The Crippler
|-damage|p2a: The Crippler|0 fnt
|faint|p2a: The Crippler
|
|t:|1729285168
|switch|p2a: Bifurcation|Weezing, F|85/100
|
|-weather|Sandstorm|[upkeep]
|-damage|p1a: Salamence|88/100 tox|[from] Sandstorm
|-damage|p2a: Bifurcation|79/100|[from] Sandstorm
|-heal|p1a: Salamence|94/100 tox|[from] item: Leftovers
|-damage|p1a: Salamence|82/100 tox|[from] psn
|-heal|p2a: Bifurcation|85/100|[from] item: Leftovers
|upkeep
|turn|23
|
|t:|1729285174
|switch|p2a: Tin Chicken|Skarmory, M|83/100
|move|p1a: Salamence|Hidden Power|p2a: Tin Chicken
|-resisted|p2a: Tin Chicken
|-damage|p2a: Tin Chicken|54/100
|
|-weather|Sandstorm|[upkeep]
|-damage|p1a: Salamence|76/100 tox|[from] Sandstorm
|-heal|p1a: Salamence|82/100 tox|[from] item: Leftovers
|-damage|p1a: Salamence|64/100 tox|[from] psn
|-heal|p2a: Tin Chicken|60/100|[from] item: Leftovers
|upkeep
|turn|24
|
|t:|1729285182
|move|p1a: Salamence|Rock Slide|p2a: Tin Chicken
|-damage|p2a: Tin Chicken|19/100
|move|p2a: Tin Chicken|Spikes|p1a: Salamence
|-sidestart|p1: diegoyuhhi|Spikes
|
|-weather|Sandstorm|[upkeep]
|-damage|p1a: Salamence|58/100 tox|[from] Sandstorm
|-heal|p1a: Salamence|64/100 tox|[from] item: Leftovers
|-damage|p1a: Salamence|39/100 tox|[from] psn
|-heal|p2a: Tin Chicken|25/100|[from] item: Leftovers
|upkeep
|turn|25
|
|t:|1729285194
|move|p2a: Tin Chicken|Protect|p2a: Tin Chicken
|-singleturn|p2a: Tin Chicken|Protect
|move|p1a: Salamence|Rock Slide|p2a: Tin Chicken
|-activate|p2a: Tin Chicken|Protect
|
|-weather|Sandstorm|[upkeep]
|-damage|p1a: Salamence|33/100 tox|[from] Sandstorm
|-heal|p1a: Salamence|39/100 tox|[from] item: Leftovers
|-damage|p1a: Salamence|9/100 tox|[from] psn
|-heal|p2a: Tin Chicken|31/100|[from] item: Leftovers
|upkeep
|turn|26
|
|t:|1729285207
|switch|p2a: Tim Someone|Slaking, M|100/100
|move|p1a: Salamence|Rock Slide|p2a: Tim Someone
|-damage|p2a: Tim Someone|68/100
|
|-weather|Sandstorm|[upkeep]
|-damage|p1a: Salamence|3/100 tox|[from] Sandstorm
|-damage|p2a: Tim Someone|62/100|[from] Sandstorm
|-heal|p1a: Salamence|9/100 tox|[from] item: Leftovers
|-damage|p1a: Salamence|0 fnt|[from] psn
|faint|p1a: Salamence
|upkeep
|
|t:|1729285233
|switch|p1a: Solrock|Solrock|100/100
|turn|27
|
|t:|1729285243
|switch|p2a: Tin Chicken|Skarmory, M|31/100
|switch|p1a: Snorlax|Snorlax, F|88/100
|-damage|p1a: Snorlax|72/100|[from] Spikes
|
|-weather|Sandstorm|[upkeep]
|-damage|p1a: Snorlax|65/100|[from] Sandstorm
|-heal|p2a: Tin Chicken|38/100|[from] item: Leftovers
|-heal|p1a: Snorlax|72/100|[from] item: Leftovers
|upkeep
|turn|28
|
|t:|1729285254
|-singleturn|p1a: Snorlax|move: Focus Punch
|switch|p2a: Bifurcation|Weezing, F|85/100
|move|p1a: Snorlax|Focus Punch|p2a: Bifurcation
|-resisted|p2a: Bifurcation
|-damage|p2a: Bifurcation|71/100
|
|-weather|Sandstorm|[upkeep]
|-damage|p2a: Bifurcation|65/100|[from] Sandstorm
|-damage|p1a: Snorlax|65/100|[from] Sandstorm
|-heal|p2a: Bifurcation|71/100|[from] item: Leftovers
|-heal|p1a: Snorlax|72/100|[from] item: Leftovers
|upkeep
|turn|29
|
|t:|1729285261
|switch|p1a: Metagross|Metagross|99/100
|-damage|p1a: Metagross|84/100|[from] Spikes
|move|p2a: Bifurcation|Will-O-Wisp|p1a: Metagross
|-status|p1a: Metagross|brn
|
|-weather|Sandstorm|[upkeep]
|-damage|p2a: Bifurcation|65/100|[from] Sandstorm
|-heal|p1a: Metagross|90/100 brn|[from] item: Leftovers
|-damage|p1a: Metagross|77/100 brn|[from] brn
|-heal|p2a: Bifurcation|71/100|[from] item: Leftovers
|upkeep
|turn|30
|
|t:|1729285272
|switch|p2a: Tin Chicken|Skarmory, M|38/100
|move|p1a: Metagross|Psychic|p2a: Tin Chicken
|-resisted|p2a: Tin Chicken
|-damage|p2a: Tin Chicken|4/100
|-unboost|p2a: Tin Chicken|spd|1
|
|-weather|Sandstorm|[upkeep]
|-heal|p2a: Tin Chicken|10/100|[from] item: Leftovers
|-heal|p1a: Metagross|83/100 brn|[from] item: Leftovers
|-damage|p1a: Metagross|71/100 brn|[from] brn
|upkeep
|turn|31
|
|t:|1729285281
|move|p2a: Tin Chicken|Protect|p2a: Tin Chicken
|-singleturn|p2a: Tin Chicken|Protect
|move|p1a: Metagross|Pursuit|p2a: Tin Chicken
|-activate|p2a: Tin Chicken|Protect
|
|-weather|Sandstorm|[upkeep]
|-heal|p2a: Tin Chicken|17/100|[from] item: Leftovers
|-heal|p1a: Metagross|77/100 brn|[from] item: Leftovers
|-damage|p1a: Metagross|65/100 brn|[from] brn
|upkeep
|turn|32
|
|t:|1729285288
|move|p2a: Tin Chicken|Hidden Power|p1a: Metagross
|-supereffective|p1a: Metagross
|-damage|p1a: Metagross|34/100 brn
|move|p1a: Metagross|Psychic|p2a: Tin Chicken
|-resisted|p2a: Tin Chicken
|-crit|p2a: Tin Chicken
|-damage|p2a: Tin Chicken|0 fnt
|faint|p2a: Tin Chicken
|
|t:|1729285303
|switch|p2a: Tim's Son|Snorlax, F|100/100
|
|-weather|Sandstorm|[upkeep]
|-damage|p2a: Tim's Son|94/100|[from] Sandstorm
|-heal|p1a: Metagross|40/100 brn|[from] item: Leftovers
|-damage|p1a: Metagross|28/100 brn|[from] brn
|-heal|p2a: Tim's Son|100/100|[from] item: Leftovers
|upkeep
|turn|33
|
|t:|1729285313
|switch|p2a: Bifurcation|Weezing, F|71/100
|move|p1a: Metagross|Explosion|p2a: Bifurcation
|-damage|p2a: Bifurcation|19/100
|faint|p1a: Metagross
|
|t:|1729285321
|switch|p1a: Solrock|Solrock|100/100
|
|-weather|Sandstorm|[upkeep]
|-damage|p2a: Bifurcation|13/100|[from] Sandstorm
|-heal|p2a: Bifurcation|19/100|[from] item: Leftovers
|upkeep
|turn|34
|
|t:|1729285330
|move|p1a: Solrock|Rock Slide|p2a: Bifurcation
|-damage|p2a: Bifurcation|0 fnt
|faint|p2a: Bifurcation
|
|t:|1729285333
|switch|p2a: Tim's Son|Snorlax, F|100/100
|
|-weather|Sandstorm|[upkeep]
|-damage|p2a: Tim's Son|94/100|[from] Sandstorm
|-heal|p2a: Tim's Son|100/100|[from] item: Leftovers
|upkeep
|turn|35
|
|t:|1729285338
|move|p1a: Solrock|Rock Slide|p2a: Tim's Son
|-damage|p2a: Tim's Son|61/100
|move|p2a: Tim's Son|Curse|p2a: Tim's Son
|-unboost|p2a: Tim's Son|spe|1
|-boost|p2a: Tim's Son|atk|1
|-boost|p2a: Tim's Son|def|1
|
|-weather|Sandstorm|[upkeep]
|-damage|p2a: Tim's Son|55/100|[from] Sandstorm
|-heal|p2a: Tim's Son|61/100|[from] item: Leftovers
|upkeep
|turn|36
|
|t:|1729285347
|move|p1a: Solrock|Rock Slide|p2a: Tim's Son
|-damage|p2a: Tim's Son|36/100
|move|p2a: Tim's Son|Shadow Ball|p1a: Solrock
|-supereffective|p1a: Solrock
|-damage|p1a: Solrock|15/100
|
|-weather|Sandstorm|[upkeep]
|-damage|p2a: Tim's Son|29/100|[from] Sandstorm
|-heal|p2a: Tim's Son|36/100|[from] item: Leftovers
|upkeep
|turn|37
|
|t:|1729285353
|move|p1a: Solrock|Rock Slide|p2a: Tim's Son
|-damage|p2a: Tim's Son|10/100
|cant|p2a: Tim's Son|flinch
|
|-weather|Sandstorm|[upkeep]
|-damage|p2a: Tim's Son|4/100|[from] Sandstorm
|-heal|p2a: Tim's Son|10/100|[from] item: Leftovers
|upkeep
|turn|38
|
|t:|1729285358
|move|p1a: Solrock|Rock Slide|p2a: Tim's Son
|-damage|p2a: Tim's Son|0 fnt
|faint|p2a: Tim's Son
|
|t:|1729285360
|switch|p2a: Tim Someone|Slaking, M|62/100
|
|-weather|Sandstorm|[upkeep]
|-damage|p2a: Tim Someone|55/100|[from] Sandstorm
|upkeep
|turn|39
|c|☆diegoyuhhi|mb for flinch
|
|t:|1729285368
|move|p2a: Tim Someone|Return|p1a: Solrock
|-resisted|p1a: Solrock
|-damage|p1a: Solrock|0 fnt
|faint|p1a: Solrock
|
|t:|1729285371
|switch|p1a: Snorlax|Snorlax, F|72/100
|-damage|p1a: Snorlax|55/100|[from] Spikes
|
|-weather|Sandstorm|[upkeep]
|-damage|p2a: Tim Someone|49/100|[from] Sandstorm
|-damage|p1a: Snorlax|49/100|[from] Sandstorm
|-heal|p1a: Snorlax|55/100|[from] item: Leftovers
|upkeep
|turn|40
|c|☆diegoyuhhi|gg
|
|t:|1729285376
|-singleturn|p1a: Snorlax|move: Focus Punch
|cant|p2a: Tim Someone|ability: Truant
|move|p1a: Snorlax|Focus Punch|p2a: Tim Someone
|-supereffective|p2a: Tim Someone
|-damage|p2a: Tim Someone|0 fnt
|faint|p2a: Tim Someone
|
|win|diegoyuhhi
|c|+bp|oml
|c|+bp|bo3
|c|☆incognidoqueen|Gg
|c|☆diegoyuhhi|ye bp

</script>
<script type="application/json" class="data" id="replaydata-smogtours-gen3ou-799696">
{"id":"smogtours-gen3ou-799696","format":"[Gen 3] OU","players":["diegoyuhhi","incognidoqueen"],"uploadtime":1729285376,"views":86,"formatid":"gen3ou","rating":null,"private":0,"password":null}
</script>

<script defer src="js/replays.js?9d40a366"></script>
