<!DOCTYPE html>
<meta charset="utf-8" />
<meta name="viewport" content="width=device-width" />

<title>[Gen 3] OU: OfTheLethani vs. violet river - Replays - Pok&eacute;mon Showdown!</title>

<meta name="description" content="Watch a replay of a Pok&eacute;mon battle between OfTheLethani and violet river! Format: [Gen 3] OU; Date: Oct 18, 2024" />
<!--

Hey, you! Looking in the source for the replay log?

You can find them in JSON format, just add `.json` at the end of a replay URL.

https://replay.pokemonshowdown.com/gen7randomdoublesbattle-865046831.json

Or, if you only need the log itself, add `.log` instead:

https://replay.pokemonshowdown.com/gen7randomdoublesbattle-865046831.log

-->

<link rel="stylesheet" href="//pokemonshowdown.com/style/global.css?0.023195364461161105" />
<link rel="stylesheet" href="//play.pokemonshowdown.com/style/font-awesome.css?0.13261647063804238" />
<link rel="stylesheet" href="//play.pokemonshowdown.com/style/battle.css?0.8753245789963631" />
<link rel="stylesheet" href="//play.pokemonshowdown.com/style/utilichart.css?0.8627959624976733" />

<!-- Global site tag (gtag.js) - Google Analytics -->
<script async src="https://www.googletagmanager.com/gtag/js?id=UA-26211653-1"></script>
<script>
  window.dataLayer = window.dataLayer || [];
  function gtag(){dataLayer.push(arguments);}
  gtag('js', new Date());

  gtag('config', 'UA-26211653-1');
</script>
<!-- End Google Analytics -->
<!-- Venatus Ad Manager - Install in <HEAD> of page -->
	<script src="https://hb.vntsm.com/v3/live/ad-manager.min.js" type="text/javascript" data-site-id="642aba63ec9a7b11c3c9c1be" data-mode="scan" async></script>
<!-- / Venatus Ad Manager -->

<style>
	@media (max-width:820px) {
		.battle {
			margin: 0 auto;
		}
		.battle-log {
			margin: 7px auto 0;
			max-width: 640px;
			height: 300px;
			position: static;
		}
	}
	.optgroup {
		display: inline-block;
		line-height: 22px;
		font-size: 10pt;
	}
	.optgroup .button {
		height: 25px;
		padding-top: 0;
		padding-bottom: 0;
	}
	.optgroup button.button {
		padding-left: 12px;
		padding-right: 12px;
	}
	.linklist {
		list-style: none;
		margin: 0.5em 0;
		padding: 0;
	}
	.linklist li {
		padding: 2px 0;
	}
	.sidebar {
		float: left;
		width: 320px;
	}
	.bar-wrapper {
		max-width: 1100px;
		margin: 0 auto;
	}
	.bar-wrapper.has-sidebar {
		max-width: 1430px;
	}
	.mainbar {
		margin: 0;
		padding-right: 1px;
	}
	.mainbar.has-sidebar {
		margin-left: 330px;
	}
	@media (min-width: 1511px) {
		.sidebar {
			width: 400px;
		}
		.bar-wrapper.has-sidebar {
			max-width: 1510px;
		}
		.mainbar.has-sidebar {
			margin-left: 410px;
		}
	}
	.section.first-section {
		margin-top: 9px;
	}
	.blocklink small {
		white-space: normal;
	}
	.button {
		vertical-align: middle;
	}
	.replay-controls {
		padding-top: 10px;
	}
	.replay-controls h1 {
		font-size: 16pt;
		font-weight: normal;
		color: #CCC;
	}
	.pagelink {
		text-align: center;
	}
	.pagelink a {
		width: 150px;
	}
	.textbox, .button {
		font-size: 11pt;
		vertical-align: middle;
	}
	@media (max-width: 450px) {
		.button {
			font-size: 9pt;
		}
	}
</style>

<div>

	<header>
		<div class="nav-wrapper"><ul class="nav">
			<li><a class="button nav-first" href="//pokemonshowdown.com/"><img src="//pokemonshowdown.com/images/pokemonshowdownbeta.png" srcset="//pokemonshowdown.com/images/pokemonshowdownbeta.png 1x, //pokemonshowdown.com/images/pokemonshowdownbeta@2x.png 2x" alt="Pok&eacute;mon Showdown" width="146" height="44" /> Home</a></li>
			<li><a class="button" href="//pokemonshowdown.com/dex/">Pok&eacute;dex</a></li>
			<li><a class="button cur" href="/">Replays</a></li>
			<li><a class="button" href="//pokemonshowdown.com/ladder/">Ladder</a></li>
			<li><a class="button nav-last" href="//pokemonshowdown.com/forums/">Forum</a></li>
			<li><a class="button greenbutton nav-first nav-last" href="//play.pokemonshowdown.com/">Play</a></li>
		</ul></div>
	</header>

	<div class="main" id="main">

		<noscript><section class="section">You need to enable JavaScript to use this page; sorry!</section></noscript>

	</div>

</div>

<script defer nomodule src="//play.pokemonshowdown.com/js/lib/ps-polyfill.js"></script>
<script defer src="//play.pokemonshowdown.com/js/lib/preact.min.js"></script>

<script defer src="//play.pokemonshowdown.com/config/config.js?2bddbc15"></script>
<script defer src="//play.pokemonshowdown.com/js/lib/jquery-1.11.0.min.js"></script>
<script defer src="//play.pokemonshowdown.com/js/lib/html-sanitizer-minified.js"></script>
<script defer src="//play.pokemonshowdown.com/js/battle-sound.js"></script>
<script defer src="//play.pokemonshowdown.com/js/battledata.js?0.7209276989879541"></script>
<script defer src="//play.pokemonshowdown.com/data/pokedex-mini.js?0.6111056340867951"></script>
<script defer src="//play.pokemonshowdown.com/data/pokedex-mini-bw.js?0.3532142036491459"></script>
<script defer src="//play.pokemonshowdown.com/data/graphics.js?0.24223875632456182"></script>
<script defer src="//play.pokemonshowdown.com/data/pokedex.js?0.38839984266356864"></script>
<script defer src="//play.pokemonshowdown.com/data/moves.js?0.21866028504024015"></script>
<script defer src="//play.pokemonshowdown.com/data/abilities.js?0.2005157953846628"></script>
<script defer src="//play.pokemonshowdown.com/data/items.js?0.9894211263848525"></script>
<script defer src="//play.pokemonshowdown.com/data/teambuilder-tables.js?0.6008791140282215"></script>
<script defer src="//play.pokemonshowdown.com/js/battle-tooltips.js?0.7580118955022959"></script>
<script defer src="//play.pokemonshowdown.com/js/battle.js?0.6057722274234274"></script>

<script defer src="js/utils.js?e31f9a17"></script>
<script defer src="js/replays-battle.js?7008c182"></script>

<!-- don't scrape this data! just add .json or .log after the URL!
Full API docs: https://github.com/smogon/pokemon-showdown-client/blob/master/WEB-API.md -->
<script type="text/plain" class="log" id="replaylog-smogtours-gen3ou-799467">
|inactive|Battle timer is ON: inactive players will automatically lose when time's up.
|t:|1729227764
|gametype|singles
|player|p1|OfTheLethani|gardenia-masters|
|player|p2|violet river|jasmine-masters2|
|teamsize|p1|6
|teamsize|p2|6
|gen|3
|tier|[Gen 3] OU
|rule|Sleep Clause Mod: Limit one foe put to sleep
|rule|Switch Priority Clause Mod: Faster Pokémon switch first
|rule|Species Clause: Limit one of each Pokémon
|rule|OHKO Clause: OHKO moves are banned
|rule|Evasion Items Clause: Evasion items are banned
|rule|Evasion Moves Clause: Evasion moves are banned
|rule|Endless Battle Clause: Forcing endless battles is banned
|rule|HP Percentage Mod: HP is shown in percentages
|rule|One Boost Passer Clause: Limit one Baton Passer that has a way to boost its stats
|rule|Freeze Clause Mod: Limit one foe frozen
|
|t:|1729227764
|start
|switch|p1a: Zapdos|Zapdos|100/100
|switch|p2a: Zapdos|Zapdos|100/100
|turn|1
|c|☆violet river|hf
|
|t:|1729227771
|move|p2a: Zapdos|Thunder Wave|p1a: Zapdos
|-status|p1a: Zapdos|par
|cant|p1a: Zapdos|par
|
|upkeep
|turn|2
|inactive|OfTheLethani has 270 seconds left.
|
|t:|1729227802
|switch|p1a: Libégon|Flygon, M|100/100
|move|p2a: Zapdos|Thunderbolt|p1a: Libégon
|-immune|p1a: Libégon
|
|upkeep
|turn|3
|inactive|violet river has 270 seconds left.
|inactive|violet river has 240 seconds left.
|
|t:|1729227891
|switch|p1a: Jirachi|Jirachi|100/100
|move|p2a: Zapdos|Hidden Power|p1a: Jirachi
|-resisted|p1a: Jirachi
|-damage|p1a: Jirachi|93/100
|
|-heal|p1a: Jirachi|99/100|[from] item: Leftovers
|upkeep
|turn|4
|
|t:|1729227902
|move|p2a: Zapdos|Thunder Wave|p1a: Jirachi
|-status|p1a: Jirachi|par
|cant|p1a: Jirachi|par
|
|-heal|p1a: Jirachi|100/100 par|[from] item: Leftovers
|upkeep
|turn|5
|
|t:|1729227909
|switch|p2a: Skarmory|Skarmory, F|100/100
|move|p1a: Jirachi|Toxic|p2a: Skarmory
|-immune|p2a: Skarmory
|
|upkeep
|turn|6
|
|t:|1729227917
|switch|p1a: Zapdos|Zapdos|100/100 par
|move|p2a: Skarmory|Spikes|p1a: Zapdos
|-sidestart|p1: OfTheLethani|Spikes
|
|upkeep
|turn|7
|
|t:|1729227923
|switch|p2a: Swampert|Swampert, M|100/100
|move|p1a: Zapdos|Thunderbolt|p2a: Swampert
|-immune|p2a: Swampert
|
|upkeep
|turn|8
|
|t:|1729227928
|switch|p2a: Tyranitar|Tyranitar, M|100/100
|-weather|Sandstorm|[from] ability: Sand Stream|[of] p2a: Tyranitar
|cant|p1a: Zapdos|par
|
|-weather|Sandstorm|[upkeep]
|-damage|p1a: Zapdos|94/100 par|[from] Sandstorm
|-heal|p1a: Zapdos|100/100 par|[from] item: Leftovers
|upkeep
|turn|9
|c|☆OfTheLethani|ok
|c|☆violet river|rough
|
|t:|1729227955
|switch|p2a: Skarmory|Skarmory, F|100/100
|switch|p1a: Airmure|Skarmory, M|100/100
|
|-weather|Sandstorm|[upkeep]
|upkeep
|turn|10
|
|t:|1729227961
|move|p2a: Skarmory|Taunt|p1a: Airmure
|-start|p1a: Airmure|move: Taunt
|cant|p1a: Airmure|move: Taunt|Spikes
|
|-weather|Sandstorm|[upkeep]
|upkeep
|turn|11
|
|t:|1729227967
|switch|p1a: Zapdos|Zapdos|100/100 par
|move|p2a: Skarmory|Spikes|p1a: Zapdos
|-sidestart|p1: OfTheLethani|Spikes
|
|-weather|Sandstorm|[upkeep]
|-damage|p1a: Zapdos|94/100 par|[from] Sandstorm
|-heal|p1a: Zapdos|100/100 par|[from] item: Leftovers
|upkeep
|turn|12
|
|t:|1729227976
|switch|p2a: Tyranitar|Tyranitar, M|100/100
|move|p1a: Zapdos|Rest|p1a: Zapdos
|-fail|p1a: Zapdos|heal
|
|-weather|Sandstorm|[upkeep]
|-damage|p1a: Zapdos|94/100 par|[from] Sandstorm
|-heal|p1a: Zapdos|100/100 par|[from] item: Leftovers
|upkeep
|turn|13
|
|t:|1729227987
|move|p2a: Tyranitar|Dragon Dance|p2a: Tyranitar
|-boost|p2a: Tyranitar|atk|1
|-boost|p2a: Tyranitar|spe|1
|move|p1a: Zapdos|Thunderbolt|p2a: Tyranitar
|-damage|p2a: Tyranitar|66/100
|
|-weather|Sandstorm|[upkeep]
|-damage|p1a: Zapdos|94/100 par|[from] Sandstorm
|-heal|p2a: Tyranitar|72/100|[from] item: Leftovers
|-heal|p1a: Zapdos|100/100 par|[from] item: Leftovers
|upkeep
|turn|14
|
|t:|1729227996
|switch|p2a: Skarmory|Skarmory, F|100/100
|move|p1a: Zapdos|Roar|p2a: Skarmory
|drag|p2a: Tyranitar|Tyranitar, M|72/100
|
|-weather|Sandstorm|[upkeep]
|-damage|p1a: Zapdos|94/100 par|[from] Sandstorm
|-heal|p2a: Tyranitar|79/100|[from] item: Leftovers
|-heal|p1a: Zapdos|100/100 par|[from] item: Leftovers
|upkeep
|turn|15
|
|t:|1729228005
|move|p2a: Tyranitar|Rock Slide|p1a: Zapdos
|-supereffective|p1a: Zapdos
|-damage|p1a: Zapdos|16/100 par
|move|p1a: Zapdos|Roar|p2a: Tyranitar
|drag|p2a: Gengar|Gengar, F|100/100
|
|-weather|Sandstorm|[upkeep]
|-damage|p2a: Gengar|95/100|[from] Sandstorm
|-damage|p1a: Zapdos|10/100 par|[from] Sandstorm
|-heal|p2a: Gengar|100/100|[from] item: Leftovers
|-heal|p1a: Zapdos|16/100 par|[from] item: Leftovers
|upkeep
|turn|16
|c|☆violet river|crazy play
|inactive|OfTheLethani has 270 seconds left.
|
|t:|1729228036
|switch|p1a: Jirachi|Jirachi|100/100 par
|-damage|p1a: Jirachi|84/100 par|[from] Spikes
|move|p2a: Gengar|Thunderbolt|p1a: Jirachi
|-damage|p1a: Jirachi|67/100 par
|
|-weather|Sandstorm|[upkeep]
|-damage|p2a: Gengar|95/100|[from] Sandstorm
|-heal|p2a: Gengar|100/100|[from] item: Leftovers
|-heal|p1a: Jirachi|73/100 par|[from] item: Leftovers
|upkeep
|turn|17
|inactive|OfTheLethani has 270 seconds left.
|
|t:|1729228047
|switch|p2a: Skarmory|Skarmory, F|100/100
|cant|p1a: Jirachi|par
|
|-weather|Sandstorm|[upkeep]
|-heal|p1a: Jirachi|79/100 par|[from] item: Leftovers
|upkeep
|turn|18
|
|t:|1729228053
|move|p2a: Skarmory|Spikes|p1a: Jirachi
|-sidestart|p1: OfTheLethani|Spikes
|move|p1a: Jirachi|Wish|p1a: Jirachi
|
|-weather|Sandstorm|[upkeep]
|-heal|p1a: Jirachi|86/100 par|[from] item: Leftovers
|upkeep
|turn|19
|
|t:|1729228058
|switch|p1a: Zapdos|Zapdos|16/100 par
|move|p2a: Skarmory|Roar|p1a: Zapdos
|drag|p1a: Libégon|Flygon, M|100/100
|
|-weather|Sandstorm|[upkeep]
|upkeep
|turn|20
|
|t:|1729228066
|switch|p2a: Gengar|Gengar, F|100/100
|move|p1a: Libégon|Flamethrower|p2a: Gengar
|-damage|p2a: Gengar|80/100
|
|-weather|Sandstorm|[upkeep]
|-damage|p2a: Gengar|74/100|[from] Sandstorm
|-heal|p2a: Gengar|80/100|[from] item: Leftovers
|upkeep
|turn|21
|
|t:|1729228083
|switch|p1a: Tyranocif|Tyranitar, F|100/100
|-damage|p1a: Tyranocif|76/100|[from] Spikes
|move|p2a: Gengar|Thunderbolt|p1a: Tyranocif
|-damage|p1a: Tyranocif|52/100
|
|-weather|Sandstorm|[upkeep]
|-damage|p2a: Gengar|74/100|[from] Sandstorm
|-heal|p2a: Gengar|80/100|[from] item: Leftovers
|-heal|p1a: Tyranocif|58/100|[from] item: Leftovers
|upkeep
|turn|22
|
|t:|1729228093
|-activate|p2a: Gengar|move: Pursuit
|move|p1a: Tyranocif|Pursuit|p2a: Gengar|[from]Pursuit
|-supereffective|p2a: Gengar
|-damage|p2a: Gengar|0 fnt
|faint|p2a: Gengar
|-hint|Previously chosen switches continue in Gen 2-4 after a Pursuit target faints.
|switch|p2a: Swampert|Swampert, M|100/100
|
|-weather|Sandstorm|[upkeep]
|-heal|p1a: Tyranocif|64/100|[from] item: Leftovers
|upkeep
|turn|23
|
|t:|1729228105
|switch|p1a: Airmure|Skarmory, M|100/100
|move|p2a: Swampert|Hydro Pump|p1a: Airmure|[miss]
|-miss|p2a: Swampert|p1a: Airmure
|
|-weather|Sandstorm|[upkeep]
|upkeep
|turn|24
|
|t:|1729228119
|move|p1a: Airmure|Toxic|p2a: Swampert
|-status|p2a: Swampert|tox
|move|p2a: Swampert|Hydro Pump|p1a: Airmure
|-damage|p1a: Airmure|59/100
|
|-weather|Sandstorm|[upkeep]
|-heal|p1a: Airmure|65/100|[from] item: Leftovers
|-damage|p2a: Swampert|94/100 tox|[from] psn
|upkeep
|turn|25
|
|t:|1729228127
|switch|p2a: Jirachi|Jirachi|100/100
|move|p1a: Airmure|Protect||[still]
|-fail|p1a: Airmure
|
|-weather|Sandstorm|[upkeep]
|-heal|p1a: Airmure|71/100|[from] item: Leftovers
|upkeep
|turn|26
|
|t:|1729228131
|move|p2a: Jirachi|Fire Punch|p1a: Airmure
|-supereffective|p1a: Airmure
|-damage|p1a: Airmure|30/100
|move|p1a: Airmure|Spikes|p2a: Jirachi
|-sidestart|p2: violet river|Spikes
|
|-weather|Sandstorm|[upkeep]
|-heal|p1a: Airmure|36/100|[from] item: Leftovers
|upkeep
|turn|27
|
|t:|1729228141
|switch|p1a: Libégon|Flygon, M|100/100
|move|p2a: Jirachi|Fire Punch|p1a: Libégon
|-resisted|p1a: Libégon
|-damage|p1a: Libégon|88/100
|-status|p1a: Libégon|brn
|
|-weather|Sandstorm|[upkeep]
|-heal|p1a: Libégon|94/100 brn|[from] item: Leftovers
|-damage|p1a: Libégon|81/100 brn|[from] brn
|upkeep
|turn|28
|
|t:|1729228154
|move|p2a: Jirachi|Psychic|p1a: Libégon
|-damage|p1a: Libégon|38/100 brn
|-unboost|p1a: Libégon|spd|1
|move|p1a: Libégon|Flamethrower|p2a: Jirachi
|-supereffective|p2a: Jirachi
|-damage|p2a: Jirachi|65/100
|
|-weather|Sandstorm|[upkeep]
|-heal|p2a: Jirachi|71/100|[from] item: Leftovers
|-heal|p1a: Libégon|44/100 brn|[from] item: Leftovers
|-damage|p1a: Libégon|32/100 brn|[from] brn
|upkeep
|turn|29
|
|t:|1729228177
|switch|p1a: Tyranocif|Tyranitar, F|64/100
|-damage|p1a: Tyranocif|39/100|[from] Spikes
|move|p2a: Jirachi|Psychic|p1a: Tyranocif
|-immune|p1a: Tyranocif
|
|-weather|Sandstorm|[upkeep]
|-heal|p2a: Jirachi|78/100|[from] item: Leftovers
|-heal|p1a: Tyranocif|45/100|[from] item: Leftovers
|upkeep
|turn|30
|
|t:|1729228186
|switch|p2a: Tyranitar|Tyranitar, M|79/100
|-damage|p2a: Tyranitar|66/100|[from] Spikes
|move|p1a: Tyranocif|Flamethrower|p2a: Tyranitar
|-resisted|p2a: Tyranitar
|-damage|p2a: Tyranitar|53/100
|
|-weather|Sandstorm|[upkeep]
|-heal|p2a: Tyranitar|59/100|[from] item: Leftovers
|-heal|p1a: Tyranocif|51/100|[from] item: Leftovers
|upkeep
|turn|31
|
|t:|1729228207
|move|p2a: Tyranitar|Earthquake|p1a: Tyranocif
|-supereffective|p1a: Tyranocif
|-damage|p1a: Tyranocif|0 fnt
|faint|p1a: Tyranocif
|inactive|OfTheLethani has 270 seconds left.
|
|t:|1729228218
|switch|p1a: Libégon|Flygon, M|32/100 brn
|
|-weather|Sandstorm|[upkeep]
|-heal|p1a: Libégon|38/100 brn|[from] item: Leftovers
|-damage|p1a: Libégon|25/100 brn|[from] brn
|-heal|p2a: Tyranitar|65/100|[from] item: Leftovers
|upkeep
|turn|32
|
|t:|1729228228
|move|p1a: Libégon|Earthquake|p2a: Tyranitar
|-supereffective|p2a: Tyranitar
|-damage|p2a: Tyranitar|40/100
|move|p2a: Tyranitar|Dragon Dance|p2a: Tyranitar
|-boost|p2a: Tyranitar|atk|1
|-boost|p2a: Tyranitar|spe|1
|
|-weather|Sandstorm|[upkeep]
|-heal|p2a: Tyranitar|46/100|[from] item: Leftovers
|-heal|p1a: Libégon|31/100 brn|[from] item: Leftovers
|-damage|p1a: Libégon|19/100 brn|[from] brn
|upkeep
|turn|33
|inactive|OfTheLethani has 270 seconds left.
|
|t:|1729228246
|move|p2a: Tyranitar|Dragon Dance|p2a: Tyranitar
|-boost|p2a: Tyranitar|atk|1
|-boost|p2a: Tyranitar|spe|1
|move|p1a: Libégon|Earthquake|p2a: Tyranitar
|-supereffective|p2a: Tyranitar
|-damage|p2a: Tyranitar|17/100
|
|-weather|Sandstorm|[upkeep]
|-heal|p2a: Tyranitar|23/100|[from] item: Leftovers
|-heal|p1a: Libégon|25/100 brn|[from] item: Leftovers
|-damage|p1a: Libégon|13/100 brn|[from] brn
|upkeep
|turn|34
|inactive|OfTheLethani has 270 seconds left.
|
|t:|1729228257
|move|p2a: Tyranitar|Hidden Power|p1a: Libégon
|-damage|p1a: Libégon|0 fnt
|faint|p1a: Libégon
|inactive|OfTheLethani has 270 seconds left.
|
|t:|1729228268
|switch|p1a: Jirachi|Jirachi|86/100 par
|-damage|p1a: Jirachi|61/100 par|[from] Spikes
|
|-weather|Sandstorm|[upkeep]
|-heal|p2a: Tyranitar|29/100|[from] item: Leftovers
|-heal|p1a: Jirachi|67/100 par|[from] item: Leftovers
|upkeep
|turn|35
|inactive|OfTheLethani has 270 seconds left.
|
|t:|1729228275
|move|p2a: Tyranitar|Earthquake|p1a: Jirachi
|-supereffective|p1a: Jirachi
|-damage|p1a: Jirachi|0 fnt
|faint|p1a: Jirachi
|inactive|OfTheLethani has 270 seconds left.
|
|t:|1729228282
|switch|p1a: Airmure|Skarmory, M|36/100
|
|-weather|Sandstorm|[upkeep]
|-heal|p2a: Tyranitar|36/100|[from] item: Leftovers
|-heal|p1a: Airmure|42/100|[from] item: Leftovers
|upkeep
|turn|36
|
|t:|1729228287
|move|p2a: Tyranitar|Rock Slide|p1a: Airmure
|-crit|p1a: Airmure
|-damage|p1a: Airmure|0 fnt
|faint|p1a: Airmure
|c|☆OfTheLethani|ok
|inactive|OfTheLethani has 270 seconds left.
|c|☆OfTheLethani|like that almost certainly didn't matter
|c|☆OfTheLethani|but this hax is crazy
|
|t:|1729228304
|switch|p1a: Ptéra|Aerodactyl, M|100/100
|
|-weather|Sandstorm|[upkeep]
|-heal|p2a: Tyranitar|42/100|[from] item: Leftovers
|upkeep
|turn|37
|c|☆violet river|salt in wound yh
|inactive|OfTheLethani has 270 seconds left.
|
|t:|1729228310
|move|p2a: Tyranitar|Rock Slide|p1a: Ptéra
|-supereffective|p1a: Ptéra
|-damage|p1a: Ptéra|0 fnt
|faint|p1a: Ptéra
|
|t:|1729228314
|switch|p1a: Zapdos|Zapdos|16/100 par
|
|-weather|Sandstorm|[upkeep]
|-damage|p1a: Zapdos|10/100 par|[from] Sandstorm
|-heal|p2a: Tyranitar|48/100|[from] item: Leftovers
|-heal|p1a: Zapdos|16/100 par|[from] item: Leftovers
|upkeep
|turn|38
|
|t:|1729228321
|move|p2a: Tyranitar|Hidden Power|p1a: Zapdos
|-resisted|p1a: Zapdos
|-damage|p1a: Zapdos|0 fnt
|faint|p1a: Zapdos
|
|win|violet river
|c|☆violet river|u did a lot right this game
|c|☆violet river|gg

</script>
<script type="application/json" class="data" id="replaydata-smogtours-gen3ou-799467">
{"id":"smogtours-gen3ou-799467","format":"[Gen 3] OU","players":["OfTheLethani","violet river"],"uploadtime":1729228321,"views":175,"formatid":"gen3ou","rating":null,"private":0,"password":null}
</script>

<script defer src="js/replays.js?9d40a366"></script>
