<!DOCTYPE html>
<meta charset="utf-8" />
<meta name="viewport" content="width=device-width" />

<title>[Gen 3] OU: Dridri457 vs. tsukinomiko - Replays - Pok&eacute;mon Showdown!</title>

<meta name="description" content="Watch a replay of a Pok&eacute;mon battle between Dridri457 and tsukinomiko! Format: [Gen 3] OU; Date: Oct 18, 2024" />
<!--

Hey, you! Looking in the source for the replay log?

You can find them in JSON format, just add `.json` at the end of a replay URL.

https://replay.pokemonshowdown.com/gen7randomdoublesbattle-865046831.json

Or, if you only need the log itself, add `.log` instead:

https://replay.pokemonshowdown.com/gen7randomdoublesbattle-865046831.log

-->

<link rel="stylesheet" href="//pokemonshowdown.com/style/global.css?0.023195364461161105" />
<link rel="stylesheet" href="//play.pokemonshowdown.com/style/font-awesome.css?0.13261647063804238" />
<link rel="stylesheet" href="//play.pokemonshowdown.com/style/battle.css?0.8753245789963631" />
<link rel="stylesheet" href="//play.pokemonshowdown.com/style/utilichart.css?0.8627959624976733" />

<!-- Global site tag (gtag.js) - Google Analytics -->
<script async src="https://www.googletagmanager.com/gtag/js?id=UA-26211653-1"></script>
<script>
  window.dataLayer = window.dataLayer || [];
  function gtag(){dataLayer.push(arguments);}
  gtag('js', new Date());

  gtag('config', 'UA-26211653-1');
</script>
<!-- End Google Analytics -->
<!-- Venatus Ad Manager - Install in <HEAD> of page -->
	<script src="https://hb.vntsm.com/v3/live/ad-manager.min.js" type="text/javascript" data-site-id="642aba63ec9a7b11c3c9c1be" data-mode="scan" async></script>
<!-- / Venatus Ad Manager -->

<style>
	@media (max-width:820px) {
		.battle {
			margin: 0 auto;
		}
		.battle-log {
			margin: 7px auto 0;
			max-width: 640px;
			height: 300px;
			position: static;
		}
	}
	.optgroup {
		display: inline-block;
		line-height: 22px;
		font-size: 10pt;
	}
	.optgroup .button {
		height: 25px;
		padding-top: 0;
		padding-bottom: 0;
	}
	.optgroup button.button {
		padding-left: 12px;
		padding-right: 12px;
	}
	.linklist {
		list-style: none;
		margin: 0.5em 0;
		padding: 0;
	}
	.linklist li {
		padding: 2px 0;
	}
	.sidebar {
		float: left;
		width: 320px;
	}
	.bar-wrapper {
		max-width: 1100px;
		margin: 0 auto;
	}
	.bar-wrapper.has-sidebar {
		max-width: 1430px;
	}
	.mainbar {
		margin: 0;
		padding-right: 1px;
	}
	.mainbar.has-sidebar {
		margin-left: 330px;
	}
	@media (min-width: 1511px) {
		.sidebar {
			width: 400px;
		}
		.bar-wrapper.has-sidebar {
			max-width: 1510px;
		}
		.mainbar.has-sidebar {
			margin-left: 410px;
		}
	}
	.section.first-section {
		margin-top: 9px;
	}
	.blocklink small {
		white-space: normal;
	}
	.button {
		vertical-align: middle;
	}
	.replay-controls {
		padding-top: 10px;
	}
	.replay-controls h1 {
		font-size: 16pt;
		font-weight: normal;
		color: #CCC;
	}
	.pagelink {
		text-align: center;
	}
	.pagelink a {
		width: 150px;
	}
	.textbox, .button {
		font-size: 11pt;
		vertical-align: middle;
	}
	@media (max-width: 450px) {
		.button {
			font-size: 9pt;
		}
	}
</style>

<div>

	<header>
		<div class="nav-wrapper"><ul class="nav">
			<li><a class="button nav-first" href="//pokemonshowdown.com/"><img src="//pokemonshowdown.com/images/pokemonshowdownbeta.png" srcset="//pokemonshowdown.com/images/pokemonshowdownbeta.png 1x, //pokemonshowdown.com/images/pokemonshowdownbeta@2x.png 2x" alt="Pok&eacute;mon Showdown" width="146" height="44" /> Home</a></li>
			<li><a class="button" href="//pokemonshowdown.com/dex/">Pok&eacute;dex</a></li>
			<li><a class="button cur" href="/">Replays</a></li>
			<li><a class="button" href="//pokemonshowdown.com/ladder/">Ladder</a></li>
			<li><a class="button nav-last" href="//pokemonshowdown.com/forums/">Forum</a></li>
			<li><a class="button greenbutton nav-first nav-last" href="//play.pokemonshowdown.com/">Play</a></li>
		</ul></div>
	</header>

	<div class="main" id="main">

		<noscript><section class="section">You need to enable JavaScript to use this page; sorry!</section></noscript>

	</div>

</div>

<script defer nomodule src="//play.pokemonshowdown.com/js/lib/ps-polyfill.js"></script>
<script defer src="//play.pokemonshowdown.com/js/lib/preact.min.js"></script>

<script defer src="//play.pokemonshowdown.com/config/config.js?2bddbc15"></script>
<script defer src="//play.pokemonshowdown.com/js/lib/jquery-1.11.0.min.js"></script>
<script defer src="//play.pokemonshowdown.com/js/lib/html-sanitizer-minified.js"></script>
<script defer src="//play.pokemonshowdown.com/js/battle-sound.js"></script>
<script defer src="//play.pokemonshowdown.com/js/battledata.js?0.7209276989879541"></script>
<script defer src="//play.pokemonshowdown.com/data/pokedex-mini.js?0.6111056340867951"></script>
<script defer src="//play.pokemonshowdown.com/data/pokedex-mini-bw.js?0.3532142036491459"></script>
<script defer src="//play.pokemonshowdown.com/data/graphics.js?0.24223875632456182"></script>
<script defer src="//play.pokemonshowdown.com/data/pokedex.js?0.38839984266356864"></script>
<script defer src="//play.pokemonshowdown.com/data/moves.js?0.21866028504024015"></script>
<script defer src="//play.pokemonshowdown.com/data/abilities.js?0.2005157953846628"></script>
<script defer src="//play.pokemonshowdown.com/data/items.js?0.9894211263848525"></script>
<script defer src="//play.pokemonshowdown.com/data/teambuilder-tables.js?0.6008791140282215"></script>
<script defer src="//play.pokemonshowdown.com/js/battle-tooltips.js?0.7580118955022959"></script>
<script defer src="//play.pokemonshowdown.com/js/battle.js?0.6057722274234274"></script>

<script defer src="js/utils.js?e31f9a17"></script>
<script defer src="js/replays-battle.js?7008c182"></script>

<!-- don't scrape this data! just add .json or .log after the URL!
Full API docs: https://github.com/smogon/pokemon-showdown-client/blob/master/WEB-API.md -->
<script type="text/plain" class="log" id="replaylog-smogtours-gen3ou-799684">
|inactive|Battle timer is ON: inactive players will automatically lose when time's up.
|t:|1729282658
|gametype|singles
|player|p1|Dridri457|#dridri457|
|player|p2|tsukinomiko|bellelba|
|teamsize|p1|6
|teamsize|p2|6
|gen|3
|tier|[Gen 3] OU
|rule|Sleep Clause Mod: Limit one foe put to sleep
|rule|Switch Priority Clause Mod: Faster Pokémon switch first
|rule|Species Clause: Limit one of each Pokémon
|rule|OHKO Clause: OHKO moves are banned
|rule|Evasion Items Clause: Evasion items are banned
|rule|Evasion Moves Clause: Evasion moves are banned
|rule|Endless Battle Clause: Forcing endless battles is banned
|rule|HP Percentage Mod: HP is shown in percentages
|rule|One Boost Passer Clause: Limit one Baton Passer that has a way to boost its stats
|rule|Freeze Clause Mod: Limit one foe frozen
|
|t:|1729282658
|start
|switch|p1a: bro girl|Jynx, F|100/100
|switch|p2a: Tyranitar|Tyranitar, M|100/100
|-weather|Sandstorm|[from] ability: Sand Stream|[of] p2a: Tyranitar
|turn|1
|c|☆Dridri457|hf
|
|t:|1729282676
|move|p1a: bro girl|Ice Beam|p2a: Tyranitar
|-damage|p2a: Tyranitar|65/100
|move|p2a: Tyranitar|Earthquake|p1a: bro girl
|-damage|p1a: bro girl|0 fnt
|faint|p1a: bro girl
|
|t:|1729282680
|switch|p1a: brobrio|Dugtrio, F|100/100
|
|-weather|Sandstorm|[upkeep]
|-heal|p2a: Tyranitar|71/100|[from] item: Leftovers
|upkeep
|turn|2
|
|t:|1729282683
|move|p1a: brobrio|Earthquake|p2a: Tyranitar
|-supereffective|p2a: Tyranitar
|-damage|p2a: Tyranitar|0 fnt
|faint|p2a: Tyranitar
|
|t:|1729282685
|switch|p2a: Skarmory|Skarmory, F|100/100
|
|-weather|Sandstorm|[upkeep]
|upkeep
|turn|3
|c|☆tsukinomiko|u2
|
|t:|1729282699
|switch|p1a: brocune|Suicune, shiny|100/100
|move|p2a: Skarmory|Spikes|p1a: brocune
|-sidestart|p1: Dridri457|Spikes
|
|-weather|Sandstorm|[upkeep]
|-damage|p1a: brocune|94/100|[from] Sandstorm
|-heal|p1a: brocune|100/100|[from] item: Leftovers
|upkeep
|turn|4
|
|t:|1729282718
|move|p1a: brocune|Calm Mind|p1a: brocune
|-boost|p1a: brocune|spa|1
|-boost|p1a: brocune|spd|1
|move|p2a: Skarmory|Roar|p1a: brocune
|drag|p1a: megabro|Metagross|100/100
|-damage|p1a: megabro|88/100|[from] Spikes
|
|-weather|Sandstorm|[upkeep]
|upkeep
|turn|5
|
|t:|1729282721
|move|p1a: megabro|Meteor Mash|p2a: Skarmory
|-resisted|p2a: Skarmory
|-damage|p2a: Skarmory|68/100
|move|p2a: Skarmory|Spikes|p1a: megabro
|-sidestart|p1: Dridri457|Spikes
|
|-weather|Sandstorm|[upkeep]
|-heal|p2a: Skarmory|74/100|[from] item: Leftovers
|upkeep
|turn|6
|
|t:|1729282725
|move|p1a: megabro|Meteor Mash|p2a: Skarmory
|-resisted|p2a: Skarmory
|-damage|p2a: Skarmory|40/100
|move|p2a: Skarmory|Spikes|p1a: megabro
|-sidestart|p1: Dridri457|Spikes
|
|-weather|Sandstorm|[upkeep]
|-heal|p2a: Skarmory|46/100|[from] item: Leftovers
|upkeep
|turn|7
|
|t:|1729282728
|move|p2a: Skarmory|Protect|p2a: Skarmory
|-singleturn|p2a: Skarmory|Protect
|move|p1a: megabro|Meteor Mash|p2a: Skarmory|[miss]
|-miss|p1a: megabro|p2a: Skarmory
|
|-weather|Sandstorm|[upkeep]
|-heal|p2a: Skarmory|52/100|[from] item: Leftovers
|upkeep
|turn|8
|
|t:|1729282733
|move|p1a: megabro|Meteor Mash|p2a: Skarmory
|-resisted|p2a: Skarmory
|-damage|p2a: Skarmory|17/100
|move|p2a: Skarmory|Roar|p1a: megabro
|drag|p1a: brodol|Claydol|100/100
|
|-weather|Sandstorm|[upkeep]
|-heal|p2a: Skarmory|23/100|[from] item: Leftovers
|upkeep
|turn|9
|
|t:|1729282742
|move|p2a: Skarmory|Toxic|p1a: brodol
|-status|p1a: brodol|tox
|move|p1a: brodol|Rapid Spin|p2a: Skarmory
|-resisted|p2a: Skarmory
|-damage|p2a: Skarmory|22/100
|-sideend|p1: Dridri457|Spikes|[from] move: Rapid Spin|[of] p1a: brodol
|
|-weather|Sandstorm|[upkeep]
|-heal|p2a: Skarmory|28/100|[from] item: Leftovers
|-damage|p1a: brodol|94/100 tox|[from] psn
|upkeep
|turn|10
|
|t:|1729282745
|switch|p1a: megabro|Metagross|88/100
|move|p2a: Skarmory|Spikes|p1a: megabro
|-sidestart|p1: Dridri457|Spikes
|
|-weather|Sandstorm|[upkeep]
|-heal|p2a: Skarmory|34/100|[from] item: Leftovers
|upkeep
|turn|11
|
|t:|1729282751
|move|p2a: Skarmory|Protect|p2a: Skarmory
|-singleturn|p2a: Skarmory|Protect
|move|p1a: megabro|Meteor Mash|p2a: Skarmory
|-activate|p2a: Skarmory|Protect
|
|-weather|Sandstorm|[upkeep]
|-heal|p2a: Skarmory|40/100|[from] item: Leftovers
|upkeep
|turn|12
|
|t:|1729282755
|switch|p2a: Swampert|Swampert, M|100/100
|move|p1a: megabro|Meteor Mash|p2a: Swampert
|-resisted|p2a: Swampert
|-damage|p2a: Swampert|74/100
|
|-weather|Sandstorm|[upkeep]
|-heal|p2a: Swampert|80/100|[from] item: Leftovers
|upkeep
|turn|13
|
|t:|1729282762
|switch|p1a: brocune|Suicune, shiny|100/100
|-damage|p1a: brocune|88/100|[from] Spikes
|move|p2a: Swampert|Toxic|p1a: brocune
|-status|p1a: brocune|tox
|
|-weather|Sandstorm|[upkeep]
|-damage|p1a: brocune|82/100 tox|[from] Sandstorm
|-heal|p1a: brocune|88/100 tox|[from] item: Leftovers
|-damage|p1a: brocune|82/100 tox|[from] psn
|-heal|p2a: Swampert|86/100|[from] item: Leftovers
|upkeep
|turn|14
|
|t:|1729282775
|switch|p2a: Zapdos|Zapdos|100/100
|move|p1a: brocune|Rest|p1a: brocune
|-status|p1a: brocune|slp|[from] move: Rest
|-heal|p1a: brocune|100/100 slp|[silent]
|
|-weather|Sandstorm|[upkeep]
|-damage|p2a: Zapdos|94/100|[from] Sandstorm
|-damage|p1a: brocune|94/100 slp|[from] Sandstorm
|-heal|p2a: Zapdos|100/100|[from] item: Leftovers
|-heal|p1a: brocune|100/100 slp|[from] item: Leftovers
|upkeep
|turn|15
|
|t:|1729282781
|switch|p1a: brodol|Claydol|94/100 tox
|move|p2a: Zapdos|Roar|p1a: brodol
|drag|p1a: brolax|Snorlax, F|100/100
|-damage|p1a: brolax|88/100|[from] Spikes
|
|-weather|Sandstorm|[upkeep]
|-damage|p2a: Zapdos|94/100|[from] Sandstorm
|-damage|p1a: brolax|82/100|[from] Sandstorm
|-heal|p2a: Zapdos|100/100|[from] item: Leftovers
|-heal|p1a: brolax|88/100|[from] item: Leftovers
|upkeep
|turn|16
|
|t:|1729282797
|switch|p2a: Gengar|Gengar, M|100/100
|move|p1a: brolax|Body Slam|p2a: Gengar
|-immune|p2a: Gengar
|
|-weather|Sandstorm|[upkeep]
|-damage|p2a: Gengar|94/100|[from] Sandstorm
|-damage|p1a: brolax|82/100|[from] Sandstorm
|-heal|p2a: Gengar|100/100|[from] item: Leftovers
|-heal|p1a: brolax|88/100|[from] item: Leftovers
|upkeep
|turn|17
|
|t:|1729282803
|switch|p1a: brodol|Claydol|94/100 tox
|move|p2a: Gengar|Will-O-Wisp||[still]
|-fail|p2a: Gengar
|
|-weather|Sandstorm|[upkeep]
|-damage|p2a: Gengar|94/100|[from] Sandstorm
|-heal|p2a: Gengar|100/100|[from] item: Leftovers
|-heal|p1a: brodol|100/100 tox|[from] item: Leftovers
|-damage|p1a: brodol|94/100 tox|[from] psn
|upkeep
|turn|18
|
|t:|1729282810
|move|p2a: Gengar|Giga Drain|p1a: brodol
|-supereffective|p1a: brodol
|-damage|p1a: brodol|65/100 tox
|move|p1a: brodol|Psychic|p2a: Gengar
|-supereffective|p2a: Gengar
|-damage|p2a: Gengar|41/100
|
|-weather|Sandstorm|[upkeep]
|-damage|p2a: Gengar|35/100|[from] Sandstorm
|-heal|p2a: Gengar|41/100|[from] item: Leftovers
|-heal|p1a: brodol|71/100 tox|[from] item: Leftovers
|-damage|p1a: brodol|59/100 tox|[from] psn
|upkeep
|turn|19
|
|t:|1729282816
|move|p2a: Gengar|Giga Drain|p1a: brodol
|-supereffective|p1a: brodol
|-damage|p1a: brodol|31/100 tox
|-heal|p2a: Gengar|57/100|[from] drain|[of] p1a: brodol
|move|p1a: brodol|Rapid Spin|p2a: Gengar
|-immune|p2a: Gengar
|
|-weather|Sandstorm|[upkeep]
|-damage|p2a: Gengar|51/100|[from] Sandstorm
|-heal|p2a: Gengar|57/100|[from] item: Leftovers
|-heal|p1a: brodol|37/100 tox|[from] item: Leftovers
|-damage|p1a: brodol|18/100 tox|[from] psn
|upkeep
|turn|20
|
|t:|1729282821
|move|p2a: Gengar|Giga Drain|p1a: brodol
|-supereffective|p1a: brodol
|-damage|p1a: brodol|0 fnt
|-heal|p2a: Gengar|67/100|[from] drain|[of] p1a: brodol
|faint|p1a: brodol
|
|t:|1729282826
|switch|p1a: brolax|Snorlax, F|88/100
|-damage|p1a: brolax|76/100|[from] Spikes
|
|-weather|Sandstorm|[upkeep]
|-damage|p2a: Gengar|61/100|[from] Sandstorm
|-damage|p1a: brolax|70/100|[from] Sandstorm
|-heal|p2a: Gengar|67/100|[from] item: Leftovers
|-heal|p1a: brolax|76/100|[from] item: Leftovers
|upkeep
|turn|21
|
|t:|1729282828
|move|p2a: Gengar|Will-O-Wisp|p1a: brolax
|-status|p1a: brolax|brn
|move|p1a: brolax|Shadow Ball|p2a: Gengar
|-supereffective|p2a: Gengar
|-damage|p2a: Gengar|17/100
|
|-weather|Sandstorm|[upkeep]
|-damage|p2a: Gengar|10/100|[from] Sandstorm
|-damage|p1a: brolax|70/100 brn|[from] Sandstorm
|-heal|p2a: Gengar|17/100|[from] item: Leftovers
|-heal|p1a: brolax|76/100 brn|[from] item: Leftovers
|-damage|p1a: brolax|63/100 brn|[from] brn
|upkeep
|turn|22
|
|t:|1729282834
|switch|p2a: Skarmory|Skarmory, F|40/100
|move|p1a: brolax|Curse|p1a: brolax
|-unboost|p1a: brolax|spe|1
|-boost|p1a: brolax|atk|1
|-boost|p1a: brolax|def|1
|
|-weather|Sandstorm|[upkeep]
|-damage|p1a: brolax|57/100 brn|[from] Sandstorm
|-heal|p2a: Skarmory|46/100|[from] item: Leftovers
|-heal|p1a: brolax|63/100 brn|[from] item: Leftovers
|-damage|p1a: brolax|51/100 brn|[from] brn
|upkeep
|turn|23
|
|t:|1729282841
|move|p2a: Skarmory|Spikes|p1a: brolax
|-sidestart|p1: Dridri457|Spikes
|move|p1a: brolax|Body Slam|p2a: Skarmory
|-resisted|p2a: Skarmory
|-damage|p2a: Skarmory|34/100
|-status|p2a: Skarmory|par
|
|-weather|Sandstorm|[upkeep]
|-damage|p1a: brolax|45/100 brn|[from] Sandstorm
|-heal|p1a: brolax|51/100 brn|[from] item: Leftovers
|-damage|p1a: brolax|39/100 brn|[from] brn
|-heal|p2a: Skarmory|40/100 par|[from] item: Leftovers
|upkeep
|turn|24
|
|t:|1729282846
|move|p1a: brolax|Shadow Ball|p2a: Skarmory
|-resisted|p2a: Skarmory
|-damage|p2a: Skarmory|33/100 par
|move|p2a: Skarmory|Spikes|p1a: brolax
|-sidestart|p1: Dridri457|Spikes
|
|-weather|Sandstorm|[upkeep]
|-damage|p1a: brolax|33/100 brn|[from] Sandstorm
|-heal|p1a: brolax|39/100 brn|[from] item: Leftovers
|-damage|p1a: brolax|26/100 brn|[from] brn
|-heal|p2a: Skarmory|39/100 par|[from] item: Leftovers
|upkeep
|turn|25
|
|t:|1729282849
|move|p1a: brolax|Self-Destruct|p2a: Skarmory
|-resisted|p2a: Skarmory
|-damage|p2a: Skarmory|0 fnt
|faint|p1a: brolax
|faint|p2a: Skarmory
|
|t:|1729282859
|switch|p2a: Gengar|Gengar, M|17/100
|switch|p1a: megabro|Metagross|88/100
|-damage|p1a: megabro|63/100|[from] Spikes
|
|-weather|Sandstorm|[upkeep]
|-damage|p2a: Gengar|10/100|[from] Sandstorm
|-heal|p2a: Gengar|17/100|[from] item: Leftovers
|upkeep
|turn|26
|
|t:|1729282864
|move|p2a: Gengar|Will-O-Wisp|p1a: megabro
|-status|p1a: megabro|brn
|move|p1a: megabro|Rock Slide|p2a: Gengar|[miss]
|-miss|p1a: megabro|p2a: Gengar
|
|-weather|Sandstorm|[upkeep]
|-damage|p2a: Gengar|10/100|[from] Sandstorm
|-heal|p2a: Gengar|17/100|[from] item: Leftovers
|-damage|p1a: megabro|51/100 brn|[from] brn
|upkeep
|turn|27
|
|t:|1729282870
|move|p2a: Gengar|Thunderbolt|p1a: megabro
|-damage|p1a: megabro|22/100 brn
|move|p1a: megabro|Rock Slide|p2a: Gengar
|-damage|p2a: Gengar|0 fnt
|faint|p2a: Gengar
|
|t:|1729282876
|switch|p2a: Zapdos|Zapdos|100/100
|
|-weather|Sandstorm|[upkeep]
|-damage|p2a: Zapdos|94/100|[from] Sandstorm
|-heal|p2a: Zapdos|100/100|[from] item: Leftovers
|-damage|p1a: megabro|10/100 brn|[from] brn
|upkeep
|turn|28
|c|☆Dridri457|yeah seems fair i forgot to put rain dance on clay anyway^^
|-message|Dridri457 forfeited.
|
|win|tsukinomiko
|c|☆tsukinomiko|lol it happens

</script>
<script type="application/json" class="data" id="replaydata-smogtours-gen3ou-799684">
{"id":"smogtours-gen3ou-799684","format":"[Gen 3] OU","players":["Dridri457","tsukinomiko"],"uploadtime":1729282893,"views":119,"formatid":"gen3ou","rating":null,"private":0,"password":null}
</script>

<script defer src="js/replays.js?9d40a366"></script>
