<!DOCTYPE html>
<meta charset="utf-8" />
<meta name="viewport" content="width=device-width" />

<title>[Gen 3] OU: Aquafier vs. less19chara - Replays - Pok&eacute;mon Showdown!</title>

<meta name="description" content="Watch a replay of a Pok&eacute;mon battle between Aquafier and less19chara! Format: [Gen 3] OU; Date: Oct 19, 2024" />
<!--

Hey, you! Looking in the source for the replay log?

You can find them in JSON format, just add `.json` at the end of a replay URL.

https://replay.pokemonshowdown.com/gen7randomdoublesbattle-865046831.json

Or, if you only need the log itself, add `.log` instead:

https://replay.pokemonshowdown.com/gen7randomdoublesbattle-865046831.log

-->

<link rel="stylesheet" href="//pokemonshowdown.com/style/global.css?0.023195364461161105" />
<link rel="stylesheet" href="//play.pokemonshowdown.com/style/font-awesome.css?0.13261647063804238" />
<link rel="stylesheet" href="//play.pokemonshowdown.com/style/battle.css?0.8753245789963631" />
<link rel="stylesheet" href="//play.pokemonshowdown.com/style/utilichart.css?0.8627959624976733" />

<!-- Global site tag (gtag.js) - Google Analytics -->
<script async src="https://www.googletagmanager.com/gtag/js?id=UA-26211653-1"></script>
<script>
  window.dataLayer = window.dataLayer || [];
  function gtag(){dataLayer.push(arguments);}
  gtag('js', new Date());

  gtag('config', 'UA-26211653-1');
</script>
<!-- End Google Analytics -->
<!-- Venatus Ad Manager - Install in <HEAD> of page -->
	<script src="https://hb.vntsm.com/v3/live/ad-manager.min.js" type="text/javascript" data-site-id="642aba63ec9a7b11c3c9c1be" data-mode="scan" async></script>
<!-- / Venatus Ad Manager -->

<style>
	@media (max-width:820px) {
		.battle {
			margin: 0 auto;
		}
		.battle-log {
			margin: 7px auto 0;
			max-width: 640px;
			height: 300px;
			position: static;
		}
	}
	.optgroup {
		display: inline-block;
		line-height: 22px;
		font-size: 10pt;
	}
	.optgroup .button {
		height: 25px;
		padding-top: 0;
		padding-bottom: 0;
	}
	.optgroup button.button {
		padding-left: 12px;
		padding-right: 12px;
	}
	.linklist {
		list-style: none;
		margin: 0.5em 0;
		padding: 0;
	}
	.linklist li {
		padding: 2px 0;
	}
	.sidebar {
		float: left;
		width: 320px;
	}
	.bar-wrapper {
		max-width: 1100px;
		margin: 0 auto;
	}
	.bar-wrapper.has-sidebar {
		max-width: 1430px;
	}
	.mainbar {
		margin: 0;
		padding-right: 1px;
	}
	.mainbar.has-sidebar {
		margin-left: 330px;
	}
	@media (min-width: 1511px) {
		.sidebar {
			width: 400px;
		}
		.bar-wrapper.has-sidebar {
			max-width: 1510px;
		}
		.mainbar.has-sidebar {
			margin-left: 410px;
		}
	}
	.section.first-section {
		margin-top: 9px;
	}
	.blocklink small {
		white-space: normal;
	}
	.button {
		vertical-align: middle;
	}
	.replay-controls {
		padding-top: 10px;
	}
	.replay-controls h1 {
		font-size: 16pt;
		font-weight: normal;
		color: #CCC;
	}
	.pagelink {
		text-align: center;
	}
	.pagelink a {
		width: 150px;
	}
	.textbox, .button {
		font-size: 11pt;
		vertical-align: middle;
	}
	@media (max-width: 450px) {
		.button {
			font-size: 9pt;
		}
	}
</style>

<div>

	<header>
		<div class="nav-wrapper"><ul class="nav">
			<li><a class="button nav-first" href="//pokemonshowdown.com/"><img src="//pokemonshowdown.com/images/pokemonshowdownbeta.png" srcset="//pokemonshowdown.com/images/pokemonshowdownbeta.png 1x, //pokemonshowdown.com/images/pokemonshowdownbeta@2x.png 2x" alt="Pok&eacute;mon Showdown" width="146" height="44" /> Home</a></li>
			<li><a class="button" href="//pokemonshowdown.com/dex/">Pok&eacute;dex</a></li>
			<li><a class="button cur" href="/">Replays</a></li>
			<li><a class="button" href="//pokemonshowdown.com/ladder/">Ladder</a></li>
			<li><a class="button nav-last" href="//pokemonshowdown.com/forums/">Forum</a></li>
			<li><a class="button greenbutton nav-first nav-last" href="//play.pokemonshowdown.com/">Play</a></li>
		</ul></div>
	</header>

	<div class="main" id="main">

		<noscript><section class="section">You need to enable JavaScript to use this page; sorry!</section></noscript>

	</div>

</div>

<script defer nomodule src="//play.pokemonshowdown.com/js/lib/ps-polyfill.js"></script>
<script defer src="//play.pokemonshowdown.com/js/lib/preact.min.js"></script>

<script defer src="//play.pokemonshowdown.com/config/config.js?2bddbc15"></script>
<script defer src="//play.pokemonshowdown.com/js/lib/jquery-1.11.0.min.js"></script>
<script defer src="//play.pokemonshowdown.com/js/lib/html-sanitizer-minified.js"></script>
<script defer src="//play.pokemonshowdown.com/js/battle-sound.js"></script>
<script defer src="//play.pokemonshowdown.com/js/battledata.js?0.7209276989879541"></script>
<script defer src="//play.pokemonshowdown.com/data/pokedex-mini.js?0.6111056340867951"></script>
<script defer src="//play.pokemonshowdown.com/data/pokedex-mini-bw.js?0.3532142036491459"></script>
<script defer src="//play.pokemonshowdown.com/data/graphics.js?0.24223875632456182"></script>
<script defer src="//play.pokemonshowdown.com/data/pokedex.js?0.38839984266356864"></script>
<script defer src="//play.pokemonshowdown.com/data/moves.js?0.21866028504024015"></script>
<script defer src="//play.pokemonshowdown.com/data/abilities.js?0.2005157953846628"></script>
<script defer src="//play.pokemonshowdown.com/data/items.js?0.9894211263848525"></script>
<script defer src="//play.pokemonshowdown.com/data/teambuilder-tables.js?0.6008791140282215"></script>
<script defer src="//play.pokemonshowdown.com/js/battle-tooltips.js?0.7580118955022959"></script>
<script defer src="//play.pokemonshowdown.com/js/battle.js?0.6057722274234274"></script>

<script defer src="js/utils.js?e31f9a17"></script>
<script defer src="js/replays-battle.js?7008c182"></script>

<!-- don't scrape this data! just add .json or .log after the URL!
Full API docs: https://github.com/smogon/pokemon-showdown-client/blob/master/WEB-API.md -->
<script type="text/plain" class="log" id="replaylog-smogtours-gen3ou-799891">
|inactive|Battle timer is ON: inactive players will automatically lose when time's up.
|t:|1729349911
|gametype|singles
|player|p1|Aquafier|102|
|player|p2|less19chara|policeman-gen4|
|teamsize|p1|6
|teamsize|p2|6
|gen|3
|tier|[Gen 3] OU
|rule|Sleep Clause Mod: Limit one foe put to sleep
|rule|Switch Priority Clause Mod: Faster Pokémon switch first
|rule|Species Clause: Limit one of each Pokémon
|rule|OHKO Clause: OHKO moves are banned
|rule|Evasion Items Clause: Evasion items are banned
|rule|Evasion Moves Clause: Evasion moves are banned
|rule|Endless Battle Clause: Forcing endless battles is banned
|rule|HP Percentage Mod: HP is shown in percentages
|rule|One Boost Passer Clause: Limit one Baton Passer that has a way to boost its stats
|rule|Freeze Clause Mod: Limit one foe frozen
|
|t:|1729349911
|start
|switch|p1a: Skarmory|Skarmory, M|100/100
|switch|p2a: Charizard|Charizard, F|100/100
|turn|1
|c|☆Aquafier|glhf
|c|☆less19chara|glhf 
|inactive|less19chara has 270 seconds left.
|
|t:|1729349947
|move|p1a: Skarmory|Protect|p1a: Skarmory
|-singleturn|p1a: Skarmory|Protect
|move|p2a: Charizard|Fire Blast|p1a: Skarmory|[miss]
|-miss|p2a: Charizard|p1a: Skarmory
|
|upkeep
|turn|2
|inactive|Aquafier has 270 seconds left.
|inactive|less19chara has 270 seconds left.
|
|t:|1729349986
|switch|p1a: Starmie|Starmie|100/100
|move|p2a: Charizard|Substitute|p2a: Charizard
|-start|p2a: Charizard|Substitute
|-damage|p2a: Charizard|76/100
|
|-heal|p2a: Charizard|82/100|[from] item: Leftovers
|upkeep
|turn|3
|
|t:|1729349990
|move|p1a: Starmie|Thunderbolt|p2a: Charizard
|-supereffective|p2a: Charizard
|-end|p2a: Charizard|Substitute
|move|p2a: Charizard|Hidden Power|p1a: Starmie
|-supereffective|p1a: Starmie
|-crit|p1a: Starmie
|-damage|p1a: Starmie|0 fnt
|faint|p1a: Starmie
|c|☆less19chara|unfortunate
|inactive|Aquafier has 270 seconds left.
|c|☆Aquafier|tehe
|
|t:|1729350012
|switch|p1a: Jolteon|Jolteon, M|100/100
|
|-heal|p2a: Charizard|88/100|[from] item: Leftovers
|upkeep
|turn|4
|
|t:|1729350023
|switch|p2a: Gligar|Gligar, M|100/100
|move|p1a: Jolteon|Thunder Wave|p2a: Gligar
|-immune|p2a: Gligar
|
|upkeep
|turn|5
|
|t:|1729350028
|switch|p2a: Forretress|Forretress, F|100/100
|move|p1a: Jolteon|Baton Pass|p1a: Jolteon
|inactive|Aquafier has 270 seconds left.
|inactive|Aquafier has 240 seconds left.
|
|t:|1729350064
|switch|p1a: Gengar|Gengar, M|100/100|[from] Baton Pass
|
|upkeep
|turn|6
|
|t:|1729350074
|switch|p2a: Tyranitar|Tyranitar, M|100/100
|-weather|Sandstorm|[from] ability: Sand Stream|[of] p2a: Tyranitar
|move|p1a: Gengar|Fire Punch|p2a: Tyranitar
|-resisted|p2a: Tyranitar
|-damage|p2a: Tyranitar|90/100
|-status|p2a: Tyranitar|brn
|
|-weather|Sandstorm|[upkeep]
|-damage|p1a: Gengar|95/100|[from] Sandstorm
|-heal|p1a: Gengar|100/100|[from] item: Leftovers
|-heal|p2a: Tyranitar|97/100 brn|[from] item: Leftovers
|-damage|p2a: Tyranitar|84/100 brn|[from] brn
|upkeep
|turn|7
|inactive|Aquafier has 240 seconds left.
|inactive|less19chara has 270 seconds left.
|
|t:|1729350117
|move|p1a: Gengar|Hidden Power|p2a: Tyranitar
|-supereffective|p2a: Tyranitar
|-damage|p2a: Tyranitar|42/100 brn
|move|p2a: Tyranitar|Pursuit|p1a: Gengar
|-supereffective|p1a: Gengar
|-damage|p1a: Gengar|45/100
|
|-weather|Sandstorm|[upkeep]
|-damage|p1a: Gengar|39/100|[from] Sandstorm
|-heal|p1a: Gengar|45/100|[from] item: Leftovers
|-heal|p2a: Tyranitar|49/100 brn|[from] item: Leftovers
|-damage|p2a: Tyranitar|36/100 brn|[from] brn
|upkeep
|turn|8
|inactive|Aquafier has 240 seconds left.
|
|t:|1729350142
|move|p1a: Gengar|Hidden Power|p2a: Tyranitar
|-supereffective|p2a: Tyranitar
|-damage|p2a: Tyranitar|0 fnt
|faint|p2a: Tyranitar
|inactive|less19chara has 270 seconds left.
|
|t:|1729350156
|switch|p2a: Forretress|Forretress, F|100/100
|
|-weather|Sandstorm|[upkeep]
|-damage|p1a: Gengar|39/100|[from] Sandstorm
|-heal|p1a: Gengar|45/100|[from] item: Leftovers
|upkeep
|turn|9
|inactive|Aquafier has 240 seconds left.
|
|t:|1729350165
|switch|p2a: Suicune|Suicune|100/100
|move|p1a: Gengar|Fire Punch|p2a: Suicune
|-resisted|p2a: Suicune
|-damage|p2a: Suicune|90/100
|
|-weather|Sandstorm|[upkeep]
|-damage|p1a: Gengar|39/100|[from] Sandstorm
|-damage|p2a: Suicune|84/100|[from] Sandstorm
|-heal|p1a: Gengar|45/100|[from] item: Leftovers
|-heal|p2a: Suicune|90/100|[from] item: Leftovers
|upkeep
|turn|10
|
|t:|1729350174
|switch|p1a: Skarmory|Skarmory, M|100/100
|move|p2a: Suicune|Surf|p1a: Skarmory
|-damage|p1a: Skarmory|62/100
|
|-weather|Sandstorm|[upkeep]
|-damage|p2a: Suicune|84/100|[from] Sandstorm
|-heal|p2a: Suicune|90/100|[from] item: Leftovers
|-heal|p1a: Skarmory|68/100|[from] item: Leftovers
|upkeep
|turn|11
|
|t:|1729350181
|switch|p2a: Charizard|Charizard, F|88/100
|move|p1a: Skarmory|Toxic|p2a: Charizard
|-status|p2a: Charizard|tox
|
|-weather|Sandstorm|[upkeep]
|-damage|p2a: Charizard|82/100 tox|[from] Sandstorm
|-heal|p2a: Charizard|88/100 tox|[from] item: Leftovers
|-damage|p2a: Charizard|82/100 tox|[from] psn
|-heal|p1a: Skarmory|74/100|[from] item: Leftovers
|upkeep
|turn|12
|inactive|Aquafier has 240 seconds left.
|inactive|less19chara has 270 seconds left.
|
|t:|1729350218
|switch|p2a: Forretress|Forretress, F|100/100
|move|p1a: Skarmory|Protect||[still]
|-fail|p1a: Skarmory
|
|-weather|Sandstorm|[upkeep]
|-heal|p1a: Skarmory|80/100|[from] item: Leftovers
|upkeep
|turn|13
|inactive|Aquafier has 240 seconds left.
|
|t:|1729350229
|move|p1a: Skarmory|Spikes|p2a: Forretress
|-sidestart|p2: less19chara|Spikes
|move|p2a: Forretress|Spikes|p1a: Skarmory
|-sidestart|p1: Aquafier|Spikes
|
|-weather|Sandstorm|[upkeep]
|-heal|p1a: Skarmory|86/100|[from] item: Leftovers
|upkeep
|turn|14
|inactive|Aquafier has 240 seconds left.
|
|t:|1729350243
|switch|p2a: Charizard|Charizard, F|82/100 tox
|move|p1a: Skarmory|Spikes|p2a: Charizard
|-sidestart|p2: less19chara|Spikes
|
|-weather|Sandstorm|[upkeep]
|-damage|p2a: Charizard|76/100 tox|[from] Sandstorm
|-heal|p2a: Charizard|82/100 tox|[from] item: Leftovers
|-damage|p2a: Charizard|76/100 tox|[from] psn
|-heal|p1a: Skarmory|92/100|[from] item: Leftovers
|upkeep
|turn|15
|
|t:|1729350247
|move|p1a: Skarmory|Protect|p1a: Skarmory
|-singleturn|p1a: Skarmory|Protect
|move|p2a: Charizard|Substitute|p2a: Charizard
|-start|p2a: Charizard|Substitute
|-damage|p2a: Charizard|51/100 tox
|
|-weather|Sandstorm|[upkeep]
|-damage|p2a: Charizard|45/100 tox|[from] Sandstorm
|-heal|p2a: Charizard|51/100 tox|[from] item: Leftovers
|-damage|p2a: Charizard|39/100 tox|[from] psn
|-heal|p1a: Skarmory|98/100|[from] item: Leftovers
|upkeep
|turn|16
|inactive|Aquafier has 240 seconds left.
|
|t:|1729350285
|switch|p1a: Jolteon|Jolteon, M|100/100
|-damage|p1a: Jolteon|88/100|[from] Spikes
|move|p2a: Charizard|Fire Blast|p1a: Jolteon
|-damage|p1a: Jolteon|15/100
|
|-weather|Sandstorm|[upkeep]
|-damage|p1a: Jolteon|9/100|[from] Sandstorm
|-damage|p2a: Charizard|32/100 tox|[from] Sandstorm
|-heal|p1a: Jolteon|15/100|[from] item: Leftovers
|-heal|p2a: Charizard|39/100 tox|[from] item: Leftovers
|-damage|p2a: Charizard|20/100 tox|[from] psn
|upkeep
|turn|17
|
|t:|1729350293
|move|p1a: Jolteon|Thunderbolt|p2a: Charizard
|-supereffective|p2a: Charizard
|-end|p2a: Charizard|Substitute
|move|p2a: Charizard|Fire Blast|p1a: Jolteon
|-damage|p1a: Jolteon|0 fnt
|faint|p1a: Jolteon
|
|t:|1729350302
|switch|p1a: Gengar|Gengar, M|45/100
|
|-weather|Sandstorm|[upkeep]
|-damage|p1a: Gengar|39/100|[from] Sandstorm
|-damage|p2a: Charizard|14/100 tox|[from] Sandstorm
|-heal|p1a: Gengar|45/100|[from] item: Leftovers
|-heal|p2a: Charizard|20/100 tox|[from] item: Leftovers
|-damage|p2a: Charizard|0 fnt|[from] psn
|faint|p2a: Charizard
|upkeep
|
|t:|1729350315
|switch|p2a: Suicune|Suicune|90/100
|-damage|p2a: Suicune|73/100|[from] Spikes
|turn|18
|
|t:|1729350322
|switch|p1a: Skarmory|Skarmory, M|98/100
|move|p2a: Suicune|Calm Mind|p2a: Suicune
|-boost|p2a: Suicune|spa|1
|-boost|p2a: Suicune|spd|1
|
|-weather|Sandstorm|[upkeep]
|-damage|p2a: Suicune|67/100|[from] Sandstorm
|-heal|p2a: Suicune|73/100|[from] item: Leftovers
|-heal|p1a: Skarmory|100/100|[from] item: Leftovers
|upkeep
|turn|19
|
|t:|1729350325
|move|p2a: Suicune|Surf|p1a: Skarmory
|-damage|p1a: Skarmory|47/100
|move|p1a: Skarmory|Roar|p2a: Suicune
|drag|p2a: Gligar|Gligar, M|100/100
|
|-weather|Sandstorm|[upkeep]
|-heal|p1a: Skarmory|53/100|[from] item: Leftovers
|upkeep
|turn|20
|
|t:|1729350331
|move|p2a: Gligar|Swords Dance|p2a: Gligar
|-boost|p2a: Gligar|atk|2
|move|p1a: Skarmory|Spikes|p2a: Gligar
|-sidestart|p2: less19chara|Spikes
|
|-weather|Sandstorm|[upkeep]
|-heal|p1a: Skarmory|59/100|[from] item: Leftovers
|upkeep
|turn|21
|inactive|Aquafier has 240 seconds left.
|
|t:|1729350362
|move|p2a: Gligar|Rock Slide|p1a: Skarmory
|-damage|p1a: Skarmory|29/100
|cant|p1a: Skarmory|flinch
|
|-weather|Sandstorm|[upkeep]
|-heal|p1a: Skarmory|35/100|[from] item: Leftovers
|upkeep
|turn|22
|
|t:|1729350372
|move|p1a: Skarmory|Protect|p1a: Skarmory
|-singleturn|p1a: Skarmory|Protect
|move|p2a: Gligar|Rock Slide|p1a: Skarmory
|-activate|p1a: Skarmory|Protect
|
|-weather|Sandstorm|[upkeep]
|-heal|p1a: Skarmory|41/100|[from] item: Leftovers
|upkeep
|turn|23
|inactive|Aquafier has 240 seconds left.
|
|t:|1729350401
|move|p2a: Gligar|Rock Slide|p1a: Skarmory|[miss]
|-miss|p2a: Gligar|p1a: Skarmory
|move|p1a: Skarmory|Toxic|p2a: Gligar
|-status|p2a: Gligar|tox
|
|-weather|Sandstorm|[upkeep]
|-damage|p2a: Gligar|95/100 tox|[from] psn
|-heal|p1a: Skarmory|47/100|[from] item: Leftovers
|upkeep
|turn|24
|
|t:|1729350409
|switch|p2a: Forretress|Forretress, F|100/100
|-damage|p2a: Forretress|76/100|[from] Spikes
|move|p1a: Skarmory|Protect||[still]
|-fail|p1a: Skarmory
|
|-weather|Sandstorm|[upkeep]
|-heal|p1a: Skarmory|53/100|[from] item: Leftovers
|-heal|p2a: Forretress|82/100|[from] item: Leftovers
|upkeep
|turn|25
|inactive|Aquafier has 240 seconds left.
|
|t:|1729350426
|switch|p1a: Gengar|Gengar, M|45/100
|move|p2a: Forretress|Spikes|p1a: Gengar
|-sidestart|p1: Aquafier|Spikes
|
|-weather|Sandstorm|[upkeep]
|-damage|p1a: Gengar|39/100|[from] Sandstorm
|-heal|p1a: Gengar|45/100|[from] item: Leftovers
|-heal|p2a: Forretress|88/100|[from] item: Leftovers
|upkeep
|turn|26
|inactive|Aquafier has 240 seconds left.
|
|t:|1729350438
|switch|p2a: Metagross|Metagross|100/100
|-damage|p2a: Metagross|76/100|[from] Spikes
|move|p1a: Gengar|Hidden Power|p2a: Metagross
|-resisted|p2a: Metagross
|-damage|p2a: Metagross|62/100
|
|-weather|Sandstorm|[upkeep]
|-damage|p1a: Gengar|39/100|[from] Sandstorm
|-heal|p1a: Gengar|45/100|[from] item: Leftovers
|upkeep
|turn|27
|inactive|Aquafier has 240 seconds left.
|
|t:|1729350465
|switch|p1a: Skarmory|Skarmory, M|53/100
|move|p2a: Metagross|Meteor Mash|p1a: Skarmory
|-resisted|p1a: Skarmory
|-damage|p1a: Skarmory|19/100
|-boost|p2a: Metagross|atk|1
|
|-weather|Sandstorm|[upkeep]
|-heal|p1a: Skarmory|25/100|[from] item: Leftovers
|upkeep
|turn|28
|
|t:|1729350472
|move|p1a: Skarmory|Protect|p1a: Skarmory
|-singleturn|p1a: Skarmory|Protect
|move|p2a: Metagross|Meteor Mash|p1a: Skarmory
|-activate|p1a: Skarmory|Protect
|
|-weather|Sandstorm|[upkeep]
|-heal|p1a: Skarmory|31/100|[from] item: Leftovers
|upkeep
|turn|29
|
|t:|1729350481
|move|p1a: Skarmory|Protect|p1a: Skarmory
|-singleturn|p1a: Skarmory|Protect
|move|p2a: Metagross|Meteor Mash|p1a: Skarmory
|-activate|p1a: Skarmory|Protect
|
|-weather|Sandstorm|[upkeep]
|-heal|p1a: Skarmory|37/100|[from] item: Leftovers
|upkeep
|turn|30
|
|t:|1729350485
|move|p2a: Metagross|Meteor Mash|p1a: Skarmory
|-resisted|p1a: Skarmory
|-damage|p1a: Skarmory|0 fnt
|-boost|p2a: Metagross|atk|1
|faint|p1a: Skarmory
|inactive|Aquafier has 240 seconds left.
|
|t:|1729350502
|switch|p1a: Gengar|Gengar, M|45/100
|
|-weather|Sandstorm|[upkeep]
|-damage|p1a: Gengar|39/100|[from] Sandstorm
|-heal|p1a: Gengar|45/100|[from] item: Leftovers
|upkeep
|turn|31
|
|t:|1729350505
|move|p1a: Gengar|Fire Punch|p2a: Metagross
|-supereffective|p2a: Metagross
|-damage|p2a: Metagross|6/100
|move|p2a: Metagross|Meteor Mash|p1a: Gengar
|-damage|p1a: Gengar|0 fnt
|faint|p1a: Gengar
|inactive|Aquafier has 240 seconds left.
|
|t:|1729350519
|switch|p1a: Metagross|Metagross|100/100
|-damage|p1a: Metagross|84/100|[from] Spikes
|
|-weather|Sandstorm|[upkeep]
|upkeep
|turn|32
|inactive|Aquafier has 240 seconds left.
|
|t:|1729350529
|switch|p2a: Forretress|Forretress, F|88/100
|-damage|p2a: Forretress|63/100|[from] Spikes
|move|p1a: Metagross|Meteor Mash|p2a: Forretress
|-resisted|p2a: Forretress
|-damage|p2a: Forretress|30/100
|
|-weather|Sandstorm|[upkeep]
|-heal|p2a: Forretress|36/100|[from] item: Leftovers
|upkeep
|turn|33
|
|t:|1729350535
|move|p1a: Metagross|Meteor Mash|p2a: Forretress
|-resisted|p2a: Forretress
|-damage|p2a: Forretress|5/100
|move|p2a: Forretress|Rapid Spin|p1a: Metagross
|-resisted|p1a: Metagross
|-damage|p1a: Metagross|82/100
|-sideend|p2: less19chara|Spikes|[from] move: Rapid Spin|[of] p2a: Forretress
|
|-weather|Sandstorm|[upkeep]
|-heal|p2a: Forretress|11/100|[from] item: Leftovers
|upkeep
|turn|34
|
|t:|1729350540
|switch|p2a: Metagross|Metagross|6/100
|move|p1a: Metagross|Meteor Mash|p2a: Metagross
|-resisted|p2a: Metagross
|-damage|p2a: Metagross|0 fnt
|faint|p2a: Metagross
|
|t:|1729350545
|switch|p2a: Forretress|Forretress, F|11/100
|
|-weather|Sandstorm|[upkeep]
|-heal|p2a: Forretress|17/100|[from] item: Leftovers
|upkeep
|turn|35
|
|t:|1729350552
|move|p1a: Metagross|Meteor Mash|p2a: Forretress
|-resisted|p2a: Forretress
|-damage|p2a: Forretress|0 fnt
|-boost|p1a: Metagross|atk|1
|faint|p2a: Forretress
|
|t:|1729350559
|switch|p2a: Suicune|Suicune|73/100
|
|-weather|Sandstorm|[upkeep]
|-damage|p2a: Suicune|67/100|[from] Sandstorm
|-heal|p2a: Suicune|73/100|[from] item: Leftovers
|upkeep
|turn|36
|
|t:|1729350562
|move|p1a: Metagross|Meteor Mash|p2a: Suicune
|-resisted|p2a: Suicune
|-damage|p2a: Suicune|23/100
|move|p2a: Suicune|Surf|p1a: Metagross
|-damage|p1a: Metagross|31/100
|
|-weather|Sandstorm|[upkeep]
|-damage|p2a: Suicune|16/100|[from] Sandstorm
|-heal|p2a: Suicune|23/100|[from] item: Leftovers
|upkeep
|turn|37
|
|t:|1729350567
|move|p1a: Metagross|Meteor Mash|p2a: Suicune
|-resisted|p2a: Suicune
|-damage|p2a: Suicune|0 fnt
|faint|p2a: Suicune
|
|t:|1729350570
|switch|p2a: Gligar|Gligar, M|95/100 tox
|
|-weather|Sandstorm|[upkeep]
|-damage|p2a: Gligar|89/100 tox|[from] psn
|upkeep
|turn|38
|
|t:|1729350573
|move|p2a: Gligar|Earthquake|p1a: Metagross
|-supereffective|p1a: Metagross
|-damage|p1a: Metagross|0 fnt
|faint|p1a: Metagross
|inactive|Aquafier has 270 seconds left.
|
|t:|1729350604
|switch|p1a: Tyranitar|Tyranitar, F|100/100
|-damage|p1a: Tyranitar|84/100|[from] Spikes
|
|-weather|Sandstorm|[upkeep]
|-damage|p2a: Gligar|77/100 tox|[from] psn
|-heal|p1a: Tyranitar|90/100|[from] item: Leftovers
|upkeep
|turn|39
|
|t:|1729350608
|move|p2a: Gligar|Swords Dance|p2a: Gligar
|-boost|p2a: Gligar|atk|2
|move|p1a: Tyranitar|Rock Slide|p2a: Gligar
|-crit|p2a: Gligar
|-damage|p2a: Gligar|0 fnt
|faint|p2a: Gligar
|
|win|Aquafier
|c|☆less19chara|gg
|c|☆Aquafier|ggs

</script>
<script type="application/json" class="data" id="replaydata-smogtours-gen3ou-799891">
{"id":"smogtours-gen3ou-799891","format":"[Gen 3] OU","players":["Aquafier","less19chara"],"uploadtime":1729350608,"views":76,"formatid":"gen3ou","rating":null,"private":0,"password":null}
</script>

<script defer src="js/replays.js?9d40a366"></script>
