<!DOCTYPE html>
<meta charset="utf-8" />
<meta name="viewport" content="width=device-width" />

<title>[Gen 3] OU: Hipimochi vs. yeamints - Replays - Pok&eacute;mon Showdown!</title>

<meta name="description" content="Watch a replay of a Pok&eacute;mon battle between Hipimochi and yeamints! Format: [Gen 3] OU; Date: Oct 3, 2024" />
<!--

Hey, you! Looking in the source for the replay log?

You can find them in JSON format, just add `.json` at the end of a replay URL.

https://replay.pokemonshowdown.com/gen7randomdoublesbattle-865046831.json

Or, if you only need the log itself, add `.log` instead:

https://replay.pokemonshowdown.com/gen7randomdoublesbattle-865046831.log

-->

<link rel="stylesheet" href="//pokemonshowdown.com/style/global.css?0.023195364461161105" />
<link rel="stylesheet" href="//play.pokemonshowdown.com/style/font-awesome.css?0.13261647063804238" />
<link rel="stylesheet" href="//play.pokemonshowdown.com/style/battle.css?0.8753245789963631" />
<link rel="stylesheet" href="//play.pokemonshowdown.com/style/utilichart.css?0.8627959624976733" />

<!-- Global site tag (gtag.js) - Google Analytics -->
<script async src="https://www.googletagmanager.com/gtag/js?id=UA-26211653-1"></script>
<script>
  window.dataLayer = window.dataLayer || [];
  function gtag(){dataLayer.push(arguments);}
  gtag('js', new Date());

  gtag('config', 'UA-26211653-1');
</script>
<!-- End Google Analytics -->
<!-- Venatus Ad Manager - Install in <HEAD> of page -->
	<script src="https://hb.vntsm.com/v3/live/ad-manager.min.js" type="text/javascript" data-site-id="642aba63ec9a7b11c3c9c1be" data-mode="scan" async></script>
<!-- / Venatus Ad Manager -->

<style>
	@media (max-width:820px) {
		.battle {
			margin: 0 auto;
		}
		.battle-log {
			margin: 7px auto 0;
			max-width: 640px;
			height: 300px;
			position: static;
		}
	}
	.optgroup {
		display: inline-block;
		line-height: 22px;
		font-size: 10pt;
	}
	.optgroup .button {
		height: 25px;
		padding-top: 0;
		padding-bottom: 0;
	}
	.optgroup button.button {
		padding-left: 12px;
		padding-right: 12px;
	}
	.linklist {
		list-style: none;
		margin: 0.5em 0;
		padding: 0;
	}
	.linklist li {
		padding: 2px 0;
	}
	.sidebar {
		float: left;
		width: 320px;
	}
	.bar-wrapper {
		max-width: 1100px;
		margin: 0 auto;
	}
	.bar-wrapper.has-sidebar {
		max-width: 1430px;
	}
	.mainbar {
		margin: 0;
		padding-right: 1px;
	}
	.mainbar.has-sidebar {
		margin-left: 330px;
	}
	@media (min-width: 1511px) {
		.sidebar {
			width: 400px;
		}
		.bar-wrapper.has-sidebar {
			max-width: 1510px;
		}
		.mainbar.has-sidebar {
			margin-left: 410px;
		}
	}
	.section.first-section {
		margin-top: 9px;
	}
	.blocklink small {
		white-space: normal;
	}
	.button {
		vertical-align: middle;
	}
	.replay-controls {
		padding-top: 10px;
	}
	.replay-controls h1 {
		font-size: 16pt;
		font-weight: normal;
		color: #CCC;
	}
	.pagelink {
		text-align: center;
	}
	.pagelink a {
		width: 150px;
	}
	.textbox, .button {
		font-size: 11pt;
		vertical-align: middle;
	}
	@media (max-width: 450px) {
		.button {
			font-size: 9pt;
		}
	}
</style>

<div>

	<header>
		<div class="nav-wrapper"><ul class="nav">
			<li><a class="button nav-first" href="//pokemonshowdown.com/"><img src="//pokemonshowdown.com/images/pokemonshowdownbeta.png" srcset="//pokemonshowdown.com/images/pokemonshowdownbeta.png 1x, //pokemonshowdown.com/images/pokemonshowdownbeta@2x.png 2x" alt="Pok&eacute;mon Showdown" width="146" height="44" /> Home</a></li>
			<li><a class="button" href="//pokemonshowdown.com/dex/">Pok&eacute;dex</a></li>
			<li><a class="button cur" href="/">Replays</a></li>
			<li><a class="button" href="//pokemonshowdown.com/ladder/">Ladder</a></li>
			<li><a class="button nav-last" href="//pokemonshowdown.com/forums/">Forum</a></li>
			<li><a class="button greenbutton nav-first nav-last" href="//play.pokemonshowdown.com/">Play</a></li>
		</ul></div>
	</header>

	<div class="main" id="main">

		<noscript><section class="section">You need to enable JavaScript to use this page; sorry!</section></noscript>

	</div>

</div>

<script defer nomodule src="//play.pokemonshowdown.com/js/lib/ps-polyfill.js"></script>
<script defer src="//play.pokemonshowdown.com/js/lib/preact.min.js"></script>

<script defer src="//play.pokemonshowdown.com/config/config.js?2bddbc15"></script>
<script defer src="//play.pokemonshowdown.com/js/lib/jquery-1.11.0.min.js"></script>
<script defer src="//play.pokemonshowdown.com/js/lib/html-sanitizer-minified.js"></script>
<script defer src="//play.pokemonshowdown.com/js/battle-sound.js"></script>
<script defer src="//play.pokemonshowdown.com/js/battledata.js?0.7209276989879541"></script>
<script defer src="//play.pokemonshowdown.com/data/pokedex-mini.js?0.6111056340867951"></script>
<script defer src="//play.pokemonshowdown.com/data/pokedex-mini-bw.js?0.3532142036491459"></script>
<script defer src="//play.pokemonshowdown.com/data/graphics.js?0.24223875632456182"></script>
<script defer src="//play.pokemonshowdown.com/data/pokedex.js?0.38839984266356864"></script>
<script defer src="//play.pokemonshowdown.com/data/moves.js?0.21866028504024015"></script>
<script defer src="//play.pokemonshowdown.com/data/abilities.js?0.2005157953846628"></script>
<script defer src="//play.pokemonshowdown.com/data/items.js?0.9894211263848525"></script>
<script defer src="//play.pokemonshowdown.com/data/teambuilder-tables.js?0.6008791140282215"></script>
<script defer src="//play.pokemonshowdown.com/js/battle-tooltips.js?0.7580118955022959"></script>
<script defer src="//play.pokemonshowdown.com/js/battle.js?0.6057722274234274"></script>

<script defer src="js/utils.js?e31f9a17"></script>
<script defer src="js/replays-battle.js?7008c182"></script>

<!-- don't scrape this data! just add .json or .log after the URL!
Full API docs: https://github.com/smogon/pokemon-showdown-client/blob/master/WEB-API.md -->
<script type="text/plain" class="log" id="replaylog-smogtours-gen3ou-794300">
|inactive|Battle timer is ON: inactive players will automatically lose when time's up.
|t:|1727979973
|gametype|singles
|player|p1|Hipimochi|iris-gen5bw2|
|player|p2|yeamints|pokemonbreederf-gen4|
|teamsize|p1|6
|teamsize|p2|6
|gen|3
|tier|[Gen 3] OU
|rule|Sleep Clause Mod: Limit one foe put to sleep
|rule|Switch Priority Clause Mod: Faster Pokémon switch first
|rule|Species Clause: Limit one of each Pokémon
|rule|OHKO Clause: OHKO moves are banned
|rule|Evasion Items Clause: Evasion items are banned
|rule|Evasion Moves Clause: Evasion moves are banned
|rule|Endless Battle Clause: Forcing endless battles is banned
|rule|HP Percentage Mod: HP is shown in percentages
|rule|One Boost Passer Clause: Limit one Baton Passer that has a way to boost its stats
|rule|Freeze Clause Mod: Limit one foe frozen
|
|t:|1727979973
|start
|switch|p1a: Tyranitar|Tyranitar, M|100/100
|switch|p2a: Kimiko!|Moltres|100/100
|-weather|Sandstorm|[from] ability: Sand Stream|[of] p1a: Tyranitar
|turn|1
|
|t:|1727979988
|switch|p2a: Over the Hill|Breloom, M, shiny|100/100
|move|p1a: Tyranitar|Substitute|p1a: Tyranitar
|-start|p1a: Tyranitar|Substitute
|-damage|p1a: Tyranitar|75/100
|
|-weather|Sandstorm|[upkeep]
|-damage|p2a: Over the Hill|94/100|[from] Sandstorm
|-heal|p2a: Over the Hill|100/100|[from] item: Leftovers
|-heal|p1a: Tyranitar|82/100|[from] item: Leftovers
|upkeep
|turn|2
|
|t:|1727979998
|-singleturn|p1a: Tyranitar|move: Focus Punch
|move|p2a: Over the Hill|Mach Punch|p1a: Tyranitar
|-supereffective|p1a: Tyranitar
|-end|p1a: Tyranitar|Substitute
|move|p1a: Tyranitar|Focus Punch|p2a: Over the Hill
|-damage|p2a: Over the Hill|22/100
|
|-weather|Sandstorm|[upkeep]
|-damage|p2a: Over the Hill|16/100|[from] Sandstorm
|-heal|p2a: Over the Hill|22/100|[from] item: Leftovers
|-heal|p1a: Tyranitar|88/100|[from] item: Leftovers
|upkeep
|turn|3
|
|t:|1727980012
|switch|p1a: Charizard|Charizard, F|100/100
|move|p2a: Over the Hill|Leech Seed|p1a: Charizard
|-start|p1a: Charizard|move: Leech Seed
|
|-weather|Sandstorm|[upkeep]
|-damage|p1a: Charizard|94/100|[from] Sandstorm
|-damage|p2a: Over the Hill|16/100|[from] Sandstorm
|-heal|p1a: Charizard|100/100|[from] item: Leftovers
|-damage|p1a: Charizard|88/100|[from] Leech Seed|[of] p2a: Over the Hill
|-heal|p2a: Over the Hill|30/100|[silent]
|-heal|p2a: Over the Hill|37/100|[from] item: Leftovers
|upkeep
|turn|4
|
|t:|1727980024
|switch|p2a: Holy Hell|Zapdos|100/100
|move|p1a: Charizard|Fire Blast|p2a: Holy Hell
|-damage|p2a: Holy Hell|40/100
|
|-weather|Sandstorm|[upkeep]
|-damage|p2a: Holy Hell|33/100|[from] Sandstorm
|-damage|p1a: Charizard|82/100|[from] Sandstorm
|-heal|p2a: Holy Hell|40/100|[from] item: Leftovers
|-heal|p1a: Charizard|88/100|[from] item: Leftovers
|-damage|p1a: Charizard|76/100|[from] Leech Seed|[of] p2a: Holy Hell
|-heal|p2a: Holy Hell|51/100|[silent]
|upkeep
|turn|5
|
|t:|1727980044
|switch|p1a: Snorlax|Snorlax, M|100/100
|move|p2a: Holy Hell|Thunderbolt|p1a: Snorlax
|-damage|p1a: Snorlax|76/100
|
|-weather|Sandstorm|[upkeep]
|-damage|p2a: Holy Hell|45/100|[from] Sandstorm
|-damage|p1a: Snorlax|70/100|[from] Sandstorm
|-heal|p2a: Holy Hell|51/100|[from] item: Leftovers
|-heal|p1a: Snorlax|76/100|[from] item: Leftovers
|upkeep
|turn|6
|
|t:|1727980054
|move|p1a: Snorlax|Body Slam|p2a: Holy Hell
|-damage|p2a: Holy Hell|2/100
|-status|p2a: Holy Hell|par
|cant|p2a: Holy Hell|par
|
|-weather|Sandstorm|[upkeep]
|-damage|p1a: Snorlax|70/100|[from] Sandstorm
|-damage|p2a: Holy Hell|0 fnt|[from] Sandstorm
|faint|p2a: Holy Hell
|-heal|p1a: Snorlax|76/100|[from] item: Leftovers
|upkeep
|
|t:|1727980069
|switch|p2a: Kimiko!|Moltres|100/100
|turn|7
|
|t:|1727980077
|move|p2a: Kimiko!|Substitute|p2a: Kimiko!
|-start|p2a: Kimiko!|Substitute
|-damage|p2a: Kimiko!|76/100
|move|p1a: Snorlax|Body Slam|p2a: Kimiko!
|-end|p2a: Kimiko!|Substitute
|
|-weather|Sandstorm|[upkeep]
|-damage|p2a: Kimiko!|70/100|[from] Sandstorm
|-damage|p1a: Snorlax|70/100|[from] Sandstorm
|-heal|p2a: Kimiko!|76/100|[from] item: Leftovers
|-heal|p1a: Snorlax|76/100|[from] item: Leftovers
|upkeep
|turn|8
|
|t:|1727980098
|switch|p1a: Charizard|Charizard, F|76/100
|move|p2a: Kimiko!|Will-O-Wisp|p1a: Charizard
|-immune|p1a: Charizard
|
|-weather|Sandstorm|[upkeep]
|-damage|p1a: Charizard|70/100|[from] Sandstorm
|-damage|p2a: Kimiko!|70/100|[from] Sandstorm
|-heal|p1a: Charizard|76/100|[from] item: Leftovers
|-heal|p2a: Kimiko!|76/100|[from] item: Leftovers
|upkeep
|turn|9
|
|t:|1727980115
|switch|p2a: Lonliness|Gengar, F|100/100
|move|p1a: Charizard|Fire Blast|p2a: Lonliness
|-damage|p2a: Lonliness|30/100
|
|-weather|Sandstorm|[upkeep]
|-damage|p2a: Lonliness|24/100|[from] Sandstorm
|-damage|p1a: Charizard|70/100|[from] Sandstorm
|-heal|p2a: Lonliness|30/100|[from] item: Leftovers
|-heal|p1a: Charizard|76/100|[from] item: Leftovers
|upkeep
|turn|10
|
|t:|1727980129
|switch|p1a: Tyranitar|Tyranitar, M|88/100
|move|p2a: Lonliness|Thunderbolt|p1a: Tyranitar
|-damage|p1a: Tyranitar|66/100
|
|-weather|Sandstorm|[upkeep]
|-damage|p2a: Lonliness|24/100|[from] Sandstorm
|-heal|p2a: Lonliness|30/100|[from] item: Leftovers
|-heal|p1a: Tyranitar|73/100|[from] item: Leftovers
|upkeep
|turn|11
|
|t:|1727980137
|move|p2a: Lonliness|Destiny Bond|p2a: Lonliness
|-singlemove|p2a: Lonliness|Destiny Bond
|move|p1a: Tyranitar|Rock Slide|p2a: Lonliness
|-damage|p2a: Lonliness|0 fnt
|faint|p2a: Lonliness
|-activate|p2a: Lonliness|move: Destiny Bond
|faint|p1a: Tyranitar
|
|t:|1727980151
|switch|p2a: Nisemono|Tauros, M|100/100
|switch|p1a: Starmie|Starmie|100/100
|-ability|p2a: Nisemono|Intimidate|boost
|-unboost|p1a: Starmie|atk|1
|
|-weather|Sandstorm|[upkeep]
|-damage|p1a: Starmie|94/100|[from] Sandstorm
|-damage|p2a: Nisemono|94/100|[from] Sandstorm
|-heal|p1a: Starmie|100/100|[from] item: Leftovers
|upkeep
|turn|12
|
|t:|1727980171
|move|p1a: Starmie|Hydro Pump|p2a: Nisemono
|-damage|p2a: Nisemono|8/100
|move|p2a: Nisemono|Double-Edge|p1a: Starmie
|-damage|p1a: Starmie|0 fnt
|-damage|p2a: Nisemono|0 fnt|[from] Recoil|[of] p1a: Starmie
|faint|p1a: Starmie
|faint|p2a: Nisemono
|inactive|Hipimochi has 270 seconds left.
|
|t:|1727980187
|switch|p1a: Claydol|Claydol|100/100
|switch|p2a: Everything Alright|Swampert, M|100/100
|
|-weather|Sandstorm|[upkeep]
|upkeep
|turn|13
|
|t:|1727980196
|move|p2a: Everything Alright|Protect|p2a: Everything Alright
|-singleturn|p2a: Everything Alright|Protect
|move|p1a: Claydol|Explosion|p2a: Everything Alright
|-activate|p2a: Everything Alright|Protect
|faint|p1a: Claydol
|c|☆Hipimochi|noooooo
|
|t:|1727980204
|switch|p1a: Snorlax|Snorlax, M|76/100
|
|-weather|Sandstorm|[upkeep]
|-damage|p1a: Snorlax|70/100|[from] Sandstorm
|-heal|p1a: Snorlax|76/100|[from] item: Leftovers
|upkeep
|turn|14
|c|☆yeamints|explosion jumpscare
|
|t:|1727980221
|switch|p2a: Kimiko!|Moltres|76/100
|move|p1a: Snorlax|Body Slam|p2a: Kimiko!
|-damage|p2a: Kimiko!|36/100
|
|-weather|Sandstorm|[upkeep]
|-damage|p2a: Kimiko!|30/100|[from] Sandstorm
|-damage|p1a: Snorlax|70/100|[from] Sandstorm
|-heal|p2a: Kimiko!|36/100|[from] item: Leftovers
|-heal|p1a: Snorlax|76/100|[from] item: Leftovers
|upkeep
|turn|15
|
|t:|1727980235
|move|p2a: Kimiko!|Will-O-Wisp|p1a: Snorlax|[miss]
|-miss|p2a: Kimiko!|p1a: Snorlax
|move|p1a: Snorlax|Body Slam|p2a: Kimiko!
|-damage|p2a: Kimiko!|0 fnt
|faint|p2a: Kimiko!
|c|☆Hipimochi|:(
|
|t:|1727980257
|switch|p2a: Everything Alright|Swampert, M|100/100
|
|-weather|Sandstorm|[upkeep]
|-damage|p1a: Snorlax|70/100|[from] Sandstorm
|-heal|p1a: Snorlax|76/100|[from] item: Leftovers
|upkeep
|turn|16
|
|t:|1727980267
|move|p2a: Everything Alright|Earthquake|p1a: Snorlax
|-damage|p1a: Snorlax|40/100
|move|p1a: Snorlax|Body Slam|p2a: Everything Alright
|-damage|p2a: Everything Alright|66/100
|
|-weather|Sandstorm|[upkeep]
|-damage|p1a: Snorlax|34/100|[from] Sandstorm
|-heal|p2a: Everything Alright|72/100|[from] item: Leftovers
|-heal|p1a: Snorlax|40/100|[from] item: Leftovers
|upkeep
|turn|17
|
|t:|1727980282
|move|p2a: Everything Alright|Protect|p2a: Everything Alright
|-singleturn|p2a: Everything Alright|Protect
|move|p1a: Snorlax|Earthquake|p2a: Everything Alright
|-activate|p2a: Everything Alright|Protect
|
|-weather|Sandstorm|[upkeep]
|-damage|p1a: Snorlax|34/100|[from] Sandstorm
|-heal|p2a: Everything Alright|78/100|[from] item: Leftovers
|-heal|p1a: Snorlax|40/100|[from] item: Leftovers
|upkeep
|turn|18
|
|t:|1727980294
|move|p2a: Everything Alright|Earthquake|p1a: Snorlax
|-damage|p1a: Snorlax|7/100
|move|p1a: Snorlax|Body Slam|p2a: Everything Alright
|-damage|p2a: Everything Alright|40/100
|
|-weather|Sandstorm|[upkeep]
|-damage|p1a: Snorlax|1/100|[from] Sandstorm
|-heal|p2a: Everything Alright|46/100|[from] item: Leftovers
|-heal|p1a: Snorlax|7/100|[from] item: Leftovers
|upkeep
|turn|19
|
|t:|1727980302
|move|p2a: Everything Alright|Protect|p2a: Everything Alright
|-singleturn|p2a: Everything Alright|Protect
|move|p1a: Snorlax|Earthquake|p2a: Everything Alright
|-activate|p2a: Everything Alright|Protect
|
|-weather|Sandstorm|[upkeep]
|-damage|p1a: Snorlax|1/100|[from] Sandstorm
|-heal|p2a: Everything Alright|52/100|[from] item: Leftovers
|-heal|p1a: Snorlax|7/100|[from] item: Leftovers
|upkeep
|turn|20
|
|t:|1727980309
|switch|p2a: Over the Hill|Breloom, M, shiny|37/100
|move|p1a: Snorlax|Body Slam|p2a: Over the Hill
|-damage|p2a: Over the Hill|0 fnt
|faint|p2a: Over the Hill
|
|t:|1727980313
|switch|p2a: Everything Alright|Swampert, M|52/100
|
|-weather|Sandstorm|[upkeep]
|-damage|p1a: Snorlax|1/100|[from] Sandstorm
|-heal|p2a: Everything Alright|58/100|[from] item: Leftovers
|-heal|p1a: Snorlax|7/100|[from] item: Leftovers
|upkeep
|turn|21
|
|t:|1727980321
|move|p2a: Everything Alright|Protect|p2a: Everything Alright
|-singleturn|p2a: Everything Alright|Protect
|move|p1a: Snorlax|Body Slam|p2a: Everything Alright
|-activate|p2a: Everything Alright|Protect
|
|-weather|Sandstorm|[upkeep]
|-damage|p1a: Snorlax|1/100|[from] Sandstorm
|-heal|p2a: Everything Alright|64/100|[from] item: Leftovers
|-heal|p1a: Snorlax|7/100|[from] item: Leftovers
|upkeep
|turn|22
|
|t:|1727980334
|move|p2a: Everything Alright|Earthquake|p1a: Snorlax
|-damage|p1a: Snorlax|0 fnt
|faint|p1a: Snorlax
|
|t:|1727980336
|switch|p1a: Charizard|Charizard, F|76/100
|
|-weather|Sandstorm|[upkeep]
|-damage|p1a: Charizard|70/100|[from] Sandstorm
|-heal|p1a: Charizard|76/100|[from] item: Leftovers
|-heal|p2a: Everything Alright|70/100|[from] item: Leftovers
|upkeep
|turn|23
|
|t:|1727980343
|move|p2a: Everything Alright|Protect|p2a: Everything Alright
|-singleturn|p2a: Everything Alright|Protect
|move|p1a: Charizard|Hidden Power|p2a: Everything Alright
|-activate|p2a: Everything Alright|Protect
|
|-weather|Sandstorm|[upkeep]
|-damage|p1a: Charizard|70/100|[from] Sandstorm
|-heal|p1a: Charizard|76/100|[from] item: Leftovers
|-heal|p2a: Everything Alright|76/100|[from] item: Leftovers
|upkeep
|turn|24
|
|t:|1727980372
|move|p1a: Charizard|Hidden Power|p2a: Everything Alright
|-supereffective|p2a: Everything Alright
|-damage|p2a: Everything Alright|0 fnt
|faint|p2a: Everything Alright
|
|win|Hipimochi
|c|☆yeamints|GGs well played!

</script>
<script type="application/json" class="data" id="replaydata-smogtours-gen3ou-794300">
{"id":"smogtours-gen3ou-794300","format":"[Gen 3] OU","players":["Hipimochi","yeamints"],"uploadtime":1727980372,"views":106,"formatid":"gen3ou","rating":null,"private":0,"password":null}
</script>

<script defer src="js/replays.js?9d40a366"></script>
