<!DOCTYPE html>
<meta charset="utf-8" />
<meta name="viewport" content="width=device-width" />

<title>[Gen 3] OU: Churielix vs. socalson - Replays - Pok&eacute;mon Showdown!</title>

<meta name="description" content="Watch a replay of a Pok&eacute;mon battle between Churielix and socalson! Format: [Gen 3] OU; Date: Oct 19, 2024" />
<!--

Hey, you! Looking in the source for the replay log?

You can find them in JSON format, just add `.json` at the end of a replay URL.

https://replay.pokemonshowdown.com/gen7randomdoublesbattle-865046831.json

Or, if you only need the log itself, add `.log` instead:

https://replay.pokemonshowdown.com/gen7randomdoublesbattle-865046831.log

-->

<link rel="stylesheet" href="//pokemonshowdown.com/style/global.css?0.023195364461161105" />
<link rel="stylesheet" href="//play.pokemonshowdown.com/style/font-awesome.css?0.13261647063804238" />
<link rel="stylesheet" href="//play.pokemonshowdown.com/style/battle.css?0.8753245789963631" />
<link rel="stylesheet" href="//play.pokemonshowdown.com/style/utilichart.css?0.8627959624976733" />

<!-- Global site tag (gtag.js) - Google Analytics -->
<script async src="https://www.googletagmanager.com/gtag/js?id=UA-26211653-1"></script>
<script>
  window.dataLayer = window.dataLayer || [];
  function gtag(){dataLayer.push(arguments);}
  gtag('js', new Date());

  gtag('config', 'UA-26211653-1');
</script>
<!-- End Google Analytics -->
<!-- Venatus Ad Manager - Install in <HEAD> of page -->
	<script src="https://hb.vntsm.com/v3/live/ad-manager.min.js" type="text/javascript" data-site-id="642aba63ec9a7b11c3c9c1be" data-mode="scan" async></script>
<!-- / Venatus Ad Manager -->

<style>
	@media (max-width:820px) {
		.battle {
			margin: 0 auto;
		}
		.battle-log {
			margin: 7px auto 0;
			max-width: 640px;
			height: 300px;
			position: static;
		}
	}
	.optgroup {
		display: inline-block;
		line-height: 22px;
		font-size: 10pt;
	}
	.optgroup .button {
		height: 25px;
		padding-top: 0;
		padding-bottom: 0;
	}
	.optgroup button.button {
		padding-left: 12px;
		padding-right: 12px;
	}
	.linklist {
		list-style: none;
		margin: 0.5em 0;
		padding: 0;
	}
	.linklist li {
		padding: 2px 0;
	}
	.sidebar {
		float: left;
		width: 320px;
	}
	.bar-wrapper {
		max-width: 1100px;
		margin: 0 auto;
	}
	.bar-wrapper.has-sidebar {
		max-width: 1430px;
	}
	.mainbar {
		margin: 0;
		padding-right: 1px;
	}
	.mainbar.has-sidebar {
		margin-left: 330px;
	}
	@media (min-width: 1511px) {
		.sidebar {
			width: 400px;
		}
		.bar-wrapper.has-sidebar {
			max-width: 1510px;
		}
		.mainbar.has-sidebar {
			margin-left: 410px;
		}
	}
	.section.first-section {
		margin-top: 9px;
	}
	.blocklink small {
		white-space: normal;
	}
	.button {
		vertical-align: middle;
	}
	.replay-controls {
		padding-top: 10px;
	}
	.replay-controls h1 {
		font-size: 16pt;
		font-weight: normal;
		color: #CCC;
	}
	.pagelink {
		text-align: center;
	}
	.pagelink a {
		width: 150px;
	}
	.textbox, .button {
		font-size: 11pt;
		vertical-align: middle;
	}
	@media (max-width: 450px) {
		.button {
			font-size: 9pt;
		}
	}
</style>

<div>

	<header>
		<div class="nav-wrapper"><ul class="nav">
			<li><a class="button nav-first" href="//pokemonshowdown.com/"><img src="//pokemonshowdown.com/images/pokemonshowdownbeta.png" srcset="//pokemonshowdown.com/images/pokemonshowdownbeta.png 1x, //pokemonshowdown.com/images/pokemonshowdownbeta@2x.png 2x" alt="Pok&eacute;mon Showdown" width="146" height="44" /> Home</a></li>
			<li><a class="button" href="//pokemonshowdown.com/dex/">Pok&eacute;dex</a></li>
			<li><a class="button cur" href="/">Replays</a></li>
			<li><a class="button" href="//pokemonshowdown.com/ladder/">Ladder</a></li>
			<li><a class="button nav-last" href="//pokemonshowdown.com/forums/">Forum</a></li>
			<li><a class="button greenbutton nav-first nav-last" href="//play.pokemonshowdown.com/">Play</a></li>
		</ul></div>
	</header>

	<div class="main" id="main">

		<noscript><section class="section">You need to enable JavaScript to use this page; sorry!</section></noscript>

	</div>

</div>

<script defer nomodule src="//play.pokemonshowdown.com/js/lib/ps-polyfill.js"></script>
<script defer src="//play.pokemonshowdown.com/js/lib/preact.min.js"></script>

<script defer src="//play.pokemonshowdown.com/config/config.js?2bddbc15"></script>
<script defer src="//play.pokemonshowdown.com/js/lib/jquery-1.11.0.min.js"></script>
<script defer src="//play.pokemonshowdown.com/js/lib/html-sanitizer-minified.js"></script>
<script defer src="//play.pokemonshowdown.com/js/battle-sound.js"></script>
<script defer src="//play.pokemonshowdown.com/js/battledata.js?0.7209276989879541"></script>
<script defer src="//play.pokemonshowdown.com/data/pokedex-mini.js?0.6111056340867951"></script>
<script defer src="//play.pokemonshowdown.com/data/pokedex-mini-bw.js?0.3532142036491459"></script>
<script defer src="//play.pokemonshowdown.com/data/graphics.js?0.24223875632456182"></script>
<script defer src="//play.pokemonshowdown.com/data/pokedex.js?0.38839984266356864"></script>
<script defer src="//play.pokemonshowdown.com/data/moves.js?0.21866028504024015"></script>
<script defer src="//play.pokemonshowdown.com/data/abilities.js?0.2005157953846628"></script>
<script defer src="//play.pokemonshowdown.com/data/items.js?0.9894211263848525"></script>
<script defer src="//play.pokemonshowdown.com/data/teambuilder-tables.js?0.6008791140282215"></script>
<script defer src="//play.pokemonshowdown.com/js/battle-tooltips.js?0.7580118955022959"></script>
<script defer src="//play.pokemonshowdown.com/js/battle.js?0.6057722274234274"></script>

<script defer src="js/utils.js?e31f9a17"></script>
<script defer src="js/replays-battle.js?7008c182"></script>

<!-- don't scrape this data! just add .json or .log after the URL!
Full API docs: https://github.com/smogon/pokemon-showdown-client/blob/master/WEB-API.md -->
<script type="text/plain" class="log" id="replaylog-smogtours-gen3ou-800079">
|inactive|Battle timer is ON: inactive players will automatically lose when time's up.
|t:|1729368669
|gametype|singles
|player|p1|Churielix|blackbelt|
|player|p2|socalson|skyla|
|teamsize|p1|6
|teamsize|p2|6
|gen|3
|tier|[Gen 3] OU
|rule|Sleep Clause Mod: Limit one foe put to sleep
|rule|Switch Priority Clause Mod: Faster Pokémon switch first
|rule|Species Clause: Limit one of each Pokémon
|rule|OHKO Clause: OHKO moves are banned
|rule|Evasion Items Clause: Evasion items are banned
|rule|Evasion Moves Clause: Evasion moves are banned
|rule|Endless Battle Clause: Forcing endless battles is banned
|rule|HP Percentage Mod: HP is shown in percentages
|rule|One Boost Passer Clause: Limit one Baton Passer that has a way to boost its stats
|rule|Freeze Clause Mod: Limit one foe frozen
|
|t:|1729368669
|start
|switch|p1a: Tyranitar|Tyranitar, M, shiny|100/100
|switch|p2a: Jolteon|Jolteon, F|100/100
|-weather|Sandstorm|[from] ability: Sand Stream|[of] p1a: Tyranitar
|turn|1
|
|t:|1729368677
|move|p2a: Jolteon|Baton Pass|p2a: Jolteon
|
|t:|1729368680
|switch|p2a: Suicune|Suicune|100/100|[from] Baton Pass
|move|p1a: Tyranitar|Crunch|p2a: Suicune
|-damage|p2a: Suicune|75/100
|-unboost|p2a: Suicune|spd|1
|
|-weather|Sandstorm|[upkeep]
|-damage|p2a: Suicune|68/100|[from] Sandstorm
|-heal|p2a: Suicune|75/100|[from] item: Leftovers
|upkeep
|turn|2
|
|t:|1729368695
|switch|p1a: Celebi|Celebi|100/100
|move|p2a: Suicune|Surf|p1a: Celebi
|-resisted|p1a: Celebi
|-damage|p1a: Celebi|87/100
|
|-weather|Sandstorm|[upkeep]
|-damage|p1a: Celebi|81/100|[from] Sandstorm
|-damage|p2a: Suicune|68/100|[from] Sandstorm
|-heal|p1a: Celebi|87/100|[from] item: Leftovers
|-heal|p2a: Suicune|75/100|[from] item: Leftovers
|upkeep
|turn|3
|
|t:|1729368711
|move|p1a: Celebi|Leech Seed|p2a: Suicune
|-start|p2a: Suicune|move: Leech Seed
|move|p2a: Suicune|Surf|p1a: Celebi
|-resisted|p1a: Celebi
|-damage|p1a: Celebi|75/100
|
|-weather|Sandstorm|[upkeep]
|-damage|p1a: Celebi|69/100|[from] Sandstorm
|-damage|p2a: Suicune|68/100|[from] Sandstorm
|-heal|p1a: Celebi|75/100|[from] item: Leftovers
|-heal|p2a: Suicune|75/100|[from] item: Leftovers
|-damage|p2a: Suicune|62/100|[from] Leech Seed|[of] p1a: Celebi
|-heal|p1a: Celebi|88/100|[silent]
|upkeep
|turn|4
|
|t:|1729368722
|switch|p2a: Moltres|Moltres|100/100
|move|p1a: Celebi|Giga Drain|p2a: Moltres
|-resisted|p2a: Moltres
|-damage|p2a: Moltres|93/100
|-heal|p1a: Celebi|91/100|[from] drain|[of] p2a: Moltres
|
|-weather|Sandstorm|[upkeep]
|-damage|p2a: Moltres|86/100|[from] Sandstorm
|-damage|p1a: Celebi|85/100|[from] Sandstorm
|-heal|p2a: Moltres|93/100|[from] item: Leftovers
|-heal|p1a: Celebi|91/100|[from] item: Leftovers
|upkeep
|turn|5
|
|t:|1729368732
|switch|p1a: Tyranitar|Tyranitar, M, shiny|100/100
|move|p2a: Moltres|Will-O-Wisp|p1a: Tyranitar|[miss]
|-miss|p2a: Moltres|p1a: Tyranitar
|
|-weather|Sandstorm|[upkeep]
|-damage|p2a: Moltres|86/100|[from] Sandstorm
|-heal|p2a: Moltres|93/100|[from] item: Leftovers
|upkeep
|turn|6
|
|t:|1729368738
|switch|p2a: Suicune|Suicune|62/100
|move|p1a: Tyranitar|Crunch|p2a: Suicune
|-damage|p2a: Suicune|35/100
|-unboost|p2a: Suicune|spd|1
|
|-weather|Sandstorm|[upkeep]
|-damage|p2a: Suicune|28/100|[from] Sandstorm
|-heal|p2a: Suicune|35/100|[from] item: Leftovers
|upkeep
|turn|7
|
|t:|1729368745
|switch|p1a: Celebi|Celebi|91/100
|move|p2a: Suicune|Rest|p2a: Suicune
|-status|p2a: Suicune|slp|[from] move: Rest
|-heal|p2a: Suicune|100/100 slp|[silent]
|
|-weather|Sandstorm|[upkeep]
|-damage|p1a: Celebi|85/100|[from] Sandstorm
|-damage|p2a: Suicune|94/100 slp|[from] Sandstorm
|-heal|p1a: Celebi|91/100|[from] item: Leftovers
|-heal|p2a: Suicune|100/100 slp|[from] item: Leftovers
|upkeep
|turn|8
|
|t:|1729368753
|switch|p1a: Aerodactyl|Aerodactyl, M|100/100
|switch|p2a: Moltres|Moltres|93/100
|
|-weather|Sandstorm|[upkeep]
|-damage|p2a: Moltres|86/100|[from] Sandstorm
|-heal|p2a: Moltres|93/100|[from] item: Leftovers
|upkeep
|turn|9
|
|t:|1729368760
|switch|p2a: Jirachi|Jirachi|100/100
|move|p1a: Aerodactyl|Rock Slide|p2a: Jirachi
|-resisted|p2a: Jirachi
|-damage|p2a: Jirachi|84/100
|
|-weather|Sandstorm|[upkeep]
|-heal|p2a: Jirachi|90/100|[from] item: Leftovers
|upkeep
|turn|10
|
|t:|1729368767
|switch|p1a: Celebi|Celebi|91/100
|move|p2a: Jirachi|Calm Mind|p2a: Jirachi
|-boost|p2a: Jirachi|spa|1
|-boost|p2a: Jirachi|spd|1
|
|-weather|Sandstorm|[upkeep]
|-damage|p1a: Celebi|85/100|[from] Sandstorm
|-heal|p1a: Celebi|91/100|[from] item: Leftovers
|-heal|p2a: Jirachi|97/100|[from] item: Leftovers
|upkeep
|turn|11
|
|t:|1729368772
|move|p1a: Celebi|Leech Seed|p2a: Jirachi
|-start|p2a: Jirachi|move: Leech Seed
|move|p2a: Jirachi|Ice Punch|p1a: Celebi
|-supereffective|p1a: Celebi
|-damage|p1a: Celebi|48/100
|
|-weather|Sandstorm|[upkeep]
|-damage|p1a: Celebi|42/100|[from] Sandstorm
|-heal|p1a: Celebi|48/100|[from] item: Leftovers
|-heal|p2a: Jirachi|100/100|[from] item: Leftovers
|-damage|p2a: Jirachi|88/100|[from] Leech Seed|[of] p1a: Celebi
|-heal|p1a: Celebi|61/100|[silent]
|upkeep
|turn|12
|
|t:|1729368782
|switch|p1a: Tyranitar|Tyranitar, M, shiny|100/100
|move|p2a: Jirachi|Calm Mind|p2a: Jirachi
|-boost|p2a: Jirachi|spa|1
|-boost|p2a: Jirachi|spd|1
|
|-weather|Sandstorm|[upkeep]
|-heal|p2a: Jirachi|94/100|[from] item: Leftovers
|-damage|p2a: Jirachi|82/100|[from] Leech Seed|[of] p1a: Tyranitar
|upkeep
|turn|13
|
|t:|1729368787
|move|p2a: Jirachi|Ice Punch|p1a: Tyranitar
|-damage|p1a: Tyranitar|71/100
|move|p1a: Tyranitar|Fire Blast|p2a: Jirachi
|-supereffective|p2a: Jirachi
|-damage|p2a: Jirachi|53/100
|
|-weather|Sandstorm|[upkeep]
|-heal|p2a: Jirachi|59/100|[from] item: Leftovers
|-damage|p2a: Jirachi|47/100|[from] Leech Seed|[of] p1a: Tyranitar
|-heal|p1a: Tyranitar|83/100|[silent]
|-heal|p1a: Tyranitar|89/100|[from] item: Leftovers
|upkeep
|turn|14
|
|t:|1729368796
|-activate|p2a: Jirachi|move: Pursuit
|move|p1a: Tyranitar|Pursuit|p2a: Jirachi|[from]Pursuit
|-damage|p2a: Jirachi|33/100
|switch|p2a: Jolteon|Jolteon, F|100/100
|
|-weather|Sandstorm|[upkeep]
|-damage|p2a: Jolteon|94/100|[from] Sandstorm
|-heal|p2a: Jolteon|100/100|[from] item: Leftovers
|-heal|p1a: Tyranitar|96/100|[from] item: Leftovers
|upkeep
|turn|15
|
|t:|1729368802
|move|p2a: Jolteon|Thunder Wave|p1a: Tyranitar
|-status|p1a: Tyranitar|par
|move|p1a: Tyranitar|Crunch|p2a: Jolteon
|-damage|p2a: Jolteon|58/100
|
|-weather|Sandstorm|[upkeep]
|-damage|p2a: Jolteon|52/100|[from] Sandstorm
|-heal|p2a: Jolteon|58/100|[from] item: Leftovers
|-heal|p1a: Tyranitar|100/100 par|[from] item: Leftovers
|upkeep
|turn|16
|
|t:|1729368808
|move|p2a: Jolteon|Baton Pass|p2a: Jolteon
|
|t:|1729368810
|switch|p2a: Suicune|Suicune|100/100 slp|[from] Baton Pass
|move|p1a: Tyranitar|Crunch|p2a: Suicune
|-damage|p2a: Suicune|73/100 slp
|
|-weather|Sandstorm|[upkeep]
|-damage|p2a: Suicune|67/100 slp|[from] Sandstorm
|-heal|p2a: Suicune|73/100 slp|[from] item: Leftovers
|upkeep
|turn|17
|
|t:|1729368818
|switch|p1a: Forretress|Forretress, M|100/100
|cant|p2a: Suicune|slp
|
|-weather|Sandstorm|[upkeep]
|-damage|p2a: Suicune|67/100 slp|[from] Sandstorm
|-heal|p2a: Suicune|73/100 slp|[from] item: Leftovers
|upkeep
|turn|18
|
|t:|1729368822
|switch|p2a: Moltres|Moltres|93/100
|move|p1a: Forretress|Spikes|p2a: Moltres
|-sidestart|p2: socalson|Spikes
|
|-weather|Sandstorm|[upkeep]
|-damage|p2a: Moltres|86/100|[from] Sandstorm
|-heal|p2a: Moltres|93/100|[from] item: Leftovers
|upkeep
|turn|19
|
|t:|1729368831
|switch|p1a: Tyranitar|Tyranitar, M, shiny|100/100 par
|move|p2a: Moltres|Flamethrower|p1a: Tyranitar
|-resisted|p1a: Tyranitar
|-damage|p1a: Tyranitar|79/100 par
|
|-weather|Sandstorm|[upkeep]
|-damage|p2a: Moltres|86/100|[from] Sandstorm
|-heal|p2a: Moltres|93/100|[from] item: Leftovers
|-heal|p1a: Tyranitar|85/100 par|[from] item: Leftovers
|upkeep
|turn|20
|
|t:|1729368836
|move|p2a: Moltres|Hidden Power|p1a: Tyranitar
|-supereffective|p1a: Tyranitar
|-damage|p1a: Tyranitar|42/100 par
|move|p1a: Tyranitar|Crunch|p2a: Moltres
|-damage|p2a: Moltres|53/100
|
|-weather|Sandstorm|[upkeep]
|-damage|p2a: Moltres|46/100|[from] Sandstorm
|-heal|p2a: Moltres|53/100|[from] item: Leftovers
|-heal|p1a: Tyranitar|48/100 par|[from] item: Leftovers
|upkeep
|turn|21
|
|t:|1729368843
|switch|p1a: Aerodactyl|Aerodactyl, M|100/100
|move|p2a: Moltres|Hidden Power|p1a: Aerodactyl
|-damage|p1a: Aerodactyl|68/100
|
|-weather|Sandstorm|[upkeep]
|-damage|p2a: Moltres|46/100|[from] Sandstorm
|-heal|p2a: Moltres|53/100|[from] item: Leftovers
|upkeep
|turn|22
|
|t:|1729368849
|switch|p2a: Forretress|Forretress, F|100/100
|-damage|p2a: Forretress|88/100|[from] Spikes
|move|p1a: Aerodactyl|Rock Slide|p2a: Forretress
|-damage|p2a: Forretress|51/100
|
|-weather|Sandstorm|[upkeep]
|-heal|p2a: Forretress|57/100|[from] item: Leftovers
|upkeep
|turn|23
|
|t:|1729368855
|switch|p1a: Gengar|Gengar, F, shiny|100/100
|move|p2a: Forretress|Spikes|p1a: Gengar
|-sidestart|p1: Churielix|Spikes
|
|-weather|Sandstorm|[upkeep]
|-damage|p1a: Gengar|94/100|[from] Sandstorm
|-heal|p1a: Gengar|100/100|[from] item: Leftovers
|-heal|p2a: Forretress|63/100|[from] item: Leftovers
|upkeep
|turn|24
|
|t:|1729368864
|switch|p2a: Lunk|Tyranitar, M|100/100
|-damage|p2a: Lunk|88/100|[from] Spikes
|move|p1a: Gengar|Will-O-Wisp|p2a: Lunk
|-status|p2a: Lunk|brn
|
|-weather|Sandstorm|[upkeep]
|-damage|p1a: Gengar|94/100|[from] Sandstorm
|-heal|p1a: Gengar|100/100|[from] item: Leftovers
|-heal|p2a: Lunk|94/100 brn|[from] item: Leftovers
|-damage|p2a: Lunk|82/100 brn|[from] brn
|upkeep
|turn|25
|
|t:|1729368873
|switch|p1a: Swampert|Swampert, M|100/100
|-damage|p1a: Swampert|88/100|[from] Spikes
|move|p2a: Lunk|Rock Slide|p1a: Swampert
|-resisted|p1a: Swampert
|-damage|p1a: Swampert|80/100
|
|-weather|Sandstorm|[upkeep]
|-heal|p2a: Lunk|88/100 brn|[from] item: Leftovers
|-damage|p2a: Lunk|76/100 brn|[from] brn
|-heal|p1a: Swampert|86/100|[from] item: Leftovers
|upkeep
|turn|26
|
|t:|1729368879
|move|p2a: Lunk|Toxic|p1a: Swampert
|-status|p1a: Swampert|tox
|move|p1a: Swampert|Surf|p2a: Lunk
|-supereffective|p2a: Lunk
|-damage|p2a: Lunk|23/100 brn
|
|-weather|Sandstorm|[upkeep]
|-heal|p2a: Lunk|29/100 brn|[from] item: Leftovers
|-damage|p2a: Lunk|17/100 brn|[from] brn
|-heal|p1a: Swampert|93/100 tox|[from] item: Leftovers
|-damage|p1a: Swampert|86/100 tox|[from] psn
|upkeep
|turn|27
|
|t:|1729368887
|move|p2a: Lunk|Earthquake|p1a: Swampert
|-damage|p1a: Swampert|73/100 tox
|move|p1a: Swampert|Surf|p2a: Lunk
|-supereffective|p2a: Lunk
|-damage|p2a: Lunk|0 fnt
|faint|p2a: Lunk
|
|t:|1729368892
|switch|p2a: Moltres|Moltres|53/100
|
|-weather|Sandstorm|[upkeep]
|-damage|p2a: Moltres|46/100|[from] Sandstorm
|-heal|p2a: Moltres|53/100|[from] item: Leftovers
|-heal|p1a: Swampert|79/100 tox|[from] item: Leftovers
|-damage|p1a: Swampert|67/100 tox|[from] psn
|upkeep
|turn|28
|
|t:|1729368898
|switch|p1a: Gengar|Gengar, F, shiny|100/100
|move|p2a: Moltres|Flamethrower|p1a: Gengar
|-damage|p1a: Gengar|43/100
|
|-weather|Sandstorm|[upkeep]
|-damage|p1a: Gengar|37/100|[from] Sandstorm
|-damage|p2a: Moltres|46/100|[from] Sandstorm
|-heal|p1a: Gengar|43/100|[from] item: Leftovers
|-heal|p2a: Moltres|53/100|[from] item: Leftovers
|upkeep
|turn|29
|
|t:|1729368912
|switch|p2a: Jolteon|Jolteon, F|58/100
|-damage|p2a: Jolteon|46/100|[from] Spikes
|move|p1a: Gengar|Thunderbolt|p2a: Jolteon
|-heal|p2a: Jolteon|71/100|[from] ability: Volt Absorb|[of] p1a: Gengar
|
|-weather|Sandstorm|[upkeep]
|-damage|p2a: Jolteon|65/100|[from] Sandstorm
|-damage|p1a: Gengar|37/100|[from] Sandstorm
|-heal|p2a: Jolteon|71/100|[from] item: Leftovers
|-heal|p1a: Gengar|43/100|[from] item: Leftovers
|upkeep
|turn|30
|
|t:|1729368920
|switch|p1a: Celebi|Celebi|61/100
|-damage|p1a: Celebi|48/100|[from] Spikes
|move|p2a: Jolteon|Baton Pass|p2a: Jolteon
|
|t:|1729368923
|switch|p2a: Moltres|Moltres|53/100|[from] Baton Pass
|
|-weather|Sandstorm|[upkeep]
|-damage|p2a: Moltres|46/100|[from] Sandstorm
|-damage|p1a: Celebi|42/100|[from] Sandstorm
|-heal|p2a: Moltres|53/100|[from] item: Leftovers
|-heal|p1a: Celebi|48/100|[from] item: Leftovers
|upkeep
|turn|31
|
|t:|1729368928
|switch|p1a: Tyranitar|Tyranitar, M, shiny|48/100 par
|-damage|p1a: Tyranitar|35/100 par|[from] Spikes
|move|p2a: Moltres|Flamethrower|p1a: Tyranitar
|-resisted|p1a: Tyranitar
|-damage|p1a: Tyranitar|16/100 par
|
|-weather|Sandstorm|[upkeep]
|-damage|p2a: Moltres|46/100|[from] Sandstorm
|-heal|p2a: Moltres|53/100|[from] item: Leftovers
|-heal|p1a: Tyranitar|23/100 par|[from] item: Leftovers
|upkeep
|turn|32
|
|t:|1729368932
|move|p2a: Moltres|Hidden Power|p1a: Tyranitar
|-supereffective|p1a: Tyranitar
|-damage|p1a: Tyranitar|0 fnt
|faint|p1a: Tyranitar
|
|t:|1729368934
|switch|p1a: Aerodactyl|Aerodactyl, M|68/100
|
|-weather|Sandstorm|[upkeep]
|-damage|p2a: Moltres|46/100|[from] Sandstorm
|-heal|p2a: Moltres|53/100|[from] item: Leftovers
|upkeep
|turn|33
|
|t:|1729368936
|switch|p2a: Jirachi|Jirachi|33/100
|-damage|p2a: Jirachi|20/100|[from] Spikes
|move|p1a: Aerodactyl|Rock Slide|p2a: Jirachi
|-resisted|p2a: Jirachi
|-damage|p2a: Jirachi|6/100
|
|-weather|Sandstorm|[upkeep]
|-heal|p2a: Jirachi|12/100|[from] item: Leftovers
|upkeep
|turn|34
|
|t:|1729368942
|move|p1a: Aerodactyl|Rock Slide|p2a: Jirachi
|-resisted|p2a: Jirachi
|-damage|p2a: Jirachi|0 fnt
|faint|p2a: Jirachi
|
|t:|1729368947
|switch|p2a: Jolteon|Jolteon, F|71/100
|-damage|p2a: Jolteon|58/100|[from] Spikes
|
|-weather|Sandstorm|[upkeep]
|-damage|p2a: Jolteon|52/100|[from] Sandstorm
|-heal|p2a: Jolteon|58/100|[from] item: Leftovers
|upkeep
|turn|35
|
|t:|1729368953
|switch|p1a: Swampert|Swampert, M|67/100 tox
|-damage|p1a: Swampert|54/100 tox|[from] Spikes
|move|p2a: Jolteon|Thunderbolt|p1a: Swampert
|-immune|p1a: Swampert
|
|-weather|Sandstorm|[upkeep]
|-damage|p2a: Jolteon|52/100|[from] Sandstorm
|-heal|p2a: Jolteon|58/100|[from] item: Leftovers
|-heal|p1a: Swampert|61/100 tox|[from] item: Leftovers
|-damage|p1a: Swampert|54/100 tox|[from] psn
|upkeep
|turn|36
|
|t:|1729368957
|move|p2a: Jolteon|Hidden Power|p1a: Swampert
|-supereffective|p1a: Swampert
|-damage|p1a: Swampert|0 fnt
|faint|p1a: Swampert
|
|t:|1729368962
|switch|p1a: Celebi|Celebi|48/100
|-damage|p1a: Celebi|36/100|[from] Spikes
|
|-weather|Sandstorm|[upkeep]
|-damage|p2a: Jolteon|52/100|[from] Sandstorm
|-damage|p1a: Celebi|30/100|[from] Sandstorm
|-heal|p2a: Jolteon|58/100|[from] item: Leftovers
|-heal|p1a: Celebi|36/100|[from] item: Leftovers
|upkeep
|turn|37
|
|t:|1729368965
|move|p2a: Jolteon|Baton Pass|p2a: Jolteon
|
|t:|1729368968
|switch|p2a: Forretress|Forretress, F|63/100|[from] Baton Pass
|-damage|p2a: Forretress|51/100|[from] Spikes
|move|p1a: Celebi|Recover|p1a: Celebi
|-heal|p1a: Celebi|86/100
|
|-weather|Sandstorm|[upkeep]
|-damage|p1a: Celebi|80/100|[from] Sandstorm
|-heal|p1a: Celebi|86/100|[from] item: Leftovers
|-heal|p2a: Forretress|57/100|[from] item: Leftovers
|upkeep
|turn|38
|
|t:|1729368975
|move|p1a: Celebi|Hidden Power|p2a: Forretress
|-supereffective|p2a: Forretress
|-damage|p2a: Forretress|0 fnt
|faint|p2a: Forretress
|
|t:|1729368977
|switch|p2a: Moltres|Moltres|53/100
|
|-weather|Sandstorm|[upkeep]
|-damage|p2a: Moltres|46/100|[from] Sandstorm
|-damage|p1a: Celebi|80/100|[from] Sandstorm
|-heal|p2a: Moltres|53/100|[from] item: Leftovers
|-heal|p1a: Celebi|86/100|[from] item: Leftovers
|upkeep
|turn|39
|
|t:|1729368983
|switch|p1a: Gengar|Gengar, F, shiny|43/100
|move|p2a: Moltres|Will-O-Wisp|p1a: Gengar
|-status|p1a: Gengar|brn
|
|-weather|Sandstorm|[upkeep]
|-damage|p1a: Gengar|37/100 brn|[from] Sandstorm
|-damage|p2a: Moltres|46/100|[from] Sandstorm
|-heal|p1a: Gengar|43/100 brn|[from] item: Leftovers
|-damage|p1a: Gengar|31/100 brn|[from] brn
|-heal|p2a: Moltres|53/100|[from] item: Leftovers
|upkeep
|turn|40
|
|t:|1729368989
|move|p1a: Gengar|Ice Punch|p2a: Moltres
|-damage|p2a: Moltres|25/100
|move|p2a: Moltres|Flamethrower|p1a: Gengar
|-damage|p1a: Gengar|0 fnt
|faint|p1a: Gengar
|
|t:|1729368993
|switch|p1a: Aerodactyl|Aerodactyl, M|68/100
|
|-weather|Sandstorm|[upkeep]
|-damage|p2a: Moltres|19/100|[from] Sandstorm
|-heal|p2a: Moltres|25/100|[from] item: Leftovers
|upkeep
|turn|41
|
|t:|1729368998
|switch|p2a: Suicune|Suicune|73/100 slp
|-damage|p2a: Suicune|60/100 slp|[from] Spikes
|move|p1a: Aerodactyl|Double-Edge|p2a: Suicune
|-damage|p2a: Suicune|28/100 slp
|
|-weather|Sandstorm|[upkeep]
|-damage|p2a: Suicune|22/100 slp|[from] Sandstorm
|-heal|p2a: Suicune|28/100 slp|[from] item: Leftovers
|upkeep
|turn|42
|
|t:|1729369003
|move|p1a: Aerodactyl|Double-Edge|p2a: Suicune
|-damage|p2a: Suicune|0 fnt
|faint|p2a: Suicune
|
|t:|1729369007
|switch|p2a: Jolteon|Jolteon, F|58/100
|-damage|p2a: Jolteon|46/100|[from] Spikes
|
|-weather|Sandstorm|[upkeep]
|-damage|p2a: Jolteon|40/100|[from] Sandstorm
|-heal|p2a: Jolteon|46/100|[from] item: Leftovers
|upkeep
|turn|43
|
|t:|1729369012
|switch|p1a: Forretress|Forretress, M|100/100
|-damage|p1a: Forretress|88/100|[from] Spikes
|move|p2a: Jolteon|Thunderbolt|p1a: Forretress
|-damage|p1a: Forretress|51/100
|
|-weather|Sandstorm|[upkeep]
|-damage|p2a: Jolteon|40/100|[from] Sandstorm
|-heal|p2a: Jolteon|46/100|[from] item: Leftovers
|-heal|p1a: Forretress|58/100|[from] item: Leftovers
|upkeep
|turn|44
|
|t:|1729369018
|move|p2a: Jolteon|Thunder Wave|p1a: Forretress
|-status|p1a: Forretress|par
|move|p1a: Forretress|Explosion|p2a: Jolteon
|-damage|p2a: Jolteon|0 fnt
|faint|p1a: Forretress
|faint|p2a: Jolteon
|
|t:|1729369021
|switch|p2a: Moltres|Moltres|25/100
|switch|p1a: Aerodactyl|Aerodactyl, M|68/100
|
|-weather|Sandstorm|[upkeep]
|-damage|p2a: Moltres|19/100|[from] Sandstorm
|-heal|p2a: Moltres|25/100|[from] item: Leftovers
|upkeep
|turn|45
|c|☆Churielix|/log Churielix made the replay of this battle unlisted.
|
|t:|1729369028
|move|p1a: Aerodactyl|Double-Edge|p2a: Moltres
|-damage|p2a: Moltres|0 fnt
|faint|p2a: Moltres
|
|win|Churielix

</script>
<script type="application/json" class="data" id="replaydata-smogtours-gen3ou-800079">
{"id":"smogtours-gen3ou-800079","format":"[Gen 3] OU","players":["Churielix","socalson"],"uploadtime":1729369028,"views":106,"formatid":"gen3ou","rating":null,"private":1,"password":null}
</script>

<script defer src="js/replays.js?9d40a366"></script>
