<!DOCTYPE html>
<meta charset="utf-8" />
<meta name="viewport" content="width=device-width" />

<title>[Gen 3] OU: ShotoNC vs. jpmockman - Replays - Pok&eacute;mon Showdown!</title>

<meta name="description" content="Watch a replay of a Pok&eacute;mon battle between ShotoNC and jpmockman! Format: [Gen 3] OU; Date: Oct 5, 2024" />
<!--

Hey, you! Looking in the source for the replay log?

You can find them in JSON format, just add `.json` at the end of a replay URL.

https://replay.pokemonshowdown.com/gen7randomdoublesbattle-865046831.json

Or, if you only need the log itself, add `.log` instead:

https://replay.pokemonshowdown.com/gen7randomdoublesbattle-865046831.log

-->

<link rel="stylesheet" href="//pokemonshowdown.com/style/global.css?0.023195364461161105" />
<link rel="stylesheet" href="//play.pokemonshowdown.com/style/font-awesome.css?0.13261647063804238" />
<link rel="stylesheet" href="//play.pokemonshowdown.com/style/battle.css?0.8753245789963631" />
<link rel="stylesheet" href="//play.pokemonshowdown.com/style/utilichart.css?0.8627959624976733" />

<!-- Global site tag (gtag.js) - Google Analytics -->
<script async src="https://www.googletagmanager.com/gtag/js?id=UA-26211653-1"></script>
<script>
  window.dataLayer = window.dataLayer || [];
  function gtag(){dataLayer.push(arguments);}
  gtag('js', new Date());

  gtag('config', 'UA-26211653-1');
</script>
<!-- End Google Analytics -->
<!-- Venatus Ad Manager - Install in <HEAD> of page -->
	<script src="https://hb.vntsm.com/v3/live/ad-manager.min.js" type="text/javascript" data-site-id="642aba63ec9a7b11c3c9c1be" data-mode="scan" async></script>
<!-- / Venatus Ad Manager -->

<style>
	@media (max-width:820px) {
		.battle {
			margin: 0 auto;
		}
		.battle-log {
			margin: 7px auto 0;
			max-width: 640px;
			height: 300px;
			position: static;
		}
	}
	.optgroup {
		display: inline-block;
		line-height: 22px;
		font-size: 10pt;
	}
	.optgroup .button {
		height: 25px;
		padding-top: 0;
		padding-bottom: 0;
	}
	.optgroup button.button {
		padding-left: 12px;
		padding-right: 12px;
	}
	.linklist {
		list-style: none;
		margin: 0.5em 0;
		padding: 0;
	}
	.linklist li {
		padding: 2px 0;
	}
	.sidebar {
		float: left;
		width: 320px;
	}
	.bar-wrapper {
		max-width: 1100px;
		margin: 0 auto;
	}
	.bar-wrapper.has-sidebar {
		max-width: 1430px;
	}
	.mainbar {
		margin: 0;
		padding-right: 1px;
	}
	.mainbar.has-sidebar {
		margin-left: 330px;
	}
	@media (min-width: 1511px) {
		.sidebar {
			width: 400px;
		}
		.bar-wrapper.has-sidebar {
			max-width: 1510px;
		}
		.mainbar.has-sidebar {
			margin-left: 410px;
		}
	}
	.section.first-section {
		margin-top: 9px;
	}
	.blocklink small {
		white-space: normal;
	}
	.button {
		vertical-align: middle;
	}
	.replay-controls {
		padding-top: 10px;
	}
	.replay-controls h1 {
		font-size: 16pt;
		font-weight: normal;
		color: #CCC;
	}
	.pagelink {
		text-align: center;
	}
	.pagelink a {
		width: 150px;
	}
	.textbox, .button {
		font-size: 11pt;
		vertical-align: middle;
	}
	@media (max-width: 450px) {
		.button {
			font-size: 9pt;
		}
	}
</style>

<div>

	<header>
		<div class="nav-wrapper"><ul class="nav">
			<li><a class="button nav-first" href="//pokemonshowdown.com/"><img src="//pokemonshowdown.com/images/pokemonshowdownbeta.png" srcset="//pokemonshowdown.com/images/pokemonshowdownbeta.png 1x, //pokemonshowdown.com/images/pokemonshowdownbeta@2x.png 2x" alt="Pok&eacute;mon Showdown" width="146" height="44" /> Home</a></li>
			<li><a class="button" href="//pokemonshowdown.com/dex/">Pok&eacute;dex</a></li>
			<li><a class="button cur" href="/">Replays</a></li>
			<li><a class="button" href="//pokemonshowdown.com/ladder/">Ladder</a></li>
			<li><a class="button nav-last" href="//pokemonshowdown.com/forums/">Forum</a></li>
			<li><a class="button greenbutton nav-first nav-last" href="//play.pokemonshowdown.com/">Play</a></li>
		</ul></div>
	</header>

	<div class="main" id="main">

		<noscript><section class="section">You need to enable JavaScript to use this page; sorry!</section></noscript>

	</div>

</div>

<script defer nomodule src="//play.pokemonshowdown.com/js/lib/ps-polyfill.js"></script>
<script defer src="//play.pokemonshowdown.com/js/lib/preact.min.js"></script>

<script defer src="//play.pokemonshowdown.com/config/config.js?2bddbc15"></script>
<script defer src="//play.pokemonshowdown.com/js/lib/jquery-1.11.0.min.js"></script>
<script defer src="//play.pokemonshowdown.com/js/lib/html-sanitizer-minified.js"></script>
<script defer src="//play.pokemonshowdown.com/js/battle-sound.js"></script>
<script defer src="//play.pokemonshowdown.com/js/battledata.js?0.7209276989879541"></script>
<script defer src="//play.pokemonshowdown.com/data/pokedex-mini.js?0.6111056340867951"></script>
<script defer src="//play.pokemonshowdown.com/data/pokedex-mini-bw.js?0.3532142036491459"></script>
<script defer src="//play.pokemonshowdown.com/data/graphics.js?0.24223875632456182"></script>
<script defer src="//play.pokemonshowdown.com/data/pokedex.js?0.38839984266356864"></script>
<script defer src="//play.pokemonshowdown.com/data/moves.js?0.21866028504024015"></script>
<script defer src="//play.pokemonshowdown.com/data/abilities.js?0.2005157953846628"></script>
<script defer src="//play.pokemonshowdown.com/data/items.js?0.9894211263848525"></script>
<script defer src="//play.pokemonshowdown.com/data/teambuilder-tables.js?0.6008791140282215"></script>
<script defer src="//play.pokemonshowdown.com/js/battle-tooltips.js?0.7580118955022959"></script>
<script defer src="//play.pokemonshowdown.com/js/battle.js?0.6057722274234274"></script>

<script defer src="js/utils.js?e31f9a17"></script>
<script defer src="js/replays-battle.js?7008c182"></script>

<!-- don't scrape this data! just add .json or .log after the URL!
Full API docs: https://github.com/smogon/pokemon-showdown-client/blob/master/WEB-API.md -->
<script type="text/plain" class="log" id="replaylog-smogtours-gen3ou-794781">
|inactive|Battle timer is ON: inactive players will automatically lose when time's up.
|t:|1728086405
|gametype|singles
|player|p1|ShotoNC|benga|
|player|p2|jpmockman|emmet|
|teamsize|p1|6
|teamsize|p2|6
|gen|3
|tier|[Gen 3] OU
|rule|Sleep Clause Mod: Limit one foe put to sleep
|rule|Switch Priority Clause Mod: Faster Pokémon switch first
|rule|Species Clause: Limit one of each Pokémon
|rule|OHKO Clause: OHKO moves are banned
|rule|Evasion Items Clause: Evasion items are banned
|rule|Evasion Moves Clause: Evasion moves are banned
|rule|Endless Battle Clause: Forcing endless battles is banned
|rule|HP Percentage Mod: HP is shown in percentages
|rule|One Boost Passer Clause: Limit one Baton Passer that has a way to boost its stats
|rule|Freeze Clause Mod: Limit one foe frozen
|
|t:|1728086405
|start
|switch|p1a: Boy|Salamence, M|100/100
|switch|p2a: Forretress|Forretress, F|100/100
|-ability|p1a: Boy|Intimidate|boost
|-unboost|p2a: Forretress|atk|1
|turn|1
|inactive|jpmockman has 270 seconds left.
|
|t:|1728086463
|switch|p2a: Swampert|Swampert, M|100/100
|move|p1a: Boy|Brick Break|p2a: Swampert
|-damage|p2a: Swampert|78/100
|
|-heal|p2a: Swampert|85/100|[from] item: Leftovers
|upkeep
|turn|2
|
|t:|1728086488
|switch|p1a: Boom|Blissey, F|100/100
|switch|p2a: Forretress|Forretress, F|100/100
|
|upkeep
|turn|3
|inactive|ShotoNC has 270 seconds left.
|
|t:|1728086517
|switch|p1a: Spiker|Skarmory, M|100/100
|switch|p2a: Blissey|Blissey, F|100/100
|
|upkeep
|turn|4
|
|t:|1728086529
|move|p1a: Spiker|Spikes|p2a: Blissey
|-sidestart|p2: jpmockman|Spikes
|move|p2a: Blissey|Seismic Toss|p1a: Spiker
|-damage|p1a: Spiker|70/100
|
|-heal|p1a: Spiker|76/100|[from] item: Leftovers
|upkeep
|turn|5
|
|t:|1728086542
|switch|p1a: Boy|Salamence, M|100/100
|-ability|p1a: Boy|Intimidate|boost
|-unboost|p2a: Blissey|atk|1
|switch|p2a: Forretress|Forretress, F|100/100
|-damage|p2a: Forretress|88/100|[from] Spikes
|
|-heal|p2a: Forretress|94/100|[from] item: Leftovers
|upkeep
|turn|6
|inactive|ShotoNC has 270 seconds left.
|inactive|jpmockman has 270 seconds left.
|
|t:|1728086573
|move|p1a: Boy|Fire Blast|p2a: Forretress
|-supereffective|p2a: Forretress
|-damage|p2a: Forretress|0 fnt
|faint|p2a: Forretress
|
|t:|1728086587
|switch|p2a: Swampert|Swampert, M|85/100
|-damage|p2a: Swampert|72/100|[from] Spikes
|
|-heal|p2a: Swampert|78/100|[from] item: Leftovers
|upkeep
|turn|7
|
|t:|1728086593
|switch|p1a: Boom|Blissey, F|100/100
|move|p2a: Swampert|Toxic|p1a: Boom
|-status|p1a: Boom|tox
|
|-heal|p2a: Swampert|85/100|[from] item: Leftovers
|-damage|p1a: Boom|94/100 tox|[from] psn
|upkeep
|turn|8
|
|t:|1728086611
|switch|p2a: Blissey|Blissey, F|100/100
|-damage|p2a: Blissey|88/100|[from] Spikes
|move|p1a: Boom|Sing|p2a: Blissey
|-status|p2a: Blissey|slp|[from] move: Sing
|
|-heal|p1a: Boom|100/100 tox|[from] item: Leftovers
|-damage|p1a: Boom|88/100 tox|[from] psn
|-heal|p2a: Blissey|94/100 slp|[from] item: Leftovers
|upkeep
|turn|9
|inactive|ShotoNC has 270 seconds left.
|inactive|jpmockman has 240 seconds left.
|
|t:|1728086644
|-curestatus|p1a: Boom|tox|[from] ability: Natural Cure
|switch|p1a: Go|Tyranitar, M, shiny|100/100
|-weather|Sandstorm|[from] ability: Sand Stream|[of] p1a: Go
|cant|p2a: Blissey|slp
|
|-weather|Sandstorm|[upkeep]
|-damage|p2a: Blissey|88/100 slp|[from] Sandstorm
|-heal|p2a: Blissey|94/100 slp|[from] item: Leftovers
|upkeep
|turn|10
|inactive|jpmockman has 240 seconds left.
|
|t:|1728086661
|-curestatus|p2a: Blissey|slp|[from] ability: Natural Cure
|switch|p2a: Swampert|Swampert, M|85/100
|-damage|p2a: Swampert|72/100|[from] Spikes
|move|p1a: Go|Dragon Dance|p1a: Go
|-boost|p1a: Go|atk|1
|-boost|p1a: Go|spe|1
|
|-weather|Sandstorm|[upkeep]
|-heal|p2a: Swampert|78/100|[from] item: Leftovers
|upkeep
|turn|11
|inactive|ShotoNC has 240 seconds left.
|
|t:|1728086693
|switch|p1a: Boom|Blissey, F|88/100
|move|p2a: Swampert|Roar|p1a: Boom
|drag|p1a: Boy|Salamence, M|100/100
|-ability|p1a: Boy|Intimidate|boost
|-unboost|p2a: Swampert|atk|1
|
|-weather|Sandstorm|[upkeep]
|-damage|p1a: Boy|94/100|[from] Sandstorm
|-heal|p1a: Boy|100/100|[from] item: Leftovers
|-heal|p2a: Swampert|85/100|[from] item: Leftovers
|upkeep
|turn|12
|inactive|jpmockman has 240 seconds left.
|
|t:|1728086717
|switch|p1a: Boom|Blissey, F|88/100
|move|p2a: Swampert|Toxic|p1a: Boom
|-status|p1a: Boom|tox
|
|-weather|Sandstorm|[upkeep]
|-damage|p1a: Boom|82/100 tox|[from] Sandstorm
|-heal|p2a: Swampert|91/100|[from] item: Leftovers
|-heal|p1a: Boom|88/100 tox|[from] item: Leftovers
|-damage|p1a: Boom|82/100 tox|[from] psn
|upkeep
|turn|13
|
|t:|1728086729
|switch|p2a: Blissey|Blissey, F|94/100
|-damage|p2a: Blissey|82/100|[from] Spikes
|move|p1a: Boom|Sing|p2a: Blissey
|-status|p2a: Blissey|slp|[from] move: Sing
|
|-weather|Sandstorm|[upkeep]
|-damage|p1a: Boom|76/100 tox|[from] Sandstorm
|-damage|p2a: Blissey|76/100 slp|[from] Sandstorm
|-heal|p1a: Boom|82/100 tox|[from] item: Leftovers
|-damage|p1a: Boom|70/100 tox|[from] psn
|-heal|p2a: Blissey|82/100 slp|[from] item: Leftovers
|upkeep
|turn|14
|
|t:|1728086741
|-curestatus|p1a: Boom|tox|[from] ability: Natural Cure
|switch|p1a: Boy|Salamence, M|100/100
|-ability|p1a: Boy|Intimidate|boost
|-unboost|p2a: Blissey|atk|1
|cant|p2a: Blissey|slp
|
|-weather|Sandstorm|[upkeep]
|-damage|p1a: Boy|94/100|[from] Sandstorm
|-damage|p2a: Blissey|76/100 slp|[from] Sandstorm
|-heal|p1a: Boy|100/100|[from] item: Leftovers
|-heal|p2a: Blissey|82/100 slp|[from] item: Leftovers
|upkeep
|turn|15
|inactive|jpmockman has 240 seconds left.
|
|t:|1728086780
|-curestatus|p2a: Blissey|slp|[from] ability: Natural Cure
|switch|p2a: Swampert|Swampert, M|91/100
|-damage|p2a: Swampert|78/100|[from] Spikes
|move|p1a: Boy|Hidden Power|p2a: Swampert
|-supereffective|p2a: Swampert
|-damage|p2a: Swampert|12/100
|
|-weather|Sandstorm|[upkeep]
|-damage|p1a: Boy|94/100|[from] Sandstorm
|-heal|p1a: Boy|100/100|[from] item: Leftovers
|-heal|p2a: Swampert|18/100|[from] item: Leftovers
|upkeep
|turn|16
|
|t:|1728086804
|switch|p1a: Boom|Blissey, F|70/100
|switch|p2a: Skarmory|Skarmory, M|100/100
|
|-weather|Sandstorm|[upkeep]
|-damage|p1a: Boom|64/100|[from] Sandstorm
|-heal|p1a: Boom|70/100|[from] item: Leftovers
|upkeep
|turn|17
|
|t:|1728086814
|switch|p2a: Blissey|Blissey, F|82/100
|-damage|p2a: Blissey|69/100|[from] Spikes
|move|p1a: Boom|Thunderbolt|p2a: Blissey
|-damage|p2a: Blissey|60/100
|
|-weather|Sandstorm|[upkeep]
|-damage|p1a: Boom|64/100|[from] Sandstorm
|-damage|p2a: Blissey|54/100|[from] Sandstorm
|-heal|p1a: Boom|70/100|[from] item: Leftovers
|-heal|p2a: Blissey|60/100|[from] item: Leftovers
|upkeep
|turn|18
|
|t:|1728086832
|move|p1a: Boom|Sing|p2a: Blissey|[miss]
|-miss|p1a: Boom|p2a: Blissey
|move|p2a: Blissey|Soft-Boiled|p2a: Blissey
|-heal|p2a: Blissey|100/100
|
|-weather|Sandstorm|[upkeep]
|-damage|p1a: Boom|64/100|[from] Sandstorm
|-damage|p2a: Blissey|94/100|[from] Sandstorm
|-heal|p1a: Boom|70/100|[from] item: Leftovers
|-heal|p2a: Blissey|100/100|[from] item: Leftovers
|upkeep
|turn|19
|
|t:|1728086845
|move|p1a: Boom|Sing|p2a: Blissey
|-status|p2a: Blissey|slp|[from] move: Sing
|cant|p2a: Blissey|slp
|
|-weather|Sandstorm|[upkeep]
|-damage|p1a: Boom|64/100|[from] Sandstorm
|-damage|p2a: Blissey|94/100 slp|[from] Sandstorm
|-heal|p1a: Boom|70/100|[from] item: Leftovers
|-heal|p2a: Blissey|100/100 slp|[from] item: Leftovers
|upkeep
|turn|20
|
|t:|1728086865
|switch|p1a: Boy|Salamence, M|100/100
|-ability|p1a: Boy|Intimidate|boost
|-unboost|p2a: Blissey|atk|1
|-curestatus|p2a: Blissey|slp|[from] ability: Natural Cure
|switch|p2a: Skarmory|Skarmory, M|100/100
|
|-weather|Sandstorm|[upkeep]
|-damage|p1a: Boy|94/100|[from] Sandstorm
|-heal|p1a: Boy|100/100|[from] item: Leftovers
|upkeep
|turn|21
|
|t:|1728086884
|switch|p1a: Spiker|Skarmory, M|76/100
|move|p2a: Skarmory|Protect||[still]
|-fail|p2a: Skarmory
|
|-weather|Sandstorm|[upkeep]
|-heal|p1a: Spiker|82/100|[from] item: Leftovers
|upkeep
|turn|22
|
|t:|1728086891
|move|p2a: Skarmory|Spikes|p1a: Spiker
|-sidestart|p1: ShotoNC|Spikes
|move|p1a: Spiker|Spikes|p2a: Skarmory
|-sidestart|p2: jpmockman|Spikes
|
|-weather|Sandstorm|[upkeep]
|-heal|p1a: Spiker|88/100|[from] item: Leftovers
|upkeep
|turn|23
|
|t:|1728086897
|move|p2a: Skarmory|Spikes|p1a: Spiker
|-sidestart|p1: ShotoNC|Spikes
|move|p1a: Spiker|Spikes|p2a: Skarmory
|-sidestart|p2: jpmockman|Spikes
|
|-weather|Sandstorm|[upkeep]
|-heal|p1a: Spiker|94/100|[from] item: Leftovers
|upkeep
|turn|24
|
|t:|1728086902
|move|p2a: Skarmory|Spikes|p1a: Spiker
|-sidestart|p1: ShotoNC|Spikes
|move|p1a: Spiker|Roar|p2a: Skarmory
|drag|p2a: Blissey|Blissey, F|100/100
|-damage|p2a: Blissey|76/100|[from] Spikes
|
|-weather|Sandstorm|[upkeep]
|-damage|p2a: Blissey|69/100|[from] Sandstorm
|-heal|p1a: Spiker|100/100|[from] item: Leftovers
|-heal|p2a: Blissey|76/100|[from] item: Leftovers
|upkeep
|turn|25
|
|t:|1728086925
|move|p2a: Blissey|Seismic Toss|p1a: Spiker
|-damage|p1a: Spiker|70/100
|move|p1a: Spiker|Roar|p2a: Blissey
|drag|p2a: Jirachi|Jirachi|100/100
|-damage|p2a: Jirachi|75/100|[from] Spikes
|
|-weather|Sandstorm|[upkeep]
|-heal|p1a: Spiker|76/100|[from] item: Leftovers
|upkeep
|turn|26
|inactive|ShotoNC has 240 seconds left.
|
|t:|1728086937
|move|p1a: Spiker|Protect|p1a: Spiker
|-singleturn|p1a: Spiker|Protect
|move|p2a: Jirachi|Thunderbolt|p1a: Spiker
|-activate|p1a: Spiker|Protect
|
|-weather|Sandstorm|[upkeep]
|-heal|p1a: Spiker|82/100|[from] item: Leftovers
|upkeep
|turn|27
|inactive|ShotoNC has 240 seconds left.
|
|t:|1728086949
|switch|p1a: All Seeing|Claydol, shiny|100/100
|move|p2a: Jirachi|Calm Mind|p2a: Jirachi
|-boost|p2a: Jirachi|spa|1
|-boost|p2a: Jirachi|spd|1
|
|-weather|Sandstorm|[upkeep]
|upkeep
|turn|28
|inactive|ShotoNC has 240 seconds left.
|
|t:|1728086972
|move|p2a: Jirachi|Hidden Power|p1a: All Seeing
|-supereffective|p1a: All Seeing
|-damage|p1a: All Seeing|46/100
|move|p1a: All Seeing|Earthquake|p2a: Jirachi
|-supereffective|p2a: Jirachi
|-damage|p2a: Jirachi|8/100
|
|-weather|Sandstorm|[upkeep]
|-heal|p1a: All Seeing|52/100|[from] item: Leftovers
|upkeep
|turn|29
|
|t:|1728086990
|switch|p1a: Spiker|Skarmory, M|82/100
|move|p2a: Jirachi|Hidden Power|p1a: Spiker
|-damage|p1a: Spiker|55/100
|
|-weather|Sandstorm|[upkeep]
|-heal|p1a: Spiker|61/100|[from] item: Leftovers
|upkeep
|turn|30
|
|t:|1728086999
|move|p2a: Jirachi|Thunderbolt|p1a: Spiker
|-supereffective|p1a: Spiker
|-damage|p1a: Spiker|0 fnt
|faint|p1a: Spiker
|
|t:|1728087008
|switch|p1a: Boom|Blissey, F|70/100
|-damage|p1a: Boom|45/100|[from] Spikes
|
|-weather|Sandstorm|[upkeep]
|-damage|p1a: Boom|39/100|[from] Sandstorm
|-heal|p1a: Boom|45/100|[from] item: Leftovers
|upkeep
|turn|31
|
|t:|1728087016
|move|p2a: Jirachi|Psychic|p1a: Boom
|-damage|p1a: Boom|19/100
|-unboost|p1a: Boom|spd|1
|move|p1a: Boom|Soft-Boiled|p1a: Boom
|-heal|p1a: Boom|69/100
|
|-weather|Sandstorm|[upkeep]
|-damage|p1a: Boom|63/100|[from] Sandstorm
|-heal|p1a: Boom|69/100|[from] item: Leftovers
|upkeep
|turn|32
|
|t:|1728087026
|move|p2a: Jirachi|Psychic|p1a: Boom
|-damage|p1a: Boom|36/100
|move|p1a: Boom|Ice Beam|p2a: Jirachi
|-resisted|p2a: Jirachi
|-damage|p2a: Jirachi|1/100
|
|-weather|Sandstorm|[upkeep]
|-damage|p1a: Boom|30/100|[from] Sandstorm
|-heal|p1a: Boom|36/100|[from] item: Leftovers
|upkeep
|turn|33
|inactive|ShotoNC has 240 seconds left.
|
|t:|1728087036
|move|p2a: Jirachi|Psychic|p1a: Boom
|-crit|p1a: Boom
|-damage|p1a: Boom|0 fnt
|faint|p1a: Boom
|inactive|ShotoNC has 240 seconds left.
|inactive|ShotoNC has 210 seconds left.
|inactive|ShotoNC has 180 seconds left.
|
|t:|1728087109
|switch|p1a: Go|Tyranitar, M, shiny|100/100
|-damage|p1a: Go|76/100|[from] Spikes
|
|-weather|Sandstorm|[upkeep]
|-heal|p1a: Go|82/100|[from] item: Leftovers
|upkeep
|turn|34
|inactive|ShotoNC has 180 seconds left.
|
|t:|1728087119
|move|p2a: Jirachi|Hidden Power|p1a: Go
|-supereffective|p1a: Go
|-damage|p1a: Go|34/100
|move|p1a: Go|Rock Slide|p2a: Jirachi
|-resisted|p2a: Jirachi
|-damage|p2a: Jirachi|0 fnt
|faint|p2a: Jirachi
|
|t:|1728087143
|switch|p2a: Skarmory|Skarmory, M|100/100
|
|-weather|Sandstorm|[upkeep]
|-heal|p1a: Go|40/100|[from] item: Leftovers
|upkeep
|turn|35
|inactive|ShotoNC has 180 seconds left.
|
|t:|1728087167
|move|p1a: Go|Dragon Dance|p1a: Go
|-boost|p1a: Go|atk|1
|-boost|p1a: Go|spe|1
|move|p2a: Skarmory|Toxic|p1a: Go
|-status|p1a: Go|tox
|
|-weather|Sandstorm|[upkeep]
|-heal|p1a: Go|46/100 tox|[from] item: Leftovers
|-damage|p1a: Go|40/100 tox|[from] psn
|upkeep
|turn|36
|
|t:|1728087176
|move|p1a: Go|Rock Slide|p2a: Skarmory
|-damage|p2a: Skarmory|65/100
|move|p2a: Skarmory|Roar|p1a: Go
|drag|p1a: Meta|Metagross, shiny|100/100
|-damage|p1a: Meta|76/100|[from] Spikes
|
|-weather|Sandstorm|[upkeep]
|-heal|p2a: Skarmory|71/100|[from] item: Leftovers
|-heal|p1a: Meta|82/100|[from] item: Leftovers
|upkeep
|turn|37
|inactive|ShotoNC has 180 seconds left.
|inactive|ShotoNC has 150 seconds left.
|
|t:|1728087211
|move|p2a: Skarmory|Protect|p2a: Skarmory
|-singleturn|p2a: Skarmory|Protect
|move|p1a: Meta|Meteor Mash|p2a: Skarmory
|-activate|p2a: Skarmory|Protect
|
|-weather|Sandstorm|[upkeep]
|-heal|p2a: Skarmory|77/100|[from] item: Leftovers
|-heal|p1a: Meta|88/100|[from] item: Leftovers
|upkeep
|turn|38
|
|t:|1728087221
|move|p1a: Meta|Meteor Mash|p2a: Skarmory
|-resisted|p2a: Skarmory
|-damage|p2a: Skarmory|62/100
|move|p2a: Skarmory|Roar|p1a: Meta
|drag|p1a: Boy|Salamence, M|100/100
|-ability|p1a: Boy|Intimidate|boost
|-unboost|p2a: Skarmory|atk|1
|
|-weather|Sandstorm|[upkeep]
|-damage|p1a: Boy|94/100|[from] Sandstorm
|-heal|p1a: Boy|100/100|[from] item: Leftovers
|-heal|p2a: Skarmory|68/100|[from] item: Leftovers
|upkeep
|turn|39
|inactive|ShotoNC has 150 seconds left.
|
|t:|1728087241
|move|p2a: Skarmory|Protect|p2a: Skarmory
|-singleturn|p2a: Skarmory|Protect
|move|p1a: Boy|Dragon Claw|p2a: Skarmory
|-activate|p2a: Skarmory|Protect
|
|-weather|Sandstorm|[upkeep]
|-damage|p1a: Boy|94/100|[from] Sandstorm
|-heal|p1a: Boy|100/100|[from] item: Leftovers
|-heal|p2a: Skarmory|74/100|[from] item: Leftovers
|upkeep
|turn|40
|inactive|ShotoNC has 150 seconds left.
|inactive|jpmockman has 270 seconds left.
|
|t:|1728087297
|move|p1a: Boy|Fire Blast|p2a: Skarmory
|-supereffective|p2a: Skarmory
|-damage|p2a: Skarmory|0 fnt
|faint|p2a: Skarmory
|inactive|jpmockman has 240 seconds left.
|
|t:|1728087314
|switch|p2a: Tyranitar|Tyranitar, F|100/100
|-damage|p2a: Tyranitar|76/100|[from] Spikes
|
|-weather|Sandstorm|[upkeep]
|-damage|p1a: Boy|94/100|[from] Sandstorm
|-heal|p1a: Boy|100/100|[from] item: Leftovers
|upkeep
|turn|41
|
|t:|1728087323
|move|p1a: Boy|Brick Break|p2a: Tyranitar
|-supereffective|p2a: Tyranitar
|-damage|p2a: Tyranitar|0 fnt
|faint|p2a: Tyranitar
|
|t:|1728087326
|switch|p2a: Blissey|Blissey, F|76/100
|-damage|p2a: Blissey|51/100|[from] Spikes
|
|-weather|Sandstorm|[upkeep]
|-damage|p1a: Boy|94/100|[from] Sandstorm
|-damage|p2a: Blissey|44/100|[from] Sandstorm
|-heal|p1a: Boy|100/100|[from] item: Leftovers
|-heal|p2a: Blissey|51/100|[from] item: Leftovers
|upkeep
|turn|42
|inactive|ShotoNC has 150 seconds left.
|
|t:|1728087357
|switch|p1a: Meta|Metagross, shiny|88/100
|-damage|p1a: Meta|63/100|[from] Spikes
|move|p2a: Blissey|Soft-Boiled|p2a: Blissey
|-heal|p2a: Blissey|100/100
|
|-weather|Sandstorm|[upkeep]
|-damage|p2a: Blissey|94/100|[from] Sandstorm
|-heal|p1a: Meta|69/100|[from] item: Leftovers
|-heal|p2a: Blissey|100/100|[from] item: Leftovers
|upkeep
|turn|43
|inactive|ShotoNC has 150 seconds left.
|
|t:|1728087371
|move|p1a: Meta|Meteor Mash|p2a: Blissey
|-damage|p2a: Blissey|56/100
|move|p2a: Blissey|Seismic Toss|p1a: Meta
|-damage|p1a: Meta|42/100
|
|-weather|Sandstorm|[upkeep]
|-damage|p2a: Blissey|50/100|[from] Sandstorm
|-heal|p1a: Meta|48/100|[from] item: Leftovers
|-heal|p2a: Blissey|56/100|[from] item: Leftovers
|upkeep
|turn|44
|inactive|ShotoNC has 150 seconds left.
|
|t:|1728087381
|move|p1a: Meta|Meteor Mash|p2a: Blissey
|-damage|p2a: Blissey|13/100
|move|p2a: Blissey|Soft-Boiled|p2a: Blissey
|-heal|p2a: Blissey|63/100
|
|-weather|Sandstorm|[upkeep]
|-damage|p2a: Blissey|57/100|[from] Sandstorm
|-heal|p1a: Meta|54/100|[from] item: Leftovers
|-heal|p2a: Blissey|63/100|[from] item: Leftovers
|upkeep
|turn|45
|inactive|ShotoNC has 150 seconds left.
|
|t:|1728087390
|move|p1a: Meta|Meteor Mash|p2a: Blissey
|-damage|p2a: Blissey|22/100
|move|p2a: Blissey|Soft-Boiled|p2a: Blissey
|-heal|p2a: Blissey|72/100
|
|-weather|Sandstorm|[upkeep]
|-damage|p2a: Blissey|65/100|[from] Sandstorm
|-heal|p1a: Meta|60/100|[from] item: Leftovers
|-heal|p2a: Blissey|72/100|[from] item: Leftovers
|upkeep
|turn|46
|
|t:|1728087398
|move|p1a: Meta|Meteor Mash|p2a: Blissey
|-damage|p2a: Blissey|30/100
|move|p2a: Blissey|Soft-Boiled|p2a: Blissey
|-heal|p2a: Blissey|80/100
|
|-weather|Sandstorm|[upkeep]
|-damage|p2a: Blissey|74/100|[from] Sandstorm
|-heal|p1a: Meta|66/100|[from] item: Leftovers
|-heal|p2a: Blissey|80/100|[from] item: Leftovers
|upkeep
|turn|47
|
|t:|1728087407
|move|p1a: Meta|Meteor Mash|p2a: Blissey
|-damage|p2a: Blissey|34/100
|move|p2a: Blissey|Soft-Boiled|p2a: Blissey
|-heal|p2a: Blissey|84/100
|
|-weather|Sandstorm|[upkeep]
|-damage|p2a: Blissey|78/100|[from] Sandstorm
|-heal|p1a: Meta|72/100|[from] item: Leftovers
|-heal|p2a: Blissey|84/100|[from] item: Leftovers
|upkeep
|turn|48
|
|t:|1728087416
|move|p1a: Meta|Meteor Mash|p2a: Blissey
|-damage|p2a: Blissey|44/100
|move|p2a: Blissey|Soft-Boiled|p2a: Blissey
|-heal|p2a: Blissey|94/100
|
|-weather|Sandstorm|[upkeep]
|-damage|p2a: Blissey|87/100|[from] Sandstorm
|-heal|p1a: Meta|78/100|[from] item: Leftovers
|-heal|p2a: Blissey|94/100|[from] item: Leftovers
|upkeep
|turn|49
|
|t:|1728087425
|move|p1a: Meta|Meteor Mash|p2a: Blissey
|-crit|p2a: Blissey
|-damage|p2a: Blissey|5/100
|-boost|p1a: Meta|atk|1
|move|p2a: Blissey|Seismic Toss|p1a: Meta
|-damage|p1a: Meta|50/100
|
|-weather|Sandstorm|[upkeep]
|-damage|p2a: Blissey|0 fnt|[from] Sandstorm
|faint|p2a: Blissey
|-heal|p1a: Meta|56/100|[from] item: Leftovers
|upkeep
|
|t:|1728087430
|switch|p2a: Swampert|Swampert, M|18/100
|-damage|p2a: Swampert|0 fnt|[from] Spikes
|faint|p2a: Swampert
|
|win|ShotoNC
|c|☆jpmockman|gg
|c|☆ShotoNC|gg
|player|p2|

</script>
<script type="application/json" class="data" id="replaydata-smogtours-gen3ou-794781">
{"id":"smogtours-gen3ou-794781","format":"[Gen 3] OU","players":["ShotoNC","jpmockman"],"uploadtime":1728087430,"views":143,"formatid":"gen3ou","rating":null,"private":0,"password":null}
</script>

<script defer src="js/replays.js?9d40a366"></script>
