<!DOCTYPE html>
<meta charset="utf-8" />
<meta name="viewport" content="width=device-width" />

<title>[Gen 3] OU: blyargh vs. scootymcbooty123 - Replays - Pok&eacute;mon Showdown!</title>

<meta name="description" content="Watch a replay of a Pok&eacute;mon battle between blyargh and scootymcbooty123! Format: [Gen 3] OU; Date: Nov 9, 2024" />
<!--

Hey, you! Looking in the source for the replay log?

You can find them in JSON format, just add `.json` at the end of a replay URL.

https://replay.pokemonshowdown.com/gen7randomdoublesbattle-865046831.json

Or, if you only need the log itself, add `.log` instead:

https://replay.pokemonshowdown.com/gen7randomdoublesbattle-865046831.log

-->

<link rel="stylesheet" href="//pokemonshowdown.com/style/global.css?0.023195364461161105" />
<link rel="stylesheet" href="//play.pokemonshowdown.com/style/font-awesome.css?0.13261647063804238" />
<link rel="stylesheet" href="//play.pokemonshowdown.com/style/battle.css?0.8753245789963631" />
<link rel="stylesheet" href="//play.pokemonshowdown.com/style/utilichart.css?0.8627959624976733" />

<!-- Global site tag (gtag.js) - Google Analytics -->
<script async src="https://www.googletagmanager.com/gtag/js?id=UA-26211653-1"></script>
<script>
  window.dataLayer = window.dataLayer || [];
  function gtag(){dataLayer.push(arguments);}
  gtag('js', new Date());

  gtag('config', 'UA-26211653-1');
</script>
<!-- End Google Analytics -->
<!-- Venatus Ad Manager - Install in <HEAD> of page -->
	<script src="https://hb.vntsm.com/v3/live/ad-manager.min.js" type="text/javascript" data-site-id="642aba63ec9a7b11c3c9c1be" data-mode="scan" async></script>
<!-- / Venatus Ad Manager -->

<style>
	@media (max-width:820px) {
		.battle {
			margin: 0 auto;
		}
		.battle-log {
			margin: 7px auto 0;
			max-width: 640px;
			height: 300px;
			position: static;
		}
	}
	.optgroup {
		display: inline-block;
		line-height: 22px;
		font-size: 10pt;
	}
	.optgroup .button {
		height: 25px;
		padding-top: 0;
		padding-bottom: 0;
	}
	.optgroup button.button {
		padding-left: 12px;
		padding-right: 12px;
	}
	.linklist {
		list-style: none;
		margin: 0.5em 0;
		padding: 0;
	}
	.linklist li {
		padding: 2px 0;
	}
	.sidebar {
		float: left;
		width: 320px;
	}
	.bar-wrapper {
		max-width: 1100px;
		margin: 0 auto;
	}
	.bar-wrapper.has-sidebar {
		max-width: 1430px;
	}
	.mainbar {
		margin: 0;
		padding-right: 1px;
	}
	.mainbar.has-sidebar {
		margin-left: 330px;
	}
	@media (min-width: 1511px) {
		.sidebar {
			width: 400px;
		}
		.bar-wrapper.has-sidebar {
			max-width: 1510px;
		}
		.mainbar.has-sidebar {
			margin-left: 410px;
		}
	}
	.section.first-section {
		margin-top: 9px;
	}
	.blocklink small {
		white-space: normal;
	}
	.button {
		vertical-align: middle;
	}
	.replay-controls {
		padding-top: 10px;
	}
	.replay-controls h1 {
		font-size: 16pt;
		font-weight: normal;
		color: #CCC;
	}
	.pagelink {
		text-align: center;
	}
	.pagelink a {
		width: 150px;
	}
	.textbox, .button {
		font-size: 11pt;
		vertical-align: middle;
	}
	@media (max-width: 450px) {
		.button {
			font-size: 9pt;
		}
	}
</style>

<div>

	<header>
		<div class="nav-wrapper"><ul class="nav">
			<li><a class="button nav-first" href="//pokemonshowdown.com/"><img src="//pokemonshowdown.com/images/pokemonshowdownbeta.png" srcset="//pokemonshowdown.com/images/pokemonshowdownbeta.png 1x, //pokemonshowdown.com/images/pokemonshowdownbeta@2x.png 2x" alt="Pok&eacute;mon Showdown" width="146" height="44" /> Home</a></li>
			<li><a class="button" href="//pokemonshowdown.com/dex/">Pok&eacute;dex</a></li>
			<li><a class="button cur" href="/">Replays</a></li>
			<li><a class="button" href="//pokemonshowdown.com/ladder/">Ladder</a></li>
			<li><a class="button nav-last" href="//pokemonshowdown.com/forums/">Forum</a></li>
			<li><a class="button greenbutton nav-first nav-last" href="//play.pokemonshowdown.com/">Play</a></li>
		</ul></div>
	</header>

	<div class="main" id="main">

		<noscript><section class="section">You need to enable JavaScript to use this page; sorry!</section></noscript>

	</div>

</div>

<script defer nomodule src="//play.pokemonshowdown.com/js/lib/ps-polyfill.js"></script>
<script defer src="//play.pokemonshowdown.com/js/lib/preact.min.js"></script>

<script defer src="//play.pokemonshowdown.com/config/config.js?2bddbc15"></script>
<script defer src="//play.pokemonshowdown.com/js/lib/jquery-1.11.0.min.js"></script>
<script defer src="//play.pokemonshowdown.com/js/lib/html-sanitizer-minified.js"></script>
<script defer src="//play.pokemonshowdown.com/js/battle-sound.js"></script>
<script defer src="//play.pokemonshowdown.com/js/battledata.js?0.7209276989879541"></script>
<script defer src="//play.pokemonshowdown.com/data/pokedex-mini.js?0.6111056340867951"></script>
<script defer src="//play.pokemonshowdown.com/data/pokedex-mini-bw.js?0.3532142036491459"></script>
<script defer src="//play.pokemonshowdown.com/data/graphics.js?0.24223875632456182"></script>
<script defer src="//play.pokemonshowdown.com/data/pokedex.js?0.38839984266356864"></script>
<script defer src="//play.pokemonshowdown.com/data/moves.js?0.21866028504024015"></script>
<script defer src="//play.pokemonshowdown.com/data/abilities.js?0.2005157953846628"></script>
<script defer src="//play.pokemonshowdown.com/data/items.js?0.9894211263848525"></script>
<script defer src="//play.pokemonshowdown.com/data/teambuilder-tables.js?0.6008791140282215"></script>
<script defer src="//play.pokemonshowdown.com/js/battle-tooltips.js?0.7580118955022959"></script>
<script defer src="//play.pokemonshowdown.com/js/battle.js?0.6057722274234274"></script>

<script defer src="js/utils.js?e31f9a17"></script>
<script defer src="js/replays-battle.js?7008c182"></script>

<!-- don't scrape this data! just add .json or .log after the URL!
Full API docs: https://github.com/smogon/pokemon-showdown-client/blob/master/WEB-API.md -->
<script type="text/plain" class="log" id="replaylog-smogtours-gen3ou-805606">
|inactive|Battle timer is ON: inactive players will automatically lose when time's up.
|t:|1731194199
|gametype|singles
|player|p1|blyargh|#advpliv|
|player|p2|scootymcbooty123|dancer|
|teamsize|p1|6
|teamsize|p2|6
|gen|3
|tier|[Gen 3] OU
|rule|Sleep Clause Mod: Limit one foe put to sleep
|rule|Switch Priority Clause Mod: Faster Pokémon switch first
|rule|Species Clause: Limit one of each Pokémon
|rule|OHKO Clause: OHKO moves are banned
|rule|Evasion Items Clause: Evasion items are banned
|rule|Evasion Moves Clause: Evasion moves are banned
|rule|Endless Battle Clause: Forcing endless battles is banned
|rule|HP Percentage Mod: HP is shown in percentages
|rule|One Boost Passer Clause: Limit one Baton Passer that has a way to boost its stats
|rule|Freeze Clause Mod: Limit one foe frozen
|
|t:|1731194199
|start
|switch|p1a: Tyranitar|Tyranitar, M|100/100
|switch|p2a: Did you know...|Vaporeon, M|100/100
|-weather|Sandstorm|[from] ability: Sand Stream|[of] p1a: Tyranitar
|turn|1
|
|t:|1731194210
|switch|p1a: Skarmory|Skarmory, M|100/100
|move|p2a: Did you know...|Hydro Pump|p1a: Skarmory
|-damage|p1a: Skarmory|47/100
|
|-weather|Sandstorm|[upkeep]
|-damage|p2a: Did you know...|94/100|[from] Sandstorm
|-heal|p1a: Skarmory|53/100|[from] item: Leftovers
|upkeep
|turn|2
|
|t:|1731194220
|switch|p1a: Jirachi|Jirachi|100/100
|move|p2a: Did you know...|Hydro Pump|p1a: Jirachi
|-damage|p1a: Jirachi|54/100
|
|-weather|Sandstorm|[upkeep]
|-damage|p2a: Did you know...|88/100|[from] Sandstorm
|-heal|p1a: Jirachi|60/100|[from] item: Leftovers
|upkeep
|turn|3
|
|t:|1731194230
|switch|p2a: Large Lad Larry|Snorlax, F|100/100
|move|p1a: Jirachi|Calm Mind|p1a: Jirachi
|-boost|p1a: Jirachi|spa|1
|-boost|p1a: Jirachi|spd|1
|
|-weather|Sandstorm|[upkeep]
|-damage|p2a: Large Lad Larry|94/100|[from] Sandstorm
|-heal|p1a: Jirachi|66/100|[from] item: Leftovers
|-heal|p2a: Large Lad Larry|100/100|[from] item: Leftovers
|upkeep
|turn|4
|
|t:|1731194237
|switch|p1a: Skarmory|Skarmory, M|53/100
|move|p2a: Large Lad Larry|Body Slam|p1a: Skarmory
|-resisted|p1a: Skarmory
|-damage|p1a: Skarmory|38/100
|
|-weather|Sandstorm|[upkeep]
|-damage|p2a: Large Lad Larry|94/100|[from] Sandstorm
|-heal|p1a: Skarmory|44/100|[from] item: Leftovers
|-heal|p2a: Large Lad Larry|100/100|[from] item: Leftovers
|upkeep
|turn|5
|
|t:|1731194242
|-singleturn|p2a: Large Lad Larry|move: Focus Punch
|move|p1a: Skarmory|Spikes|p2a: Large Lad Larry
|-sidestart|p2: scootymcbooty123|Spikes
|move|p2a: Large Lad Larry|Focus Punch|p1a: Skarmory
|-damage|p1a: Skarmory|9/100
|
|-weather|Sandstorm|[upkeep]
|-damage|p2a: Large Lad Larry|94/100|[from] Sandstorm
|-heal|p1a: Skarmory|15/100|[from] item: Leftovers
|-heal|p2a: Large Lad Larry|100/100|[from] item: Leftovers
|upkeep
|turn|6
|
|t:|1731194253
|switch|p1a: Swampert|Swampert, F|100/100
|move|p2a: Large Lad Larry|Body Slam|p1a: Swampert
|-damage|p1a: Swampert|72/100
|-status|p1a: Swampert|par
|
|-weather|Sandstorm|[upkeep]
|-damage|p2a: Large Lad Larry|94/100|[from] Sandstorm
|-heal|p2a: Large Lad Larry|100/100|[from] item: Leftovers
|-heal|p1a: Swampert|79/100 par|[from] item: Leftovers
|upkeep
|turn|7
|
|t:|1731194274
|switch|p1a: Tyranitar|Tyranitar, M|100/100
|move|p2a: Large Lad Larry|Body Slam|p1a: Tyranitar
|-resisted|p1a: Tyranitar
|-damage|p1a: Tyranitar|85/100
|
|-weather|Sandstorm|[upkeep]
|-damage|p2a: Large Lad Larry|94/100|[from] Sandstorm
|-heal|p1a: Tyranitar|91/100|[from] item: Leftovers
|-heal|p2a: Large Lad Larry|100/100|[from] item: Leftovers
|upkeep
|turn|8
|inactive|scootymcbooty123 has 270 seconds left.
|
|t:|1731194313
|-singleturn|p2a: Large Lad Larry|move: Focus Punch
|move|p1a: Tyranitar|Rock Slide|p2a: Large Lad Larry
|-damage|p2a: Large Lad Larry|64/100
|move|p2a: Large Lad Larry|Focus Punch||[still]
|cant|p2a: Large Lad Larry|Focus Punch|Focus Punch
|
|-weather|Sandstorm|[upkeep]
|-damage|p2a: Large Lad Larry|58/100|[from] Sandstorm
|-heal|p1a: Tyranitar|97/100|[from] item: Leftovers
|-heal|p2a: Large Lad Larry|64/100|[from] item: Leftovers
|upkeep
|turn|9
|
|t:|1731194325
|move|p1a: Tyranitar|Rock Slide|p2a: Large Lad Larry
|-damage|p2a: Large Lad Larry|27/100
|move|p2a: Large Lad Larry|Self-Destruct|p1a: Tyranitar
|-resisted|p1a: Tyranitar
|-damage|p1a: Tyranitar|13/100
|faint|p2a: Large Lad Larry
|
|t:|1731194328
|switch|p2a: Sausage Fiesta|Dugtrio, F|100/100
|-damage|p2a: Sausage Fiesta|88/100|[from] Spikes
|
|-weather|Sandstorm|[upkeep]
|-heal|p1a: Tyranitar|19/100|[from] item: Leftovers
|upkeep
|turn|10
|
|t:|1731194330
|move|p2a: Sausage Fiesta|Earthquake|p1a: Tyranitar
|-supereffective|p1a: Tyranitar
|-damage|p1a: Tyranitar|0 fnt
|faint|p1a: Tyranitar
|
|t:|1731194336
|switch|p1a: Skarmory|Skarmory, M|15/100
|
|-weather|Sandstorm|[upkeep]
|-heal|p1a: Skarmory|21/100|[from] item: Leftovers
|upkeep
|turn|11
|
|t:|1731194339
|switch|p2a: blazinace420|Charizard, F|100/100
|move|p1a: Skarmory|Spikes|p2a: blazinace420
|-sidestart|p2: scootymcbooty123|Spikes
|
|-weather|Sandstorm|[upkeep]
|-damage|p2a: blazinace420|94/100|[from] Sandstorm
|-heal|p1a: Skarmory|27/100|[from] item: Leftovers
|upkeep
|turn|12
|
|t:|1731194346
|move|p2a: blazinace420|Fire Blast|p1a: Skarmory
|-supereffective|p1a: Skarmory
|-damage|p1a: Skarmory|0 fnt
|faint|p1a: Skarmory
|
|t:|1731194350
|switch|p1a: Blissey|Blissey, F|100/100
|
|-weather|Sandstorm|[upkeep]
|-damage|p2a: blazinace420|88/100|[from] Sandstorm
|-damage|p1a: Blissey|94/100|[from] Sandstorm
|-heal|p1a: Blissey|100/100|[from] item: Leftovers
|upkeep
|turn|13
|
|t:|1731194361
|switch|p2a: bl00min onion|Breloom, M|100/100
|-damage|p2a: bl00min onion|84/100|[from] Spikes
|move|p1a: Blissey|Thunderbolt|p2a: bl00min onion
|-resisted|p2a: bl00min onion
|-damage|p2a: bl00min onion|57/100
|
|-weather|Sandstorm|[upkeep]
|-damage|p2a: bl00min onion|51/100|[from] Sandstorm
|-damage|p1a: Blissey|94/100|[from] Sandstorm
|-heal|p2a: bl00min onion|57/100|[from] item: Leftovers
|-heal|p1a: Blissey|100/100|[from] item: Leftovers
|upkeep
|turn|14
|
|t:|1731194369
|switch|p1a: Swampert|Swampert, F|79/100 par
|move|p2a: bl00min onion|Sky Uppercut|p1a: Swampert
|-damage|p1a: Swampert|48/100 par
|
|-weather|Sandstorm|[upkeep]
|-damage|p2a: bl00min onion|51/100|[from] Sandstorm
|-heal|p2a: bl00min onion|57/100|[from] item: Leftovers
|-heal|p1a: Swampert|55/100 par|[from] item: Leftovers
|upkeep
|turn|15
|
|t:|1731194375
|move|p2a: bl00min onion|Hidden Power|p1a: Swampert
|-supereffective|p1a: Swampert
|-damage|p1a: Swampert|0 fnt
|faint|p1a: Swampert
|
|t:|1731194378
|switch|p1a: Moltres|Moltres|100/100
|
|-weather|Sandstorm|[upkeep]
|-damage|p1a: Moltres|94/100|[from] Sandstorm
|-damage|p2a: bl00min onion|51/100|[from] Sandstorm
|-heal|p1a: Moltres|100/100|[from] item: Leftovers
|-heal|p2a: bl00min onion|57/100|[from] item: Leftovers
|upkeep
|turn|16
|
|t:|1731194388
|move|p1a: Moltres|Flamethrower|p2a: bl00min onion
|-supereffective|p2a: bl00min onion
|-damage|p2a: bl00min onion|0 fnt
|faint|p2a: bl00min onion
|
|t:|1731194397
|switch|p2a: Did you know...|Vaporeon, M|88/100
|-damage|p2a: Did you know...|72/100|[from] Spikes
|
|-weather|Sandstorm|[upkeep]
|-damage|p1a: Moltres|94/100|[from] Sandstorm
|-damage|p2a: Did you know...|65/100|[from] Sandstorm
|-heal|p1a: Moltres|100/100|[from] item: Leftovers
|upkeep
|turn|17
|
|t:|1731194405
|switch|p1a: Blissey|Blissey, F|100/100
|move|p2a: Did you know...|Hydro Pump|p1a: Blissey
|-damage|p1a: Blissey|76/100
|
|-weather|Sandstorm|[upkeep]
|-damage|p2a: Did you know...|59/100|[from] Sandstorm
|-damage|p1a: Blissey|70/100|[from] Sandstorm
|-heal|p1a: Blissey|76/100|[from] item: Leftovers
|upkeep
|turn|18
|
|t:|1731194426
|move|p2a: Did you know...|Hydro Pump|p1a: Blissey
|-damage|p1a: Blissey|53/100
|move|p1a: Blissey|Soft-Boiled|p1a: Blissey
|-heal|p1a: Blissey|100/100
|
|-weather|Sandstorm|[upkeep]
|-damage|p2a: Did you know...|53/100|[from] Sandstorm
|-damage|p1a: Blissey|94/100|[from] Sandstorm
|-heal|p1a: Blissey|100/100|[from] item: Leftovers
|upkeep
|turn|19
|
|t:|1731194430
|move|p2a: Did you know...|Substitute|p2a: Did you know...
|-start|p2a: Did you know...|Substitute
|-damage|p2a: Did you know...|28/100
|move|p1a: Blissey|Toxic||[still]
|-fail|p1a: Blissey
|
|-weather|Sandstorm|[upkeep]
|-damage|p2a: Did you know...|22/100|[from] Sandstorm
|-damage|p1a: Blissey|94/100|[from] Sandstorm
|-enditem|p2a: Did you know...|Salac Berry|[eat]
|-boost|p2a: Did you know...|spe|1|[from] item: Salac Berry
|-heal|p1a: Blissey|100/100|[from] item: Leftovers
|upkeep
|turn|20
|
|t:|1731194434
|move|p2a: Did you know...|Baton Pass|p2a: Did you know...
|
|t:|1731194439
|switch|p2a: Sausage Fiesta|Dugtrio, F|88/100|[from] Baton Pass
|-damage|p2a: Sausage Fiesta|72/100|[from] Spikes
|move|p1a: Blissey|Ice Beam|p2a: Sausage Fiesta
|-supereffective|p2a: Sausage Fiesta
|-end|p2a: Sausage Fiesta|Substitute
|
|-weather|Sandstorm|[upkeep]
|-damage|p1a: Blissey|94/100|[from] Sandstorm
|-heal|p1a: Blissey|100/100|[from] item: Leftovers
|upkeep
|turn|21
|
|t:|1731194460
|move|p2a: Sausage Fiesta|Earthquake|p1a: Blissey
|-damage|p1a: Blissey|39/100
|move|p1a: Blissey|Ice Beam|p2a: Sausage Fiesta
|-supereffective|p2a: Sausage Fiesta
|-damage|p2a: Sausage Fiesta|0 fnt
|faint|p2a: Sausage Fiesta
|
|t:|1731194468
|switch|p2a: acid eyes|Jirachi|100/100
|-damage|p2a: acid eyes|84/100|[from] Spikes
|
|-weather|Sandstorm|[upkeep]
|-damage|p1a: Blissey|32/100|[from] Sandstorm
|-heal|p2a: acid eyes|90/100|[from] item: Leftovers
|-heal|p1a: Blissey|39/100|[from] item: Leftovers
|upkeep
|turn|22
|inactive|blyargh has 270 seconds left.
|inactive|scootymcbooty123 has 270 seconds left.
|
|t:|1731194519
|switch|p1a: Moltres|Moltres|100/100
|move|p2a: acid eyes|Calm Mind|p2a: acid eyes
|-boost|p2a: acid eyes|spa|1
|-boost|p2a: acid eyes|spd|1
|
|-weather|Sandstorm|[upkeep]
|-damage|p1a: Moltres|94/100|[from] Sandstorm
|-heal|p1a: Moltres|100/100|[from] item: Leftovers
|-heal|p2a: acid eyes|96/100|[from] item: Leftovers
|upkeep
|turn|23
|
|t:|1731194530
|move|p1a: Moltres|Flamethrower|p2a: acid eyes
|-supereffective|p2a: acid eyes
|-damage|p2a: acid eyes|46/100
|move|p2a: acid eyes|Thunder|p1a: Moltres
|-supereffective|p1a: Moltres
|-damage|p1a: Moltres|0 fnt
|faint|p1a: Moltres
|
|t:|1731194538
|switch|p1a: Jirachi|Jirachi|66/100
|
|-weather|Sandstorm|[upkeep]
|-heal|p1a: Jirachi|73/100|[from] item: Leftovers
|-heal|p2a: acid eyes|52/100|[from] item: Leftovers
|upkeep
|turn|24
|
|t:|1731194559
|move|p1a: Jirachi|Calm Mind|p1a: Jirachi
|-boost|p1a: Jirachi|spa|1
|-boost|p1a: Jirachi|spd|1
|move|p2a: acid eyes|Thunder|p1a: Jirachi
|-crit|p1a: Jirachi
|-damage|p1a: Jirachi|0 fnt
|faint|p1a: Jirachi
|
|t:|1731194564
|switch|p1a: Blissey|Blissey, F|39/100
|
|-weather|Sandstorm|[upkeep]
|-damage|p1a: Blissey|32/100|[from] Sandstorm
|-heal|p2a: acid eyes|58/100|[from] item: Leftovers
|-heal|p1a: Blissey|39/100|[from] item: Leftovers
|upkeep
|turn|25
|c|☆blyargh|alright
|c|+aplaguedoc|assalto
|c|+aplaguedoc|a mao armada
|c|+aplaguedoc|pqp
|
|t:|1731194589
|move|p2a: acid eyes|Calm Mind|p2a: acid eyes
|-boost|p2a: acid eyes|spa|1
|-boost|p2a: acid eyes|spd|1
|move|p1a: Blissey|Soft-Boiled|p1a: Blissey
|-heal|p1a: Blissey|89/100
|
|-weather|Sandstorm|[upkeep]
|-damage|p1a: Blissey|82/100|[from] Sandstorm
|-heal|p2a: acid eyes|64/100|[from] item: Leftovers
|-heal|p1a: Blissey|89/100|[from] item: Leftovers
|upkeep
|turn|26
|c|+aplaguedoc|roubaram meu mlhr amigo bolas do zard
|
|t:|1731194598
|move|p2a: acid eyes|Calm Mind|p2a: acid eyes
|-boost|p2a: acid eyes|spa|1
|-boost|p2a: acid eyes|spd|1
|move|p1a: Blissey|Thunderbolt|p2a: acid eyes
|-damage|p2a: acid eyes|56/100
|
|-weather|Sandstorm|[upkeep]
|-damage|p1a: Blissey|82/100|[from] Sandstorm
|-heal|p2a: acid eyes|62/100|[from] item: Leftovers
|-heal|p1a: Blissey|89/100|[from] item: Leftovers
|upkeep
|turn|27
|
|t:|1731194603
|move|p2a: acid eyes|Ice Punch|p1a: Blissey
|-damage|p1a: Blissey|68/100
|move|p1a: Blissey|Thunderbolt|p2a: acid eyes
|-damage|p2a: acid eyes|53/100
|
|-weather|Sandstorm|[upkeep]
|-damage|p1a: Blissey|62/100|[from] Sandstorm
|-heal|p2a: acid eyes|60/100|[from] item: Leftovers
|-heal|p1a: Blissey|68/100|[from] item: Leftovers
|upkeep
|turn|28
|
|t:|1731194606
|move|p2a: acid eyes|Thunder|p1a: Blissey|[miss]
|-miss|p2a: acid eyes|p1a: Blissey
|move|p1a: Blissey|Soft-Boiled|p1a: Blissey
|-heal|p1a: Blissey|100/100
|
|-weather|Sandstorm|[upkeep]
|-damage|p1a: Blissey|94/100|[from] Sandstorm
|-heal|p2a: acid eyes|66/100|[from] item: Leftovers
|-heal|p1a: Blissey|100/100|[from] item: Leftovers
|upkeep
|turn|29
|
|t:|1731194609
|move|p2a: acid eyes|Thunder|p1a: Blissey|[miss]
|-miss|p2a: acid eyes|p1a: Blissey
|move|p1a: Blissey|Thunderbolt|p2a: acid eyes
|-crit|p2a: acid eyes
|-damage|p2a: acid eyes|22/100
|-status|p2a: acid eyes|par
|
|-weather|Sandstorm|[upkeep]
|-damage|p1a: Blissey|94/100|[from] Sandstorm
|-heal|p1a: Blissey|100/100|[from] item: Leftovers
|-heal|p2a: acid eyes|28/100 par|[from] item: Leftovers
|upkeep
|turn|30
|c|+leoperi99|dale blissey
|inactive|scootymcbooty123 has 270 seconds left.
|
|t:|1731194624
|move|p1a: Blissey|Thunderbolt|p2a: acid eyes
|-damage|p2a: acid eyes|20/100 par
|move|p2a: acid eyes|Thunder|p1a: Blissey
|-damage|p1a: Blissey|68/100
|
|-weather|Sandstorm|[upkeep]
|-damage|p1a: Blissey|62/100|[from] Sandstorm
|-heal|p1a: Blissey|68/100|[from] item: Leftovers
|-heal|p2a: acid eyes|26/100 par|[from] item: Leftovers
|upkeep
|turn|31
|inactive|scootymcbooty123 has 270 seconds left.
|
|t:|1731194637
|move|p1a: Blissey|Thunderbolt|p2a: acid eyes
|-damage|p2a: acid eyes|18/100 par
|cant|p2a: acid eyes|par
|
|-weather|Sandstorm|[upkeep]
|-damage|p1a: Blissey|62/100|[from] Sandstorm
|-heal|p1a: Blissey|68/100|[from] item: Leftovers
|-heal|p2a: acid eyes|24/100 par|[from] item: Leftovers
|upkeep
|turn|32
|
|t:|1731194642
|move|p1a: Blissey|Thunderbolt|p2a: acid eyes
|-damage|p2a: acid eyes|16/100 par
|move|p2a: acid eyes|Thunder|p1a: Blissey
|-damage|p1a: Blissey|32/100
|-status|p1a: Blissey|par
|
|-weather|Sandstorm|[upkeep]
|-damage|p1a: Blissey|26/100 par|[from] Sandstorm
|-heal|p2a: acid eyes|22/100 par|[from] item: Leftovers
|-heal|p1a: Blissey|32/100 par|[from] item: Leftovers
|upkeep
|turn|33
|
|t:|1731194647
|move|p2a: acid eyes|Thunder|p1a: Blissey
|-damage|p1a: Blissey|0 fnt
|faint|p1a: Blissey
|
|win|scootymcbooty123
|c|☆scootymcbooty123|ggs
|c|☆blyargh|gg
|c|☆scootymcbooty123|sry bout hte crit
|player|p1|
|player|p1|blyargh|#advpliv|
|c|☆blyargh|yea
|c|☆blyargh|happens
|player|p1|

</script>
<script type="application/json" class="data" id="replaydata-smogtours-gen3ou-805606">
{"id":"smogtours-gen3ou-805606","format":"[Gen 3] OU","players":["blyargh","scootymcbooty123"],"uploadtime":1731194647,"views":24,"formatid":"gen3ou","rating":null,"private":0,"password":null}
</script>

<script defer src="js/replays.js?9d40a366"></script>
