<!DOCTYPE html>
<meta charset="utf-8" />
<meta name="viewport" content="width=device-width" />

<title>[Gen 3] OU: EpiclyEpicGamerW vs. BeVreeze - Replays - Pok&eacute;mon Showdown!</title>

<meta name="description" content="Watch a replay of a Pok&eacute;mon battle between EpiclyEpicGamerW and BeVreeze! Format: [Gen 3] OU; Date: Oct 14, 2024" />
<!--

Hey, you! Looking in the source for the replay log?

You can find them in JSON format, just add `.json` at the end of a replay URL.

https://replay.pokemonshowdown.com/gen7randomdoublesbattle-865046831.json

Or, if you only need the log itself, add `.log` instead:

https://replay.pokemonshowdown.com/gen7randomdoublesbattle-865046831.log

-->

<link rel="stylesheet" href="//pokemonshowdown.com/style/global.css?0.023195364461161105" />
<link rel="stylesheet" href="//play.pokemonshowdown.com/style/font-awesome.css?0.13261647063804238" />
<link rel="stylesheet" href="//play.pokemonshowdown.com/style/battle.css?0.8753245789963631" />
<link rel="stylesheet" href="//play.pokemonshowdown.com/style/utilichart.css?0.8627959624976733" />

<!-- Global site tag (gtag.js) - Google Analytics -->
<script async src="https://www.googletagmanager.com/gtag/js?id=UA-26211653-1"></script>
<script>
  window.dataLayer = window.dataLayer || [];
  function gtag(){dataLayer.push(arguments);}
  gtag('js', new Date());

  gtag('config', 'UA-26211653-1');
</script>
<!-- End Google Analytics -->
<!-- Venatus Ad Manager - Install in <HEAD> of page -->
	<script src="https://hb.vntsm.com/v3/live/ad-manager.min.js" type="text/javascript" data-site-id="642aba63ec9a7b11c3c9c1be" data-mode="scan" async></script>
<!-- / Venatus Ad Manager -->

<style>
	@media (max-width:820px) {
		.battle {
			margin: 0 auto;
		}
		.battle-log {
			margin: 7px auto 0;
			max-width: 640px;
			height: 300px;
			position: static;
		}
	}
	.optgroup {
		display: inline-block;
		line-height: 22px;
		font-size: 10pt;
	}
	.optgroup .button {
		height: 25px;
		padding-top: 0;
		padding-bottom: 0;
	}
	.optgroup button.button {
		padding-left: 12px;
		padding-right: 12px;
	}
	.linklist {
		list-style: none;
		margin: 0.5em 0;
		padding: 0;
	}
	.linklist li {
		padding: 2px 0;
	}
	.sidebar {
		float: left;
		width: 320px;
	}
	.bar-wrapper {
		max-width: 1100px;
		margin: 0 auto;
	}
	.bar-wrapper.has-sidebar {
		max-width: 1430px;
	}
	.mainbar {
		margin: 0;
		padding-right: 1px;
	}
	.mainbar.has-sidebar {
		margin-left: 330px;
	}
	@media (min-width: 1511px) {
		.sidebar {
			width: 400px;
		}
		.bar-wrapper.has-sidebar {
			max-width: 1510px;
		}
		.mainbar.has-sidebar {
			margin-left: 410px;
		}
	}
	.section.first-section {
		margin-top: 9px;
	}
	.blocklink small {
		white-space: normal;
	}
	.button {
		vertical-align: middle;
	}
	.replay-controls {
		padding-top: 10px;
	}
	.replay-controls h1 {
		font-size: 16pt;
		font-weight: normal;
		color: #CCC;
	}
	.pagelink {
		text-align: center;
	}
	.pagelink a {
		width: 150px;
	}
	.textbox, .button {
		font-size: 11pt;
		vertical-align: middle;
	}
	@media (max-width: 450px) {
		.button {
			font-size: 9pt;
		}
	}
</style>

<div>

	<header>
		<div class="nav-wrapper"><ul class="nav">
			<li><a class="button nav-first" href="//pokemonshowdown.com/"><img src="//pokemonshowdown.com/images/pokemonshowdownbeta.png" srcset="//pokemonshowdown.com/images/pokemonshowdownbeta.png 1x, //pokemonshowdown.com/images/pokemonshowdownbeta@2x.png 2x" alt="Pok&eacute;mon Showdown" width="146" height="44" /> Home</a></li>
			<li><a class="button" href="//pokemonshowdown.com/dex/">Pok&eacute;dex</a></li>
			<li><a class="button cur" href="/">Replays</a></li>
			<li><a class="button" href="//pokemonshowdown.com/ladder/">Ladder</a></li>
			<li><a class="button nav-last" href="//pokemonshowdown.com/forums/">Forum</a></li>
			<li><a class="button greenbutton nav-first nav-last" href="//play.pokemonshowdown.com/">Play</a></li>
		</ul></div>
	</header>

	<div class="main" id="main">

		<noscript><section class="section">You need to enable JavaScript to use this page; sorry!</section></noscript>

	</div>

</div>

<script defer nomodule src="//play.pokemonshowdown.com/js/lib/ps-polyfill.js"></script>
<script defer src="//play.pokemonshowdown.com/js/lib/preact.min.js"></script>

<script defer src="//play.pokemonshowdown.com/config/config.js?2bddbc15"></script>
<script defer src="//play.pokemonshowdown.com/js/lib/jquery-1.11.0.min.js"></script>
<script defer src="//play.pokemonshowdown.com/js/lib/html-sanitizer-minified.js"></script>
<script defer src="//play.pokemonshowdown.com/js/battle-sound.js"></script>
<script defer src="//play.pokemonshowdown.com/js/battledata.js?0.7209276989879541"></script>
<script defer src="//play.pokemonshowdown.com/data/pokedex-mini.js?0.6111056340867951"></script>
<script defer src="//play.pokemonshowdown.com/data/pokedex-mini-bw.js?0.3532142036491459"></script>
<script defer src="//play.pokemonshowdown.com/data/graphics.js?0.24223875632456182"></script>
<script defer src="//play.pokemonshowdown.com/data/pokedex.js?0.38839984266356864"></script>
<script defer src="//play.pokemonshowdown.com/data/moves.js?0.21866028504024015"></script>
<script defer src="//play.pokemonshowdown.com/data/abilities.js?0.2005157953846628"></script>
<script defer src="//play.pokemonshowdown.com/data/items.js?0.9894211263848525"></script>
<script defer src="//play.pokemonshowdown.com/data/teambuilder-tables.js?0.6008791140282215"></script>
<script defer src="//play.pokemonshowdown.com/js/battle-tooltips.js?0.7580118955022959"></script>
<script defer src="//play.pokemonshowdown.com/js/battle.js?0.6057722274234274"></script>

<script defer src="js/utils.js?e31f9a17"></script>
<script defer src="js/replays-battle.js?7008c182"></script>

<!-- don't scrape this data! just add .json or .log after the URL!
Full API docs: https://github.com/smogon/pokemon-showdown-client/blob/master/WEB-API.md -->
<script type="text/plain" class="log" id="replaylog-smogtours-gen3ou-798707">
|inactive|Battle timer is ON: inactive players will automatically lose when time's up.
|t:|1728932732
|gametype|singles
|player|p1|EpiclyEpicGamerW|red-masters|
|player|p2|BeVreeze|2|
|teamsize|p1|6
|teamsize|p2|6
|gen|3
|tier|[Gen 3] OU
|rule|Sleep Clause Mod: Limit one foe put to sleep
|rule|Switch Priority Clause Mod: Faster Pokémon switch first
|rule|Species Clause: Limit one of each Pokémon
|rule|OHKO Clause: OHKO moves are banned
|rule|Evasion Items Clause: Evasion items are banned
|rule|Evasion Moves Clause: Evasion moves are banned
|rule|Endless Battle Clause: Forcing endless battles is banned
|rule|HP Percentage Mod: HP is shown in percentages
|rule|One Boost Passer Clause: Limit one Baton Passer that has a way to boost its stats
|rule|Freeze Clause Mod: Limit one foe frozen
|
|t:|1728932732
|start
|switch|p1a: Skarmory|Skarmory, F|100/100
|switch|p2a: Arcanine|Arcanine, F|100/100
|-ability|p2a: Arcanine|Intimidate|boost
|-unboost|p1a: Skarmory|atk|1
|turn|1
|
|t:|1728932755
|switch|p1a: Swampert|Swampert, F|100/100
|move|p2a: Arcanine|Fire Blast|p1a: Swampert
|-resisted|p1a: Swampert
|-damage|p1a: Swampert|82/100
|
|-heal|p1a: Swampert|88/100|[from] item: Leftovers
|upkeep
|turn|2
|
|t:|1728932779
|move|p2a: Arcanine|Toxic|p1a: Swampert
|-status|p1a: Swampert|tox
|move|p1a: Swampert|Hydro Pump|p2a: Arcanine|[miss]
|-miss|p1a: Swampert|p2a: Arcanine
|
|-heal|p1a: Swampert|95/100 tox|[from] item: Leftovers
|-damage|p1a: Swampert|88/100 tox|[from] psn
|upkeep
|turn|3
|
|t:|1728932788
|switch|p2a: Blissey|Blissey, F|100/100
|move|p1a: Swampert|Hydro Pump|p2a: Blissey
|-damage|p2a: Blissey|86/100
|
|-heal|p1a: Swampert|95/100 tox|[from] item: Leftovers
|-damage|p1a: Swampert|82/100 tox|[from] psn
|-heal|p2a: Blissey|92/100|[from] item: Leftovers
|upkeep
|turn|4
|
|t:|1728932801
|switch|p1a: Skarmory|Skarmory, F|100/100
|move|p2a: Blissey|Seismic Toss|p1a: Skarmory
|-damage|p1a: Skarmory|71/100
|
|-heal|p1a: Skarmory|77/100|[from] item: Leftovers
|-heal|p2a: Blissey|98/100|[from] item: Leftovers
|upkeep
|turn|5
|
|t:|1728932806
|move|p1a: Skarmory|Toxic|p2a: Blissey
|-status|p2a: Blissey|tox
|move|p2a: Blissey|Thunder Wave|p1a: Skarmory
|-status|p1a: Skarmory|par
|
|-heal|p2a: Blissey|100/100 tox|[from] item: Leftovers
|-damage|p2a: Blissey|94/100 tox|[from] psn
|-heal|p1a: Skarmory|83/100 par|[from] item: Leftovers
|upkeep
|turn|6
|
|t:|1728932813
|-curestatus|p2a: Blissey|tox|[from] ability: Natural Cure
|switch|p2a: Arcanine|Arcanine, F|100/100
|-ability|p2a: Arcanine|Intimidate|boost
|-unboost|p1a: Skarmory|atk|1
|cant|p1a: Skarmory|par
|
|-heal|p1a: Skarmory|89/100 par|[from] item: Leftovers
|upkeep
|turn|7
|
|t:|1728932831
|switch|p1a: Tyranitar|Tyranitar, F|100/100
|-weather|Sandstorm|[from] ability: Sand Stream|[of] p1a: Tyranitar
|move|p2a: Arcanine|Fire Blast|p1a: Tyranitar|[miss]
|-miss|p2a: Arcanine|p1a: Tyranitar
|
|-weather|Sandstorm|[upkeep]
|-damage|p2a: Arcanine|94/100|[from] Sandstorm
|-heal|p2a: Arcanine|100/100|[from] item: Leftovers
|upkeep
|turn|8
|
|t:|1728932849
|switch|p2a: Steelix|Steelix, M|100/100
|move|p1a: Tyranitar|Rock Slide|p2a: Steelix|[miss]
|-miss|p1a: Tyranitar|p2a: Steelix
|
|-weather|Sandstorm|[upkeep]
|upkeep
|turn|9
|
|t:|1728932853
|switch|p1a: Skarmory|Skarmory, F|89/100 par
|move|p2a: Steelix|Earthquake|p1a: Skarmory
|-immune|p1a: Skarmory
|
|-weather|Sandstorm|[upkeep]
|-heal|p1a: Skarmory|95/100 par|[from] item: Leftovers
|upkeep
|turn|10
|
|t:|1728932861
|switch|p2a: Arcanine|Arcanine, F|100/100
|-ability|p2a: Arcanine|Intimidate|boost
|-unboost|p1a: Skarmory|atk|1
|cant|p1a: Skarmory|par
|
|-weather|Sandstorm|[upkeep]
|-damage|p2a: Arcanine|94/100|[from] Sandstorm
|-heal|p2a: Arcanine|100/100|[from] item: Leftovers
|-heal|p1a: Skarmory|100/100 par|[from] item: Leftovers
|upkeep
|turn|11
|
|t:|1728932868
|switch|p1a: Swampert|Swampert, F|82/100 tox
|move|p2a: Arcanine|Fire Blast|p1a: Swampert
|-resisted|p1a: Swampert
|-damage|p1a: Swampert|64/100 tox
|
|-weather|Sandstorm|[upkeep]
|-damage|p2a: Arcanine|94/100|[from] Sandstorm
|-heal|p2a: Arcanine|100/100|[from] item: Leftovers
|-heal|p1a: Swampert|71/100 tox|[from] item: Leftovers
|-damage|p1a: Swampert|64/100 tox|[from] psn
|upkeep
|turn|12
|
|t:|1728932878
|switch|p2a: Blissey|Blissey, F|94/100
|switch|p1a: Skarmory|Skarmory, F|100/100 par
|
|-weather|Sandstorm|[upkeep]
|-damage|p2a: Blissey|88/100|[from] Sandstorm
|-heal|p2a: Blissey|94/100|[from] item: Leftovers
|upkeep
|turn|13
|
|t:|1728932886
|switch|p2a: Arcanine|Arcanine, F|100/100
|-ability|p2a: Arcanine|Intimidate|boost
|-unboost|p1a: Skarmory|atk|1
|move|p1a: Skarmory|Spikes|p2a: Arcanine
|-sidestart|p2: BeVreeze|Spikes
|
|-weather|Sandstorm|[upkeep]
|-damage|p2a: Arcanine|94/100|[from] Sandstorm
|-heal|p2a: Arcanine|100/100|[from] item: Leftovers
|upkeep
|turn|14
|
|t:|1728932892
|switch|p1a: Tyranitar|Tyranitar, F|100/100
|move|p2a: Arcanine|Fire Blast|p1a: Tyranitar|[miss]
|-miss|p2a: Arcanine|p1a: Tyranitar
|
|-weather|Sandstorm|[upkeep]
|-damage|p2a: Arcanine|94/100|[from] Sandstorm
|-heal|p2a: Arcanine|100/100|[from] item: Leftovers
|upkeep
|turn|15
|
|t:|1728932905
|move|p2a: Arcanine|Hidden Power|p1a: Tyranitar
|-supereffective|p1a: Tyranitar
|-damage|p1a: Tyranitar|27/100
|move|p1a: Tyranitar|Earthquake|p2a: Arcanine
|-supereffective|p2a: Arcanine
|-damage|p2a: Arcanine|0 fnt
|faint|p2a: Arcanine
|
|t:|1728932921
|switch|p2a: Moltres|Moltres|100/100
|
|-weather|Sandstorm|[upkeep]
|-damage|p2a: Moltres|94/100|[from] Sandstorm
|-heal|p2a: Moltres|100/100|[from] item: Leftovers
|-heal|p1a: Tyranitar|33/100|[from] item: Leftovers
|upkeep
|turn|16
|
|t:|1728932932
|switch|p1a: Blissey|Blissey, F, shiny|100/100
|move|p2a: Moltres|Fire Blast|p1a: Blissey
|-damage|p1a: Blissey|71/100
|
|-weather|Sandstorm|[upkeep]
|-damage|p2a: Moltres|94/100|[from] Sandstorm
|-damage|p1a: Blissey|65/100|[from] Sandstorm
|-heal|p2a: Moltres|100/100|[from] item: Leftovers
|-heal|p1a: Blissey|71/100|[from] item: Leftovers
|upkeep
|turn|17
|
|t:|1728932938
|switch|p2a: Hitmontop|Hitmontop, M|100/100
|-damage|p2a: Hitmontop|88/100|[from] Spikes
|-ability|p2a: Hitmontop|Intimidate|boost
|-unboost|p1a: Blissey|atk|1
|move|p1a: Blissey|Toxic|p2a: Hitmontop
|-status|p2a: Hitmontop|tox
|
|-weather|Sandstorm|[upkeep]
|-damage|p2a: Hitmontop|82/100 tox|[from] Sandstorm
|-damage|p1a: Blissey|65/100|[from] Sandstorm
|-heal|p2a: Hitmontop|88/100 tox|[from] item: Leftovers
|-damage|p2a: Hitmontop|82/100 tox|[from] psn
|-heal|p1a: Blissey|71/100|[from] item: Leftovers
|upkeep
|turn|18
|
|t:|1728932949
|switch|p1a: Skarmory|Skarmory, F|100/100 par
|move|p2a: Hitmontop|Rapid Spin|p1a: Skarmory
|-resisted|p1a: Skarmory
|-damage|p1a: Skarmory|98/100 par
|-sideend|p2: BeVreeze|Spikes|[from] move: Rapid Spin|[of] p2a: Hitmontop
|
|-weather|Sandstorm|[upkeep]
|-damage|p2a: Hitmontop|76/100 tox|[from] Sandstorm
|-heal|p2a: Hitmontop|82/100 tox|[from] item: Leftovers
|-damage|p2a: Hitmontop|70/100 tox|[from] psn
|-heal|p1a: Skarmory|100/100 par|[from] item: Leftovers
|upkeep
|turn|19
|
|t:|1728932958
|switch|p2a: Moltres|Moltres|100/100
|move|p1a: Skarmory|Toxic|p2a: Moltres
|-status|p2a: Moltres|tox
|
|-weather|Sandstorm|[upkeep]
|-damage|p2a: Moltres|94/100 tox|[from] Sandstorm
|-heal|p2a: Moltres|100/100 tox|[from] item: Leftovers
|-damage|p2a: Moltres|94/100 tox|[from] psn
|upkeep
|turn|20
|
|t:|1728932965
|switch|p1a: Starmie|Starmie|100/100
|move|p2a: Moltres|Sunny Day|p2a: Moltres
|-weather|SunnyDay
|
|-weather|SunnyDay|[upkeep]
|-heal|p2a: Moltres|100/100 tox|[from] item: Leftovers
|-damage|p2a: Moltres|88/100 tox|[from] psn
|upkeep
|turn|21
|
|t:|1728932973
|switch|p1a: Tyranitar|Tyranitar, F|33/100
|-weather|Sandstorm|[from] ability: Sand Stream|[of] p1a: Tyranitar
|switch|p2a: Vileplume|Vileplume, M|100/100
|
|-weather|Sandstorm|[upkeep]
|-damage|p2a: Vileplume|94/100|[from] Sandstorm
|-heal|p2a: Vileplume|100/100|[from] item: Leftovers
|-heal|p1a: Tyranitar|39/100|[from] item: Leftovers
|upkeep
|turn|22
|
|t:|1728932988
|move|p2a: Vileplume|Sleep Powder|p1a: Tyranitar
|-status|p1a: Tyranitar|slp|[from] move: Sleep Powder
|cant|p1a: Tyranitar|slp
|
|-weather|Sandstorm|[upkeep]
|-damage|p2a: Vileplume|94/100|[from] Sandstorm
|-heal|p2a: Vileplume|100/100|[from] item: Leftovers
|-heal|p1a: Tyranitar|46/100 slp|[from] item: Leftovers
|upkeep
|turn|23
|
|t:|1728933003
|switch|p1a: Blissey|Blissey, F, shiny|71/100
|move|p2a: Vileplume|Sunny Day|p2a: Vileplume
|-weather|SunnyDay
|
|-weather|SunnyDay|[upkeep]
|-heal|p1a: Blissey|77/100|[from] item: Leftovers
|upkeep
|turn|24
|
|t:|1728933017
|switch|p2a: Blissey|Blissey, F|94/100
|move|p1a: Blissey|Fire Blast|p2a: Blissey
|-damage|p2a: Blissey|76/100
|
|-weather|SunnyDay|[upkeep]
|-heal|p1a: Blissey|84/100|[from] item: Leftovers
|-heal|p2a: Blissey|82/100|[from] item: Leftovers
|upkeep
|turn|25
|
|t:|1728933033
|switch|p1a: Tyranitar|Tyranitar, F|46/100 slp
|-weather|Sandstorm|[from] ability: Sand Stream|[of] p1a: Tyranitar
|move|p2a: Blissey|Thunder Wave||[still]
|-fail|p2a: Blissey
|
|-weather|Sandstorm|[upkeep]
|-damage|p2a: Blissey|76/100|[from] Sandstorm
|-heal|p1a: Tyranitar|52/100 slp|[from] item: Leftovers
|-heal|p2a: Blissey|82/100|[from] item: Leftovers
|upkeep
|turn|26
|
|t:|1728933046
|switch|p1a: Skarmory|Skarmory, F|100/100 par
|move|p2a: Blissey|Seismic Toss|p1a: Skarmory
|-damage|p1a: Skarmory|71/100 par
|
|-weather|Sandstorm|[upkeep]
|-damage|p2a: Blissey|76/100|[from] Sandstorm
|-heal|p2a: Blissey|82/100|[from] item: Leftovers
|-heal|p1a: Skarmory|77/100 par|[from] item: Leftovers
|upkeep
|turn|27
|
|t:|1728933050
|move|p2a: Blissey|Seismic Toss|p1a: Skarmory
|-damage|p1a: Skarmory|47/100 par
|cant|p1a: Skarmory|par
|
|-weather|Sandstorm|[upkeep]
|-damage|p2a: Blissey|76/100|[from] Sandstorm
|-heal|p2a: Blissey|82/100|[from] item: Leftovers
|-heal|p1a: Skarmory|53/100 par|[from] item: Leftovers
|upkeep
|turn|28
|
|t:|1728933053
|cant|p1a: Skarmory|par
|move|p2a: Blissey|Seismic Toss|p1a: Skarmory
|-damage|p1a: Skarmory|23/100 par
|
|-weather|Sandstorm|[upkeep]
|-damage|p2a: Blissey|76/100|[from] Sandstorm
|-heal|p2a: Blissey|82/100|[from] item: Leftovers
|-heal|p1a: Skarmory|29/100 par|[from] item: Leftovers
|upkeep
|turn|29
|
|t:|1728933058
|move|p2a: Blissey|Seismic Toss|p1a: Skarmory
|-damage|p1a: Skarmory|0 fnt
|faint|p1a: Skarmory
|
|t:|1728933067
|switch|p1a: Gengar|Gengar, F|100/100
|
|-weather|Sandstorm|[upkeep]
|-damage|p1a: Gengar|95/100|[from] Sandstorm
|-damage|p2a: Blissey|76/100|[from] Sandstorm
|-heal|p1a: Gengar|100/100|[from] item: Leftovers
|-heal|p2a: Blissey|82/100|[from] item: Leftovers
|upkeep
|turn|30
|
|t:|1728933073
|move|p1a: Gengar|Will-O-Wisp|p2a: Blissey
|-status|p2a: Blissey|brn
|move|p2a: Blissey|Thunder Wave|p1a: Gengar
|-status|p1a: Gengar|par
|
|-weather|Sandstorm|[upkeep]
|-damage|p2a: Blissey|76/100 brn|[from] Sandstorm
|-damage|p1a: Gengar|95/100 par|[from] Sandstorm
|-heal|p2a: Blissey|82/100 brn|[from] item: Leftovers
|-damage|p2a: Blissey|70/100 brn|[from] brn
|-heal|p1a: Gengar|100/100 par|[from] item: Leftovers
|upkeep
|turn|31
|
|t:|1728933077
|move|p2a: Blissey|Soft-Boiled|p2a: Blissey
|-heal|p2a: Blissey|100/100 brn
|move|p1a: Gengar|Explosion|p2a: Blissey
|-damage|p2a: Blissey|38/100 brn
|faint|p1a: Gengar
|
|t:|1728933103
|switch|p1a: Tyranitar|Tyranitar, F|52/100 slp
|
|-weather|Sandstorm|[upkeep]
|-damage|p2a: Blissey|31/100 brn|[from] Sandstorm
|-heal|p1a: Tyranitar|58/100 slp|[from] item: Leftovers
|-heal|p2a: Blissey|38/100 brn|[from] item: Leftovers
|-damage|p2a: Blissey|25/100 brn|[from] brn
|upkeep
|turn|32
|
|t:|1728933111
|-singleturn|p1a: Tyranitar|move: Focus Punch
|move|p2a: Blissey|Soft-Boiled|p2a: Blissey
|-heal|p2a: Blissey|75/100 brn
|cant|p1a: Tyranitar|slp
|
|-weather|Sandstorm|[upkeep]
|-damage|p2a: Blissey|69/100 brn|[from] Sandstorm
|-heal|p1a: Tyranitar|64/100 slp|[from] item: Leftovers
|-heal|p2a: Blissey|75/100 brn|[from] item: Leftovers
|-damage|p2a: Blissey|63/100 brn|[from] brn
|upkeep
|turn|33
|
|t:|1728933139
|-curestatus|p2a: Blissey|brn|[from] ability: Natural Cure
|switch|p2a: Vileplume|Vileplume, M|100/100
|cant|p1a: Tyranitar|slp
|
|-weather|Sandstorm|[upkeep]
|-damage|p2a: Vileplume|94/100|[from] Sandstorm
|-heal|p2a: Vileplume|100/100|[from] item: Leftovers
|-heal|p1a: Tyranitar|70/100 slp|[from] item: Leftovers
|upkeep
|turn|34
|
|t:|1728933144
|move|p2a: Vileplume|Sunny Day|p2a: Vileplume
|-weather|SunnyDay
|cant|p1a: Tyranitar|slp
|
|-weather|SunnyDay|[upkeep]
|-heal|p1a: Tyranitar|77/100 slp|[from] item: Leftovers
|upkeep
|turn|35
|
|t:|1728933148
|switch|p1a: Blissey|Blissey, F, shiny|84/100
|move|p2a: Vileplume|Solar Beam||[still]
|-prepare|p2a: Vileplume|Solar Beam
|-anim|p2a: Vileplume|Solar Beam|p1a: Blissey
|-crit|p1a: Blissey
|-damage|p1a: Blissey|35/100
|
|-weather|SunnyDay|[upkeep]
|-heal|p1a: Blissey|41/100|[from] item: Leftovers
|upkeep
|turn|36
|
|t:|1728933156
|switch|p2a: Hitmontop|Hitmontop, M|70/100 tox
|-ability|p2a: Hitmontop|Intimidate|boost
|-unboost|p1a: Blissey|atk|1
|move|p1a: Blissey|Soft-Boiled|p1a: Blissey
|-heal|p1a: Blissey|91/100
|
|-weather|SunnyDay|[upkeep]
|-heal|p2a: Hitmontop|76/100 tox|[from] item: Leftovers
|-damage|p2a: Hitmontop|70/100 tox|[from] psn
|-heal|p1a: Blissey|97/100|[from] item: Leftovers
|upkeep
|turn|37
|
|t:|1728933162
|switch|p1a: Starmie|Starmie|100/100
|move|p2a: Hitmontop|Brick Break|p1a: Starmie
|-resisted|p1a: Starmie
|-damage|p1a: Starmie|74/100
|
|-weather|SunnyDay|[upkeep]
|-heal|p1a: Starmie|80/100|[from] item: Leftovers
|-heal|p2a: Hitmontop|76/100 tox|[from] item: Leftovers
|-damage|p2a: Hitmontop|64/100 tox|[from] psn
|upkeep
|turn|38
|
|t:|1728933170
|switch|p1a: Tyranitar|Tyranitar, F|77/100 slp
|-weather|Sandstorm|[from] ability: Sand Stream|[of] p1a: Tyranitar
|switch|p2a: Vileplume|Vileplume, M|100/100
|
|-weather|Sandstorm|[upkeep]
|-damage|p2a: Vileplume|94/100|[from] Sandstorm
|-heal|p2a: Vileplume|100/100|[from] item: Leftovers
|-heal|p1a: Tyranitar|83/100 slp|[from] item: Leftovers
|upkeep
|turn|39
|
|t:|1728933176
|switch|p1a: Blissey|Blissey, F, shiny|97/100
|move|p2a: Vileplume|Sunny Day|p2a: Vileplume
|-weather|SunnyDay
|
|-weather|SunnyDay|[upkeep]
|-heal|p1a: Blissey|100/100|[from] item: Leftovers
|upkeep
|turn|40
|
|t:|1728933181
|switch|p2a: Blissey|Blissey, F|63/100
|switch|p1a: Tyranitar|Tyranitar, F|83/100 slp
|-weather|Sandstorm|[from] ability: Sand Stream|[of] p1a: Tyranitar
|
|-weather|Sandstorm|[upkeep]
|-damage|p2a: Blissey|57/100|[from] Sandstorm
|-heal|p1a: Tyranitar|89/100 slp|[from] item: Leftovers
|-heal|p2a: Blissey|63/100|[from] item: Leftovers
|upkeep
|turn|41
|
|t:|1728933187
|-curestatus|p1a: Tyranitar|slp|[msg]
|move|p1a: Tyranitar|Rock Slide|p2a: Blissey
|-damage|p2a: Blissey|25/100
|cant|p2a: Blissey|flinch
|
|-weather|Sandstorm|[upkeep]
|-damage|p2a: Blissey|19/100|[from] Sandstorm
|-heal|p1a: Tyranitar|95/100|[from] item: Leftovers
|-heal|p2a: Blissey|25/100|[from] item: Leftovers
|upkeep
|turn|42
|
|t:|1728933207
|move|p1a: Tyranitar|Earthquake|p2a: Blissey
|-damage|p2a: Blissey|0 fnt
|faint|p2a: Blissey
|
|t:|1728933210
|switch|p2a: Steelix|Steelix, M|100/100
|
|-weather|Sandstorm|[upkeep]
|-heal|p1a: Tyranitar|100/100|[from] item: Leftovers
|upkeep
|turn|43
|
|t:|1728933215
|switch|p1a: Swampert|Swampert, F|64/100 tox
|move|p2a: Steelix|Earthquake|p1a: Swampert
|-crit|p1a: Swampert
|-damage|p1a: Swampert|23/100 tox
|
|-weather|Sandstorm|[upkeep]
|-heal|p1a: Swampert|29/100 tox|[from] item: Leftovers
|-damage|p1a: Swampert|23/100 tox|[from] psn
|upkeep
|turn|44
|
|t:|1728933228
|move|p2a: Steelix|Protect|p2a: Steelix
|-singleturn|p2a: Steelix|Protect
|move|p1a: Swampert|Hydro Pump|p2a: Steelix
|-activate|p2a: Steelix|Protect
|
|-weather|Sandstorm|[upkeep]
|-heal|p1a: Swampert|29/100 tox|[from] item: Leftovers
|-damage|p1a: Swampert|16/100 tox|[from] psn
|upkeep
|turn|45
|
|t:|1728933243
|switch|p2a: Vileplume|Vileplume, M|100/100
|move|p1a: Swampert|Hydro Pump|p2a: Vileplume
|-resisted|p2a: Vileplume
|-crit|p2a: Vileplume
|-damage|p2a: Vileplume|28/100
|
|-weather|Sandstorm|[upkeep]
|-damage|p2a: Vileplume|21/100|[from] Sandstorm
|-heal|p2a: Vileplume|28/100|[from] item: Leftovers
|-heal|p1a: Swampert|23/100 tox|[from] item: Leftovers
|-damage|p1a: Swampert|4/100 tox|[from] psn
|upkeep
|turn|46
|
|t:|1728933251
|move|p2a: Vileplume|Hidden Power|p1a: Swampert
|-damage|p1a: Swampert|0 fnt
|faint|p1a: Swampert
|
|t:|1728933254
|switch|p1a: Starmie|Starmie|80/100
|
|-weather|Sandstorm|[upkeep]
|-damage|p1a: Starmie|74/100|[from] Sandstorm
|-damage|p2a: Vileplume|21/100|[from] Sandstorm
|-heal|p1a: Starmie|80/100|[from] item: Leftovers
|-heal|p2a: Vileplume|28/100|[from] item: Leftovers
|upkeep
|turn|47
|
|t:|1728933272
|move|p1a: Starmie|Ice Beam|p2a: Vileplume
|-supereffective|p2a: Vileplume
|-damage|p2a: Vileplume|0 fnt
|faint|p2a: Vileplume
|
|t:|1728933276
|switch|p2a: Moltres|Moltres|88/100 tox
|
|-weather|Sandstorm|[upkeep]
|-damage|p1a: Starmie|74/100|[from] Sandstorm
|-damage|p2a: Moltres|82/100 tox|[from] Sandstorm
|-heal|p1a: Starmie|80/100|[from] item: Leftovers
|-heal|p2a: Moltres|88/100 tox|[from] item: Leftovers
|-damage|p2a: Moltres|82/100 tox|[from] psn
|upkeep
|turn|48
|
|t:|1728933284
|move|p1a: Starmie|Hydro Pump|p2a: Moltres|[miss]
|-miss|p1a: Starmie|p2a: Moltres
|move|p2a: Moltres|Sunny Day|p2a: Moltres
|-weather|SunnyDay
|
|-weather|SunnyDay|[upkeep]
|-heal|p1a: Starmie|86/100|[from] item: Leftovers
|-heal|p2a: Moltres|88/100 tox|[from] item: Leftovers
|-damage|p2a: Moltres|76/100 tox|[from] psn
|upkeep
|turn|49
|
|t:|1728933287
|switch|p1a: Tyranitar|Tyranitar, F|100/100
|-weather|Sandstorm|[from] ability: Sand Stream|[of] p1a: Tyranitar
|move|p2a: Moltres|Fire Blast|p1a: Tyranitar
|-resisted|p1a: Tyranitar
|-damage|p1a: Tyranitar|74/100
|
|-weather|Sandstorm|[upkeep]
|-damage|p2a: Moltres|69/100 tox|[from] Sandstorm
|-heal|p2a: Moltres|76/100 tox|[from] item: Leftovers
|-damage|p2a: Moltres|57/100 tox|[from] psn
|-heal|p1a: Tyranitar|81/100|[from] item: Leftovers
|upkeep
|turn|50
|
|t:|1728933295
|switch|p2a: Steelix|Steelix, M|100/100
|move|p1a: Tyranitar|Rock Slide|p2a: Steelix
|-resisted|p2a: Steelix
|-damage|p2a: Steelix|97/100
|
|-weather|Sandstorm|[upkeep]
|-heal|p1a: Tyranitar|87/100|[from] item: Leftovers
|-heal|p2a: Steelix|100/100|[from] item: Leftovers
|upkeep
|turn|51
|
|t:|1728933304
|move|p1a: Tyranitar|Earthquake|p2a: Steelix
|-supereffective|p2a: Steelix
|-damage|p2a: Steelix|67/100
|move|p2a: Steelix|Earthquake|p1a: Tyranitar
|-supereffective|p1a: Tyranitar
|-damage|p1a: Tyranitar|43/100
|
|-weather|Sandstorm|[upkeep]
|-heal|p1a: Tyranitar|49/100|[from] item: Leftovers
|-heal|p2a: Steelix|73/100|[from] item: Leftovers
|upkeep
|turn|52
|
|t:|1728933315
|move|p1a: Tyranitar|Earthquake|p2a: Steelix
|-supereffective|p2a: Steelix
|-damage|p2a: Steelix|43/100
|move|p2a: Steelix|Earthquake|p1a: Tyranitar
|-supereffective|p1a: Tyranitar
|-damage|p1a: Tyranitar|5/100
|
|-weather|Sandstorm|[upkeep]
|-heal|p1a: Tyranitar|11/100|[from] item: Leftovers
|-heal|p2a: Steelix|49/100|[from] item: Leftovers
|upkeep
|turn|53
|
|t:|1728933320
|move|p1a: Tyranitar|Earthquake|p2a: Steelix
|-supereffective|p2a: Steelix
|-damage|p2a: Steelix|19/100
|move|p2a: Steelix|Earthquake|p1a: Tyranitar
|-supereffective|p1a: Tyranitar
|-damage|p1a: Tyranitar|0 fnt
|faint|p1a: Tyranitar
|
|t:|1728933328
|switch|p1a: Starmie|Starmie|86/100
|
|-weather|Sandstorm|[upkeep]
|-damage|p1a: Starmie|80/100|[from] Sandstorm
|-heal|p1a: Starmie|86/100|[from] item: Leftovers
|-heal|p2a: Steelix|25/100|[from] item: Leftovers
|upkeep
|turn|54
|
|t:|1728933332
|move|p2a: Steelix|Protect|p2a: Steelix
|-singleturn|p2a: Steelix|Protect
|move|p1a: Starmie|Ice Beam|p2a: Steelix
|-activate|p2a: Steelix|Protect
|
|-weather|Sandstorm|[upkeep]
|-damage|p1a: Starmie|80/100|[from] Sandstorm
|-heal|p1a: Starmie|86/100|[from] item: Leftovers
|-heal|p2a: Steelix|31/100|[from] item: Leftovers
|upkeep
|turn|55
|
|t:|1728933338
|move|p1a: Starmie|Hydro Pump|p2a: Steelix
|-supereffective|p2a: Steelix
|-damage|p2a: Steelix|0 fnt
|faint|p2a: Steelix
|
|t:|1728933340
|switch|p2a: Moltres|Moltres|57/100 tox
|
|-weather|Sandstorm|[upkeep]
|-damage|p1a: Starmie|80/100|[from] Sandstorm
|-damage|p2a: Moltres|51/100 tox|[from] Sandstorm
|-heal|p1a: Starmie|86/100|[from] item: Leftovers
|-heal|p2a: Moltres|57/100 tox|[from] item: Leftovers
|-damage|p2a: Moltres|51/100 tox|[from] psn
|upkeep
|turn|56
|
|t:|1728933343
|move|p1a: Starmie|Thunderbolt|p2a: Moltres
|-supereffective|p2a: Moltres
|-damage|p2a: Moltres|0 fnt
|faint|p2a: Moltres
|
|t:|1728933345
|switch|p2a: Hitmontop|Hitmontop, M|64/100 tox
|-ability|p2a: Hitmontop|Intimidate|boost
|-unboost|p1a: Starmie|atk|1
|
|-weather|Sandstorm|[upkeep]
|-damage|p1a: Starmie|80/100|[from] Sandstorm
|-damage|p2a: Hitmontop|58/100 tox|[from] Sandstorm
|-heal|p1a: Starmie|86/100|[from] item: Leftovers
|-heal|p2a: Hitmontop|64/100 tox|[from] item: Leftovers
|-damage|p2a: Hitmontop|58/100 tox|[from] psn
|upkeep
|turn|57
|c|☆BeVreeze|gg
|
|t:|1728933352
|switch|p1a: Blissey|Blissey, F, shiny|100/100
|move|p2a: Hitmontop|Hidden Power|p1a: Blissey
|-immune|p1a: Blissey
|
|-weather|Sandstorm|[upkeep]
|-damage|p2a: Hitmontop|52/100 tox|[from] Sandstorm
|-damage|p1a: Blissey|94/100|[from] Sandstorm
|-heal|p2a: Hitmontop|58/100 tox|[from] item: Leftovers
|-damage|p2a: Hitmontop|46/100 tox|[from] psn
|-heal|p1a: Blissey|100/100|[from] item: Leftovers
|upkeep
|turn|58
|
|t:|1728933358
|move|p2a: Hitmontop|Brick Break|p1a: Blissey
|-supereffective|p1a: Blissey
|-damage|p1a: Blissey|31/100
|move|p1a: Blissey|Fire Blast|p2a: Hitmontop
|-damage|p2a: Hitmontop|12/100 tox
|
|-weather|Sandstorm|[upkeep]
|-damage|p2a: Hitmontop|6/100 tox|[from] Sandstorm
|-damage|p1a: Blissey|25/100|[from] Sandstorm
|-heal|p2a: Hitmontop|12/100 tox|[from] item: Leftovers
|-damage|p2a: Hitmontop|0 fnt|[from] psn
|faint|p2a: Hitmontop
|
|win|EpiclyEpicGamerW
|upkeep
|c|☆EpiclyEpicGamerW|gg

</script>
<script type="application/json" class="data" id="replaydata-smogtours-gen3ou-798707">
{"id":"smogtours-gen3ou-798707","format":"[Gen 3] OU","players":["EpiclyEpicGamerW","BeVreeze"],"uploadtime":1728933358,"views":81,"formatid":"gen3ou","rating":null,"private":0,"password":null}
</script>

<script defer src="js/replays.js?9d40a366"></script>
