<!DOCTYPE html>
<meta charset="utf-8" />
<meta name="viewport" content="width=device-width" />

<title>[Gen 3] OU: A Welcome Guest vs. dustyfans - Replays - Pok&eacute;mon Showdown!</title>

<meta name="description" content="Watch a replay of a Pok&eacute;mon battle between A Welcome Guest and dustyfans! Format: [Gen 3] OU; Date: Oct 9, 2024" />
<!--

Hey, you! Looking in the source for the replay log?

You can find them in JSON format, just add `.json` at the end of a replay URL.

https://replay.pokemonshowdown.com/gen7randomdoublesbattle-865046831.json

Or, if you only need the log itself, add `.log` instead:

https://replay.pokemonshowdown.com/gen7randomdoublesbattle-865046831.log

-->

<link rel="stylesheet" href="//pokemonshowdown.com/style/global.css?0.023195364461161105" />
<link rel="stylesheet" href="//play.pokemonshowdown.com/style/font-awesome.css?0.13261647063804238" />
<link rel="stylesheet" href="//play.pokemonshowdown.com/style/battle.css?0.8753245789963631" />
<link rel="stylesheet" href="//play.pokemonshowdown.com/style/utilichart.css?0.8627959624976733" />

<!-- Global site tag (gtag.js) - Google Analytics -->
<script async src="https://www.googletagmanager.com/gtag/js?id=UA-26211653-1"></script>
<script>
  window.dataLayer = window.dataLayer || [];
  function gtag(){dataLayer.push(arguments);}
  gtag('js', new Date());

  gtag('config', 'UA-26211653-1');
</script>
<!-- End Google Analytics -->
<!-- Venatus Ad Manager - Install in <HEAD> of page -->
	<script src="https://hb.vntsm.com/v3/live/ad-manager.min.js" type="text/javascript" data-site-id="642aba63ec9a7b11c3c9c1be" data-mode="scan" async></script>
<!-- / Venatus Ad Manager -->

<style>
	@media (max-width:820px) {
		.battle {
			margin: 0 auto;
		}
		.battle-log {
			margin: 7px auto 0;
			max-width: 640px;
			height: 300px;
			position: static;
		}
	}
	.optgroup {
		display: inline-block;
		line-height: 22px;
		font-size: 10pt;
	}
	.optgroup .button {
		height: 25px;
		padding-top: 0;
		padding-bottom: 0;
	}
	.optgroup button.button {
		padding-left: 12px;
		padding-right: 12px;
	}
	.linklist {
		list-style: none;
		margin: 0.5em 0;
		padding: 0;
	}
	.linklist li {
		padding: 2px 0;
	}
	.sidebar {
		float: left;
		width: 320px;
	}
	.bar-wrapper {
		max-width: 1100px;
		margin: 0 auto;
	}
	.bar-wrapper.has-sidebar {
		max-width: 1430px;
	}
	.mainbar {
		margin: 0;
		padding-right: 1px;
	}
	.mainbar.has-sidebar {
		margin-left: 330px;
	}
	@media (min-width: 1511px) {
		.sidebar {
			width: 400px;
		}
		.bar-wrapper.has-sidebar {
			max-width: 1510px;
		}
		.mainbar.has-sidebar {
			margin-left: 410px;
		}
	}
	.section.first-section {
		margin-top: 9px;
	}
	.blocklink small {
		white-space: normal;
	}
	.button {
		vertical-align: middle;
	}
	.replay-controls {
		padding-top: 10px;
	}
	.replay-controls h1 {
		font-size: 16pt;
		font-weight: normal;
		color: #CCC;
	}
	.pagelink {
		text-align: center;
	}
	.pagelink a {
		width: 150px;
	}
	.textbox, .button {
		font-size: 11pt;
		vertical-align: middle;
	}
	@media (max-width: 450px) {
		.button {
			font-size: 9pt;
		}
	}
</style>

<div>

	<header>
		<div class="nav-wrapper"><ul class="nav">
			<li><a class="button nav-first" href="//pokemonshowdown.com/"><img src="//pokemonshowdown.com/images/pokemonshowdownbeta.png" srcset="//pokemonshowdown.com/images/pokemonshowdownbeta.png 1x, //pokemonshowdown.com/images/pokemonshowdownbeta@2x.png 2x" alt="Pok&eacute;mon Showdown" width="146" height="44" /> Home</a></li>
			<li><a class="button" href="//pokemonshowdown.com/dex/">Pok&eacute;dex</a></li>
			<li><a class="button cur" href="/">Replays</a></li>
			<li><a class="button" href="//pokemonshowdown.com/ladder/">Ladder</a></li>
			<li><a class="button nav-last" href="//pokemonshowdown.com/forums/">Forum</a></li>
			<li><a class="button greenbutton nav-first nav-last" href="//play.pokemonshowdown.com/">Play</a></li>
		</ul></div>
	</header>

	<div class="main" id="main">

		<noscript><section class="section">You need to enable JavaScript to use this page; sorry!</section></noscript>

	</div>

</div>

<script defer nomodule src="//play.pokemonshowdown.com/js/lib/ps-polyfill.js"></script>
<script defer src="//play.pokemonshowdown.com/js/lib/preact.min.js"></script>

<script defer src="//play.pokemonshowdown.com/config/config.js?2bddbc15"></script>
<script defer src="//play.pokemonshowdown.com/js/lib/jquery-1.11.0.min.js"></script>
<script defer src="//play.pokemonshowdown.com/js/lib/html-sanitizer-minified.js"></script>
<script defer src="//play.pokemonshowdown.com/js/battle-sound.js"></script>
<script defer src="//play.pokemonshowdown.com/js/battledata.js?0.7209276989879541"></script>
<script defer src="//play.pokemonshowdown.com/data/pokedex-mini.js?0.6111056340867951"></script>
<script defer src="//play.pokemonshowdown.com/data/pokedex-mini-bw.js?0.3532142036491459"></script>
<script defer src="//play.pokemonshowdown.com/data/graphics.js?0.24223875632456182"></script>
<script defer src="//play.pokemonshowdown.com/data/pokedex.js?0.38839984266356864"></script>
<script defer src="//play.pokemonshowdown.com/data/moves.js?0.21866028504024015"></script>
<script defer src="//play.pokemonshowdown.com/data/abilities.js?0.2005157953846628"></script>
<script defer src="//play.pokemonshowdown.com/data/items.js?0.9894211263848525"></script>
<script defer src="//play.pokemonshowdown.com/data/teambuilder-tables.js?0.6008791140282215"></script>
<script defer src="//play.pokemonshowdown.com/js/battle-tooltips.js?0.7580118955022959"></script>
<script defer src="//play.pokemonshowdown.com/js/battle.js?0.6057722274234274"></script>

<script defer src="js/utils.js?e31f9a17"></script>
<script defer src="js/replays-battle.js?7008c182"></script>

<!-- don't scrape this data! just add .json or .log after the URL!
Full API docs: https://github.com/smogon/pokemon-showdown-client/blob/master/WEB-API.md -->
<script type="text/plain" class="log" id="replaylog-smogtours-gen3ou-796807">
|inactive|Battle timer is ON: inactive players will automatically lose when time's up.
|t:|1728515042
|gametype|singles
|player|p1|A Welcome Guest|nate|
|player|p2|dustyfans|1|
|teamsize|p1|6
|teamsize|p2|6
|gen|3
|tier|[Gen 3] OU
|rule|Sleep Clause Mod: Limit one foe put to sleep
|rule|Switch Priority Clause Mod: Faster Pokémon switch first
|rule|Species Clause: Limit one of each Pokémon
|rule|OHKO Clause: OHKO moves are banned
|rule|Evasion Items Clause: Evasion items are banned
|rule|Evasion Moves Clause: Evasion moves are banned
|rule|Endless Battle Clause: Forcing endless battles is banned
|rule|HP Percentage Mod: HP is shown in percentages
|rule|One Boost Passer Clause: Limit one Baton Passer that has a way to boost its stats
|rule|Freeze Clause Mod: Limit one foe frozen
|
|t:|1728515042
|start
|switch|p1a: Tyranitar|Tyranitar, M|100/100
|switch|p2a: Skarmory|Skarmory, F|100/100
|-weather|Sandstorm|[from] ability: Sand Stream|[of] p1a: Tyranitar
|turn|1
|inactive|A Welcome Guest also wants the timer to be on.
|inactive|A Welcome Guest has 270 seconds left.
|inactive|dustyfans has 270 seconds left.
|
|t:|1728515087
|move|p1a: Tyranitar|Dragon Dance|p1a: Tyranitar
|-boost|p1a: Tyranitar|atk|1
|-boost|p1a: Tyranitar|spe|1
|move|p2a: Skarmory|Toxic|p1a: Tyranitar
|-status|p1a: Tyranitar|tox
|
|-weather|Sandstorm|[upkeep]
|-damage|p1a: Tyranitar|94/100 tox|[from] psn
|upkeep
|turn|2
|
|t:|1728515100
|move|p1a: Tyranitar|Rock Slide|p2a: Skarmory
|-damage|p2a: Skarmory|59/100
|cant|p2a: Skarmory|flinch
|
|-weather|Sandstorm|[upkeep]
|-heal|p1a: Tyranitar|100/100 tox|[from] item: Leftovers
|-damage|p1a: Tyranitar|88/100 tox|[from] psn
|-heal|p2a: Skarmory|65/100|[from] item: Leftovers
|upkeep
|turn|3
|
|t:|1728515111
|move|p2a: Skarmory|Protect|p2a: Skarmory
|-singleturn|p2a: Skarmory|Protect
|move|p1a: Tyranitar|Rock Slide|p2a: Skarmory
|-activate|p2a: Skarmory|Protect
|
|-weather|Sandstorm|[upkeep]
|-heal|p1a: Tyranitar|94/100 tox|[from] item: Leftovers
|-damage|p1a: Tyranitar|76/100 tox|[from] psn
|-heal|p2a: Skarmory|71/100|[from] item: Leftovers
|upkeep
|turn|4
|
|t:|1728515121
|switch|p2a: Swampert|Swampert, F|100/100
|move|p1a: Tyranitar|Rock Slide|p2a: Swampert
|-resisted|p2a: Swampert
|-damage|p2a: Swampert|81/100
|
|-weather|Sandstorm|[upkeep]
|-heal|p1a: Tyranitar|82/100 tox|[from] item: Leftovers
|-damage|p1a: Tyranitar|57/100 tox|[from] psn
|-heal|p2a: Swampert|87/100|[from] item: Leftovers
|upkeep
|turn|5
|
|t:|1728515132
|switch|p1a: Cloyster|Cloyster, M|100/100
|move|p2a: Swampert|Protect||[still]
|-fail|p2a: Swampert
|
|-weather|Sandstorm|[upkeep]
|-damage|p1a: Cloyster|94/100|[from] Sandstorm
|-heal|p1a: Cloyster|100/100|[from] item: Leftovers
|-heal|p2a: Swampert|94/100|[from] item: Leftovers
|upkeep
|turn|6
|
|t:|1728515159
|switch|p2a: Skarmory|Skarmory, F|71/100
|move|p1a: Cloyster|Spikes|p2a: Skarmory
|-sidestart|p2: dustyfans|Spikes
|
|-weather|Sandstorm|[upkeep]
|-damage|p1a: Cloyster|94/100|[from] Sandstorm
|-heal|p1a: Cloyster|100/100|[from] item: Leftovers
|-heal|p2a: Skarmory|77/100|[from] item: Leftovers
|upkeep
|turn|7
|
|t:|1728515188
|move|p1a: Cloyster|Surf|p2a: Skarmory
|-damage|p2a: Skarmory|53/100
|move|p2a: Skarmory|Toxic|p1a: Cloyster
|-status|p1a: Cloyster|tox
|
|-weather|Sandstorm|[upkeep]
|-damage|p1a: Cloyster|94/100 tox|[from] Sandstorm
|-heal|p1a: Cloyster|100/100 tox|[from] item: Leftovers
|-damage|p1a: Cloyster|94/100 tox|[from] psn
|-heal|p2a: Skarmory|59/100|[from] item: Leftovers
|upkeep
|turn|8
|
|t:|1728515199
|move|p2a: Skarmory|Protect|p2a: Skarmory
|-singleturn|p2a: Skarmory|Protect
|move|p1a: Cloyster|Spikes|p2a: Skarmory
|-sidestart|p2: dustyfans|Spikes
|
|-weather|Sandstorm|[upkeep]
|-damage|p1a: Cloyster|88/100 tox|[from] Sandstorm
|-heal|p1a: Cloyster|94/100 tox|[from] item: Leftovers
|-damage|p1a: Cloyster|82/100 tox|[from] psn
|-heal|p2a: Skarmory|65/100|[from] item: Leftovers
|upkeep
|turn|9
|
|t:|1728515210
|move|p1a: Cloyster|Spikes|p2a: Skarmory
|-sidestart|p2: dustyfans|Spikes
|move|p2a: Skarmory|Spikes|p1a: Cloyster
|-sidestart|p1: A Welcome Guest|Spikes
|
|-weather|Sandstorm|[upkeep]
|-damage|p1a: Cloyster|76/100 tox|[from] Sandstorm
|-heal|p1a: Cloyster|82/100 tox|[from] item: Leftovers
|-damage|p1a: Cloyster|63/100 tox|[from] psn
|-heal|p2a: Skarmory|71/100|[from] item: Leftovers
|upkeep
|turn|10
|
|t:|1728515221
|switch|p2a: Gengar|Gengar, F|100/100
|move|p1a: Cloyster|Rapid Spin|p2a: Gengar
|-immune|p2a: Gengar
|
|-weather|Sandstorm|[upkeep]
|-damage|p2a: Gengar|95/100|[from] Sandstorm
|-damage|p1a: Cloyster|57/100 tox|[from] Sandstorm
|-heal|p2a: Gengar|100/100|[from] item: Leftovers
|-heal|p1a: Cloyster|63/100 tox|[from] item: Leftovers
|-damage|p1a: Cloyster|39/100 tox|[from] psn
|upkeep
|turn|11
|
|t:|1728515233
|move|p2a: Gengar|Thunderbolt|p1a: Cloyster
|-supereffective|p1a: Cloyster
|-damage|p1a: Cloyster|0 fnt
|faint|p1a: Cloyster
|
|t:|1728515244
|switch|p1a: Snorlax|Snorlax, F|100/100
|-damage|p1a: Snorlax|88/100|[from] Spikes
|
|-weather|Sandstorm|[upkeep]
|-damage|p2a: Gengar|95/100|[from] Sandstorm
|-damage|p1a: Snorlax|82/100|[from] Sandstorm
|-heal|p2a: Gengar|100/100|[from] item: Leftovers
|-heal|p1a: Snorlax|88/100|[from] item: Leftovers
|upkeep
|turn|12
|
|t:|1728515253
|move|p2a: Gengar|Will-O-Wisp|p1a: Snorlax|[miss]
|-miss|p2a: Gengar|p1a: Snorlax
|move|p1a: Snorlax|Curse|p1a: Snorlax
|-unboost|p1a: Snorlax|spe|1
|-boost|p1a: Snorlax|atk|1
|-boost|p1a: Snorlax|def|1
|
|-weather|Sandstorm|[upkeep]
|-damage|p2a: Gengar|95/100|[from] Sandstorm
|-damage|p1a: Snorlax|82/100|[from] Sandstorm
|-heal|p2a: Gengar|100/100|[from] item: Leftovers
|-heal|p1a: Snorlax|88/100|[from] item: Leftovers
|upkeep
|turn|13
|
|t:|1728515265
|move|p2a: Gengar|Will-O-Wisp|p1a: Snorlax
|-status|p1a: Snorlax|brn
|move|p1a: Snorlax|Shadow Ball|p2a: Gengar
|-supereffective|p2a: Gengar
|-damage|p2a: Gengar|40/100
|-unboost|p2a: Gengar|spd|1
|
|-weather|Sandstorm|[upkeep]
|-damage|p2a: Gengar|34/100|[from] Sandstorm
|-damage|p1a: Snorlax|82/100 brn|[from] Sandstorm
|-heal|p2a: Gengar|40/100|[from] item: Leftovers
|-heal|p1a: Snorlax|88/100 brn|[from] item: Leftovers
|-damage|p1a: Snorlax|76/100 brn|[from] brn
|upkeep
|turn|14
|inactive|dustyfans has 270 seconds left.
|
|t:|1728515293
|switch|p2a: Skarmory|Skarmory, F|71/100
|move|p1a: Snorlax|Curse|p1a: Snorlax
|-unboost|p1a: Snorlax|spe|1
|-boost|p1a: Snorlax|atk|1
|-boost|p1a: Snorlax|def|1
|
|-weather|Sandstorm|[upkeep]
|-damage|p1a: Snorlax|70/100 brn|[from] Sandstorm
|-heal|p2a: Skarmory|77/100|[from] item: Leftovers
|-heal|p1a: Snorlax|76/100 brn|[from] item: Leftovers
|-damage|p1a: Snorlax|63/100 brn|[from] brn
|upkeep
|turn|15
|inactive|dustyfans has 270 seconds left.
|
|t:|1728515306
|move|p2a: Skarmory|Protect|p2a: Skarmory
|-singleturn|p2a: Skarmory|Protect
|move|p1a: Snorlax|Double-Edge|p2a: Skarmory
|-activate|p2a: Skarmory|Protect
|
|-weather|Sandstorm|[upkeep]
|-damage|p1a: Snorlax|57/100 brn|[from] Sandstorm
|-heal|p2a: Skarmory|83/100|[from] item: Leftovers
|-heal|p1a: Snorlax|63/100 brn|[from] item: Leftovers
|-damage|p1a: Snorlax|51/100 brn|[from] brn
|upkeep
|turn|16
|inactive|dustyfans has 270 seconds left.
|
|t:|1728515318
|switch|p1a: Gengar|Gengar, M|100/100
|move|p2a: Skarmory|Roar|p1a: Gengar
|drag|p1a: Tyranitar|Tyranitar, M|57/100 tox
|-damage|p1a: Tyranitar|45/100 tox|[from] Spikes
|
|-weather|Sandstorm|[upkeep]
|-heal|p1a: Tyranitar|51/100 tox|[from] item: Leftovers
|-damage|p1a: Tyranitar|45/100 tox|[from] psn
|-heal|p2a: Skarmory|89/100|[from] item: Leftovers
|upkeep
|turn|17
|inactive|dustyfans has 270 seconds left.
|
|t:|1728515329
|move|p1a: Tyranitar|Rock Slide|p2a: Skarmory
|-damage|p2a: Skarmory|57/100
|move|p2a: Skarmory|Spikes|p1a: Tyranitar
|-sidestart|p1: A Welcome Guest|Spikes
|
|-weather|Sandstorm|[upkeep]
|-heal|p1a: Tyranitar|51/100 tox|[from] item: Leftovers
|-damage|p1a: Tyranitar|38/100 tox|[from] psn
|-heal|p2a: Skarmory|63/100|[from] item: Leftovers
|upkeep
|turn|18
|inactive|dustyfans has 270 seconds left.
|
|t:|1728515354
|move|p1a: Tyranitar|Rock Slide|p2a: Skarmory
|-damage|p2a: Skarmory|31/100
|cant|p2a: Skarmory|flinch
|
|-weather|Sandstorm|[upkeep]
|-heal|p1a: Tyranitar|45/100 tox|[from] item: Leftovers
|-damage|p1a: Tyranitar|26/100 tox|[from] psn
|-heal|p2a: Skarmory|37/100|[from] item: Leftovers
|upkeep
|turn|19
|
|t:|1728515368
|move|p2a: Skarmory|Protect|p2a: Skarmory
|-singleturn|p2a: Skarmory|Protect
|move|p1a: Tyranitar|Rock Slide|p2a: Skarmory
|-activate|p2a: Skarmory|Protect
|
|-weather|Sandstorm|[upkeep]
|-heal|p1a: Tyranitar|32/100 tox|[from] item: Leftovers
|-damage|p1a: Tyranitar|7/100 tox|[from] psn
|-heal|p2a: Skarmory|43/100|[from] item: Leftovers
|upkeep
|turn|20
|
|t:|1728515384
|switch|p2a: Swampert|Swampert, F|94/100
|-damage|p2a: Swampert|69/100|[from] Spikes
|move|p1a: Tyranitar|Rock Slide|p2a: Swampert
|-resisted|p2a: Swampert
|-damage|p2a: Swampert|55/100
|
|-weather|Sandstorm|[upkeep]
|-heal|p1a: Tyranitar|14/100 tox|[from] item: Leftovers
|-damage|p1a: Tyranitar|0 fnt|[from] psn
|faint|p1a: Tyranitar
|-heal|p2a: Swampert|62/100|[from] item: Leftovers
|upkeep
|
|t:|1728515392
|switch|p1a: Gengar|Gengar, M|100/100
|turn|21
|
|t:|1728515408
|move|p2a: Swampert|Protect|p2a: Swampert
|-singleturn|p2a: Swampert|Protect
|move|p1a: Gengar|Will-O-Wisp|p2a: Swampert
|-activate|p2a: Swampert|Protect
|
|-weather|Sandstorm|[upkeep]
|-damage|p1a: Gengar|94/100|[from] Sandstorm
|-heal|p1a: Gengar|100/100|[from] item: Leftovers
|-heal|p2a: Swampert|68/100|[from] item: Leftovers
|upkeep
|turn|22
|
|t:|1728515422
|switch|p2a: Blissey|Blissey, F, shiny|100/100
|-damage|p2a: Blissey|76/100|[from] Spikes
|move|p1a: Gengar|Will-O-Wisp|p2a: Blissey
|-status|p2a: Blissey|brn
|
|-weather|Sandstorm|[upkeep]
|-damage|p1a: Gengar|94/100|[from] Sandstorm
|-damage|p2a: Blissey|69/100 brn|[from] Sandstorm
|-heal|p1a: Gengar|100/100|[from] item: Leftovers
|-heal|p2a: Blissey|76/100 brn|[from] item: Leftovers
|-damage|p2a: Blissey|63/100 brn|[from] brn
|upkeep
|turn|23
|
|t:|1728515437
|move|p1a: Gengar|Thunderbolt|p2a: Blissey
|-damage|p2a: Blissey|51/100 brn
|move|p2a: Blissey|Soft-Boiled|p2a: Blissey
|-heal|p2a: Blissey|100/100 brn
|
|-weather|Sandstorm|[upkeep]
|-damage|p1a: Gengar|94/100|[from] Sandstorm
|-damage|p2a: Blissey|94/100 brn|[from] Sandstorm
|-heal|p1a: Gengar|100/100|[from] item: Leftovers
|-heal|p2a: Blissey|100/100 brn|[from] item: Leftovers
|-damage|p2a: Blissey|88/100 brn|[from] brn
|upkeep
|turn|24
|
|t:|1728515453
|move|p1a: Gengar|Thunderbolt|p2a: Blissey
|-crit|p2a: Blissey
|-damage|p2a: Blissey|66/100 brn
|move|p2a: Blissey|Ice Beam|p1a: Gengar
|-damage|p1a: Gengar|70/100
|
|-weather|Sandstorm|[upkeep]
|-damage|p1a: Gengar|64/100|[from] Sandstorm
|-damage|p2a: Blissey|60/100 brn|[from] Sandstorm
|-heal|p1a: Gengar|70/100|[from] item: Leftovers
|-heal|p2a: Blissey|66/100 brn|[from] item: Leftovers
|-damage|p2a: Blissey|54/100 brn|[from] brn
|upkeep
|turn|25
|
|t:|1728515465
|move|p1a: Gengar|Taunt|p2a: Blissey
|-start|p2a: Blissey|move: Taunt
|cant|p2a: Blissey|move: Taunt|Soft-Boiled
|
|-weather|Sandstorm|[upkeep]
|-damage|p1a: Gengar|64/100|[from] Sandstorm
|-damage|p2a: Blissey|48/100 brn|[from] Sandstorm
|-heal|p1a: Gengar|70/100|[from] item: Leftovers
|-heal|p2a: Blissey|54/100 brn|[from] item: Leftovers
|-damage|p2a: Blissey|41/100 brn|[from] brn
|upkeep
|turn|26
|
|t:|1728515481
|-curestatus|p2a: Blissey|brn|[from] ability: Natural Cure
|switch|p2a: Swampert|Swampert, F|68/100
|-damage|p2a: Swampert|43/100|[from] Spikes
|move|p1a: Gengar|Thunderbolt|p2a: Swampert
|-immune|p2a: Swampert
|
|-weather|Sandstorm|[upkeep]
|-damage|p1a: Gengar|64/100|[from] Sandstorm
|-heal|p1a: Gengar|70/100|[from] item: Leftovers
|-heal|p2a: Swampert|49/100|[from] item: Leftovers
|upkeep
|turn|27
|
|t:|1728515493
|move|p1a: Gengar|Ice Punch|p2a: Swampert
|-damage|p2a: Swampert|29/100
|move|p2a: Swampert|Hydro Pump|p1a: Gengar
|-damage|p1a: Gengar|0 fnt
|faint|p1a: Gengar
|
|t:|1728515510
|switch|p1a: Metagross|Metagross|100/100
|-damage|p1a: Metagross|84/100|[from] Spikes
|
|-weather|Sandstorm|[upkeep]
|-heal|p2a: Swampert|35/100|[from] item: Leftovers
|upkeep
|turn|28
|inactive|dustyfans has 240 seconds left.
|
|t:|1728515543
|move|p1a: Metagross|Earthquake|p2a: Swampert
|-damage|p2a: Swampert|5/100
|move|p2a: Swampert|Earthquake|p1a: Metagross
|-supereffective|p1a: Metagross
|-damage|p1a: Metagross|28/100
|
|-weather|Sandstorm|[upkeep]
|-heal|p2a: Swampert|11/100|[from] item: Leftovers
|upkeep
|turn|29
|
|t:|1728515560
|switch|p2a: Starmie|Starmie|100/100
|-damage|p2a: Starmie|76/100|[from] Spikes
|move|p1a: Metagross|Meteor Mash|p2a: Starmie
|-resisted|p2a: Starmie
|-damage|p2a: Starmie|33/100
|
|-weather|Sandstorm|[upkeep]
|-damage|p2a: Starmie|27/100|[from] Sandstorm
|-heal|p2a: Starmie|33/100|[from] item: Leftovers
|upkeep
|turn|30
|
|t:|1728515570
|move|p2a: Starmie|Rapid Spin|p1a: Metagross
|-resisted|p1a: Metagross
|-damage|p1a: Metagross|28/100
|-sideend|p2: dustyfans|Spikes|[from] move: Rapid Spin|[of] p2a: Starmie
|move|p1a: Metagross|Agility|p1a: Metagross
|-boost|p1a: Metagross|spe|2
|
|-weather|Sandstorm|[upkeep]
|-damage|p2a: Starmie|27/100|[from] Sandstorm
|-heal|p2a: Starmie|33/100|[from] item: Leftovers
|upkeep
|turn|31
|
|t:|1728515586
|move|p1a: Metagross|Earthquake|p2a: Starmie
|-damage|p2a: Starmie|0 fnt
|faint|p2a: Starmie
|inactive|dustyfans has 210 seconds left.
|
|t:|1728515626
|switch|p2a: Skarmory|Skarmory, F|43/100
|
|-weather|Sandstorm|[upkeep]
|-heal|p2a: Skarmory|49/100|[from] item: Leftovers
|upkeep
|turn|32
|
|t:|1728515631
|move|p2a: Skarmory|Protect|p2a: Skarmory
|-singleturn|p2a: Skarmory|Protect
|move|p1a: Metagross|Rock Slide|p2a: Skarmory
|-activate|p2a: Skarmory|Protect
|
|-weather|Sandstorm|[upkeep]
|-heal|p2a: Skarmory|55/100|[from] item: Leftovers
|upkeep
|turn|33
|
|t:|1728515644
|move|p1a: Metagross|Rock Slide|p2a: Skarmory
|-crit|p2a: Skarmory
|-damage|p2a: Skarmory|12/100
|move|p2a: Skarmory|Roar|p1a: Metagross
|drag|p1a: Snorlax|Snorlax, F|51/100 brn
|-damage|p1a: Snorlax|34/100 brn|[from] Spikes
|
|-weather|Sandstorm|[upkeep]
|-damage|p1a: Snorlax|28/100 brn|[from] Sandstorm
|-heal|p2a: Skarmory|18/100|[from] item: Leftovers
|-heal|p1a: Snorlax|34/100 brn|[from] item: Leftovers
|-damage|p1a: Snorlax|22/100 brn|[from] brn
|upkeep
|turn|34
|
|t:|1728515662
|switch|p1a: Metagross|Metagross|28/100
|-damage|p1a: Metagross|11/100|[from] Spikes
|move|p2a: Skarmory|Roar|p1a: Metagross
|drag|p1a: Aerodactyl|Aerodactyl, F|100/100
|
|-weather|Sandstorm|[upkeep]
|-heal|p2a: Skarmory|24/100|[from] item: Leftovers
|upkeep
|turn|35
|
|t:|1728515681
|move|p2a: Skarmory|Protect|p2a: Skarmory
|-singleturn|p2a: Skarmory|Protect
|move|p1a: Aerodactyl|Rock Slide|p2a: Skarmory
|-activate|p2a: Skarmory|Protect
|
|-weather|Sandstorm|[upkeep]
|-heal|p2a: Skarmory|30/100|[from] item: Leftovers
|upkeep
|turn|36
|
|t:|1728515696
|move|p1a: Aerodactyl|Rock Slide|p2a: Skarmory
|-damage|p2a: Skarmory|0 fnt
|faint|p2a: Skarmory
|
|t:|1728515708
|switch|p2a: Swampert|Swampert, F|11/100
|
|-weather|Sandstorm|[upkeep]
|-heal|p2a: Swampert|17/100|[from] item: Leftovers
|upkeep
|turn|37
|
|t:|1728515722
|move|p2a: Swampert|Protect|p2a: Swampert
|-singleturn|p2a: Swampert|Protect
|move|p1a: Aerodactyl|Rock Slide|p2a: Swampert
|-activate|p2a: Swampert|Protect
|
|-weather|Sandstorm|[upkeep]
|-heal|p2a: Swampert|23/100|[from] item: Leftovers
|upkeep
|turn|38
|
|t:|1728515730
|switch|p2a: Tyranitar|Tyranitar, F|100/100
|move|p1a: Aerodactyl|Rock Slide|p2a: Tyranitar
|-damage|p2a: Tyranitar|63/100
|
|-weather|Sandstorm|[upkeep]
|-heal|p2a: Tyranitar|69/100|[from] item: Leftovers
|upkeep
|turn|39
|
|t:|1728515738
|move|p1a: Aerodactyl|Rock Slide|p2a: Tyranitar
|-damage|p2a: Tyranitar|29/100
|move|p2a: Tyranitar|Rock Slide|p1a: Aerodactyl
|-supereffective|p1a: Aerodactyl
|-damage|p1a: Aerodactyl|0 fnt
|faint|p1a: Aerodactyl
|c|☆A Welcome Guest|ggs
|
|t:|1728515742
|switch|p1a: Metagross|Metagross|11/100
|-damage|p1a: Metagross|0 fnt|[from] Spikes
|faint|p1a: Metagross
|
|t:|1728515743
|switch|p1a: Snorlax|Snorlax, F|22/100 brn
|-damage|p1a: Snorlax|5/100 brn|[from] Spikes
|
|-weather|Sandstorm|[upkeep]
|-damage|p1a: Snorlax|0 fnt|[from] Sandstorm
|faint|p1a: Snorlax
|
|win|dustyfans
|upkeep
|player|p1|
|c|☆dustyfans|gg man

</script>
<script type="application/json" class="data" id="replaydata-smogtours-gen3ou-796807">
{"id":"smogtours-gen3ou-796807","format":"[Gen 3] OU","players":["A Welcome Guest","dustyfans"],"uploadtime":1728515743,"views":85,"formatid":"gen3ou","rating":null,"private":0,"password":null}
</script>

<script defer src="js/replays.js?9d40a366"></script>
