<!DOCTYPE html>
<meta charset="utf-8" />
<meta name="viewport" content="width=device-width" />

<title>[Gen 3] OU: JoeFlint vs. smokingrocks - Replays - Pok&eacute;mon Showdown!</title>

<meta name="description" content="Watch a replay of a Pok&eacute;mon battle between JoeFlint and smokingrocks! Format: [Gen 3] OU; Date: Oct 4, 2024" />
<!--

Hey, you! Looking in the source for the replay log?

You can find them in JSON format, just add `.json` at the end of a replay URL.

https://replay.pokemonshowdown.com/gen7randomdoublesbattle-865046831.json

Or, if you only need the log itself, add `.log` instead:

https://replay.pokemonshowdown.com/gen7randomdoublesbattle-865046831.log

-->

<link rel="stylesheet" href="//pokemonshowdown.com/style/global.css?0.767286132409787" />
<link rel="stylesheet" href="//play.pokemonshowdown.com/style/font-awesome.css?0.9266228007934947" />
<link rel="stylesheet" href="//play.pokemonshowdown.com/style/battle.css?0.7924700842790926" />
<link rel="stylesheet" href="//play.pokemonshowdown.com/style/utilichart.css?0.8777417872839479" />

<!-- Global site tag (gtag.js) - Google Analytics -->
<script async src="https://www.googletagmanager.com/gtag/js?id=UA-26211653-1"></script>
<script>
  window.dataLayer = window.dataLayer || [];
  function gtag(){dataLayer.push(arguments);}
  gtag('js', new Date());

  gtag('config', 'UA-26211653-1');
</script>
<!-- End Google Analytics -->
<!-- Venatus Ad Manager - Install in <HEAD> of page -->
	<script src="https://hb.vntsm.com/v3/live/ad-manager.min.js" type="text/javascript" data-site-id="642aba63ec9a7b11c3c9c1be" data-mode="scan" async></script>
<!-- / Venatus Ad Manager -->

<style>
	@media (max-width:820px) {
		.battle {
			margin: 0 auto;
		}
		.battle-log {
			margin: 7px auto 0;
			max-width: 640px;
			height: 300px;
			position: static;
		}
	}
	.optgroup {
		display: inline-block;
		line-height: 22px;
		font-size: 10pt;
	}
	.optgroup .button {
		height: 25px;
		padding-top: 0;
		padding-bottom: 0;
	}
	.optgroup button.button {
		padding-left: 12px;
		padding-right: 12px;
	}
	.linklist {
		list-style: none;
		margin: 0.5em 0;
		padding: 0;
	}
	.linklist li {
		padding: 2px 0;
	}
	.sidebar {
		float: left;
		width: 320px;
	}
	.bar-wrapper {
		max-width: 1100px;
		margin: 0 auto;
	}
	.bar-wrapper.has-sidebar {
		max-width: 1430px;
	}
	.mainbar {
		margin: 0;
		padding-right: 1px;
	}
	.mainbar.has-sidebar {
		margin-left: 330px;
	}
	@media (min-width: 1511px) {
		.sidebar {
			width: 400px;
		}
		.bar-wrapper.has-sidebar {
			max-width: 1510px;
		}
		.mainbar.has-sidebar {
			margin-left: 410px;
		}
	}
	.section.first-section {
		margin-top: 9px;
	}
	.blocklink small {
		white-space: normal;
	}
	.button {
		vertical-align: middle;
	}
	.replay-controls {
		padding-top: 10px;
	}
	.replay-controls h1 {
		font-size: 16pt;
		font-weight: normal;
		color: #CCC;
	}
	.pagelink {
		text-align: center;
	}
	.pagelink a {
		width: 150px;
	}
	.textbox, .button {
		font-size: 11pt;
		vertical-align: middle;
	}
	@media (max-width: 450px) {
		.button {
			font-size: 9pt;
		}
	}
</style>

<div>

	<header>
		<div class="nav-wrapper"><ul class="nav">
			<li><a class="button nav-first" href="//pokemonshowdown.com/"><img src="//pokemonshowdown.com/images/pokemonshowdownbeta.png" srcset="//pokemonshowdown.com/images/pokemonshowdownbeta.png 1x, //pokemonshowdown.com/images/pokemonshowdownbeta@2x.png 2x" alt="Pok&eacute;mon Showdown" width="146" height="44" /> Home</a></li>
			<li><a class="button" href="//pokemonshowdown.com/dex/">Pok&eacute;dex</a></li>
			<li><a class="button cur" href="/">Replays</a></li>
			<li><a class="button" href="//pokemonshowdown.com/ladder/">Ladder</a></li>
			<li><a class="button nav-last" href="//pokemonshowdown.com/forums/">Forum</a></li>
			<li><a class="button greenbutton nav-first nav-last" href="//play.pokemonshowdown.com/">Play</a></li>
		</ul></div>
	</header>

	<div class="main" id="main">

		<noscript><section class="section">You need to enable JavaScript to use this page; sorry!</section></noscript>

	</div>

</div>

<script defer nomodule src="//play.pokemonshowdown.com/js/lib/ps-polyfill.js"></script>
<script defer src="//play.pokemonshowdown.com/js/lib/preact.min.js"></script>

<script defer src="//play.pokemonshowdown.com/config/config.js?6dec07f6"></script>
<script defer src="//play.pokemonshowdown.com/js/lib/jquery-1.11.0.min.js"></script>
<script defer src="//play.pokemonshowdown.com/js/lib/html-sanitizer-minified.js"></script>
<script defer src="//play.pokemonshowdown.com/js/battle-sound.js"></script>
<script defer src="//play.pokemonshowdown.com/js/battledata.js?0.6315294753075389"></script>
<script defer src="//play.pokemonshowdown.com/data/pokedex-mini.js?0.7603743185311358"></script>
<script defer src="//play.pokemonshowdown.com/data/pokedex-mini-bw.js?0.030888842834281283"></script>
<script defer src="//play.pokemonshowdown.com/data/graphics.js?0.05593094747507488"></script>
<script defer src="//play.pokemonshowdown.com/data/pokedex.js?0.47064822249611904"></script>
<script defer src="//play.pokemonshowdown.com/data/moves.js?0.8583693120512459"></script>
<script defer src="//play.pokemonshowdown.com/data/abilities.js?0.16017181182386842"></script>
<script defer src="//play.pokemonshowdown.com/data/items.js?0.4163379185673943"></script>
<script defer src="//play.pokemonshowdown.com/data/teambuilder-tables.js?0.31075597372830477"></script>
<script defer src="//play.pokemonshowdown.com/js/battle-tooltips.js?0.6536193500708172"></script>
<script defer src="//play.pokemonshowdown.com/js/battle.js?0.1916591943277901"></script>

<script defer src="js/utils.js?e31f9a17"></script>
<script defer src="js/replays-battle.js?7008c182"></script>

<!-- don't scrape this data! just add .json or .log after the URL!
Full API docs: https://github.com/smogon/pokemon-showdown-client/blob/master/WEB-API.md -->
<script type="text/plain" class="log" id="replaylog-smogtours-gen3ou-794453">
|inactive|Battle timer is ON: inactive players will automatically lose when time's up.
|t:|1728001714
|gametype|singles
|player|p1|JoeFlint|169|
|player|p2|smokingrocks|youngster|
|teamsize|p1|6
|teamsize|p2|6
|gen|3
|tier|[Gen 3] OU
|rule|Sleep Clause Mod: Limit one foe put to sleep
|rule|Switch Priority Clause Mod: Faster Pokémon switch first
|rule|Species Clause: Limit one of each Pokémon
|rule|OHKO Clause: OHKO moves are banned
|rule|Evasion Items Clause: Evasion items are banned
|rule|Evasion Moves Clause: Evasion moves are banned
|rule|Endless Battle Clause: Forcing endless battles is banned
|rule|HP Percentage Mod: HP is shown in percentages
|rule|One Boost Passer Clause: Limit one Baton Passer that has a way to boost its stats
|rule|Freeze Clause Mod: Limit one foe frozen
|
|t:|1728001714
|start
|switch|p1a: Zapdos|Zapdos|100/100
|switch|p2a: Nidoqueen|Nidoqueen, F|100/100
|turn|1
|c|☆smokingrocks|gl hf
|inactive|JoeFlint disconnected and has 300 seconds to reconnect!
|player|p1|
|inactive|JoeFlint reconnected and has 280 seconds left.
|player|p1|JoeFlint|169|
|
|t:|1728001762
|move|p1a: Zapdos|Baton Pass|p1a: Zapdos
|
|t:|1728001764
|switch|p1a: Starmie|Starmie|100/100|[from] Baton Pass
|move|p2a: Nidoqueen|Sludge Bomb|p1a: Starmie
|-damage|p1a: Starmie|56/100
|
|-heal|p1a: Starmie|62/100|[from] item: Leftovers
|upkeep
|turn|2
|
|t:|1728001773
|switch|p2a: Snorlax|Snorlax, F|100/100
|move|p1a: Starmie|Surf|p2a: Snorlax
|-damage|p2a: Snorlax|80/100
|
|-heal|p1a: Starmie|68/100|[from] item: Leftovers
|-heal|p2a: Snorlax|86/100|[from] item: Leftovers
|upkeep
|turn|3
|
|t:|1728001780
|move|p1a: Starmie|Thunder Wave|p2a: Snorlax
|-status|p2a: Snorlax|par
|move|p2a: Snorlax|Body Slam|p1a: Starmie
|-damage|p1a: Starmie|21/100
|-status|p1a: Starmie|par
|
|-heal|p1a: Starmie|27/100 par|[from] item: Leftovers
|-heal|p2a: Snorlax|92/100 par|[from] item: Leftovers
|upkeep
|turn|4
|
|t:|1728001788
|-curestatus|p1a: Starmie|par|[from] ability: Natural Cure
|switch|p1a: Hariyama|Hariyama, F|100/100
|move|p2a: Snorlax|Shadow Ball|p1a: Hariyama
|-damage|p1a: Hariyama|76/100
|-unboost|p1a: Hariyama|spd|1
|
|-heal|p1a: Hariyama|82/100|[from] item: Leftovers
|-heal|p2a: Snorlax|99/100 par|[from] item: Leftovers
|upkeep
|turn|5
|c|☆JoeFlint|Glhd
|c|☆JoeFlint|Hf
|inactive|smokingrocks has 270 seconds left.
|
|t:|1728001818
|-singleturn|p1a: Hariyama|move: Focus Punch
|switch|p2a: Nidoqueen|Nidoqueen, F|100/100
|move|p1a: Hariyama|Focus Punch|p2a: Nidoqueen
|-resisted|p2a: Nidoqueen
|-damage|p2a: Nidoqueen|61/100
|
|-heal|p1a: Hariyama|88/100|[from] item: Leftovers
|upkeep
|turn|6
|
|t:|1728001833
|move|p2a: Nidoqueen|Superpower|p1a: Hariyama
|-damage|p1a: Hariyama|53/100
|-unboost|p2a: Nidoqueen|atk|1
|-unboost|p2a: Nidoqueen|def|1
|-enditem|p2a: Nidoqueen|White Herb
|-clearnegativeboost|p2a: Nidoqueen|[silent]
|move|p1a: Hariyama|Rock Slide|p2a: Nidoqueen
|-resisted|p2a: Nidoqueen
|-damage|p2a: Nidoqueen|46/100
|
|-heal|p1a: Hariyama|59/100|[from] item: Leftovers
|upkeep
|turn|7
|
|t:|1728001847
|switch|p1a: Zapdos|Zapdos|100/100
|move|p2a: Nidoqueen|Thief|p1a: Zapdos
|-damage|p1a: Zapdos|92/100
|-enditem|p1a: Zapdos|Leftovers|[silent]|[from] move: Thief|[of] p2a: Nidoqueen
|-item|p2a: Nidoqueen|Leftovers|[from] move: Thief|[of] p1a: Zapdos
|
|-heal|p2a: Nidoqueen|52/100|[from] item: Leftovers
|upkeep
|turn|8
|
|t:|1728001858
|move|p1a: Zapdos|Hidden Power|p2a: Nidoqueen
|-supereffective|p2a: Nidoqueen
|-damage|p2a: Nidoqueen|3/100
|move|p2a: Nidoqueen|Sludge Bomb|p1a: Zapdos
|-damage|p1a: Zapdos|46/100
|-status|p1a: Zapdos|psn
|
|-damage|p1a: Zapdos|33/100 psn|[from] psn
|-heal|p2a: Nidoqueen|9/100|[from] item: Leftovers
|upkeep
|turn|9
|inactive|smokingrocks has 270 seconds left.
|
|t:|1728001876
|switch|p2a: Snorlax|Snorlax, F|99/100 par
|move|p1a: Zapdos|Hidden Power|p2a: Snorlax
|-damage|p2a: Snorlax|84/100 par
|
|-damage|p1a: Zapdos|21/100 psn|[from] psn
|-heal|p2a: Snorlax|90/100 par|[from] item: Leftovers
|upkeep
|turn|10
|
|t:|1728001884
|-singleturn|p2a: Snorlax|move: Focus Punch
|move|p1a: Zapdos|Baton Pass|p1a: Zapdos
|
|t:|1728001890
|switch|p1a: Metagross|Metagross|100/100|[from] Baton Pass
|move|p2a: Snorlax|Focus Punch|p1a: Metagross
|-damage|p1a: Metagross|74/100
|
|-heal|p1a: Metagross|80/100|[from] item: Leftovers
|-heal|p2a: Snorlax|97/100 par|[from] item: Leftovers
|upkeep
|turn|11
|
|t:|1728001898
|switch|p2a: Forretress|Forretress, M|100/100
|move|p1a: Metagross|Meteor Mash|p2a: Forretress
|-resisted|p2a: Forretress
|-damage|p2a: Forretress|84/100
|
|-heal|p1a: Metagross|86/100|[from] item: Leftovers
|-heal|p2a: Forretress|91/100|[from] item: Leftovers
|upkeep
|turn|12
|
|t:|1728001908
|switch|p1a: Starmie|Starmie|27/100
|move|p2a: Forretress|Zap Cannon|p1a: Starmie
|-supereffective|p1a: Starmie
|-damage|p1a: Starmie|0 fnt
|faint|p1a: Starmie
|
|t:|1728001917
|switch|p1a: Tyranitar|Tyranitar, M|100/100
|-weather|Sandstorm|[from] ability: Sand Stream|[of] p1a: Tyranitar
|
|-weather|Sandstorm|[upkeep]
|-heal|p2a: Forretress|97/100|[from] item: Leftovers
|upkeep
|turn|13
|inactive|smokingrocks has 270 seconds left.
|
|t:|1728001950
|switch|p2a: Snorlax|Snorlax, F|97/100 par
|move|p1a: Tyranitar|Fire Blast|p2a: Snorlax
|-damage|p2a: Snorlax|75/100 par
|
|-weather|Sandstorm|[upkeep]
|-damage|p2a: Snorlax|69/100 par|[from] Sandstorm
|-heal|p2a: Snorlax|75/100 par|[from] item: Leftovers
|upkeep
|turn|14
|inactive|smokingrocks has 270 seconds left.
|
|t:|1728001964
|-singleturn|p1a: Tyranitar|move: Focus Punch
|move|p2a: Snorlax|Body Slam|p1a: Tyranitar
|-resisted|p1a: Tyranitar
|-damage|p1a: Tyranitar|80/100
|move|p1a: Tyranitar|Focus Punch||[still]
|cant|p1a: Tyranitar|Focus Punch|Focus Punch
|
|-weather|Sandstorm|[upkeep]
|-damage|p2a: Snorlax|69/100 par|[from] Sandstorm
|-heal|p1a: Tyranitar|86/100|[from] item: Leftovers
|-heal|p2a: Snorlax|75/100 par|[from] item: Leftovers
|upkeep
|turn|15
|inactive|smokingrocks has 270 seconds left.
|
|t:|1728001977
|-singleturn|p1a: Tyranitar|move: Focus Punch
|cant|p2a: Snorlax|par
|move|p1a: Tyranitar|Focus Punch|p2a: Snorlax
|-supereffective|p2a: Snorlax
|-damage|p2a: Snorlax|0 fnt
|faint|p2a: Snorlax
|inactive|smokingrocks has 270 seconds left.
|
|t:|1728001983
|switch|p2a: Nidoqueen|Nidoqueen, F|9/100
|
|-weather|Sandstorm|[upkeep]
|-heal|p2a: Nidoqueen|15/100|[from] item: Leftovers
|-heal|p1a: Tyranitar|93/100|[from] item: Leftovers
|upkeep
|turn|16
|
|t:|1728001993
|move|p2a: Nidoqueen|Superpower|p1a: Tyranitar
|-supereffective|p1a: Tyranitar
|-damage|p1a: Tyranitar|0 fnt
|-unboost|p2a: Nidoqueen|atk|1
|-unboost|p2a: Nidoqueen|def|1
|faint|p1a: Tyranitar
|
|t:|1728001998
|switch|p1a: Metagross|Metagross|86/100
|
|-weather|Sandstorm|[upkeep]
|-heal|p2a: Nidoqueen|21/100|[from] item: Leftovers
|-heal|p1a: Metagross|93/100|[from] item: Leftovers
|upkeep
|turn|17
|
|t:|1728002003
|switch|p2a: Forretress|Forretress, M|97/100
|move|p1a: Metagross|Earthquake|p2a: Forretress
|-damage|p2a: Forretress|74/100
|
|-weather|Sandstorm|[upkeep]
|-heal|p1a: Metagross|99/100|[from] item: Leftovers
|-heal|p2a: Forretress|80/100|[from] item: Leftovers
|upkeep
|turn|18
|
|t:|1728002013
|move|p1a: Metagross|Earthquake|p2a: Forretress
|-damage|p2a: Forretress|60/100
|move|p2a: Forretress|Spikes|p1a: Metagross
|-sidestart|p1: JoeFlint|Spikes
|
|-weather|Sandstorm|[upkeep]
|-heal|p1a: Metagross|100/100|[from] item: Leftovers
|-heal|p2a: Forretress|67/100|[from] item: Leftovers
|upkeep
|turn|19
|
|t:|1728002016
|move|p1a: Metagross|Earthquake|p2a: Forretress
|-damage|p2a: Forretress|45/100
|move|p2a: Forretress|Zap Cannon|p1a: Metagross|[miss]
|-miss|p2a: Forretress|p1a: Metagross
|
|-weather|Sandstorm|[upkeep]
|-heal|p2a: Forretress|51/100|[from] item: Leftovers
|upkeep
|turn|20
|
|t:|1728002019
|move|p1a: Metagross|Explosion|p2a: Forretress
|-resisted|p2a: Forretress
|-damage|p2a: Forretress|0 fnt
|faint|p1a: Metagross
|faint|p2a: Forretress
|
|t:|1728002027
|switch|p1a: Hariyama|Hariyama, F|59/100
|switch|p2a: Aerodactyl|Aerodactyl, M|100/100
|-damage|p1a: Hariyama|47/100|[from] Spikes
|
|-weather|Sandstorm|[upkeep]
|-damage|p1a: Hariyama|41/100|[from] Sandstorm
|-heal|p1a: Hariyama|47/100|[from] item: Leftovers
|upkeep
|turn|21
|
|t:|1728002031
|move|p2a: Aerodactyl|Hidden Power|p1a: Hariyama
|-supereffective|p1a: Hariyama
|-damage|p1a: Hariyama|0 fnt
|faint|p1a: Hariyama
|
|t:|1728002034
|switch|p1a: Zapdos|Zapdos|21/100 psn
|
|-weather|Sandstorm|[upkeep]
|-damage|p1a: Zapdos|15/100 psn|[from] Sandstorm
|-damage|p1a: Zapdos|2/100 psn|[from] psn
|upkeep
|turn|22
|c|☆JoeFlint|GG
|
|t:|1728002041
|move|p2a: Aerodactyl|Hidden Power|p1a: Zapdos
|-resisted|p1a: Zapdos
|-crit|p1a: Zapdos
|-damage|p1a: Zapdos|0 fnt
|faint|p1a: Zapdos
|
|t:|1728002043
|switch|p1a: Blissey|Blissey, F|100/100
|-damage|p1a: Blissey|88/100|[from] Spikes
|
|-weather|Sandstorm|[upkeep]
|-damage|p1a: Blissey|82/100|[from] Sandstorm
|-heal|p1a: Blissey|88/100|[from] item: Leftovers
|upkeep
|turn|23
|
|t:|1728002055
|switch|p2a: Gengar|Gengar, M|100/100
|move|p1a: Blissey|Ice Beam|p2a: Gengar
|-damage|p2a: Gengar|73/100
|
|-weather|Sandstorm|[upkeep]
|-damage|p2a: Gengar|66/100|[from] Sandstorm
|-damage|p1a: Blissey|82/100|[from] Sandstorm
|-heal|p2a: Gengar|73/100|[from] item: Leftovers
|-heal|p1a: Blissey|88/100|[from] item: Leftovers
|upkeep
|turn|24
|
|t:|1728002060
|move|p2a: Gengar|Ice Punch|p1a: Blissey
|-damage|p1a: Blissey|78/100
|move|p1a: Blissey|Ice Beam|p2a: Gengar
|-damage|p2a: Gengar|42/100
|
|-weather|Sandstorm|[upkeep]
|-damage|p2a: Gengar|36/100|[from] Sandstorm
|-damage|p1a: Blissey|72/100|[from] Sandstorm
|-heal|p2a: Gengar|42/100|[from] item: Leftovers
|-heal|p1a: Blissey|78/100|[from] item: Leftovers
|upkeep
|turn|25
|
|t:|1728002064
|move|p2a: Gengar|Ice Punch|p1a: Blissey
|-damage|p1a: Blissey|68/100
|move|p1a: Blissey|Ice Beam|p2a: Gengar
|-damage|p2a: Gengar|14/100
|
|-weather|Sandstorm|[upkeep]
|-damage|p2a: Gengar|7/100|[from] Sandstorm
|-damage|p1a: Blissey|62/100|[from] Sandstorm
|-heal|p2a: Gengar|14/100|[from] item: Leftovers
|-heal|p1a: Blissey|68/100|[from] item: Leftovers
|upkeep
|turn|26
|
|t:|1728002068
|move|p2a: Gengar|Ice Punch|p1a: Blissey
|-damage|p1a: Blissey|59/100
|move|p1a: Blissey|Ice Beam|p2a: Gengar
|-damage|p2a: Gengar|0 fnt
|faint|p2a: Gengar
|
|t:|1728002072
|switch|p2a: Nidoqueen|Nidoqueen, F|21/100
|
|-weather|Sandstorm|[upkeep]
|-damage|p1a: Blissey|53/100|[from] Sandstorm
|-heal|p2a: Nidoqueen|27/100|[from] item: Leftovers
|-heal|p1a: Blissey|59/100|[from] item: Leftovers
|upkeep
|turn|27
|
|t:|1728002076
|move|p2a: Nidoqueen|Superpower|p1a: Blissey
|-supereffective|p1a: Blissey
|-damage|p1a: Blissey|0 fnt
|-unboost|p2a: Nidoqueen|atk|1
|-unboost|p2a: Nidoqueen|def|1
|faint|p1a: Blissey
|
|win|smokingrocks
|player|p1|
|c|☆smokingrocks|gg
|player|p2|

</script>
<script type="application/json" class="data" id="replaydata-smogtours-gen3ou-794453">
{"id":"smogtours-gen3ou-794453","format":"[Gen 3] OU","players":["JoeFlint","smokingrocks"],"uploadtime":1728002076,"views":123,"formatid":"gen3ou","rating":null,"private":0,"password":null}
</script>

<script defer src="js/replays.js?9d40a366"></script>
