<!DOCTYPE html>
<meta charset="utf-8" />
<meta name="viewport" content="width=device-width" />

<title>[Gen 3] OU: peachyaladdin vs. verbatim - Replays - Pok&eacute;mon Showdown!</title>

<meta name="description" content="Watch a replay of a Pok&eacute;mon battle between peachyaladdin and verbatim! Format: [Gen 3] OU; Date: Oct 28, 2024" />
<!--

Hey, you! Looking in the source for the replay log?

You can find them in JSON format, just add `.json` at the end of a replay URL.

https://replay.pokemonshowdown.com/gen7randomdoublesbattle-865046831.json

Or, if you only need the log itself, add `.log` instead:

https://replay.pokemonshowdown.com/gen7randomdoublesbattle-865046831.log

-->

<link rel="stylesheet" href="//pokemonshowdown.com/style/global.css?0.767286132409787" />
<link rel="stylesheet" href="//play.pokemonshowdown.com/style/font-awesome.css?0.9266228007934947" />
<link rel="stylesheet" href="//play.pokemonshowdown.com/style/battle.css?0.7924700842790926" />
<link rel="stylesheet" href="//play.pokemonshowdown.com/style/utilichart.css?0.8777417872839479" />

<!-- Global site tag (gtag.js) - Google Analytics -->
<script async src="https://www.googletagmanager.com/gtag/js?id=UA-26211653-1"></script>
<script>
  window.dataLayer = window.dataLayer || [];
  function gtag(){dataLayer.push(arguments);}
  gtag('js', new Date());

  gtag('config', 'UA-26211653-1');
</script>
<!-- End Google Analytics -->
<!-- Venatus Ad Manager - Install in <HEAD> of page -->
	<script src="https://hb.vntsm.com/v3/live/ad-manager.min.js" type="text/javascript" data-site-id="642aba63ec9a7b11c3c9c1be" data-mode="scan" async></script>
<!-- / Venatus Ad Manager -->

<style>
	@media (max-width:820px) {
		.battle {
			margin: 0 auto;
		}
		.battle-log {
			margin: 7px auto 0;
			max-width: 640px;
			height: 300px;
			position: static;
		}
	}
	.optgroup {
		display: inline-block;
		line-height: 22px;
		font-size: 10pt;
	}
	.optgroup .button {
		height: 25px;
		padding-top: 0;
		padding-bottom: 0;
	}
	.optgroup button.button {
		padding-left: 12px;
		padding-right: 12px;
	}
	.linklist {
		list-style: none;
		margin: 0.5em 0;
		padding: 0;
	}
	.linklist li {
		padding: 2px 0;
	}
	.sidebar {
		float: left;
		width: 320px;
	}
	.bar-wrapper {
		max-width: 1100px;
		margin: 0 auto;
	}
	.bar-wrapper.has-sidebar {
		max-width: 1430px;
	}
	.mainbar {
		margin: 0;
		padding-right: 1px;
	}
	.mainbar.has-sidebar {
		margin-left: 330px;
	}
	@media (min-width: 1511px) {
		.sidebar {
			width: 400px;
		}
		.bar-wrapper.has-sidebar {
			max-width: 1510px;
		}
		.mainbar.has-sidebar {
			margin-left: 410px;
		}
	}
	.section.first-section {
		margin-top: 9px;
	}
	.blocklink small {
		white-space: normal;
	}
	.button {
		vertical-align: middle;
	}
	.replay-controls {
		padding-top: 10px;
	}
	.replay-controls h1 {
		font-size: 16pt;
		font-weight: normal;
		color: #CCC;
	}
	.pagelink {
		text-align: center;
	}
	.pagelink a {
		width: 150px;
	}
	.textbox, .button {
		font-size: 11pt;
		vertical-align: middle;
	}
	@media (max-width: 450px) {
		.button {
			font-size: 9pt;
		}
	}
</style>

<div>

	<header>
		<div class="nav-wrapper"><ul class="nav">
			<li><a class="button nav-first" href="//pokemonshowdown.com/"><img src="//pokemonshowdown.com/images/pokemonshowdownbeta.png" srcset="//pokemonshowdown.com/images/pokemonshowdownbeta.png 1x, //pokemonshowdown.com/images/pokemonshowdownbeta@2x.png 2x" alt="Pok&eacute;mon Showdown" width="146" height="44" /> Home</a></li>
			<li><a class="button" href="//pokemonshowdown.com/dex/">Pok&eacute;dex</a></li>
			<li><a class="button cur" href="/">Replays</a></li>
			<li><a class="button" href="//pokemonshowdown.com/ladder/">Ladder</a></li>
			<li><a class="button nav-last" href="//pokemonshowdown.com/forums/">Forum</a></li>
			<li><a class="button greenbutton nav-first nav-last" href="//play.pokemonshowdown.com/">Play</a></li>
		</ul></div>
	</header>

	<div class="main" id="main">

		<noscript><section class="section">You need to enable JavaScript to use this page; sorry!</section></noscript>

	</div>

</div>

<script defer nomodule src="//play.pokemonshowdown.com/js/lib/ps-polyfill.js"></script>
<script defer src="//play.pokemonshowdown.com/js/lib/preact.min.js"></script>

<script defer src="//play.pokemonshowdown.com/config/config.js?6dec07f6"></script>
<script defer src="//play.pokemonshowdown.com/js/lib/jquery-1.11.0.min.js"></script>
<script defer src="//play.pokemonshowdown.com/js/lib/html-sanitizer-minified.js"></script>
<script defer src="//play.pokemonshowdown.com/js/battle-sound.js"></script>
<script defer src="//play.pokemonshowdown.com/js/battledata.js?0.6315294753075389"></script>
<script defer src="//play.pokemonshowdown.com/data/pokedex-mini.js?0.7603743185311358"></script>
<script defer src="//play.pokemonshowdown.com/data/pokedex-mini-bw.js?0.030888842834281283"></script>
<script defer src="//play.pokemonshowdown.com/data/graphics.js?0.05593094747507488"></script>
<script defer src="//play.pokemonshowdown.com/data/pokedex.js?0.47064822249611904"></script>
<script defer src="//play.pokemonshowdown.com/data/moves.js?0.8583693120512459"></script>
<script defer src="//play.pokemonshowdown.com/data/abilities.js?0.16017181182386842"></script>
<script defer src="//play.pokemonshowdown.com/data/items.js?0.4163379185673943"></script>
<script defer src="//play.pokemonshowdown.com/data/teambuilder-tables.js?0.31075597372830477"></script>
<script defer src="//play.pokemonshowdown.com/js/battle-tooltips.js?0.6536193500708172"></script>
<script defer src="//play.pokemonshowdown.com/js/battle.js?0.1916591943277901"></script>

<script defer src="js/utils.js?e31f9a17"></script>
<script defer src="js/replays-battle.js?7008c182"></script>

<!-- don't scrape this data! just add .json or .log after the URL!
Full API docs: https://github.com/smogon/pokemon-showdown-client/blob/master/WEB-API.md -->
<script type="text/plain" class="log" id="replaylog-smogtours-gen3ou-803166">
|inactive|Battle timer is ON: inactive players will automatically lose when time's up.
|t:|1730153007
|gametype|singles
|player|p1|peachyaladdin|alder|
|player|p2|verbatim|#psstaffm|
|teamsize|p1|6
|teamsize|p2|6
|gen|3
|tier|[Gen 3] OU
|rule|Sleep Clause Mod: Limit one foe put to sleep
|rule|Switch Priority Clause Mod: Faster Pokémon switch first
|rule|Species Clause: Limit one of each Pokémon
|rule|OHKO Clause: OHKO moves are banned
|rule|Evasion Items Clause: Evasion items are banned
|rule|Evasion Moves Clause: Evasion moves are banned
|rule|Endless Battle Clause: Forcing endless battles is banned
|rule|HP Percentage Mod: HP is shown in percentages
|rule|One Boost Passer Clause: Limit one Baton Passer that has a way to boost its stats
|rule|Freeze Clause Mod: Limit one foe frozen
|
|t:|1730153007
|start
|switch|p1a: Skarmory|Skarmory, M|100/100
|switch|p2a: Snack of the Snake|Charizard, F|100/100
|turn|1
|
|t:|1730153025
|switch|p1a: Flygon|Flygon, M|100/100
|move|p2a: Snack of the Snake|Substitute|p2a: Snack of the Snake
|-start|p2a: Snack of the Snake|Substitute
|-damage|p2a: Snack of the Snake|76/100
|
|upkeep
|turn|2
|
|t:|1730153038
|-singleturn|p2a: Snack of the Snake|move: Focus Punch
|move|p1a: Flygon|Rock Slide|p2a: Snack of the Snake
|-supereffective|p2a: Snack of the Snake
|-end|p2a: Snack of the Snake|Substitute
|move|p2a: Snack of the Snake|Focus Punch|p1a: Flygon
|-damage|p1a: Flygon|72/100
|
|-heal|p1a: Flygon|78/100|[from] item: Leftovers
|upkeep
|turn|3
|
|t:|1730153068
|switch|p2a: Fall to Sleep|Lunatone|100/100
|move|p1a: Flygon|Toxic|p2a: Fall to Sleep
|-status|p2a: Fall to Sleep|tox
|
|-heal|p1a: Flygon|85/100|[from] item: Leftovers
|-damage|p2a: Fall to Sleep|94/100 tox|[from] psn
|upkeep
|turn|4
|
|t:|1730153083
|switch|p1a: Skarmory|Skarmory, M|100/100
|move|p2a: Fall to Sleep|Calm Mind|p2a: Fall to Sleep
|-boost|p2a: Fall to Sleep|spa|1
|-boost|p2a: Fall to Sleep|spd|1
|
|-heal|p2a: Fall to Sleep|100/100 tox|[from] item: Leftovers
|-damage|p2a: Fall to Sleep|88/100 tox|[from] psn
|upkeep
|turn|5
|inactive|peachyaladdin has 270 seconds left.
|
|t:|1730153106
|move|p2a: Fall to Sleep|Hypnosis|p1a: Skarmory
|-status|p1a: Skarmory|slp|[from] move: Hypnosis
|cant|p1a: Skarmory|slp
|
|-heal|p2a: Fall to Sleep|94/100 tox|[from] item: Leftovers
|-damage|p2a: Fall to Sleep|76/100 tox|[from] psn
|upkeep
|turn|6
|
|t:|1730153115
|switch|p1a: Zapdos|Zapdos|100/100
|move|p2a: Fall to Sleep|Baton Pass|p2a: Fall to Sleep
|inactive|verbatim has 270 seconds left.
|
|t:|1730153147
|switch|p2a: ngl this 1's weird|Tyranitar, F|100/100|[from] Baton Pass
|-weather|Sandstorm|[from] ability: Sand Stream|[of] p2a: ngl this 1's weird
|
|-weather|Sandstorm|[upkeep]
|-damage|p1a: Zapdos|94/100|[from] Sandstorm
|-heal|p1a: Zapdos|100/100|[from] item: Leftovers
|upkeep
|turn|7
|inactive|peachyaladdin has 270 seconds left.
|
|t:|1730153179
|move|p2a: ngl this 1's weird|Rock Slide|p1a: Zapdos
|-supereffective|p1a: Zapdos
|-damage|p1a: Zapdos|27/100
|move|p1a: Zapdos|Roar|p2a: ngl this 1's weird
|drag|p2a: Set us Up the Bomb|Metagross|100/100
|
|-weather|Sandstorm|[upkeep]
|-damage|p1a: Zapdos|21/100|[from] Sandstorm
|-heal|p1a: Zapdos|27/100|[from] item: Leftovers
|upkeep
|turn|8
|
|t:|1730153191
|move|p1a: Zapdos|Rest|p1a: Zapdos
|-status|p1a: Zapdos|slp|[from] move: Rest
|-heal|p1a: Zapdos|100/100 slp|[silent]
|move|p2a: Set us Up the Bomb|Agility|p2a: Set us Up the Bomb
|-boost|p2a: Set us Up the Bomb|spe|2
|
|-weather|Sandstorm|[upkeep]
|-damage|p1a: Zapdos|94/100 slp|[from] Sandstorm
|-heal|p1a: Zapdos|100/100 slp|[from] item: Leftovers
|upkeep
|turn|9
|
|t:|1730153207
|switch|p1a: Skarmory|Skarmory, M|100/100 slp
|move|p2a: Set us Up the Bomb|Meteor Mash|p1a: Skarmory
|-resisted|p1a: Skarmory
|-damage|p1a: Skarmory|79/100 slp
|
|-weather|Sandstorm|[upkeep]
|-heal|p1a: Skarmory|85/100 slp|[from] item: Leftovers
|upkeep
|turn|10
|
|t:|1730153218
|move|p2a: Set us Up the Bomb|Meteor Mash|p1a: Skarmory
|-resisted|p1a: Skarmory
|-damage|p1a: Skarmory|61/100 slp
|-curestatus|p1a: Skarmory|slp|[msg]
|move|p1a: Skarmory|Spikes|p2a: Set us Up the Bomb
|-sidestart|p2: verbatim|Spikes
|
|-weather|Sandstorm|[upkeep]
|-heal|p1a: Skarmory|67/100|[from] item: Leftovers
|upkeep
|turn|11
|
|t:|1730153226
|move|p1a: Skarmory|Protect|p1a: Skarmory
|-singleturn|p1a: Skarmory|Protect
|move|p2a: Set us Up the Bomb|Meteor Mash|p1a: Skarmory
|-activate|p1a: Skarmory|Protect
|
|-weather|Sandstorm|[upkeep]
|-heal|p1a: Skarmory|73/100|[from] item: Leftovers
|upkeep
|turn|12
|
|t:|1730153239
|move|p2a: Set us Up the Bomb|Explosion|p1a: Skarmory
|-resisted|p1a: Skarmory
|-damage|p1a: Skarmory|3/100
|faint|p2a: Set us Up the Bomb
|
|t:|1730153242
|switch|p2a: Sonofa Submariner|Poliwrath, M|100/100
|-damage|p2a: Sonofa Submariner|88/100|[from] Spikes
|
|-weather|Sandstorm|[upkeep]
|-damage|p2a: Sonofa Submariner|82/100|[from] Sandstorm
|-heal|p1a: Skarmory|9/100|[from] item: Leftovers
|upkeep
|turn|13
|inactive|peachyaladdin has 270 seconds left.
|inactive|peachyaladdin has 240 seconds left.
|
|t:|1730153282
|move|p2a: Sonofa Submariner|Hidden Power|p1a: Skarmory
|-damage|p1a: Skarmory|0 fnt
|faint|p1a: Skarmory
|
|t:|1730153310
|switch|p1a: Zapdos|Zapdos|100/100 slp
|
|-weather|Sandstorm|[upkeep]
|-damage|p1a: Zapdos|94/100 slp|[from] Sandstorm
|-damage|p2a: Sonofa Submariner|76/100|[from] Sandstorm
|-heal|p1a: Zapdos|100/100 slp|[from] item: Leftovers
|upkeep
|turn|14
|
|t:|1730153317
|cant|p1a: Zapdos|slp
|move|p1a: Zapdos|Sleep Talk|p1a: Zapdos
|move|p1a: Zapdos|Thunderbolt|p2a: Sonofa Submariner|[from]Sleep Talk
|-supereffective|p2a: Sonofa Submariner
|-damage|p2a: Sonofa Submariner|0 fnt
|faint|p2a: Sonofa Submariner
|
|t:|1730153326
|switch|p2a: ngl this 1's weird|Tyranitar, F|100/100
|-damage|p2a: ngl this 1's weird|88/100|[from] Spikes
|
|-weather|Sandstorm|[upkeep]
|-damage|p1a: Zapdos|94/100 slp|[from] Sandstorm
|-heal|p1a: Zapdos|100/100 slp|[from] item: Leftovers
|upkeep
|turn|15
|
|t:|1730153336
|switch|p1a: Flygon|Flygon, M|85/100
|move|p2a: ngl this 1's weird|Dragon Dance|p2a: ngl this 1's weird
|-boost|p2a: ngl this 1's weird|atk|1
|-boost|p2a: ngl this 1's weird|spe|1
|
|-weather|Sandstorm|[upkeep]
|-heal|p1a: Flygon|91/100|[from] item: Leftovers
|upkeep
|turn|16
|inactive|peachyaladdin has 240 seconds left.
|
|t:|1730153346
|switch|p2a: Fall to Sleep|Lunatone|76/100 tox
|move|p1a: Flygon|Earthquake|p2a: Fall to Sleep
|-immune|p2a: Fall to Sleep
|
|-weather|Sandstorm|[upkeep]
|-heal|p1a: Flygon|97/100|[from] item: Leftovers
|-heal|p2a: Fall to Sleep|82/100 tox|[from] item: Leftovers
|-damage|p2a: Fall to Sleep|76/100 tox|[from] psn
|upkeep
|turn|17
|inactive|peachyaladdin has 240 seconds left.
|
|t:|1730153357
|switch|p1a: Zapdos|Zapdos|100/100 slp
|move|p2a: Fall to Sleep|Calm Mind|p2a: Fall to Sleep
|-boost|p2a: Fall to Sleep|spa|1
|-boost|p2a: Fall to Sleep|spd|1
|
|-weather|Sandstorm|[upkeep]
|-damage|p1a: Zapdos|94/100 slp|[from] Sandstorm
|-heal|p1a: Zapdos|100/100 slp|[from] item: Leftovers
|-heal|p2a: Fall to Sleep|82/100 tox|[from] item: Leftovers
|-damage|p2a: Fall to Sleep|70/100 tox|[from] psn
|upkeep
|turn|18
|inactive|peachyaladdin has 240 seconds left.
|
|t:|1730153374
|cant|p1a: Zapdos|slp
|move|p1a: Zapdos|Sleep Talk|p1a: Zapdos
|move|p1a: Zapdos|Roar|p2a: Fall to Sleep|[from]Sleep Talk
|drag|p2a: Snack of the Snake|Charizard, F|76/100
|
|-weather|Sandstorm|[upkeep]
|-damage|p2a: Snack of the Snake|70/100|[from] Sandstorm
|-damage|p1a: Zapdos|94/100 slp|[from] Sandstorm
|-heal|p1a: Zapdos|100/100 slp|[from] item: Leftovers
|upkeep
|turn|19
|inactive|peachyaladdin has 240 seconds left.
|
|t:|1730153382
|move|p2a: Snack of the Snake|Fire Blast|p1a: Zapdos
|-damage|p1a: Zapdos|68/100 slp
|cant|p1a: Zapdos|slp
|
|-weather|Sandstorm|[upkeep]
|-damage|p2a: Snack of the Snake|63/100|[from] Sandstorm
|-damage|p1a: Zapdos|62/100 slp|[from] Sandstorm
|-heal|p1a: Zapdos|68/100 slp|[from] item: Leftovers
|upkeep
|turn|20
|
|t:|1730153387
|switch|p2a: Fall to Sleep|Lunatone|70/100 tox
|-curestatus|p1a: Zapdos|slp|[msg]
|move|p1a: Zapdos|Thunderbolt|p2a: Fall to Sleep
|-damage|p2a: Fall to Sleep|23/100 tox
|
|-weather|Sandstorm|[upkeep]
|-damage|p1a: Zapdos|62/100|[from] Sandstorm
|-heal|p1a: Zapdos|68/100|[from] item: Leftovers
|-heal|p2a: Fall to Sleep|29/100 tox|[from] item: Leftovers
|-damage|p2a: Fall to Sleep|23/100 tox|[from] psn
|upkeep
|turn|21
|inactive|peachyaladdin has 240 seconds left.
|
|t:|1730153407
|switch|p1a: Blissey|Blissey, F|100/100
|move|p2a: Fall to Sleep|Ice Beam|p1a: Blissey
|-damage|p1a: Blissey|91/100
|
|-weather|Sandstorm|[upkeep]
|-damage|p1a: Blissey|85/100|[from] Sandstorm
|-heal|p2a: Fall to Sleep|29/100 tox|[from] item: Leftovers
|-damage|p2a: Fall to Sleep|17/100 tox|[from] psn
|-heal|p1a: Blissey|91/100|[from] item: Leftovers
|upkeep
|turn|22
|inactive|peachyaladdin has 240 seconds left.
|
|t:|1730153429
|switch|p1a: Flygon|Flygon, M|97/100
|move|p2a: Fall to Sleep|Hypnosis|p1a: Flygon
|-status|p1a: Flygon|slp|[from] move: Hypnosis
|
|-weather|Sandstorm|[upkeep]
|-heal|p1a: Flygon|100/100 slp|[from] item: Leftovers
|-heal|p2a: Fall to Sleep|23/100 tox|[from] item: Leftovers
|-damage|p2a: Fall to Sleep|5/100 tox|[from] psn
|upkeep
|turn|23
|
|t:|1730153443
|switch|p1a: Blissey|Blissey, F|91/100
|move|p2a: Fall to Sleep|Ice Beam|p1a: Blissey
|-damage|p1a: Blissey|81/100
|
|-weather|Sandstorm|[upkeep]
|-damage|p1a: Blissey|74/100|[from] Sandstorm
|-heal|p2a: Fall to Sleep|11/100 tox|[from] item: Leftovers
|-damage|p2a: Fall to Sleep|0 fnt|[from] psn
|faint|p2a: Fall to Sleep
|-heal|p1a: Blissey|81/100|[from] item: Leftovers
|upkeep
|
|t:|1730153448
|switch|p2a: ngl this 1's weird|Tyranitar, F|88/100
|-damage|p2a: ngl this 1's weird|76/100|[from] Spikes
|turn|24
|inactive|peachyaladdin has 240 seconds left.
|
|t:|1730153469
|move|p2a: ngl this 1's weird|Dragon Dance|p2a: ngl this 1's weird
|-boost|p2a: ngl this 1's weird|atk|1
|-boost|p2a: ngl this 1's weird|spe|1
|move|p1a: Blissey|Aromatherapy|p1a: Blissey
|-cureteam|p1a: Blissey|[from] move: Aromatherapy
|
|-weather|Sandstorm|[upkeep]
|-damage|p1a: Blissey|74/100|[from] Sandstorm
|-heal|p1a: Blissey|81/100|[from] item: Leftovers
|upkeep
|turn|25
|
|t:|1730153479
|switch|p1a: Flygon|Flygon, M|100/100
|move|p2a: ngl this 1's weird|Dragon Dance|p2a: ngl this 1's weird
|-boost|p2a: ngl this 1's weird|atk|1
|-boost|p2a: ngl this 1's weird|spe|1
|
|-weather|Sandstorm|[upkeep]
|upkeep
|turn|26
|
|t:|1730153483
|move|p2a: ngl this 1's weird|Rock Slide|p1a: Flygon
|-resisted|p1a: Flygon
|-damage|p1a: Flygon|74/100
|move|p1a: Flygon|Earthquake|p2a: ngl this 1's weird
|-supereffective|p2a: ngl this 1's weird
|-damage|p2a: ngl this 1's weird|17/100
|
|-weather|Sandstorm|[upkeep]
|-heal|p1a: Flygon|80/100|[from] item: Leftovers
|upkeep
|turn|27
|
|t:|1730153492
|move|p2a: ngl this 1's weird|Rock Slide|p1a: Flygon
|-resisted|p1a: Flygon
|-damage|p1a: Flygon|52/100
|move|p1a: Flygon|Earthquake|p2a: ngl this 1's weird
|-supereffective|p2a: ngl this 1's weird
|-damage|p2a: ngl this 1's weird|0 fnt
|faint|p2a: ngl this 1's weird
|
|t:|1730153501
|switch|p2a: Snack of the Snake|Charizard, F|63/100
|
|-weather|Sandstorm|[upkeep]
|-damage|p2a: Snack of the Snake|57/100|[from] Sandstorm
|-heal|p1a: Flygon|58/100|[from] item: Leftovers
|upkeep
|turn|28
|
|t:|1730153513
|move|p2a: Snack of the Snake|Fire Blast|p1a: Flygon
|-resisted|p1a: Flygon
|-crit|p1a: Flygon
|-damage|p1a: Flygon|11/100
|move|p1a: Flygon|Rock Slide|p2a: Snack of the Snake
|-supereffective|p2a: Snack of the Snake
|-damage|p2a: Snack of the Snake|0 fnt
|faint|p2a: Snack of the Snake
|
|t:|1730153517
|switch|p2a: i am ERROR|Raikou|100/100
|-damage|p2a: i am ERROR|88/100|[from] Spikes
|
|-weather|Sandstorm|[upkeep]
|-damage|p2a: i am ERROR|82/100|[from] Sandstorm
|-heal|p2a: i am ERROR|88/100|[from] item: Leftovers
|-heal|p1a: Flygon|17/100|[from] item: Leftovers
|upkeep
|turn|29
|inactive|peachyaladdin has 270 seconds left.
|
|t:|1730153523
|move|p2a: i am ERROR|Substitute|p2a: i am ERROR
|-start|p2a: i am ERROR|Substitute
|-damage|p2a: i am ERROR|63/100
|move|p1a: Flygon|Earthquake|p2a: i am ERROR
|-supereffective|p2a: i am ERROR
|-end|p2a: i am ERROR|Substitute
|
|-weather|Sandstorm|[upkeep]
|-damage|p2a: i am ERROR|57/100|[from] Sandstorm
|-heal|p2a: i am ERROR|63/100|[from] item: Leftovers
|-heal|p1a: Flygon|23/100|[from] item: Leftovers
|upkeep
|turn|30
|
|t:|1730153526
|move|p2a: i am ERROR|Hidden Power|p1a: Flygon
|-damage|p1a: Flygon|0 fnt
|faint|p1a: Flygon
|inactive|peachyaladdin has 270 seconds left.
|
|t:|1730153568
|switch|p1a: Misdreavus|Misdreavus, F|100/100
|
|-weather|Sandstorm|[upkeep]
|-damage|p2a: i am ERROR|57/100|[from] Sandstorm
|-damage|p1a: Misdreavus|94/100|[from] Sandstorm
|-heal|p2a: i am ERROR|63/100|[from] item: Leftovers
|-heal|p1a: Misdreavus|100/100|[from] item: Leftovers
|upkeep
|turn|31
|
|t:|1730153575
|move|p2a: i am ERROR|Thunderbolt|p1a: Misdreavus
|-crit|p1a: Misdreavus
|-damage|p1a: Misdreavus|24/100
|move|p1a: Misdreavus|Perish Song|p1a: Misdreavus
|-start|p1a: Misdreavus|perish3|[silent]
|-start|p2a: i am ERROR|perish3|[silent]
|-fieldactivate|move: Perish Song
|
|-weather|Sandstorm|[upkeep]
|-damage|p2a: i am ERROR|57/100|[from] Sandstorm
|-damage|p1a: Misdreavus|18/100|[from] Sandstorm
|-heal|p2a: i am ERROR|63/100|[from] item: Leftovers
|-heal|p1a: Misdreavus|24/100|[from] item: Leftovers
|-start|p2a: i am ERROR|perish3
|-start|p1a: Misdreavus|perish3
|upkeep
|turn|32
|c|☆verbatim|gg
|-message|verbatim forfeited.
|
|win|peachyaladdin
|c|☆peachyaladdin|gg

</script>
<script type="application/json" class="data" id="replaydata-smogtours-gen3ou-803166">
{"id":"smogtours-gen3ou-803166","format":"[Gen 3] OU","players":["peachyaladdin","verbatim"],"uploadtime":1730153585,"views":90,"formatid":"gen3ou","rating":null,"private":0,"password":null}
</script>

<script defer src="js/replays.js?9d40a366"></script>
