<!DOCTYPE html>
<meta charset="utf-8" />
<meta name="viewport" content="width=device-width" />

<title>[Gen 3] OU: blanched vs. RaskaPork - Replays - Pok&eacute;mon Showdown!</title>

<meta name="description" content="Watch a replay of a Pok&eacute;mon battle between blanched and RaskaPork! Format: [Gen 3] OU; Date: Oct 26, 2024" />
<!--

Hey, you! Looking in the source for the replay log?

You can find them in JSON format, just add `.json` at the end of a replay URL.

https://replay.pokemonshowdown.com/gen7randomdoublesbattle-865046831.json

Or, if you only need the log itself, add `.log` instead:

https://replay.pokemonshowdown.com/gen7randomdoublesbattle-865046831.log

-->

<link rel="stylesheet" href="//pokemonshowdown.com/style/global.css?0.023195364461161105" />
<link rel="stylesheet" href="//play.pokemonshowdown.com/style/font-awesome.css?0.13261647063804238" />
<link rel="stylesheet" href="//play.pokemonshowdown.com/style/battle.css?0.8753245789963631" />
<link rel="stylesheet" href="//play.pokemonshowdown.com/style/utilichart.css?0.8627959624976733" />

<!-- Global site tag (gtag.js) - Google Analytics -->
<script async src="https://www.googletagmanager.com/gtag/js?id=UA-26211653-1"></script>
<script>
  window.dataLayer = window.dataLayer || [];
  function gtag(){dataLayer.push(arguments);}
  gtag('js', new Date());

  gtag('config', 'UA-26211653-1');
</script>
<!-- End Google Analytics -->
<!-- Venatus Ad Manager - Install in <HEAD> of page -->
	<script src="https://hb.vntsm.com/v3/live/ad-manager.min.js" type="text/javascript" data-site-id="642aba63ec9a7b11c3c9c1be" data-mode="scan" async></script>
<!-- / Venatus Ad Manager -->

<style>
	@media (max-width:820px) {
		.battle {
			margin: 0 auto;
		}
		.battle-log {
			margin: 7px auto 0;
			max-width: 640px;
			height: 300px;
			position: static;
		}
	}
	.optgroup {
		display: inline-block;
		line-height: 22px;
		font-size: 10pt;
	}
	.optgroup .button {
		height: 25px;
		padding-top: 0;
		padding-bottom: 0;
	}
	.optgroup button.button {
		padding-left: 12px;
		padding-right: 12px;
	}
	.linklist {
		list-style: none;
		margin: 0.5em 0;
		padding: 0;
	}
	.linklist li {
		padding: 2px 0;
	}
	.sidebar {
		float: left;
		width: 320px;
	}
	.bar-wrapper {
		max-width: 1100px;
		margin: 0 auto;
	}
	.bar-wrapper.has-sidebar {
		max-width: 1430px;
	}
	.mainbar {
		margin: 0;
		padding-right: 1px;
	}
	.mainbar.has-sidebar {
		margin-left: 330px;
	}
	@media (min-width: 1511px) {
		.sidebar {
			width: 400px;
		}
		.bar-wrapper.has-sidebar {
			max-width: 1510px;
		}
		.mainbar.has-sidebar {
			margin-left: 410px;
		}
	}
	.section.first-section {
		margin-top: 9px;
	}
	.blocklink small {
		white-space: normal;
	}
	.button {
		vertical-align: middle;
	}
	.replay-controls {
		padding-top: 10px;
	}
	.replay-controls h1 {
		font-size: 16pt;
		font-weight: normal;
		color: #CCC;
	}
	.pagelink {
		text-align: center;
	}
	.pagelink a {
		width: 150px;
	}
	.textbox, .button {
		font-size: 11pt;
		vertical-align: middle;
	}
	@media (max-width: 450px) {
		.button {
			font-size: 9pt;
		}
	}
</style>

<div>

	<header>
		<div class="nav-wrapper"><ul class="nav">
			<li><a class="button nav-first" href="//pokemonshowdown.com/"><img src="//pokemonshowdown.com/images/pokemonshowdownbeta.png" srcset="//pokemonshowdown.com/images/pokemonshowdownbeta.png 1x, //pokemonshowdown.com/images/pokemonshowdownbeta@2x.png 2x" alt="Pok&eacute;mon Showdown" width="146" height="44" /> Home</a></li>
			<li><a class="button" href="//pokemonshowdown.com/dex/">Pok&eacute;dex</a></li>
			<li><a class="button cur" href="/">Replays</a></li>
			<li><a class="button" href="//pokemonshowdown.com/ladder/">Ladder</a></li>
			<li><a class="button nav-last" href="//pokemonshowdown.com/forums/">Forum</a></li>
			<li><a class="button greenbutton nav-first nav-last" href="//play.pokemonshowdown.com/">Play</a></li>
		</ul></div>
	</header>

	<div class="main" id="main">

		<noscript><section class="section">You need to enable JavaScript to use this page; sorry!</section></noscript>

	</div>

</div>

<script defer nomodule src="//play.pokemonshowdown.com/js/lib/ps-polyfill.js"></script>
<script defer src="//play.pokemonshowdown.com/js/lib/preact.min.js"></script>

<script defer src="//play.pokemonshowdown.com/config/config.js?2bddbc15"></script>
<script defer src="//play.pokemonshowdown.com/js/lib/jquery-1.11.0.min.js"></script>
<script defer src="//play.pokemonshowdown.com/js/lib/html-sanitizer-minified.js"></script>
<script defer src="//play.pokemonshowdown.com/js/battle-sound.js"></script>
<script defer src="//play.pokemonshowdown.com/js/battledata.js?0.7209276989879541"></script>
<script defer src="//play.pokemonshowdown.com/data/pokedex-mini.js?0.6111056340867951"></script>
<script defer src="//play.pokemonshowdown.com/data/pokedex-mini-bw.js?0.3532142036491459"></script>
<script defer src="//play.pokemonshowdown.com/data/graphics.js?0.24223875632456182"></script>
<script defer src="//play.pokemonshowdown.com/data/pokedex.js?0.38839984266356864"></script>
<script defer src="//play.pokemonshowdown.com/data/moves.js?0.21866028504024015"></script>
<script defer src="//play.pokemonshowdown.com/data/abilities.js?0.2005157953846628"></script>
<script defer src="//play.pokemonshowdown.com/data/items.js?0.9894211263848525"></script>
<script defer src="//play.pokemonshowdown.com/data/teambuilder-tables.js?0.6008791140282215"></script>
<script defer src="//play.pokemonshowdown.com/js/battle-tooltips.js?0.7580118955022959"></script>
<script defer src="//play.pokemonshowdown.com/js/battle.js?0.6057722274234274"></script>

<script defer src="js/utils.js?e31f9a17"></script>
<script defer src="js/replays-battle.js?7008c182"></script>

<!-- don't scrape this data! just add .json or .log after the URL!
Full API docs: https://github.com/smogon/pokemon-showdown-client/blob/master/WEB-API.md -->
<script type="text/plain" class="log" id="replaylog-smogtours-gen3ou-801995">
|inactive|Battle timer is ON: inactive players will automatically lose when time's up.
|t:|1729901441
|gametype|singles
|player|p1|blanched|#1v1plviiithwackeys|
|player|p2|RaskaPork|ingo|
|teamsize|p1|6
|teamsize|p2|6
|gen|3
|tier|[Gen 3] OU
|rule|Sleep Clause Mod: Limit one foe put to sleep
|rule|Switch Priority Clause Mod: Faster Pokémon switch first
|rule|Species Clause: Limit one of each Pokémon
|rule|OHKO Clause: OHKO moves are banned
|rule|Evasion Items Clause: Evasion items are banned
|rule|Evasion Moves Clause: Evasion moves are banned
|rule|Endless Battle Clause: Forcing endless battles is banned
|rule|HP Percentage Mod: HP is shown in percentages
|rule|One Boost Passer Clause: Limit one Baton Passer that has a way to boost its stats
|rule|Freeze Clause Mod: Limit one foe frozen
|
|t:|1729901441
|start
|switch|p1a: Medicham|Medicham, M|100/100
|switch|p2a: Tyranitar|Tyranitar, M|100/100
|-weather|Sandstorm|[from] ability: Sand Stream|[of] p2a: Tyranitar
|turn|1
|
|t:|1729901446
|-singleturn|p1a: Medicham|move: Focus Punch
|switch|p2a: Salamence|Salamence, M|100/100
|-ability|p2a: Salamence|Intimidate|boost
|-unboost|p1a: Medicham|atk|1
|move|p1a: Medicham|Focus Punch|p2a: Salamence
|-resisted|p2a: Salamence
|-damage|p2a: Salamence|63/100
|
|-weather|Sandstorm|[upkeep]
|-damage|p2a: Salamence|57/100|[from] Sandstorm
|-damage|p1a: Medicham|94/100|[from] Sandstorm
|-heal|p2a: Salamence|63/100|[from] item: Leftovers
|upkeep
|turn|2
|
|t:|1729901460
|switch|p1a: Snorlax|Snorlax, M|100/100
|move|p2a: Salamence|Dragon Claw|p1a: Snorlax
|-damage|p1a: Snorlax|79/100
|
|-weather|Sandstorm|[upkeep]
|-damage|p2a: Salamence|57/100|[from] Sandstorm
|-damage|p1a: Snorlax|73/100|[from] Sandstorm
|-heal|p2a: Salamence|63/100|[from] item: Leftovers
|-heal|p1a: Snorlax|79/100|[from] item: Leftovers
|upkeep
|turn|3
|
|t:|1729901472
|switch|p2a: Metagross|Metagross|100/100
|move|p1a: Snorlax|Body Slam|p2a: Metagross
|-resisted|p2a: Metagross
|-damage|p2a: Metagross|83/100
|-status|p2a: Metagross|par
|
|-weather|Sandstorm|[upkeep]
|-damage|p1a: Snorlax|73/100|[from] Sandstorm
|-heal|p1a: Snorlax|79/100|[from] item: Leftovers
|upkeep
|turn|4
|
|t:|1729901480
|switch|p1a: Magneton|Magneton|100/100
|move|p2a: Metagross|Earthquake|p1a: Magneton
|-supereffective|p1a: Magneton
|-damage|p1a: Magneton|0 fnt
|faint|p1a: Magneton
|
|t:|1729901484
|switch|p1a: Salamence|Salamence, M|100/100
|-ability|p1a: Salamence|Intimidate|boost
|-fail|p2a: Metagross|unboost|[from] ability: Clear Body|[of] p2a: Metagross
|
|-weather|Sandstorm|[upkeep]
|-damage|p1a: Salamence|94/100|[from] Sandstorm
|upkeep
|turn|5
|inactive|RaskaPork has 270 seconds left.
|inactive|RaskaPork has 240 seconds left.
|
|t:|1729901548
|switch|p2a: Swampert|Swampert, M|100/100
|move|p1a: Salamence|Dragon Dance|p1a: Salamence
|-boost|p1a: Salamence|atk|1
|-boost|p1a: Salamence|spe|1
|
|-weather|Sandstorm|[upkeep]
|-damage|p1a: Salamence|88/100|[from] Sandstorm
|upkeep
|turn|6
|
|t:|1729901555
|switch|p1a: Snorlax|Snorlax, M|79/100
|move|p2a: Swampert|Ice Beam|p1a: Snorlax
|-damage|p1a: Snorlax|62/100
|
|-weather|Sandstorm|[upkeep]
|-damage|p1a: Snorlax|56/100|[from] Sandstorm
|-heal|p1a: Snorlax|62/100|[from] item: Leftovers
|upkeep
|turn|7
|inactive|RaskaPork has 240 seconds left.
|
|t:|1729901585
|switch|p2a: Cloyster|Cloyster, F|100/100
|move|p1a: Snorlax|Body Slam|p2a: Cloyster
|-damage|p2a: Cloyster|72/100
|
|-weather|Sandstorm|[upkeep]
|-damage|p2a: Cloyster|66/100|[from] Sandstorm
|-damage|p1a: Snorlax|56/100|[from] Sandstorm
|-heal|p2a: Cloyster|72/100|[from] item: Leftovers
|-heal|p1a: Snorlax|62/100|[from] item: Leftovers
|upkeep
|turn|8
|
|t:|1729901593
|switch|p1a: Medicham|Medicham, M|94/100
|move|p2a: Cloyster|Spikes|p1a: Medicham
|-sidestart|p1: blanched|Spikes
|
|-weather|Sandstorm|[upkeep]
|-damage|p1a: Medicham|88/100|[from] Sandstorm
|-damage|p2a: Cloyster|66/100|[from] Sandstorm
|-heal|p2a: Cloyster|72/100|[from] item: Leftovers
|upkeep
|turn|9
|inactive|RaskaPork has 240 seconds left.
|
|t:|1729901616
|move|p1a: Medicham|Brick Break|p2a: Cloyster
|-supereffective|p2a: Cloyster
|-damage|p2a: Cloyster|0 fnt
|faint|p2a: Cloyster
|
|t:|1729901620
|switch|p2a: Salamence|Salamence, M|63/100
|-ability|p2a: Salamence|Intimidate|boost
|-unboost|p1a: Medicham|atk|1
|
|-weather|Sandstorm|[upkeep]
|-damage|p2a: Salamence|57/100|[from] Sandstorm
|-damage|p1a: Medicham|82/100|[from] Sandstorm
|-heal|p2a: Salamence|63/100|[from] item: Leftovers
|upkeep
|turn|10
|inactive|RaskaPork has 240 seconds left.
|
|t:|1729901637
|switch|p1a: Suicune|Suicune|100/100
|-damage|p1a: Suicune|88/100|[from] Spikes
|move|p2a: Salamence|Brick Break|p1a: Suicune
|-damage|p1a: Suicune|73/100
|
|-weather|Sandstorm|[upkeep]
|-damage|p2a: Salamence|57/100|[from] Sandstorm
|-damage|p1a: Suicune|66/100|[from] Sandstorm
|-heal|p2a: Salamence|63/100|[from] item: Leftovers
|-heal|p1a: Suicune|73/100|[from] item: Leftovers
|upkeep
|turn|11
|inactive|RaskaPork has 240 seconds left.
|inactive|blanched has 270 seconds left.
|
|t:|1729901662
|switch|p2a: Jolteon|Jolteon, F|100/100
|move|p1a: Suicune|Surf|p2a: Jolteon
|-damage|p2a: Jolteon|55/100
|
|-weather|Sandstorm|[upkeep]
|-damage|p2a: Jolteon|49/100|[from] Sandstorm
|-damage|p1a: Suicune|66/100|[from] Sandstorm
|-heal|p2a: Jolteon|55/100|[from] item: Leftovers
|-heal|p1a: Suicune|73/100|[from] item: Leftovers
|upkeep
|turn|12
|inactive|blanched has 270 seconds left.
|
|t:|1729901683
|switch|p1a: Metagross|Metagross|100/100
|-damage|p1a: Metagross|88/100|[from] Spikes
|move|p2a: Jolteon|Baton Pass|p2a: Jolteon
|
|t:|1729901701
|switch|p2a: Swampert|Swampert, M|100/100|[from] Baton Pass
|
|-weather|Sandstorm|[upkeep]
|-heal|p1a: Metagross|94/100|[from] item: Leftovers
|upkeep
|turn|13
|inactive|blanched has 270 seconds left.
|inactive|RaskaPork has 210 seconds left.
|
|t:|1729901729
|move|p1a: Metagross|Meteor Mash|p2a: Swampert|[miss]
|-miss|p1a: Metagross|p2a: Swampert
|move|p2a: Swampert|Earthquake|p1a: Metagross
|-supereffective|p1a: Metagross
|-damage|p1a: Metagross|37/100
|
|-weather|Sandstorm|[upkeep]
|-heal|p1a: Metagross|43/100|[from] item: Leftovers
|upkeep
|turn|14
|inactive|RaskaPork has 210 seconds left.
|
|t:|1729901741
|move|p2a: Swampert|Protect|p2a: Swampert
|-singleturn|p2a: Swampert|Protect
|move|p1a: Metagross|Meteor Mash|p2a: Swampert
|-activate|p2a: Swampert|Protect
|
|-weather|Sandstorm|[upkeep]
|-heal|p1a: Metagross|49/100|[from] item: Leftovers
|upkeep
|turn|15
|inactive|RaskaPork has 210 seconds left.
|
|t:|1729901755
|switch|p2a: Metagross|Metagross|83/100 par
|move|p1a: Metagross|Explosion|p2a: Metagross
|-resisted|p2a: Metagross
|-damage|p2a: Metagross|0 fnt
|faint|p1a: Metagross
|faint|p2a: Metagross
|inactive|blanched has 270 seconds left.
|inactive|RaskaPork has 210 seconds left.
|
|t:|1729901767
|switch|p2a: Salamence|Salamence, M|63/100
|switch|p1a: Snorlax|Snorlax, M|62/100
|-ability|p2a: Salamence|Intimidate|boost
|-unboost|p1a: Snorlax|atk|1
|-damage|p1a: Snorlax|50/100|[from] Spikes
|
|-weather|Sandstorm|[upkeep]
|-damage|p2a: Salamence|57/100|[from] Sandstorm
|-damage|p1a: Snorlax|43/100|[from] Sandstorm
|-heal|p2a: Salamence|63/100|[from] item: Leftovers
|-heal|p1a: Snorlax|50/100|[from] item: Leftovers
|upkeep
|turn|16
|inactive|RaskaPork has 210 seconds left.
|
|t:|1729901779
|switch|p2a: Tyranitar|Tyranitar, M|100/100
|move|p1a: Snorlax|Self-Destruct|p2a: Tyranitar
|-resisted|p2a: Tyranitar
|-damage|p2a: Tyranitar|39/100
|faint|p1a: Snorlax
|
|t:|1729901783
|switch|p1a: Medicham|Medicham, M|82/100
|-damage|p1a: Medicham|70/100|[from] Spikes
|
|-weather|Sandstorm|[upkeep]
|-damage|p1a: Medicham|64/100|[from] Sandstorm
|upkeep
|turn|17
|
|t:|1729901798
|move|p1a: Medicham|Brick Break|p2a: Tyranitar
|-supereffective|p2a: Tyranitar
|-damage|p2a: Tyranitar|0 fnt
|faint|p2a: Tyranitar
|
|t:|1729901800
|switch|p2a: Salamence|Salamence, M|63/100
|-ability|p2a: Salamence|Intimidate|boost
|-unboost|p1a: Medicham|atk|1
|
|-weather|Sandstorm|[upkeep]
|-damage|p2a: Salamence|57/100|[from] Sandstorm
|-damage|p1a: Medicham|58/100|[from] Sandstorm
|-heal|p2a: Salamence|63/100|[from] item: Leftovers
|upkeep
|turn|18
|
|t:|1729901806
|move|p2a: Salamence|Dragon Claw|p1a: Medicham
|-damage|p1a: Medicham|0 fnt
|faint|p1a: Medicham
|
|t:|1729901809
|switch|p1a: Suicune|Suicune|73/100
|-damage|p1a: Suicune|60/100|[from] Spikes
|
|-weather|Sandstorm|[upkeep]
|-damage|p2a: Salamence|57/100|[from] Sandstorm
|-damage|p1a: Suicune|54/100|[from] Sandstorm
|-heal|p2a: Salamence|63/100|[from] item: Leftovers
|-heal|p1a: Suicune|60/100|[from] item: Leftovers
|upkeep
|turn|19
|inactive|RaskaPork has 240 seconds left.
|
|t:|1729901815
|move|p2a: Salamence|Hidden Power|p1a: Suicune
|-supereffective|p1a: Suicune
|-damage|p1a: Suicune|32/100
|move|p1a: Suicune|Calm Mind|p1a: Suicune
|-boost|p1a: Suicune|spa|1
|-boost|p1a: Suicune|spd|1
|
|-weather|Sandstorm|[upkeep]
|-damage|p2a: Salamence|57/100|[from] Sandstorm
|-damage|p1a: Suicune|25/100|[from] Sandstorm
|-heal|p2a: Salamence|63/100|[from] item: Leftovers
|-heal|p1a: Suicune|32/100|[from] item: Leftovers
|upkeep
|turn|20
|inactive|RaskaPork has 240 seconds left.
|
|t:|1729901840
|switch|p2a: Jolteon|Jolteon, F|55/100
|move|p1a: Suicune|Rest|p1a: Suicune
|-status|p1a: Suicune|slp|[from] move: Rest
|-heal|p1a: Suicune|100/100 slp|[silent]
|
|-weather|Sandstorm|[upkeep]
|-damage|p2a: Jolteon|49/100|[from] Sandstorm
|-damage|p1a: Suicune|94/100 slp|[from] Sandstorm
|-heal|p2a: Jolteon|55/100|[from] item: Leftovers
|-heal|p1a: Suicune|100/100 slp|[from] item: Leftovers
|upkeep
|turn|21
|
|t:|1729901849
|move|p2a: Jolteon|Thunderbolt|p1a: Suicune
|-supereffective|p1a: Suicune
|-damage|p1a: Suicune|61/100 slp
|cant|p1a: Suicune|slp
|
|-weather|Sandstorm|[upkeep]
|-damage|p2a: Jolteon|49/100|[from] Sandstorm
|-damage|p1a: Suicune|55/100 slp|[from] Sandstorm
|-heal|p2a: Jolteon|55/100|[from] item: Leftovers
|-heal|p1a: Suicune|61/100 slp|[from] item: Leftovers
|upkeep
|turn|22
|
|t:|1729901852
|move|p2a: Jolteon|Thunderbolt|p1a: Suicune
|-supereffective|p1a: Suicune
|-damage|p1a: Suicune|23/100 slp
|cant|p1a: Suicune|slp
|
|-weather|Sandstorm|[upkeep]
|-damage|p2a: Jolteon|49/100|[from] Sandstorm
|-damage|p1a: Suicune|17/100 slp|[from] Sandstorm
|-heal|p2a: Jolteon|55/100|[from] item: Leftovers
|-heal|p1a: Suicune|23/100 slp|[from] item: Leftovers
|upkeep
|turn|23
|
|t:|1729901855
|move|p2a: Jolteon|Thunderbolt|p1a: Suicune
|-supereffective|p1a: Suicune
|-damage|p1a: Suicune|0 fnt
|faint|p1a: Suicune
|
|t:|1729901856
|switch|p1a: Salamence|Salamence, M|88/100
|-ability|p1a: Salamence|Intimidate|boost
|-unboost|p2a: Jolteon|atk|1
|
|-weather|Sandstorm|[upkeep]
|-damage|p2a: Jolteon|49/100|[from] Sandstorm
|-damage|p1a: Salamence|82/100|[from] Sandstorm
|-heal|p2a: Jolteon|55/100|[from] item: Leftovers
|upkeep
|turn|24
|
|t:|1729901859
|move|p2a: Jolteon|Hidden Power|p1a: Salamence
|-supereffective|p1a: Salamence
|-damage|p1a: Salamence|0 fnt
|faint|p1a: Salamence
|
|win|RaskaPork
|c|☆blanched|gg
|c|☆RaskaPork|gg
|player|p1|

</script>
<script type="application/json" class="data" id="replaydata-smogtours-gen3ou-801995">
{"id":"smogtours-gen3ou-801995","format":"[Gen 3] OU","players":["blanched","RaskaPork"],"uploadtime":1729901859,"views":77,"formatid":"gen3ou","rating":null,"private":0,"password":null}
</script>

<script defer src="js/replays.js?9d40a366"></script>
