<!DOCTYPE html>
<meta charset="utf-8" />
<meta name="viewport" content="width=device-width" />

<title>[Gen 3] OU: yt-cyber-dj vs. GShed - Replays - Pok&eacute;mon Showdown!</title>

<meta name="description" content="Watch a replay of a Pok&eacute;mon battle between yt-cyber-dj and GShed! Format: [Gen 3] OU; Date: Nov 4, 2024" />
<!--

Hey, you! Looking in the source for the replay log?

You can find them in JSON format, just add `.json` at the end of a replay URL.

https://replay.pokemonshowdown.com/gen7randomdoublesbattle-865046831.json

Or, if you only need the log itself, add `.log` instead:

https://replay.pokemonshowdown.com/gen7randomdoublesbattle-865046831.log

-->

<link rel="stylesheet" href="//pokemonshowdown.com/style/global.css?0.023195364461161105" />
<link rel="stylesheet" href="//play.pokemonshowdown.com/style/font-awesome.css?0.13261647063804238" />
<link rel="stylesheet" href="//play.pokemonshowdown.com/style/battle.css?0.8753245789963631" />
<link rel="stylesheet" href="//play.pokemonshowdown.com/style/utilichart.css?0.8627959624976733" />

<!-- Global site tag (gtag.js) - Google Analytics -->
<script async src="https://www.googletagmanager.com/gtag/js?id=UA-26211653-1"></script>
<script>
  window.dataLayer = window.dataLayer || [];
  function gtag(){dataLayer.push(arguments);}
  gtag('js', new Date());

  gtag('config', 'UA-26211653-1');
</script>
<!-- End Google Analytics -->
<!-- Venatus Ad Manager - Install in <HEAD> of page -->
	<script src="https://hb.vntsm.com/v3/live/ad-manager.min.js" type="text/javascript" data-site-id="642aba63ec9a7b11c3c9c1be" data-mode="scan" async></script>
<!-- / Venatus Ad Manager -->

<style>
	@media (max-width:820px) {
		.battle {
			margin: 0 auto;
		}
		.battle-log {
			margin: 7px auto 0;
			max-width: 640px;
			height: 300px;
			position: static;
		}
	}
	.optgroup {
		display: inline-block;
		line-height: 22px;
		font-size: 10pt;
	}
	.optgroup .button {
		height: 25px;
		padding-top: 0;
		padding-bottom: 0;
	}
	.optgroup button.button {
		padding-left: 12px;
		padding-right: 12px;
	}
	.linklist {
		list-style: none;
		margin: 0.5em 0;
		padding: 0;
	}
	.linklist li {
		padding: 2px 0;
	}
	.sidebar {
		float: left;
		width: 320px;
	}
	.bar-wrapper {
		max-width: 1100px;
		margin: 0 auto;
	}
	.bar-wrapper.has-sidebar {
		max-width: 1430px;
	}
	.mainbar {
		margin: 0;
		padding-right: 1px;
	}
	.mainbar.has-sidebar {
		margin-left: 330px;
	}
	@media (min-width: 1511px) {
		.sidebar {
			width: 400px;
		}
		.bar-wrapper.has-sidebar {
			max-width: 1510px;
		}
		.mainbar.has-sidebar {
			margin-left: 410px;
		}
	}
	.section.first-section {
		margin-top: 9px;
	}
	.blocklink small {
		white-space: normal;
	}
	.button {
		vertical-align: middle;
	}
	.replay-controls {
		padding-top: 10px;
	}
	.replay-controls h1 {
		font-size: 16pt;
		font-weight: normal;
		color: #CCC;
	}
	.pagelink {
		text-align: center;
	}
	.pagelink a {
		width: 150px;
	}
	.textbox, .button {
		font-size: 11pt;
		vertical-align: middle;
	}
	@media (max-width: 450px) {
		.button {
			font-size: 9pt;
		}
	}
</style>

<div>

	<header>
		<div class="nav-wrapper"><ul class="nav">
			<li><a class="button nav-first" href="//pokemonshowdown.com/"><img src="//pokemonshowdown.com/images/pokemonshowdownbeta.png" srcset="//pokemonshowdown.com/images/pokemonshowdownbeta.png 1x, //pokemonshowdown.com/images/pokemonshowdownbeta@2x.png 2x" alt="Pok&eacute;mon Showdown" width="146" height="44" /> Home</a></li>
			<li><a class="button" href="//pokemonshowdown.com/dex/">Pok&eacute;dex</a></li>
			<li><a class="button cur" href="/">Replays</a></li>
			<li><a class="button" href="//pokemonshowdown.com/ladder/">Ladder</a></li>
			<li><a class="button nav-last" href="//pokemonshowdown.com/forums/">Forum</a></li>
			<li><a class="button greenbutton nav-first nav-last" href="//play.pokemonshowdown.com/">Play</a></li>
		</ul></div>
	</header>

	<div class="main" id="main">

		<noscript><section class="section">You need to enable JavaScript to use this page; sorry!</section></noscript>

	</div>

</div>

<script defer nomodule src="//play.pokemonshowdown.com/js/lib/ps-polyfill.js"></script>
<script defer src="//play.pokemonshowdown.com/js/lib/preact.min.js"></script>

<script defer src="//play.pokemonshowdown.com/config/config.js?2bddbc15"></script>
<script defer src="//play.pokemonshowdown.com/js/lib/jquery-1.11.0.min.js"></script>
<script defer src="//play.pokemonshowdown.com/js/lib/html-sanitizer-minified.js"></script>
<script defer src="//play.pokemonshowdown.com/js/battle-sound.js"></script>
<script defer src="//play.pokemonshowdown.com/js/battledata.js?0.7209276989879541"></script>
<script defer src="//play.pokemonshowdown.com/data/pokedex-mini.js?0.6111056340867951"></script>
<script defer src="//play.pokemonshowdown.com/data/pokedex-mini-bw.js?0.3532142036491459"></script>
<script defer src="//play.pokemonshowdown.com/data/graphics.js?0.24223875632456182"></script>
<script defer src="//play.pokemonshowdown.com/data/pokedex.js?0.38839984266356864"></script>
<script defer src="//play.pokemonshowdown.com/data/moves.js?0.21866028504024015"></script>
<script defer src="//play.pokemonshowdown.com/data/abilities.js?0.2005157953846628"></script>
<script defer src="//play.pokemonshowdown.com/data/items.js?0.9894211263848525"></script>
<script defer src="//play.pokemonshowdown.com/data/teambuilder-tables.js?0.6008791140282215"></script>
<script defer src="//play.pokemonshowdown.com/js/battle-tooltips.js?0.7580118955022959"></script>
<script defer src="//play.pokemonshowdown.com/js/battle.js?0.6057722274234274"></script>

<script defer src="js/utils.js?e31f9a17"></script>
<script defer src="js/replays-battle.js?7008c182"></script>

<!-- don't scrape this data! just add .json or .log after the URL!
Full API docs: https://github.com/smogon/pokemon-showdown-client/blob/master/WEB-API.md -->
<script type="text/plain" class="log" id="replaylog-smogtours-gen3ou-804706">
|inactive|Battle timer is ON: inactive players will automatically lose when time's up.
|t:|1730682388
|gametype|singles
|player|p1|yt-cyber-dj|gambler|
|player|p2|GShed|clay|
|teamsize|p1|6
|teamsize|p2|6
|gen|3
|tier|[Gen 3] OU
|rule|Sleep Clause Mod: Limit one foe put to sleep
|rule|Switch Priority Clause Mod: Faster Pokémon switch first
|rule|Species Clause: Limit one of each Pokémon
|rule|OHKO Clause: OHKO moves are banned
|rule|Evasion Items Clause: Evasion items are banned
|rule|Evasion Moves Clause: Evasion moves are banned
|rule|Endless Battle Clause: Forcing endless battles is banned
|rule|HP Percentage Mod: HP is shown in percentages
|rule|One Boost Passer Clause: Limit one Baton Passer that has a way to boost its stats
|rule|Freeze Clause Mod: Limit one foe frozen
|
|t:|1730682388
|start
|switch|p1a: Skarmory|Skarmory, M|100/100
|switch|p2a: Salamence|Salamence, M|100/100
|-ability|p2a: Salamence|Intimidate|boost
|-unboost|p1a: Skarmory|atk|1
|turn|1
|c|☆yt-cyber-dj|GLHF
|c|☆GShed|glhf
|
|t:|1730682403
|move|p2a: Salamence|Fire Blast|p1a: Skarmory
|-supereffective|p1a: Skarmory
|-damage|p1a: Skarmory|28/100
|move|p1a: Skarmory|Spikes|p2a: Salamence
|-sidestart|p2: GShed|Spikes
|
|-heal|p1a: Skarmory|34/100|[from] item: Leftovers
|upkeep
|turn|2
|
|t:|1730682411
|move|p1a: Skarmory|Protect|p1a: Skarmory
|-singleturn|p1a: Skarmory|Protect
|move|p2a: Salamence|Fire Blast|p1a: Skarmory
|-activate|p1a: Skarmory|Protect
|
|-heal|p1a: Skarmory|40/100|[from] item: Leftovers
|upkeep
|turn|3
|
|t:|1730682417
|switch|p1a: Blissey|Blissey, F|100/100
|move|p2a: Salamence|Fire Blast|p1a: Blissey
|-damage|p1a: Blissey|85/100
|
|-heal|p1a: Blissey|91/100|[from] item: Leftovers
|upkeep
|turn|4
|
|t:|1730682432
|switch|p2a: Forretress|Forretress, M|100/100
|-damage|p2a: Forretress|88/100|[from] Spikes
|move|p1a: Blissey|Thunder Wave|p2a: Forretress
|-status|p2a: Forretress|par
|
|-heal|p1a: Blissey|97/100|[from] item: Leftovers
|-heal|p2a: Forretress|94/100 par|[from] item: Leftovers
|upkeep
|turn|5
|
|t:|1730682443
|switch|p1a: Skarmory|Skarmory, M|40/100
|move|p2a: Forretress|Spikes|p1a: Skarmory
|-sidestart|p1: yt-cyber-dj|Spikes
|
|-heal|p1a: Skarmory|46/100|[from] item: Leftovers
|-heal|p2a: Forretress|100/100 par|[from] item: Leftovers
|upkeep
|turn|6
|
|t:|1730682469
|switch|p1a: Magneton|Magneton|100/100
|-damage|p1a: Magneton|88/100|[from] Spikes
|switch|p2a: Salamence|Salamence, M|100/100
|-ability|p2a: Salamence|Intimidate|boost
|-unboost|p1a: Magneton|atk|1
|
|upkeep
|turn|7
|
|t:|1730682477
|switch|p1a: Blissey|Blissey, F|97/100
|-damage|p1a: Blissey|85/100|[from] Spikes
|move|p2a: Salamence|Fire Blast|p1a: Blissey
|-damage|p1a: Blissey|70/100
|
|-heal|p1a: Blissey|76/100|[from] item: Leftovers
|upkeep
|turn|8
|
|t:|1730682487
|switch|p2a: Forretress|Forretress, M|100/100 par
|-damage|p2a: Forretress|88/100 par|[from] Spikes
|move|p1a: Blissey|Seismic Toss|p2a: Forretress
|-damage|p2a: Forretress|60/100 par
|
|-heal|p1a: Blissey|82/100|[from] item: Leftovers
|-heal|p2a: Forretress|66/100 par|[from] item: Leftovers
|upkeep
|turn|9
|
|t:|1730682499
|switch|p1a: Magneton|Magneton|88/100
|-damage|p1a: Magneton|76/100|[from] Spikes
|move|p2a: Forretress|Rapid Spin|p1a: Magneton
|-resisted|p1a: Magneton
|-damage|p1a: Magneton|73/100
|-sideend|p2: GShed|Spikes|[from] move: Rapid Spin|[of] p2a: Forretress
|
|-heal|p2a: Forretress|72/100 par|[from] item: Leftovers
|upkeep
|turn|10
|
|t:|1730682506
|move|p1a: Magneton|Hidden Power|p2a: Forretress
|-supereffective|p2a: Forretress
|-damage|p2a: Forretress|0 fnt
|faint|p2a: Forretress
|inactive|GShed has 270 seconds left.
|
|t:|1730682537
|switch|p2a: Tyranitar|Tyranitar, M|100/100
|-weather|Sandstorm|[from] ability: Sand Stream|[of] p2a: Tyranitar
|
|-weather|Sandstorm|[upkeep]
|upkeep
|turn|11
|
|t:|1730682547
|move|p1a: Magneton|Substitute|p1a: Magneton
|-start|p1a: Magneton|Substitute
|-damage|p1a: Magneton|48/100
|move|p2a: Tyranitar|Fire Blast|p1a: Magneton|[miss]
|-miss|p2a: Tyranitar|p1a: Magneton
|
|-weather|Sandstorm|[upkeep]
|upkeep
|turn|12
|
|t:|1730682554
|move|p1a: Magneton|Toxic|p2a: Tyranitar
|-status|p2a: Tyranitar|tox
|move|p2a: Tyranitar|Fire Blast|p1a: Magneton
|-supereffective|p1a: Magneton
|-end|p1a: Magneton|Substitute
|
|-weather|Sandstorm|[upkeep]
|-damage|p2a: Tyranitar|94/100 tox|[from] psn
|upkeep
|turn|13
|
|t:|1730682577
|switch|p1a: Aerodactyl|Aerodactyl, M|100/100
|move|p2a: Tyranitar|Fire Blast|p1a: Aerodactyl
|-resisted|p1a: Aerodactyl
|-damage|p1a: Aerodactyl|73/100
|
|-weather|Sandstorm|[upkeep]
|-heal|p2a: Tyranitar|100/100 tox|[from] item: Leftovers
|-damage|p2a: Tyranitar|88/100 tox|[from] psn
|upkeep
|turn|14
|
|t:|1730682593
|switch|p2a: Jirachi|Jirachi|100/100
|move|p1a: Aerodactyl|Rock Slide|p2a: Jirachi
|-resisted|p2a: Jirachi
|-damage|p2a: Jirachi|85/100
|
|-weather|Sandstorm|[upkeep]
|-heal|p2a: Jirachi|91/100|[from] item: Leftovers
|upkeep
|turn|15
|
|t:|1730682610
|switch|p1a: Swampert|Swampert, M|100/100
|-damage|p1a: Swampert|88/100|[from] Spikes
|move|p2a: Jirachi|Fire Punch|p1a: Swampert
|-resisted|p1a: Swampert
|-damage|p1a: Swampert|80/100
|
|-weather|Sandstorm|[upkeep]
|-heal|p2a: Jirachi|97/100|[from] item: Leftovers
|-heal|p1a: Swampert|86/100|[from] item: Leftovers
|upkeep
|turn|16
|
|t:|1730682619
|move|p2a: Jirachi|Toxic|p1a: Swampert
|-status|p1a: Swampert|tox
|move|p1a: Swampert|Earthquake|p2a: Jirachi
|-supereffective|p2a: Jirachi
|-damage|p2a: Jirachi|50/100
|
|-weather|Sandstorm|[upkeep]
|-heal|p2a: Jirachi|56/100|[from] item: Leftovers
|-heal|p1a: Swampert|93/100 tox|[from] item: Leftovers
|-damage|p1a: Swampert|86/100 tox|[from] psn
|upkeep
|turn|17
|
|t:|1730682630
|switch|p1a: Blissey|Blissey, F|82/100
|-damage|p1a: Blissey|70/100|[from] Spikes
|move|p2a: Jirachi|Wish|p2a: Jirachi
|
|-weather|Sandstorm|[upkeep]
|-damage|p1a: Blissey|64/100|[from] Sandstorm
|-heal|p2a: Jirachi|62/100|[from] item: Leftovers
|-heal|p1a: Blissey|70/100|[from] item: Leftovers
|upkeep
|turn|18
|
|t:|1730682642
|switch|p2a: Tyranitar|Tyranitar, M|88/100 tox
|move|p1a: Blissey|Aromatherapy|p1a: Blissey
|-cureteam|p1a: Blissey|[from] move: Aromatherapy
|
|-heal|p2a: Tyranitar|100/100 tox|[from] move: Wish|[wisher] Jirachi
|-weather|Sandstorm|[upkeep]
|-damage|p1a: Blissey|64/100|[from] Sandstorm
|-heal|p1a: Blissey|70/100|[from] item: Leftovers
|-damage|p2a: Tyranitar|94/100 tox|[from] psn
|upkeep
|turn|19
|
|t:|1730682672
|move|p2a: Tyranitar|Crunch|p1a: Blissey
|-damage|p1a: Blissey|56/100
|-unboost|p1a: Blissey|spd|1
|move|p1a: Blissey|Soft-Boiled|p1a: Blissey
|-heal|p1a: Blissey|100/100
|
|-weather|Sandstorm|[upkeep]
|-damage|p1a: Blissey|94/100|[from] Sandstorm
|-heal|p2a: Tyranitar|100/100 tox|[from] item: Leftovers
|-heal|p1a: Blissey|100/100|[from] item: Leftovers
|-damage|p2a: Tyranitar|88/100 tox|[from] psn
|upkeep
|turn|20
|inactive|GShed has 270 seconds left.
|
|t:|1730682692
|move|p1a: Blissey|Seismic Toss|p2a: Tyranitar
|-damage|p2a: Tyranitar|63/100 tox
|move|p2a: Tyranitar|Crunch|p1a: Blissey
|-damage|p1a: Blissey|82/100
|-unboost|p1a: Blissey|spd|1
|
|-weather|Sandstorm|[upkeep]
|-damage|p1a: Blissey|76/100|[from] Sandstorm
|-heal|p1a: Blissey|82/100|[from] item: Leftovers
|-heal|p2a: Tyranitar|69/100 tox|[from] item: Leftovers
|-damage|p2a: Tyranitar|51/100 tox|[from] psn
|upkeep
|turn|21
|inactive|GShed has 270 seconds left.
|
|t:|1730682712
|switch|p2a: Jirachi|Jirachi|62/100
|move|p1a: Blissey|Thunder Wave|p2a: Jirachi
|-status|p2a: Jirachi|par
|
|-weather|Sandstorm|[upkeep]
|-damage|p1a: Blissey|76/100|[from] Sandstorm
|-heal|p1a: Blissey|82/100|[from] item: Leftovers
|-heal|p2a: Jirachi|68/100 par|[from] item: Leftovers
|upkeep
|turn|22
|inactive|GShed has 270 seconds left.
|
|t:|1730682720
|switch|p1a: Skarmory|Skarmory, M|46/100
|cant|p2a: Jirachi|par
|
|-weather|Sandstorm|[upkeep]
|-heal|p1a: Skarmory|52/100|[from] item: Leftovers
|-heal|p2a: Jirachi|75/100 par|[from] item: Leftovers
|upkeep
|turn|23
|
|t:|1730682737
|move|p1a: Skarmory|Spikes|p2a: Jirachi
|-sidestart|p2: GShed|Spikes
|move|p2a: Jirachi|Fire Punch|p1a: Skarmory
|-supereffective|p1a: Skarmory
|-damage|p1a: Skarmory|19/100
|-status|p1a: Skarmory|brn
|
|-weather|Sandstorm|[upkeep]
|-heal|p1a: Skarmory|25/100 brn|[from] item: Leftovers
|-damage|p1a: Skarmory|13/100 brn|[from] brn
|-heal|p2a: Jirachi|81/100 par|[from] item: Leftovers
|upkeep
|turn|24
|
|t:|1730682756
|move|p1a: Skarmory|Spikes|p2a: Jirachi
|-sidestart|p2: GShed|Spikes
|move|p2a: Jirachi|Fire Punch|p1a: Skarmory
|-supereffective|p1a: Skarmory
|-damage|p1a: Skarmory|0 fnt
|faint|p1a: Skarmory
|inactive|yt-cyber-dj has 270 seconds left.
|
|t:|1730682789
|switch|p1a: Magneton|Magneton|48/100
|-damage|p1a: Magneton|36/100|[from] Spikes
|
|-weather|Sandstorm|[upkeep]
|-heal|p2a: Jirachi|87/100 par|[from] item: Leftovers
|upkeep
|turn|25
|
|t:|1730682795
|move|p1a: Magneton|Thunderbolt|p2a: Jirachi
|-damage|p2a: Jirachi|40/100 par
|move|p2a: Jirachi|Fire Punch|p1a: Magneton
|-supereffective|p1a: Magneton
|-damage|p1a: Magneton|0 fnt
|faint|p1a: Magneton
|
|t:|1730682805
|switch|p1a: Swampert|Swampert, M|86/100
|-damage|p1a: Swampert|74/100|[from] Spikes
|
|-weather|Sandstorm|[upkeep]
|-heal|p1a: Swampert|80/100|[from] item: Leftovers
|-heal|p2a: Jirachi|46/100 par|[from] item: Leftovers
|upkeep
|turn|26
|inactive|yt-cyber-dj has 240 seconds left.
|inactive|GShed has 270 seconds left.
|
|t:|1730682845
|move|p2a: Jirachi|Protect|p2a: Jirachi
|-singleturn|p2a: Jirachi|Protect
|move|p1a: Swampert|Ice Beam|p2a: Jirachi
|-activate|p2a: Jirachi|Protect
|
|-weather|Sandstorm|[upkeep]
|-heal|p1a: Swampert|86/100|[from] item: Leftovers
|-heal|p2a: Jirachi|52/100 par|[from] item: Leftovers
|upkeep
|turn|27
|inactive|GShed has 270 seconds left.
|
|t:|1730682858
|switch|p2a: Blissey|Blissey, F|100/100
|-damage|p2a: Blissey|84/100|[from] Spikes
|move|p1a: Swampert|Ice Beam|p2a: Blissey
|-damage|p2a: Blissey|76/100
|-status|p2a: Blissey|frz
|
|-weather|Sandstorm|[upkeep]
|-damage|p2a: Blissey|70/100 frz|[from] Sandstorm
|-heal|p2a: Blissey|76/100 frz|[from] item: Leftovers
|-heal|p1a: Swampert|93/100|[from] item: Leftovers
|upkeep
|turn|28
|inactive|yt-cyber-dj has 240 seconds left.
|inactive|GShed has 270 seconds left.
|inactive|yt-cyber-dj has 210 seconds left.
|
|t:|1730682896
|-curestatus|p2a: Blissey|frz|[from] ability: Natural Cure
|switch|p2a: Tyranitar|Tyranitar, M|51/100 tox
|-damage|p2a: Tyranitar|35/100 tox|[from] Spikes
|move|p1a: Swampert|Curse|p1a: Swampert
|-unboost|p1a: Swampert|spe|1
|-boost|p1a: Swampert|atk|1
|-boost|p1a: Swampert|def|1
|
|-weather|Sandstorm|[upkeep]
|-heal|p2a: Tyranitar|41/100 tox|[from] item: Leftovers
|-damage|p2a: Tyranitar|35/100 tox|[from] psn
|-heal|p1a: Swampert|99/100|[from] item: Leftovers
|upkeep
|turn|29
|inactive|yt-cyber-dj has 210 seconds left.
|
|t:|1730682910
|switch|p1a: Aerodactyl|Aerodactyl, M|73/100
|move|p2a: Tyranitar|Hidden Power|p1a: Aerodactyl
|-damage|p1a: Aerodactyl|42/100
|
|-weather|Sandstorm|[upkeep]
|-heal|p2a: Tyranitar|41/100 tox|[from] item: Leftovers
|-damage|p2a: Tyranitar|29/100 tox|[from] psn
|upkeep
|turn|30
|
|t:|1730682919
|move|p1a: Aerodactyl|Rock Slide|p2a: Tyranitar
|-damage|p2a: Tyranitar|0 fnt
|faint|p2a: Tyranitar
|
|t:|1730682923
|switch|p2a: Jirachi|Jirachi|52/100 par
|-damage|p2a: Jirachi|36/100 par|[from] Spikes
|
|-weather|Sandstorm|[upkeep]
|-heal|p2a: Jirachi|42/100 par|[from] item: Leftovers
|upkeep
|turn|31
|
|t:|1730682930
|switch|p1a: Celebi|Celebi|100/100
|-damage|p1a: Celebi|88/100|[from] Spikes
|move|p2a: Jirachi|Wish|p2a: Jirachi
|
|-weather|Sandstorm|[upkeep]
|-damage|p1a: Celebi|82/100|[from] Sandstorm
|-heal|p1a: Celebi|88/100|[from] item: Leftovers
|-heal|p2a: Jirachi|48/100 par|[from] item: Leftovers
|upkeep
|turn|32
|
|t:|1730682943
|move|p1a: Celebi|Leech Seed|p2a: Jirachi|[miss]
|-miss|p1a: Celebi|p2a: Jirachi
|move|p2a: Jirachi|Toxic|p1a: Celebi|[miss]
|-miss|p2a: Jirachi|p1a: Celebi
|
|-heal|p2a: Jirachi|98/100 par|[from] move: Wish|[wisher] Jirachi
|-weather|Sandstorm|[upkeep]
|-damage|p1a: Celebi|82/100|[from] Sandstorm
|-heal|p1a: Celebi|88/100|[from] item: Leftovers
|-heal|p2a: Jirachi|100/100 par|[from] item: Leftovers
|upkeep
|turn|33
|inactive|yt-cyber-dj has 240 seconds left.
|
|t:|1730682961
|move|p1a: Celebi|Leech Seed|p2a: Jirachi
|-start|p2a: Jirachi|move: Leech Seed
|move|p2a: Jirachi|Toxic|p1a: Celebi
|-status|p1a: Celebi|tox
|
|-weather|Sandstorm|[upkeep]
|-damage|p1a: Celebi|82/100 tox|[from] Sandstorm
|-heal|p1a: Celebi|88/100 tox|[from] item: Leftovers
|-damage|p1a: Celebi|82/100 tox|[from] psn
|-damage|p2a: Jirachi|88/100 par|[from] Leech Seed|[of] p1a: Celebi
|-heal|p1a: Celebi|94/100 tox|[silent]
|upkeep
|turn|34
|
|t:|1730682973
|switch|p2a: Salamence|Salamence, M|100/100
|-ability|p2a: Salamence|Intimidate|boost
|-unboost|p1a: Celebi|atk|1
|move|p1a: Celebi|Perish Song|p1a: Celebi
|-start|p1a: Celebi|perish3|[silent]
|-start|p2a: Salamence|perish3|[silent]
|-fieldactivate|move: Perish Song
|
|-weather|Sandstorm|[upkeep]
|-damage|p2a: Salamence|95/100|[from] Sandstorm
|-damage|p1a: Celebi|88/100 tox|[from] Sandstorm
|-heal|p2a: Salamence|100/100|[from] item: Leftovers
|-heal|p1a: Celebi|94/100 tox|[from] item: Leftovers
|-damage|p1a: Celebi|82/100 tox|[from] psn
|-start|p2a: Salamence|perish3
|-start|p1a: Celebi|perish3
|upkeep
|turn|35
|inactive|yt-cyber-dj has 240 seconds left.
|
|t:|1730682991
|-curestatus|p1a: Celebi|tox|[from] ability: Natural Cure
|switch|p1a: Blissey|Blissey, F|82/100
|-damage|p1a: Blissey|69/100|[from] Spikes
|move|p2a: Salamence|Brick Break|p1a: Blissey
|-supereffective|p1a: Blissey
|-damage|p1a: Blissey|30/100
|
|-weather|Sandstorm|[upkeep]
|-damage|p2a: Salamence|95/100|[from] Sandstorm
|-damage|p1a: Blissey|24/100|[from] Sandstorm
|-heal|p2a: Salamence|100/100|[from] item: Leftovers
|-heal|p1a: Blissey|30/100|[from] item: Leftovers
|-start|p2a: Salamence|perish2
|upkeep
|turn|36
|
|t:|1730683003
|move|p2a: Salamence|Brick Break|p1a: Blissey
|-supereffective|p1a: Blissey
|-damage|p1a: Blissey|0 fnt
|faint|p1a: Blissey
|
|t:|1730683007
|switch|p1a: Swampert|Swampert, M|99/100
|-damage|p1a: Swampert|86/100|[from] Spikes
|
|-weather|Sandstorm|[upkeep]
|-damage|p2a: Salamence|95/100|[from] Sandstorm
|-heal|p2a: Salamence|100/100|[from] item: Leftovers
|-heal|p1a: Swampert|93/100|[from] item: Leftovers
|-start|p2a: Salamence|perish1
|upkeep
|turn|37
|
|t:|1730683016
|switch|p2a: Blissey|Blissey, F|76/100
|-damage|p2a: Blissey|60/100|[from] Spikes
|move|p1a: Swampert|Curse|p1a: Swampert
|-unboost|p1a: Swampert|spe|1
|-boost|p1a: Swampert|atk|1
|-boost|p1a: Swampert|def|1
|
|-weather|Sandstorm|[upkeep]
|-damage|p2a: Blissey|53/100|[from] Sandstorm
|-heal|p2a: Blissey|60/100|[from] item: Leftovers
|-heal|p1a: Swampert|99/100|[from] item: Leftovers
|upkeep
|turn|38
|inactive|yt-cyber-dj has 270 seconds left.
|
|t:|1730683027
|move|p2a: Blissey|Soft-Boiled|p2a: Blissey
|-heal|p2a: Blissey|100/100
|move|p1a: Swampert|Earthquake|p2a: Blissey
|-damage|p2a: Blissey|55/100
|
|-weather|Sandstorm|[upkeep]
|-damage|p2a: Blissey|49/100|[from] Sandstorm
|-heal|p2a: Blissey|55/100|[from] item: Leftovers
|-heal|p1a: Swampert|100/100|[from] item: Leftovers
|upkeep
|turn|39
|inactive|yt-cyber-dj has 270 seconds left.
|
|t:|1730683036
|move|p1a: Swampert|Curse|p1a: Swampert
|-unboost|p1a: Swampert|spe|1
|-boost|p1a: Swampert|atk|1
|-boost|p1a: Swampert|def|1
|move|p2a: Blissey|Counter|p1a: Swampert
|
|-weather|Sandstorm|[upkeep]
|-damage|p2a: Blissey|49/100|[from] Sandstorm
|-heal|p2a: Blissey|55/100|[from] item: Leftovers
|upkeep
|turn|40
|inactive|yt-cyber-dj has 270 seconds left.
|
|t:|1730683051
|move|p2a: Blissey|Soft-Boiled|p2a: Blissey
|-heal|p2a: Blissey|100/100
|move|p1a: Swampert|Earthquake|p2a: Blissey
|-damage|p2a: Blissey|36/100
|
|-weather|Sandstorm|[upkeep]
|-damage|p2a: Blissey|30/100|[from] Sandstorm
|-heal|p2a: Blissey|36/100|[from] item: Leftovers
|upkeep
|turn|41
|
|t:|1730683066
|move|p2a: Blissey|Seismic Toss|p1a: Swampert
|-damage|p1a: Swampert|76/100
|move|p1a: Swampert|Earthquake|p2a: Blissey
|-damage|p2a: Blissey|0 fnt
|faint|p2a: Blissey
|
|t:|1730683090
|switch|p2a: Salamence|Salamence, M|100/100
|-ability|p2a: Salamence|Intimidate|boost
|-unboost|p1a: Swampert|atk|1
|
|-weather|Sandstorm|[upkeep]
|-damage|p2a: Salamence|95/100|[from] Sandstorm
|-heal|p2a: Salamence|100/100|[from] item: Leftovers
|-heal|p1a: Swampert|82/100|[from] item: Leftovers
|upkeep
|turn|42
|
|t:|1730683097
|move|p2a: Salamence|Hidden Power|p1a: Swampert
|-supereffective|p1a: Swampert
|-damage|p1a: Swampert|0 fnt
|faint|p1a: Swampert
|
|t:|1730683104
|switch|p1a: Aerodactyl|Aerodactyl, M|42/100
|
|-weather|Sandstorm|[upkeep]
|-damage|p2a: Salamence|95/100|[from] Sandstorm
|-heal|p2a: Salamence|100/100|[from] item: Leftovers
|upkeep
|turn|43
|
|t:|1730683113
|switch|p2a: Jirachi|Jirachi|88/100 par
|-damage|p2a: Jirachi|72/100 par|[from] Spikes
|move|p1a: Aerodactyl|Rock Slide|p2a: Jirachi
|-resisted|p2a: Jirachi
|-damage|p2a: Jirachi|54/100 par
|
|-weather|Sandstorm|[upkeep]
|-heal|p2a: Jirachi|60/100 par|[from] item: Leftovers
|upkeep
|turn|44
|
|t:|1730683124
|switch|p1a: Celebi|Celebi|82/100
|-damage|p1a: Celebi|70/100|[from] Spikes
|move|p2a: Jirachi|Toxic|p1a: Celebi
|-status|p1a: Celebi|tox
|
|-weather|Sandstorm|[upkeep]
|-damage|p1a: Celebi|63/100 tox|[from] Sandstorm
|-heal|p1a: Celebi|70/100 tox|[from] item: Leftovers
|-damage|p1a: Celebi|63/100 tox|[from] psn
|-heal|p2a: Jirachi|67/100 par|[from] item: Leftovers
|upkeep
|turn|45
|
|t:|1730683137
|-curestatus|p1a: Celebi|tox|[from] ability: Natural Cure
|switch|p1a: Aerodactyl|Aerodactyl, M|42/100
|move|p2a: Jirachi|Fire Punch|p1a: Aerodactyl
|-resisted|p1a: Aerodactyl
|-damage|p1a: Aerodactyl|30/100
|-status|p1a: Aerodactyl|brn
|
|-weather|Sandstorm|[upkeep]
|-damage|p1a: Aerodactyl|18/100 brn|[from] brn
|-heal|p2a: Jirachi|73/100 par|[from] item: Leftovers
|upkeep
|turn|46
|c|☆yt-cyber-dj|GG
|c|☆GShed|gg
|-message|yt-cyber-dj forfeited.
|
|win|GShed

</script>
<script type="application/json" class="data" id="replaydata-smogtours-gen3ou-804706">
{"id":"smogtours-gen3ou-804706","format":"[Gen 3] OU","players":["yt-cyber-dj","GShed"],"uploadtime":1730683150,"views":55,"formatid":"gen3ou","rating":null,"private":0,"password":null}
</script>

<script defer src="js/replays.js?9d40a366"></script>
