<!DOCTYPE html>
<meta charset="utf-8" />
<meta name="viewport" content="width=device-width" />

<title>[Gen 3] OU: garhamsandich vs. Sheik - Replays - Pok&eacute;mon Showdown!</title>

<meta name="description" content="Watch a replay of a Pok&eacute;mon battle between garhamsandich and Sheik! Format: [Gen 3] OU; Date: Nov 15, 2024" />
<!--

Hey, you! Looking in the source for the replay log?

You can find them in JSON format, just add `.json` at the end of a replay URL.

https://replay.pokemonshowdown.com/gen7randomdoublesbattle-865046831.json

Or, if you only need the log itself, add `.log` instead:

https://replay.pokemonshowdown.com/gen7randomdoublesbattle-865046831.log

-->

<link rel="stylesheet" href="//pokemonshowdown.com/style/global.css?0.767286132409787" />
<link rel="stylesheet" href="//play.pokemonshowdown.com/style/font-awesome.css?0.9266228007934947" />
<link rel="stylesheet" href="//play.pokemonshowdown.com/style/battle.css?0.7924700842790926" />
<link rel="stylesheet" href="//play.pokemonshowdown.com/style/utilichart.css?0.8777417872839479" />

<!-- Global site tag (gtag.js) - Google Analytics -->
<script async src="https://www.googletagmanager.com/gtag/js?id=UA-26211653-1"></script>
<script>
  window.dataLayer = window.dataLayer || [];
  function gtag(){dataLayer.push(arguments);}
  gtag('js', new Date());

  gtag('config', 'UA-26211653-1');
</script>
<!-- End Google Analytics -->
<!-- Venatus Ad Manager - Install in <HEAD> of page -->
	<script src="https://hb.vntsm.com/v3/live/ad-manager.min.js" type="text/javascript" data-site-id="642aba63ec9a7b11c3c9c1be" data-mode="scan" async></script>
<!-- / Venatus Ad Manager -->

<style>
	@media (max-width:820px) {
		.battle {
			margin: 0 auto;
		}
		.battle-log {
			margin: 7px auto 0;
			max-width: 640px;
			height: 300px;
			position: static;
		}
	}
	.optgroup {
		display: inline-block;
		line-height: 22px;
		font-size: 10pt;
	}
	.optgroup .button {
		height: 25px;
		padding-top: 0;
		padding-bottom: 0;
	}
	.optgroup button.button {
		padding-left: 12px;
		padding-right: 12px;
	}
	.linklist {
		list-style: none;
		margin: 0.5em 0;
		padding: 0;
	}
	.linklist li {
		padding: 2px 0;
	}
	.sidebar {
		float: left;
		width: 320px;
	}
	.bar-wrapper {
		max-width: 1100px;
		margin: 0 auto;
	}
	.bar-wrapper.has-sidebar {
		max-width: 1430px;
	}
	.mainbar {
		margin: 0;
		padding-right: 1px;
	}
	.mainbar.has-sidebar {
		margin-left: 330px;
	}
	@media (min-width: 1511px) {
		.sidebar {
			width: 400px;
		}
		.bar-wrapper.has-sidebar {
			max-width: 1510px;
		}
		.mainbar.has-sidebar {
			margin-left: 410px;
		}
	}
	.section.first-section {
		margin-top: 9px;
	}
	.blocklink small {
		white-space: normal;
	}
	.button {
		vertical-align: middle;
	}
	.replay-controls {
		padding-top: 10px;
	}
	.replay-controls h1 {
		font-size: 16pt;
		font-weight: normal;
		color: #CCC;
	}
	.pagelink {
		text-align: center;
	}
	.pagelink a {
		width: 150px;
	}
	.textbox, .button {
		font-size: 11pt;
		vertical-align: middle;
	}
	@media (max-width: 450px) {
		.button {
			font-size: 9pt;
		}
	}
</style>

<div>

	<header>
		<div class="nav-wrapper"><ul class="nav">
			<li><a class="button nav-first" href="//pokemonshowdown.com/"><img src="//pokemonshowdown.com/images/pokemonshowdownbeta.png" srcset="//pokemonshowdown.com/images/pokemonshowdownbeta.png 1x, //pokemonshowdown.com/images/pokemonshowdownbeta@2x.png 2x" alt="Pok&eacute;mon Showdown" width="146" height="44" /> Home</a></li>
			<li><a class="button" href="//pokemonshowdown.com/dex/">Pok&eacute;dex</a></li>
			<li><a class="button cur" href="/">Replays</a></li>
			<li><a class="button" href="//pokemonshowdown.com/ladder/">Ladder</a></li>
			<li><a class="button nav-last" href="//pokemonshowdown.com/forums/">Forum</a></li>
			<li><a class="button greenbutton nav-first nav-last" href="//play.pokemonshowdown.com/">Play</a></li>
		</ul></div>
	</header>

	<div class="main" id="main">

		<noscript><section class="section">You need to enable JavaScript to use this page; sorry!</section></noscript>

	</div>

</div>

<script defer nomodule src="//play.pokemonshowdown.com/js/lib/ps-polyfill.js"></script>
<script defer src="//play.pokemonshowdown.com/js/lib/preact.min.js"></script>

<script defer src="//play.pokemonshowdown.com/config/config.js?6dec07f6"></script>
<script defer src="//play.pokemonshowdown.com/js/lib/jquery-1.11.0.min.js"></script>
<script defer src="//play.pokemonshowdown.com/js/lib/html-sanitizer-minified.js"></script>
<script defer src="//play.pokemonshowdown.com/js/battle-sound.js"></script>
<script defer src="//play.pokemonshowdown.com/js/battledata.js?0.6315294753075389"></script>
<script defer src="//play.pokemonshowdown.com/data/pokedex-mini.js?0.7603743185311358"></script>
<script defer src="//play.pokemonshowdown.com/data/pokedex-mini-bw.js?0.030888842834281283"></script>
<script defer src="//play.pokemonshowdown.com/data/graphics.js?0.05593094747507488"></script>
<script defer src="//play.pokemonshowdown.com/data/pokedex.js?0.47064822249611904"></script>
<script defer src="//play.pokemonshowdown.com/data/moves.js?0.8583693120512459"></script>
<script defer src="//play.pokemonshowdown.com/data/abilities.js?0.16017181182386842"></script>
<script defer src="//play.pokemonshowdown.com/data/items.js?0.4163379185673943"></script>
<script defer src="//play.pokemonshowdown.com/data/teambuilder-tables.js?0.31075597372830477"></script>
<script defer src="//play.pokemonshowdown.com/js/battle-tooltips.js?0.6536193500708172"></script>
<script defer src="//play.pokemonshowdown.com/js/battle.js?0.1916591943277901"></script>

<script defer src="js/utils.js?e31f9a17"></script>
<script defer src="js/replays-battle.js?7008c182"></script>

<!-- don't scrape this data! just add .json or .log after the URL!
Full API docs: https://github.com/smogon/pokemon-showdown-client/blob/master/WEB-API.md -->
<script type="text/plain" class="log" id="replaylog-smogtours-gen3ou-806331">
|inactive|Battle timer is ON: inactive players will automatically lose when time's up.
|t:|1731684470
|gametype|singles
|player|p1|garhamsandich|169|
|player|p2|Sheik|#roaplxyorknewyanma|
|teamsize|p1|6
|teamsize|p2|6
|gen|3
|tier|[Gen 3] OU
|rule|Sleep Clause Mod: Limit one foe put to sleep
|rule|Switch Priority Clause Mod: Faster Pokémon switch first
|rule|Species Clause: Limit one of each Pokémon
|rule|OHKO Clause: OHKO moves are banned
|rule|Evasion Items Clause: Evasion items are banned
|rule|Evasion Moves Clause: Evasion moves are banned
|rule|Endless Battle Clause: Forcing endless battles is banned
|rule|HP Percentage Mod: HP is shown in percentages
|rule|One Boost Passer Clause: Limit one Baton Passer that has a way to boost its stats
|rule|Freeze Clause Mod: Limit one foe frozen
|
|t:|1731684470
|start
|switch|p1a: Tyranitar|Tyranitar, M|100/100
|switch|p2a: Tyranitar|Tyranitar, M|100/100
|-weather|Sandstorm|[from] ability: Sand Stream|[of] p2a: Tyranitar
|turn|1
|c|☆Sheik|/log Sheik made the replay of this battle unlisted.
|
|t:|1731684499
|switch|p2a: Skarmory|Skarmory, M|100/100
|switch|p1a: Skarmory|Skarmory, F|100/100
|
|-weather|Sandstorm|[upkeep]
|upkeep
|turn|2
|
|t:|1731684504
|move|p2a: Skarmory|Spikes|p1a: Skarmory
|-sidestart|p1: garhamsandich|Spikes
|move|p1a: Skarmory|Spikes|p2a: Skarmory
|-sidestart|p2: Sheik|Spikes
|
|-weather|Sandstorm|[upkeep]
|upkeep
|turn|3
|
|t:|1731684509
|switch|p2a: Zapdos|Zapdos|100/100
|switch|p1a: Moltres|Moltres|100/100
|
|-weather|Sandstorm|[upkeep]
|-damage|p2a: Zapdos|94/100|[from] Sandstorm
|-damage|p1a: Moltres|94/100|[from] Sandstorm
|-heal|p2a: Zapdos|100/100|[from] item: Leftovers
|-heal|p1a: Moltres|100/100|[from] item: Leftovers
|upkeep
|turn|4
|
|t:|1731684514
|switch|p1a: Blissey|Blissey, F|100/100
|-damage|p1a: Blissey|88/100|[from] Spikes
|move|p2a: Zapdos|Thunderbolt|p1a: Blissey
|-damage|p1a: Blissey|69/100
|
|-weather|Sandstorm|[upkeep]
|-damage|p2a: Zapdos|94/100|[from] Sandstorm
|-damage|p1a: Blissey|63/100|[from] Sandstorm
|-heal|p2a: Zapdos|100/100|[from] item: Leftovers
|-heal|p1a: Blissey|69/100|[from] item: Leftovers
|upkeep
|turn|5
|
|t:|1731684524
|switch|p2a: Claydol|Claydol|100/100
|move|p1a: Blissey|Soft-Boiled|p1a: Blissey
|-heal|p1a: Blissey|100/100
|
|-weather|Sandstorm|[upkeep]
|-damage|p1a: Blissey|94/100|[from] Sandstorm
|-heal|p1a: Blissey|100/100|[from] item: Leftovers
|upkeep
|turn|6
|
|t:|1731684529
|move|p2a: Claydol|Rapid Spin|p1a: Blissey
|-damage|p1a: Blissey|96/100
|-sideend|p2: Sheik|Spikes|[from] move: Rapid Spin|[of] p2a: Claydol
|move|p1a: Blissey|Toxic|p2a: Claydol
|-status|p2a: Claydol|tox
|
|-weather|Sandstorm|[upkeep]
|-damage|p1a: Blissey|90/100|[from] Sandstorm
|-damage|p2a: Claydol|94/100 tox|[from] psn
|-heal|p1a: Blissey|96/100|[from] item: Leftovers
|upkeep
|turn|7
|
|t:|1731684538
|switch|p2a: Jirachi|Jirachi, shiny|100/100
|move|p1a: Blissey|Seismic Toss|p2a: Jirachi
|-damage|p2a: Jirachi|76/100
|
|-weather|Sandstorm|[upkeep]
|-damage|p1a: Blissey|90/100|[from] Sandstorm
|-heal|p2a: Jirachi|82/100|[from] item: Leftovers
|-heal|p1a: Blissey|96/100|[from] item: Leftovers
|upkeep
|turn|8
|
|t:|1731684545
|move|p2a: Jirachi|Body Slam|p1a: Blissey
|-damage|p1a: Blissey|79/100
|move|p1a: Blissey|Seismic Toss|p2a: Jirachi
|-damage|p2a: Jirachi|57/100
|
|-weather|Sandstorm|[upkeep]
|-damage|p1a: Blissey|73/100|[from] Sandstorm
|-heal|p2a: Jirachi|63/100|[from] item: Leftovers
|-heal|p1a: Blissey|79/100|[from] item: Leftovers
|upkeep
|turn|9
|
|t:|1731684552
|move|p2a: Jirachi|Body Slam|p1a: Blissey
|-damage|p1a: Blissey|63/100
|move|p1a: Blissey|Soft-Boiled|p1a: Blissey
|-heal|p1a: Blissey|100/100
|
|-weather|Sandstorm|[upkeep]
|-damage|p1a: Blissey|94/100|[from] Sandstorm
|-heal|p2a: Jirachi|69/100|[from] item: Leftovers
|-heal|p1a: Blissey|100/100|[from] item: Leftovers
|upkeep
|turn|10
|
|t:|1731684556
|move|p2a: Jirachi|Body Slam|p1a: Blissey
|-damage|p1a: Blissey|84/100
|-status|p1a: Blissey|par
|move|p1a: Blissey|Seismic Toss|p2a: Jirachi
|-damage|p2a: Jirachi|44/100
|
|-weather|Sandstorm|[upkeep]
|-damage|p1a: Blissey|78/100 par|[from] Sandstorm
|-heal|p2a: Jirachi|51/100|[from] item: Leftovers
|-heal|p1a: Blissey|84/100 par|[from] item: Leftovers
|upkeep
|turn|11
|
|t:|1731684560
|move|p2a: Jirachi|Body Slam|p1a: Blissey
|-damage|p1a: Blissey|66/100 par
|move|p1a: Blissey|Seismic Toss|p2a: Jirachi
|-damage|p2a: Jirachi|26/100
|
|-weather|Sandstorm|[upkeep]
|-damage|p1a: Blissey|60/100 par|[from] Sandstorm
|-heal|p2a: Jirachi|32/100|[from] item: Leftovers
|-heal|p1a: Blissey|66/100 par|[from] item: Leftovers
|upkeep
|turn|12
|
|t:|1731684563
|move|p2a: Jirachi|Wish|p2a: Jirachi
|move|p1a: Blissey|Soft-Boiled|p1a: Blissey
|-heal|p1a: Blissey|100/100 par
|
|-weather|Sandstorm|[upkeep]
|-damage|p1a: Blissey|94/100 par|[from] Sandstorm
|-heal|p2a: Jirachi|38/100|[from] item: Leftovers
|-heal|p1a: Blissey|100/100 par|[from] item: Leftovers
|upkeep
|turn|13
|
|t:|1731684572
|move|p2a: Jirachi|Protect|p2a: Jirachi
|-singleturn|p2a: Jirachi|Protect
|cant|p1a: Blissey|par
|
|-heal|p2a: Jirachi|88/100|[from] move: Wish|[wisher] Jirachi
|-weather|Sandstorm|[upkeep]
|-damage|p1a: Blissey|94/100 par|[from] Sandstorm
|-heal|p2a: Jirachi|94/100|[from] item: Leftovers
|-heal|p1a: Blissey|100/100 par|[from] item: Leftovers
|upkeep
|turn|14
|
|t:|1731684575
|switch|p2a: Skarmory|Skarmory, M|100/100
|move|p1a: Blissey|Seismic Toss|p2a: Skarmory
|-damage|p2a: Skarmory|70/100
|
|-weather|Sandstorm|[upkeep]
|-damage|p1a: Blissey|94/100 par|[from] Sandstorm
|-heal|p2a: Skarmory|76/100|[from] item: Leftovers
|-heal|p1a: Blissey|100/100 par|[from] item: Leftovers
|upkeep
|turn|15
|
|t:|1731684577
|move|p2a: Skarmory|Spikes|p1a: Blissey
|-sidestart|p1: garhamsandich|Spikes
|move|p1a: Blissey|Seismic Toss|p2a: Skarmory
|-damage|p2a: Skarmory|46/100
|
|-weather|Sandstorm|[upkeep]
|-damage|p1a: Blissey|94/100 par|[from] Sandstorm
|-heal|p2a: Skarmory|52/100|[from] item: Leftovers
|-heal|p1a: Blissey|100/100 par|[from] item: Leftovers
|upkeep
|turn|16
|
|t:|1731684586
|switch|p2a: Jirachi|Jirachi, shiny|94/100
|-curestatus|p1a: Blissey|par|[from] ability: Natural Cure
|switch|p1a: Moltres|Moltres|100/100
|
|-weather|Sandstorm|[upkeep]
|-damage|p1a: Moltres|94/100|[from] Sandstorm
|-heal|p1a: Moltres|100/100|[from] item: Leftovers
|-heal|p2a: Jirachi|100/100|[from] item: Leftovers
|upkeep
|turn|17
|
|t:|1731684595
|move|p1a: Moltres|Flamethrower|p2a: Jirachi
|-supereffective|p2a: Jirachi
|-damage|p2a: Jirachi|23/100
|move|p2a: Jirachi|Body Slam|p1a: Moltres
|-crit|p1a: Moltres
|-damage|p1a: Moltres|59/100
|-status|p1a: Moltres|par
|
|-weather|Sandstorm|[upkeep]
|-damage|p1a: Moltres|53/100 par|[from] Sandstorm
|-heal|p2a: Jirachi|29/100|[from] item: Leftovers
|-heal|p1a: Moltres|59/100 par|[from] item: Leftovers
|upkeep
|turn|18
|
|t:|1731684601
|move|p2a: Jirachi|Protect|p2a: Jirachi
|-singleturn|p2a: Jirachi|Protect
|move|p1a: Moltres|Flamethrower|p2a: Jirachi
|-activate|p2a: Jirachi|Protect
|
|-weather|Sandstorm|[upkeep]
|-damage|p1a: Moltres|53/100 par|[from] Sandstorm
|-heal|p2a: Jirachi|36/100|[from] item: Leftovers
|-heal|p1a: Moltres|59/100 par|[from] item: Leftovers
|upkeep
|turn|19
|
|t:|1731684604
|switch|p2a: Tyranitar|Tyranitar, M|100/100
|cant|p1a: Moltres|par
|
|-weather|Sandstorm|[upkeep]
|-damage|p1a: Moltres|53/100 par|[from] Sandstorm
|-heal|p1a: Moltres|59/100 par|[from] item: Leftovers
|upkeep
|turn|20
|
|t:|1731684613
|switch|p1a: Skarmory|Skarmory, F|100/100
|move|p2a: Tyranitar|Crunch|p1a: Skarmory
|-resisted|p1a: Skarmory
|-damage|p1a: Skarmory|85/100
|
|-weather|Sandstorm|[upkeep]
|-heal|p1a: Skarmory|91/100|[from] item: Leftovers
|upkeep
|turn|21
|
|t:|1731684617
|move|p1a: Skarmory|Protect|p1a: Skarmory
|-singleturn|p1a: Skarmory|Protect
|move|p2a: Tyranitar|Fire Blast|p1a: Skarmory
|-activate|p1a: Skarmory|Protect
|
|-weather|Sandstorm|[upkeep]
|-heal|p1a: Skarmory|97/100|[from] item: Leftovers
|upkeep
|turn|22
|
|t:|1731684623
|switch|p1a: Zapdos|Zapdos|100/100
|move|p2a: Tyranitar|Fire Blast|p1a: Zapdos
|-damage|p1a: Zapdos|77/100
|
|-weather|Sandstorm|[upkeep]
|-damage|p1a: Zapdos|71/100|[from] Sandstorm
|-heal|p1a: Zapdos|77/100|[from] item: Leftovers
|upkeep
|turn|23
|
|t:|1731684631
|switch|p1a: Skarmory|Skarmory, F|97/100
|switch|p2a: Claydol|Claydol|94/100 tox
|
|-weather|Sandstorm|[upkeep]
|-heal|p2a: Claydol|100/100 tox|[from] item: Leftovers
|-damage|p2a: Claydol|94/100 tox|[from] psn
|-heal|p1a: Skarmory|100/100|[from] item: Leftovers
|upkeep
|turn|24
|
|t:|1731684637
|switch|p2a: Skarmory|Skarmory, M|52/100
|move|p1a: Skarmory|Drill Peck|p2a: Skarmory
|-resisted|p2a: Skarmory
|-damage|p2a: Skarmory|44/100
|
|-weather|Sandstorm|[upkeep]
|-heal|p2a: Skarmory|50/100|[from] item: Leftovers
|upkeep
|turn|25
|
|t:|1731684651
|move|p2a: Skarmory|Spikes|p1a: Skarmory
|-sidestart|p1: garhamsandich|Spikes
|move|p1a: Skarmory|Spikes|p2a: Skarmory
|-sidestart|p2: Sheik|Spikes
|
|-weather|Sandstorm|[upkeep]
|-heal|p2a: Skarmory|56/100|[from] item: Leftovers
|upkeep
|turn|26
|
|t:|1731684656
|move|p2a: Skarmory|Roar|p1a: Skarmory
|drag|p1a: Flygon|Flygon, F|100/100
|
|-weather|Sandstorm|[upkeep]
|-heal|p2a: Skarmory|62/100|[from] item: Leftovers
|upkeep
|turn|27
|
|t:|1731684662
|switch|p1a: Blissey|Blissey, F|100/100
|-damage|p1a: Blissey|76/100|[from] Spikes
|move|p2a: Skarmory|Toxic|p1a: Blissey
|-status|p1a: Blissey|tox
|
|-weather|Sandstorm|[upkeep]
|-damage|p1a: Blissey|69/100 tox|[from] Sandstorm
|-heal|p2a: Skarmory|68/100|[from] item: Leftovers
|-heal|p1a: Blissey|76/100 tox|[from] item: Leftovers
|-damage|p1a: Blissey|69/100 tox|[from] psn
|upkeep
|turn|28
|
|t:|1731684666
|move|p2a: Skarmory|Drill Peck|p1a: Blissey
|-damage|p1a: Blissey|49/100 tox
|move|p1a: Blissey|Soft-Boiled|p1a: Blissey
|-heal|p1a: Blissey|99/100 tox
|
|-weather|Sandstorm|[upkeep]
|-damage|p1a: Blissey|93/100 tox|[from] Sandstorm
|-heal|p2a: Skarmory|74/100|[from] item: Leftovers
|-heal|p1a: Blissey|99/100 tox|[from] item: Leftovers
|-damage|p1a: Blissey|87/100 tox|[from] psn
|upkeep
|turn|29
|
|t:|1731684671
|-curestatus|p1a: Blissey|tox|[from] ability: Natural Cure
|switch|p1a: Skarmory|Skarmory, F|100/100
|move|p2a: Skarmory|Drill Peck|p1a: Skarmory
|-resisted|p1a: Skarmory
|-damage|p1a: Skarmory|92/100
|
|-weather|Sandstorm|[upkeep]
|-heal|p2a: Skarmory|80/100|[from] item: Leftovers
|-heal|p1a: Skarmory|98/100|[from] item: Leftovers
|upkeep
|turn|30
|
|t:|1731684674
|switch|p2a: Jirachi|Jirachi, shiny|36/100
|-damage|p2a: Jirachi|23/100|[from] Spikes
|move|p1a: Skarmory|Spikes|p2a: Jirachi
|-sidestart|p2: Sheik|Spikes
|
|-weather|Sandstorm|[upkeep]
|-heal|p2a: Jirachi|29/100|[from] item: Leftovers
|-heal|p1a: Skarmory|100/100|[from] item: Leftovers
|upkeep
|turn|31
|
|t:|1731684679
|switch|p1a: Blissey|Blissey, F|87/100
|-damage|p1a: Blissey|62/100|[from] Spikes
|move|p2a: Jirachi|Wish|p2a: Jirachi
|
|-weather|Sandstorm|[upkeep]
|-damage|p1a: Blissey|56/100|[from] Sandstorm
|-heal|p2a: Jirachi|36/100|[from] item: Leftovers
|-heal|p1a: Blissey|62/100|[from] item: Leftovers
|upkeep
|turn|32
|
|t:|1731684685
|move|p2a: Jirachi|Body Slam|p1a: Blissey
|-crit|p1a: Blissey
|-damage|p1a: Blissey|26/100
|move|p1a: Blissey|Wish|p1a: Blissey
|
|-heal|p2a: Jirachi|86/100|[from] move: Wish|[wisher] Jirachi
|-weather|Sandstorm|[upkeep]
|-damage|p1a: Blissey|20/100|[from] Sandstorm
|-heal|p2a: Jirachi|92/100|[from] item: Leftovers
|-heal|p1a: Blissey|26/100|[from] item: Leftovers
|upkeep
|turn|33
|
|t:|1731684692
|move|p2a: Jirachi|Body Slam|p1a: Blissey
|-damage|p1a: Blissey|9/100
|move|p1a: Blissey|Soft-Boiled|p1a: Blissey
|-heal|p1a: Blissey|59/100
|
|-heal|p1a: Blissey|100/100|[from] move: Wish|[wisher] Blissey
|-weather|Sandstorm|[upkeep]
|-damage|p1a: Blissey|94/100|[from] Sandstorm
|-heal|p2a: Jirachi|98/100|[from] item: Leftovers
|-heal|p1a: Blissey|100/100|[from] item: Leftovers
|upkeep
|turn|34
|
|t:|1731684703
|move|p2a: Jirachi|Wish|p2a: Jirachi
|move|p1a: Blissey|Wish|p1a: Blissey
|
|-weather|Sandstorm|[upkeep]
|-damage|p1a: Blissey|94/100|[from] Sandstorm
|-heal|p2a: Jirachi|100/100|[from] item: Leftovers
|-heal|p1a: Blissey|100/100|[from] item: Leftovers
|upkeep
|turn|35
|
|t:|1731684708
|switch|p1a: Moltres|Moltres|59/100 par
|move|p2a: Jirachi|Body Slam|p1a: Moltres
|-damage|p1a: Moltres|38/100 par
|
|-heal|p1a: Moltres|88/100 par|[from] move: Wish|[wisher] Blissey
|-weather|Sandstorm|[upkeep]
|-damage|p1a: Moltres|81/100 par|[from] Sandstorm
|-heal|p1a: Moltres|88/100 par|[from] item: Leftovers
|upkeep
|turn|36
|
|t:|1731684714
|switch|p2a: Tyranitar|Tyranitar, M|100/100
|-damage|p2a: Tyranitar|84/100|[from] Spikes
|cant|p1a: Moltres|par
|
|-weather|Sandstorm|[upkeep]
|-damage|p1a: Moltres|81/100 par|[from] Sandstorm
|-heal|p2a: Tyranitar|90/100|[from] item: Leftovers
|-heal|p1a: Moltres|88/100 par|[from] item: Leftovers
|upkeep
|turn|37
|
|t:|1731684722
|switch|p1a: Flygon|Flygon, F|100/100
|move|p2a: Tyranitar|Crunch|p1a: Flygon
|-damage|p1a: Flygon|67/100
|
|-weather|Sandstorm|[upkeep]
|-heal|p1a: Flygon|74/100|[from] item: Leftovers
|-heal|p2a: Tyranitar|97/100|[from] item: Leftovers
|upkeep
|turn|38
|
|t:|1731684725
|move|p1a: Flygon|Protect|p1a: Flygon
|-singleturn|p1a: Flygon|Protect
|move|p2a: Tyranitar|Ice Beam|p1a: Flygon
|-activate|p1a: Flygon|Protect
|
|-weather|Sandstorm|[upkeep]
|-heal|p1a: Flygon|80/100|[from] item: Leftovers
|-heal|p2a: Tyranitar|100/100|[from] item: Leftovers
|upkeep
|turn|39
|
|t:|1731684730
|switch|p1a: Blissey|Blissey, F|100/100
|-damage|p1a: Blissey|76/100|[from] Spikes
|move|p2a: Tyranitar|Ice Beam|p1a: Blissey
|-damage|p1a: Blissey|67/100
|
|-weather|Sandstorm|[upkeep]
|-damage|p1a: Blissey|60/100|[from] Sandstorm
|-heal|p1a: Blissey|67/100|[from] item: Leftovers
|upkeep
|turn|40
|
|t:|1731684736
|switch|p2a: Claydol|Claydol|94/100 tox
|switch|p1a: Skarmory|Skarmory, F|100/100
|
|-weather|Sandstorm|[upkeep]
|-heal|p2a: Claydol|100/100 tox|[from] item: Leftovers
|-damage|p2a: Claydol|94/100 tox|[from] psn
|upkeep
|turn|41
|
|t:|1731684742
|move|p2a: Claydol|Rapid Spin|p1a: Skarmory
|-resisted|p1a: Skarmory
|-crit|p1a: Skarmory
|-damage|p1a: Skarmory|97/100
|-sideend|p2: Sheik|Spikes|[from] move: Rapid Spin|[of] p2a: Claydol
|move|p1a: Skarmory|Drill Peck|p2a: Claydol
|-damage|p2a: Claydol|72/100 tox
|
|-weather|Sandstorm|[upkeep]
|-heal|p2a: Claydol|78/100 tox|[from] item: Leftovers
|-damage|p2a: Claydol|66/100 tox|[from] psn
|-heal|p1a: Skarmory|100/100|[from] item: Leftovers
|upkeep
|turn|42
|
|t:|1731684745
|switch|p2a: Zapdos|Zapdos|100/100
|move|p1a: Skarmory|Spikes|p2a: Zapdos
|-sidestart|p2: Sheik|Spikes
|
|-weather|Sandstorm|[upkeep]
|-damage|p2a: Zapdos|94/100|[from] Sandstorm
|-heal|p2a: Zapdos|100/100|[from] item: Leftovers
|upkeep
|turn|43
|
|t:|1731684749
|move|p1a: Skarmory|Protect|p1a: Skarmory
|-singleturn|p1a: Skarmory|Protect
|move|p2a: Zapdos|Thunderbolt|p1a: Skarmory
|-activate|p1a: Skarmory|Protect
|
|-weather|Sandstorm|[upkeep]
|-damage|p2a: Zapdos|94/100|[from] Sandstorm
|-heal|p2a: Zapdos|100/100|[from] item: Leftovers
|upkeep
|turn|44
|
|t:|1731684754
|switch|p1a: Tyranitar|Tyranitar, M|100/100
|-damage|p1a: Tyranitar|75/100|[from] Spikes
|move|p2a: Zapdos|Drill Peck|p1a: Tyranitar
|-resisted|p1a: Tyranitar
|-damage|p1a: Tyranitar|63/100
|
|-weather|Sandstorm|[upkeep]
|-damage|p2a: Zapdos|94/100|[from] Sandstorm
|-heal|p2a: Zapdos|100/100|[from] item: Leftovers
|-heal|p1a: Tyranitar|69/100|[from] item: Leftovers
|upkeep
|turn|45
|
|t:|1731684763
|-activate|p2a: Zapdos|move: Pursuit
|move|p1a: Tyranitar|Pursuit|p2a: Zapdos|[from]Pursuit
|-damage|p2a: Zapdos|60/100
|switch|p2a: Jirachi|Jirachi, shiny|100/100
|-damage|p2a: Jirachi|88/100|[from] Spikes
|
|-weather|Sandstorm|[upkeep]
|-heal|p2a: Jirachi|94/100|[from] item: Leftovers
|-heal|p1a: Tyranitar|75/100|[from] item: Leftovers
|upkeep
|turn|46
|
|t:|1731684779
|switch|p1a: Blissey|Blissey, F|67/100
|-damage|p1a: Blissey|42/100|[from] Spikes
|move|p2a: Jirachi|Wish|p2a: Jirachi
|
|-weather|Sandstorm|[upkeep]
|-damage|p1a: Blissey|36/100|[from] Sandstorm
|-heal|p2a: Jirachi|100/100|[from] item: Leftovers
|-heal|p1a: Blissey|42/100|[from] item: Leftovers
|upkeep
|turn|47
|
|t:|1731684784
|switch|p2a: Zapdos|Zapdos|60/100
|move|p1a: Blissey|Soft-Boiled|p1a: Blissey
|-heal|p1a: Blissey|92/100
|
|-heal|p2a: Zapdos|100/100|[from] move: Wish|[wisher] Jirachi
|-weather|Sandstorm|[upkeep]
|-damage|p2a: Zapdos|94/100|[from] Sandstorm
|-damage|p1a: Blissey|85/100|[from] Sandstorm
|-heal|p2a: Zapdos|100/100|[from] item: Leftovers
|-heal|p1a: Blissey|92/100|[from] item: Leftovers
|upkeep
|turn|48
|
|t:|1731684793
|switch|p2a: Skarmory|Skarmory, M|80/100
|move|p1a: Blissey|Wish|p1a: Blissey
|
|-weather|Sandstorm|[upkeep]
|-damage|p1a: Blissey|85/100|[from] Sandstorm
|-heal|p2a: Skarmory|86/100|[from] item: Leftovers
|-heal|p1a: Blissey|92/100|[from] item: Leftovers
|upkeep
|turn|49
|
|t:|1731684805
|move|p2a: Skarmory|Drill Peck|p1a: Blissey
|-damage|p1a: Blissey|69/100
|move|p1a: Blissey|Seismic Toss|p2a: Skarmory
|-damage|p2a: Skarmory|56/100
|
|-heal|p1a: Blissey|100/100|[from] move: Wish|[wisher] Blissey
|-weather|Sandstorm|[upkeep]
|-damage|p1a: Blissey|94/100|[from] Sandstorm
|-heal|p2a: Skarmory|62/100|[from] item: Leftovers
|-heal|p1a: Blissey|100/100|[from] item: Leftovers
|upkeep
|turn|50
|
|t:|1731684809
|move|p2a: Skarmory|Toxic|p1a: Blissey
|-status|p1a: Blissey|tox
|move|p1a: Blissey|Wish|p1a: Blissey
|
|-weather|Sandstorm|[upkeep]
|-damage|p1a: Blissey|94/100 tox|[from] Sandstorm
|-heal|p2a: Skarmory|68/100|[from] item: Leftovers
|-heal|p1a: Blissey|100/100 tox|[from] item: Leftovers
|-damage|p1a: Blissey|94/100 tox|[from] psn
|upkeep
|turn|51
|
|t:|1731684816
|-curestatus|p1a: Blissey|tox|[from] ability: Natural Cure
|switch|p1a: Tyranitar|Tyranitar, M|75/100
|-damage|p1a: Tyranitar|50/100|[from] Spikes
|move|p2a: Skarmory|Drill Peck|p1a: Tyranitar
|-resisted|p1a: Tyranitar
|-damage|p1a: Tyranitar|40/100
|
|-heal|p1a: Tyranitar|90/100|[from] move: Wish|[wisher] Blissey
|-weather|Sandstorm|[upkeep]
|-heal|p2a: Skarmory|74/100|[from] item: Leftovers
|-heal|p1a: Tyranitar|96/100|[from] item: Leftovers
|upkeep
|turn|52
|
|t:|1731684820
|switch|p1a: Moltres|Moltres|88/100 par
|move|p2a: Skarmory|Toxic||[still]
|-fail|p2a: Skarmory
|
|-weather|Sandstorm|[upkeep]
|-damage|p1a: Moltres|81/100 par|[from] Sandstorm
|-heal|p2a: Skarmory|80/100|[from] item: Leftovers
|-heal|p1a: Moltres|88/100 par|[from] item: Leftovers
|upkeep
|turn|53
|
|t:|1731684825
|switch|p2a: Claydol|Claydol|66/100 tox
|cant|p1a: Moltres|par
|
|-weather|Sandstorm|[upkeep]
|-damage|p1a: Moltres|81/100 par|[from] Sandstorm
|-heal|p2a: Claydol|72/100 tox|[from] item: Leftovers
|-damage|p2a: Claydol|66/100 tox|[from] psn
|-heal|p1a: Moltres|88/100 par|[from] item: Leftovers
|upkeep
|turn|54
|
|t:|1731684831
|switch|p1a: Skarmory|Skarmory, F|100/100
|move|p2a: Claydol|Rock Slide|p1a: Skarmory
|-damage|p1a: Skarmory|85/100
|
|-weather|Sandstorm|[upkeep]
|-heal|p2a: Claydol|72/100 tox|[from] item: Leftovers
|-damage|p2a: Claydol|60/100 tox|[from] psn
|-heal|p1a: Skarmory|91/100|[from] item: Leftovers
|upkeep
|turn|55
|
|t:|1731684837
|switch|p2a: Zapdos|Zapdos|100/100
|move|p1a: Skarmory|Roar|p2a: Zapdos
|drag|p2a: Skarmory|Skarmory, M|80/100
|
|-weather|Sandstorm|[upkeep]
|-heal|p2a: Skarmory|86/100|[from] item: Leftovers
|-heal|p1a: Skarmory|97/100|[from] item: Leftovers
|upkeep
|turn|56
|
|t:|1731684840
|switch|p2a: Zapdos|Zapdos|100/100
|move|p1a: Skarmory|Spikes|p2a: Zapdos
|-sidestart|p2: Sheik|Spikes
|
|-weather|Sandstorm|[upkeep]
|-damage|p2a: Zapdos|94/100|[from] Sandstorm
|-heal|p2a: Zapdos|100/100|[from] item: Leftovers
|-heal|p1a: Skarmory|100/100|[from] item: Leftovers
|upkeep
|turn|57
|
|t:|1731684849
|move|p1a: Skarmory|Protect|p1a: Skarmory
|-singleturn|p1a: Skarmory|Protect
|move|p2a: Zapdos|Drill Peck|p1a: Skarmory
|-activate|p1a: Skarmory|Protect
|
|-weather|Sandstorm|[upkeep]
|-damage|p2a: Zapdos|94/100|[from] Sandstorm
|-heal|p2a: Zapdos|100/100|[from] item: Leftovers
|upkeep
|turn|58
|
|t:|1731684855
|switch|p1a: Zapdos|Zapdos|77/100
|move|p2a: Zapdos|Drill Peck|p1a: Zapdos
|-resisted|p1a: Zapdos
|-damage|p1a: Zapdos|64/100
|
|-weather|Sandstorm|[upkeep]
|-damage|p2a: Zapdos|94/100|[from] Sandstorm
|-damage|p1a: Zapdos|57/100|[from] Sandstorm
|-heal|p2a: Zapdos|100/100|[from] item: Leftovers
|-heal|p1a: Zapdos|64/100|[from] item: Leftovers
|upkeep
|turn|59
|
|t:|1731684861
|switch|p1a: Blissey|Blissey, F|94/100
|-damage|p1a: Blissey|69/100|[from] Spikes
|move|p2a: Zapdos|Thunderbolt|p1a: Blissey
|-damage|p1a: Blissey|51/100
|
|-weather|Sandstorm|[upkeep]
|-damage|p2a: Zapdos|94/100|[from] Sandstorm
|-damage|p1a: Blissey|45/100|[from] Sandstorm
|-heal|p2a: Zapdos|100/100|[from] item: Leftovers
|-heal|p1a: Blissey|51/100|[from] item: Leftovers
|upkeep
|turn|60
|
|t:|1731684870
|switch|p2a: Breloom|Breloom, F, shiny|100/100
|-damage|p2a: Breloom|84/100|[from] Spikes
|move|p1a: Blissey|Soft-Boiled|p1a: Blissey
|-heal|p1a: Blissey|100/100
|
|-weather|Sandstorm|[upkeep]
|-damage|p2a: Breloom|78/100|[from] Sandstorm
|-damage|p1a: Blissey|94/100|[from] Sandstorm
|-heal|p2a: Breloom|84/100|[from] item: Leftovers
|-heal|p1a: Blissey|100/100|[from] item: Leftovers
|upkeep
|turn|61
|
|t:|1731684874
|switch|p1a: Moltres|Moltres|88/100 par
|move|p2a: Breloom|Spore||[still]
|-fail|p2a: Breloom
|
|-weather|Sandstorm|[upkeep]
|-damage|p2a: Breloom|78/100|[from] Sandstorm
|-damage|p1a: Moltres|81/100 par|[from] Sandstorm
|-heal|p2a: Breloom|84/100|[from] item: Leftovers
|-heal|p1a: Moltres|88/100 par|[from] item: Leftovers
|upkeep
|turn|62
|
|t:|1731684881
|switch|p2a: Tyranitar|Tyranitar, M|100/100
|-damage|p2a: Tyranitar|84/100|[from] Spikes
|move|p1a: Moltres|Toxic|p2a: Tyranitar
|-status|p2a: Tyranitar|tox
|
|-weather|Sandstorm|[upkeep]
|-damage|p1a: Moltres|81/100 par|[from] Sandstorm
|-heal|p2a: Tyranitar|90/100 tox|[from] item: Leftovers
|-damage|p2a: Tyranitar|84/100 tox|[from] psn
|-heal|p1a: Moltres|88/100 par|[from] item: Leftovers
|upkeep
|turn|63
|
|t:|1731684886
|-activate|p1a: Moltres|move: Pursuit
|move|p2a: Tyranitar|Pursuit|p1a: Moltres|[from]Pursuit
|-damage|p1a: Moltres|51/100 par
|switch|p1a: Skarmory|Skarmory, F|100/100
|
|-weather|Sandstorm|[upkeep]
|-heal|p2a: Tyranitar|90/100 tox|[from] item: Leftovers
|-damage|p2a: Tyranitar|78/100 tox|[from] psn
|upkeep
|turn|64
|
|t:|1731684893
|switch|p2a: Zapdos|Zapdos|100/100
|switch|p1a: Blissey|Blissey, F|100/100
|-damage|p1a: Blissey|76/100|[from] Spikes
|
|-weather|Sandstorm|[upkeep]
|-damage|p2a: Zapdos|94/100|[from] Sandstorm
|-damage|p1a: Blissey|69/100|[from] Sandstorm
|-heal|p2a: Zapdos|100/100|[from] item: Leftovers
|-heal|p1a: Blissey|76/100|[from] item: Leftovers
|upkeep
|turn|65
|
|t:|1731684897
|switch|p2a: Claydol|Claydol|60/100 tox
|move|p1a: Blissey|Soft-Boiled|p1a: Blissey
|-heal|p1a: Blissey|100/100
|
|-weather|Sandstorm|[upkeep]
|-damage|p1a: Blissey|94/100|[from] Sandstorm
|-heal|p2a: Claydol|66/100 tox|[from] item: Leftovers
|-damage|p2a: Claydol|60/100 tox|[from] psn
|-heal|p1a: Blissey|100/100|[from] item: Leftovers
|upkeep
|turn|66
|
|t:|1731684901
|move|p2a: Claydol|Rapid Spin|p1a: Blissey
|-damage|p1a: Blissey|96/100
|-sideend|p2: Sheik|Spikes|[from] move: Rapid Spin|[of] p2a: Claydol
|move|p1a: Blissey|Wish|p1a: Blissey
|
|-weather|Sandstorm|[upkeep]
|-damage|p1a: Blissey|90/100|[from] Sandstorm
|-heal|p2a: Claydol|66/100 tox|[from] item: Leftovers
|-damage|p2a: Claydol|54/100 tox|[from] psn
|-heal|p1a: Blissey|96/100|[from] item: Leftovers
|upkeep
|turn|67
|
|t:|1731684910
|switch|p2a: Skarmory|Skarmory, M|86/100
|switch|p1a: Zapdos|Zapdos|64/100
|
|-heal|p1a: Zapdos|100/100|[from] move: Wish|[wisher] Blissey
|-weather|Sandstorm|[upkeep]
|-damage|p1a: Zapdos|94/100|[from] Sandstorm
|-heal|p1a: Zapdos|100/100|[from] item: Leftovers
|-heal|p2a: Skarmory|92/100|[from] item: Leftovers
|upkeep
|turn|68
|
|t:|1731684917
|switch|p1a: Blissey|Blissey, F|96/100
|-damage|p1a: Blissey|71/100|[from] Spikes
|switch|p2a: Jirachi|Jirachi, shiny|100/100
|
|-weather|Sandstorm|[upkeep]
|-damage|p1a: Blissey|65/100|[from] Sandstorm
|-heal|p1a: Blissey|71/100|[from] item: Leftovers
|upkeep
|turn|69
|
|t:|1731684921
|move|p2a: Jirachi|Wish|p2a: Jirachi
|move|p1a: Blissey|Wish|p1a: Blissey
|
|-weather|Sandstorm|[upkeep]
|-damage|p1a: Blissey|65/100|[from] Sandstorm
|-heal|p1a: Blissey|71/100|[from] item: Leftovers
|upkeep
|turn|70
|
|t:|1731684926
|switch|p1a: Moltres|Moltres|51/100 par
|move|p2a: Jirachi|Body Slam|p1a: Moltres
|-damage|p1a: Moltres|32/100 par
|
|-heal|p1a: Moltres|81/100 par|[from] move: Wish|[wisher] Blissey
|-weather|Sandstorm|[upkeep]
|-damage|p1a: Moltres|75/100 par|[from] Sandstorm
|-heal|p1a: Moltres|81/100 par|[from] item: Leftovers
|upkeep
|turn|71
|
|t:|1731684930
|switch|p2a: Tyranitar|Tyranitar, M|78/100 tox
|move|p1a: Moltres|Flamethrower|p2a: Tyranitar
|-resisted|p2a: Tyranitar
|-damage|p2a: Tyranitar|57/100 tox
|
|-weather|Sandstorm|[upkeep]
|-damage|p1a: Moltres|75/100 par|[from] Sandstorm
|-heal|p2a: Tyranitar|63/100 tox|[from] item: Leftovers
|-damage|p2a: Tyranitar|57/100 tox|[from] psn
|-heal|p1a: Moltres|81/100 par|[from] item: Leftovers
|upkeep
|turn|72
|
|t:|1731684938
|-activate|p1a: Moltres|move: Pursuit
|move|p2a: Tyranitar|Pursuit|p1a: Moltres|[from]Pursuit
|-crit|p1a: Moltres
|-damage|p1a: Moltres|5/100 par
|switch|p1a: Blissey|Blissey, F|71/100
|-damage|p1a: Blissey|46/100|[from] Spikes
|
|-weather|Sandstorm|[upkeep]
|-damage|p1a: Blissey|40/100|[from] Sandstorm
|-heal|p2a: Tyranitar|63/100 tox|[from] item: Leftovers
|-damage|p2a: Tyranitar|50/100 tox|[from] psn
|-heal|p1a: Blissey|46/100|[from] item: Leftovers
|upkeep
|turn|73
|
|t:|1731684944
|switch|p2a: Breloom|Breloom, F, shiny|84/100
|move|p1a: Blissey|Soft-Boiled|p1a: Blissey
|-heal|p1a: Blissey|96/100
|
|-weather|Sandstorm|[upkeep]
|-damage|p2a: Breloom|78/100|[from] Sandstorm
|-damage|p1a: Blissey|90/100|[from] Sandstorm
|-heal|p2a: Breloom|84/100|[from] item: Leftovers
|-heal|p1a: Blissey|96/100|[from] item: Leftovers
|upkeep
|turn|74
|
|t:|1731684970
|switch|p1a: Flygon|Flygon, F|80/100
|move|p2a: Breloom|Spore|p1a: Flygon
|-status|p1a: Flygon|slp|[from] move: Spore
|
|-weather|Sandstorm|[upkeep]
|-damage|p2a: Breloom|78/100|[from] Sandstorm
|-heal|p2a: Breloom|84/100|[from] item: Leftovers
|-heal|p1a: Flygon|86/100 slp|[from] item: Leftovers
|upkeep
|turn|75
|
|t:|1731684976
|switch|p1a: Zapdos|Zapdos|100/100
|move|p2a: Breloom|Swords Dance|p2a: Breloom
|-boost|p2a: Breloom|atk|2
|
|-weather|Sandstorm|[upkeep]
|-damage|p2a: Breloom|78/100|[from] Sandstorm
|-damage|p1a: Zapdos|94/100|[from] Sandstorm
|-heal|p2a: Breloom|84/100|[from] item: Leftovers
|-heal|p1a: Zapdos|100/100|[from] item: Leftovers
|upkeep
|turn|76
|
|t:|1731684982
|switch|p2a: Claydol|Claydol|54/100 tox
|move|p1a: Zapdos|Roar|p2a: Claydol
|drag|p2a: Skarmory|Skarmory, M|92/100
|
|-weather|Sandstorm|[upkeep]
|-damage|p1a: Zapdos|94/100|[from] Sandstorm
|-heal|p1a: Zapdos|100/100|[from] item: Leftovers
|-heal|p2a: Skarmory|98/100|[from] item: Leftovers
|upkeep
|turn|77
|
|t:|1731684988
|switch|p2a: Jirachi|Jirachi, shiny|100/100
|move|p1a: Zapdos|Thunderbolt|p2a: Jirachi
|-damage|p2a: Jirachi|72/100
|
|-weather|Sandstorm|[upkeep]
|-damage|p1a: Zapdos|94/100|[from] Sandstorm
|-heal|p2a: Jirachi|78/100|[from] item: Leftovers
|-heal|p1a: Zapdos|100/100|[from] item: Leftovers
|upkeep
|turn|78
|
|t:|1731685011
|switch|p1a: Flygon|Flygon, F|86/100 slp
|move|p2a: Jirachi|Wish|p2a: Jirachi
|
|-weather|Sandstorm|[upkeep]
|-heal|p2a: Jirachi|85/100|[from] item: Leftovers
|-heal|p1a: Flygon|92/100 slp|[from] item: Leftovers
|upkeep
|turn|79
|
|t:|1731685015
|switch|p2a: Tyranitar|Tyranitar, M|50/100 tox
|cant|p1a: Flygon|slp
|
|-heal|p2a: Tyranitar|99/100 tox|[from] move: Wish|[wisher] Jirachi
|-weather|Sandstorm|[upkeep]
|-heal|p1a: Flygon|98/100 slp|[from] item: Leftovers
|-heal|p2a: Tyranitar|100/100 tox|[from] item: Leftovers
|-damage|p2a: Tyranitar|94/100 tox|[from] psn
|upkeep
|turn|80
|
|t:|1731685020
|-activate|p1a: Flygon|move: Pursuit
|move|p2a: Tyranitar|Pursuit|p1a: Flygon|[from]Pursuit
|-damage|p1a: Flygon|61/100 slp
|switch|p1a: Blissey|Blissey, F|96/100
|-damage|p1a: Blissey|71/100|[from] Spikes
|
|-weather|Sandstorm|[upkeep]
|-damage|p1a: Blissey|65/100|[from] Sandstorm
|-heal|p2a: Tyranitar|100/100 tox|[from] item: Leftovers
|-damage|p2a: Tyranitar|88/100 tox|[from] psn
|-heal|p1a: Blissey|71/100|[from] item: Leftovers
|upkeep
|turn|81
|
|t:|1731685027
|switch|p2a: Jirachi|Jirachi, shiny|85/100
|move|p1a: Blissey|Wish|p1a: Blissey
|
|-weather|Sandstorm|[upkeep]
|-damage|p1a: Blissey|65/100|[from] Sandstorm
|-heal|p2a: Jirachi|91/100|[from] item: Leftovers
|-heal|p1a: Blissey|71/100|[from] item: Leftovers
|upkeep
|turn|82
|
|t:|1731685031
|switch|p1a: Flygon|Flygon, F|61/100 slp
|move|p2a: Jirachi|Body Slam|p1a: Flygon
|-damage|p1a: Flygon|47/100 slp
|
|-heal|p1a: Flygon|97/100 slp|[from] move: Wish|[wisher] Blissey
|-weather|Sandstorm|[upkeep]
|-heal|p2a: Jirachi|97/100|[from] item: Leftovers
|-heal|p1a: Flygon|100/100 slp|[from] item: Leftovers
|upkeep
|turn|83
|
|t:|1731685042
|switch|p2a: Skarmory|Skarmory, M|98/100
|switch|p1a: Zapdos|Zapdos|100/100
|
|-weather|Sandstorm|[upkeep]
|-damage|p1a: Zapdos|94/100|[from] Sandstorm
|-heal|p1a: Zapdos|100/100|[from] item: Leftovers
|-heal|p2a: Skarmory|100/100|[from] item: Leftovers
|upkeep
|turn|84
|
|t:|1731685047
|switch|p2a: Jirachi|Jirachi, shiny|97/100
|move|p1a: Zapdos|Thunderbolt|p2a: Jirachi
|-damage|p2a: Jirachi|68/100
|
|-weather|Sandstorm|[upkeep]
|-damage|p1a: Zapdos|94/100|[from] Sandstorm
|-heal|p2a: Jirachi|74/100|[from] item: Leftovers
|-heal|p1a: Zapdos|100/100|[from] item: Leftovers
|upkeep
|turn|85
|
|t:|1731685074
|move|p2a: Jirachi|Wish|p2a: Jirachi
|move|p1a: Zapdos|Thunderbolt|p2a: Jirachi
|-crit|p2a: Jirachi
|-damage|p2a: Jirachi|15/100
|
|-weather|Sandstorm|[upkeep]
|-damage|p1a: Zapdos|94/100|[from] Sandstorm
|-heal|p2a: Jirachi|21/100|[from] item: Leftovers
|-heal|p1a: Zapdos|100/100|[from] item: Leftovers
|upkeep
|turn|86
|
|t:|1731685088
|move|p2a: Jirachi|Protect|p2a: Jirachi
|-singleturn|p2a: Jirachi|Protect
|move|p1a: Zapdos|Roar|p2a: Jirachi
|-activate|p2a: Jirachi|Protect
|
|-heal|p2a: Jirachi|71/100|[from] move: Wish|[wisher] Jirachi
|-weather|Sandstorm|[upkeep]
|-damage|p1a: Zapdos|94/100|[from] Sandstorm
|-heal|p2a: Jirachi|77/100|[from] item: Leftovers
|-heal|p1a: Zapdos|100/100|[from] item: Leftovers
|upkeep
|turn|87
|
|t:|1731685092
|move|p2a: Jirachi|Wish|p2a: Jirachi
|move|p1a: Zapdos|Thunderbolt|p2a: Jirachi
|-damage|p2a: Jirachi|49/100
|
|-weather|Sandstorm|[upkeep]
|-damage|p1a: Zapdos|94/100|[from] Sandstorm
|-heal|p2a: Jirachi|55/100|[from] item: Leftovers
|-heal|p1a: Zapdos|100/100|[from] item: Leftovers
|upkeep
|turn|88
|
|t:|1731685099
|move|p2a: Jirachi|Protect|p2a: Jirachi
|-singleturn|p2a: Jirachi|Protect
|move|p1a: Zapdos|Thunderbolt|p2a: Jirachi
|-activate|p2a: Jirachi|Protect
|
|-heal|p2a: Jirachi|100/100|[from] move: Wish|[wisher] Jirachi
|-weather|Sandstorm|[upkeep]
|-damage|p1a: Zapdos|94/100|[from] Sandstorm
|-heal|p1a: Zapdos|100/100|[from] item: Leftovers
|upkeep
|turn|89
|
|t:|1731685104
|move|p2a: Jirachi|Wish|p2a: Jirachi
|move|p1a: Zapdos|Thunderbolt|p2a: Jirachi
|-damage|p2a: Jirachi|73/100
|
|-weather|Sandstorm|[upkeep]
|-damage|p1a: Zapdos|94/100|[from] Sandstorm
|-heal|p2a: Jirachi|80/100|[from] item: Leftovers
|-heal|p1a: Zapdos|100/100|[from] item: Leftovers
|upkeep
|turn|90
|
|t:|1731685108
|switch|p2a: Zapdos|Zapdos|100/100
|move|p1a: Zapdos|Hidden Power|p2a: Zapdos
|-resisted|p2a: Zapdos
|-damage|p2a: Zapdos|89/100
|
|-heal|p2a: Zapdos|100/100|[from] move: Wish|[wisher] Jirachi
|-weather|Sandstorm|[upkeep]
|-damage|p2a: Zapdos|94/100|[from] Sandstorm
|-damage|p1a: Zapdos|94/100|[from] Sandstorm
|-heal|p2a: Zapdos|100/100|[from] item: Leftovers
|-heal|p1a: Zapdos|100/100|[from] item: Leftovers
|upkeep
|turn|91
|
|t:|1731685114
|switch|p1a: Flygon|Flygon, F|100/100 slp
|move|p2a: Zapdos|Thunderbolt|p1a: Flygon
|-immune|p1a: Flygon
|
|-weather|Sandstorm|[upkeep]
|-damage|p2a: Zapdos|94/100|[from] Sandstorm
|-heal|p2a: Zapdos|100/100|[from] item: Leftovers
|upkeep
|turn|92
|
|t:|1731685119
|switch|p2a: Skarmory|Skarmory, M|100/100
|-curestatus|p1a: Flygon|slp|[msg]
|move|p1a: Flygon|Rock Slide|p2a: Skarmory
|-damage|p2a: Skarmory|87/100
|
|-weather|Sandstorm|[upkeep]
|-heal|p2a: Skarmory|93/100|[from] item: Leftovers
|upkeep
|turn|93
|
|t:|1731685126
|switch|p1a: Skarmory|Skarmory, F|100/100
|move|p2a: Skarmory|Toxic|p1a: Skarmory
|-immune|p1a: Skarmory
|
|-weather|Sandstorm|[upkeep]
|-heal|p2a: Skarmory|99/100|[from] item: Leftovers
|upkeep
|turn|94
|
|t:|1731685133
|switch|p2a: Zapdos|Zapdos|100/100
|move|p1a: Skarmory|Spikes|p2a: Zapdos
|-sidestart|p2: Sheik|Spikes
|
|-weather|Sandstorm|[upkeep]
|-damage|p2a: Zapdos|94/100|[from] Sandstorm
|-heal|p2a: Zapdos|100/100|[from] item: Leftovers
|upkeep
|turn|95
|
|t:|1731685140
|switch|p1a: Flygon|Flygon, F|100/100
|move|p2a: Zapdos|Drill Peck|p1a: Flygon
|-damage|p1a: Flygon|78/100
|
|-weather|Sandstorm|[upkeep]
|-damage|p2a: Zapdos|94/100|[from] Sandstorm
|-heal|p2a: Zapdos|100/100|[from] item: Leftovers
|-heal|p1a: Flygon|84/100|[from] item: Leftovers
|upkeep
|turn|96
|
|t:|1731685145
|switch|p2a: Skarmory|Skarmory, M|99/100
|move|p1a: Flygon|Rock Slide|p2a: Skarmory
|-damage|p2a: Skarmory|85/100
|
|-weather|Sandstorm|[upkeep]
|-heal|p1a: Flygon|90/100|[from] item: Leftovers
|-heal|p2a: Skarmory|91/100|[from] item: Leftovers
|upkeep
|turn|97
|
|t:|1731685152
|switch|p1a: Skarmory|Skarmory, F|100/100
|move|p2a: Skarmory|Drill Peck|p1a: Skarmory
|-resisted|p1a: Skarmory
|-damage|p1a: Skarmory|92/100
|
|-weather|Sandstorm|[upkeep]
|-heal|p2a: Skarmory|97/100|[from] item: Leftovers
|-heal|p1a: Skarmory|98/100|[from] item: Leftovers
|upkeep
|turn|98
|
|t:|1731685156
|move|p1a: Skarmory|Spikes|p2a: Skarmory
|-sidestart|p2: Sheik|Spikes
|move|p2a: Skarmory|Roar|p1a: Skarmory
|drag|p1a: Moltres|Moltres|5/100 par
|
|-weather|Sandstorm|[upkeep]
|-damage|p1a: Moltres|0 fnt|[from] Sandstorm
|faint|p1a: Moltres
|-heal|p2a: Skarmory|100/100|[from] item: Leftovers
|upkeep
|
|t:|1731685159
|switch|p1a: Skarmory|Skarmory, F|98/100
|turn|99
|
|t:|1731685162
|move|p1a: Skarmory|Spikes|p2a: Skarmory
|-sidestart|p2: Sheik|Spikes
|move|p2a: Skarmory|Roar|p1a: Skarmory
|drag|p1a: Flygon|Flygon, F|90/100
|
|-weather|Sandstorm|[upkeep]
|-heal|p1a: Flygon|96/100|[from] item: Leftovers
|upkeep
|turn|100
|
|t:|1731685166
|switch|p1a: Skarmory|Skarmory, F|98/100
|switch|p2a: Zapdos|Zapdos|100/100
|
|-weather|Sandstorm|[upkeep]
|-damage|p2a: Zapdos|94/100|[from] Sandstorm
|-heal|p2a: Zapdos|100/100|[from] item: Leftovers
|-heal|p1a: Skarmory|100/100|[from] item: Leftovers
|upkeep
|turn|101
|
|t:|1731685177
|switch|p1a: Flygon|Flygon, F|96/100
|move|p2a: Zapdos|Drill Peck|p1a: Flygon
|-crit|p1a: Flygon
|-damage|p1a: Flygon|52/100
|
|-weather|Sandstorm|[upkeep]
|-damage|p2a: Zapdos|94/100|[from] Sandstorm
|-heal|p2a: Zapdos|100/100|[from] item: Leftovers
|-heal|p1a: Flygon|58/100|[from] item: Leftovers
|upkeep
|turn|102
|
|t:|1731685183
|switch|p2a: Skarmory|Skarmory, M|100/100
|move|p1a: Flygon|Rock Slide|p2a: Skarmory
|-damage|p2a: Skarmory|87/100
|
|-weather|Sandstorm|[upkeep]
|-heal|p1a: Flygon|64/100|[from] item: Leftovers
|-heal|p2a: Skarmory|93/100|[from] item: Leftovers
|upkeep
|turn|103
|
|t:|1731685187
|move|p1a: Flygon|Protect|p1a: Flygon
|-singleturn|p1a: Flygon|Protect
|move|p2a: Skarmory|Drill Peck|p1a: Flygon
|-activate|p1a: Flygon|Protect
|
|-weather|Sandstorm|[upkeep]
|-heal|p1a: Flygon|70/100|[from] item: Leftovers
|-heal|p2a: Skarmory|99/100|[from] item: Leftovers
|upkeep
|turn|104
|
|t:|1731685196
|switch|p1a: Skarmory|Skarmory, F|100/100
|switch|p2a: Zapdos|Zapdos|100/100
|
|-weather|Sandstorm|[upkeep]
|-damage|p2a: Zapdos|94/100|[from] Sandstorm
|-heal|p2a: Zapdos|100/100|[from] item: Leftovers
|upkeep
|turn|105
|
|t:|1731685204
|switch|p1a: Tyranitar|Tyranitar, M|96/100
|-damage|p1a: Tyranitar|71/100|[from] Spikes
|move|p2a: Zapdos|Drill Peck|p1a: Tyranitar
|-resisted|p1a: Tyranitar
|-damage|p1a: Tyranitar|59/100
|
|-weather|Sandstorm|[upkeep]
|-damage|p2a: Zapdos|94/100|[from] Sandstorm
|-heal|p2a: Zapdos|100/100|[from] item: Leftovers
|-heal|p1a: Tyranitar|65/100|[from] item: Leftovers
|upkeep
|turn|106
|
|t:|1731685207
|move|p2a: Zapdos|Hidden Power|p1a: Tyranitar
|-supereffective|p1a: Tyranitar
|-damage|p1a: Tyranitar|19/100
|move|p1a: Tyranitar|Crunch|p2a: Zapdos
|-damage|p2a: Zapdos|55/100
|
|-weather|Sandstorm|[upkeep]
|-damage|p2a: Zapdos|49/100|[from] Sandstorm
|-heal|p2a: Zapdos|55/100|[from] item: Leftovers
|-heal|p1a: Tyranitar|25/100|[from] item: Leftovers
|upkeep
|turn|107
|
|t:|1731685216
|switch|p1a: Zapdos|Zapdos|100/100
|move|p2a: Zapdos|Hidden Power|p1a: Zapdos
|-resisted|p1a: Zapdos
|-damage|p1a: Zapdos|92/100
|
|-weather|Sandstorm|[upkeep]
|-damage|p2a: Zapdos|49/100|[from] Sandstorm
|-damage|p1a: Zapdos|86/100|[from] Sandstorm
|-heal|p2a: Zapdos|55/100|[from] item: Leftovers
|-heal|p1a: Zapdos|92/100|[from] item: Leftovers
|upkeep
|turn|108
|
|t:|1731685223
|switch|p2a: Claydol|Claydol|54/100 tox
|move|p1a: Zapdos|Roar|p2a: Claydol
|drag|p2a: Skarmory|Skarmory, M|99/100
|
|-weather|Sandstorm|[upkeep]
|-damage|p1a: Zapdos|86/100|[from] Sandstorm
|-heal|p1a: Zapdos|92/100|[from] item: Leftovers
|-heal|p2a: Skarmory|100/100|[from] item: Leftovers
|upkeep
|turn|109
|
|t:|1731685236
|switch|p2a: Claydol|Claydol|54/100 tox
|move|p1a: Zapdos|Roar|p2a: Claydol
|drag|p2a: Jirachi|Jirachi, shiny|80/100
|-damage|p2a: Jirachi|55/100|[from] Spikes
|
|-weather|Sandstorm|[upkeep]
|-damage|p1a: Zapdos|86/100|[from] Sandstorm
|-heal|p2a: Jirachi|61/100|[from] item: Leftovers
|-heal|p1a: Zapdos|92/100|[from] item: Leftovers
|upkeep
|turn|110
|
|t:|1731685238
|move|p2a: Jirachi|Protect|p2a: Jirachi
|-singleturn|p2a: Jirachi|Protect
|move|p1a: Zapdos|Thunderbolt|p2a: Jirachi
|-activate|p2a: Jirachi|Protect
|
|-weather|Sandstorm|[upkeep]
|-damage|p1a: Zapdos|86/100|[from] Sandstorm
|-heal|p2a: Jirachi|67/100|[from] item: Leftovers
|-heal|p1a: Zapdos|92/100|[from] item: Leftovers
|upkeep
|turn|111
|
|t:|1731685243
|move|p2a: Jirachi|Wish|p2a: Jirachi
|move|p1a: Zapdos|Thunderbolt|p2a: Jirachi
|-damage|p2a: Jirachi|39/100
|
|-weather|Sandstorm|[upkeep]
|-damage|p1a: Zapdos|86/100|[from] Sandstorm
|-heal|p2a: Jirachi|45/100|[from] item: Leftovers
|-heal|p1a: Zapdos|92/100|[from] item: Leftovers
|upkeep
|turn|112
|
|t:|1731685249
|move|p2a: Jirachi|Protect|p2a: Jirachi
|-singleturn|p2a: Jirachi|Protect
|move|p1a: Zapdos|Roar|p2a: Jirachi
|-activate|p2a: Jirachi|Protect
|
|-heal|p2a: Jirachi|95/100|[from] move: Wish|[wisher] Jirachi
|-weather|Sandstorm|[upkeep]
|-damage|p1a: Zapdos|86/100|[from] Sandstorm
|-heal|p2a: Jirachi|100/100|[from] item: Leftovers
|-heal|p1a: Zapdos|92/100|[from] item: Leftovers
|upkeep
|turn|113
|
|t:|1731685252
|move|p2a: Jirachi|Wish|p2a: Jirachi
|move|p1a: Zapdos|Thunderbolt|p2a: Jirachi
|-damage|p2a: Jirachi|71/100
|
|-weather|Sandstorm|[upkeep]
|-damage|p1a: Zapdos|86/100|[from] Sandstorm
|-heal|p2a: Jirachi|77/100|[from] item: Leftovers
|-heal|p1a: Zapdos|92/100|[from] item: Leftovers
|upkeep
|turn|114
|
|t:|1731685260
|switch|p2a: Zapdos|Zapdos|55/100
|move|p1a: Zapdos|Roar|p2a: Zapdos
|drag|p2a: Breloom|Breloom, F, shiny|84/100
|-damage|p2a: Breloom|59/100|[from] Spikes
|
|-heal|p2a: Breloom|100/100|[from] move: Wish|[wisher] Jirachi
|-weather|Sandstorm|[upkeep]
|-damage|p2a: Breloom|94/100|[from] Sandstorm
|-damage|p1a: Zapdos|86/100|[from] Sandstorm
|-heal|p2a: Breloom|100/100|[from] item: Leftovers
|-heal|p1a: Zapdos|92/100|[from] item: Leftovers
|upkeep
|turn|115
|
|t:|1731685277
|move|p2a: Breloom|Spore|p1a: Zapdos
|-status|p1a: Zapdos|slp|[from] move: Spore
|cant|p1a: Zapdos|slp
|
|-weather|Sandstorm|[upkeep]
|-damage|p2a: Breloom|94/100|[from] Sandstorm
|-damage|p1a: Zapdos|86/100 slp|[from] Sandstorm
|-heal|p2a: Breloom|100/100|[from] item: Leftovers
|-heal|p1a: Zapdos|92/100 slp|[from] item: Leftovers
|upkeep
|turn|116
|
|t:|1731685282
|switch|p1a: Skarmory|Skarmory, F|100/100
|move|p2a: Breloom|Swords Dance|p2a: Breloom
|-boost|p2a: Breloom|atk|2
|
|-weather|Sandstorm|[upkeep]
|-damage|p2a: Breloom|94/100|[from] Sandstorm
|-heal|p2a: Breloom|100/100|[from] item: Leftovers
|upkeep
|turn|117
|
|t:|1731685286
|switch|p2a: Zapdos|Zapdos|55/100
|move|p1a: Skarmory|Drill Peck|p2a: Zapdos
|-resisted|p2a: Zapdos
|-damage|p2a: Zapdos|41/100
|
|-weather|Sandstorm|[upkeep]
|-damage|p2a: Zapdos|35/100|[from] Sandstorm
|-heal|p2a: Zapdos|41/100|[from] item: Leftovers
|upkeep
|turn|118
|
|t:|1731685294
|move|p2a: Zapdos|Drill Peck|p1a: Skarmory
|-resisted|p1a: Skarmory
|-damage|p1a: Skarmory|90/100
|move|p1a: Skarmory|Drill Peck|p2a: Zapdos
|-resisted|p2a: Zapdos
|-damage|p2a: Zapdos|26/100
|
|-weather|Sandstorm|[upkeep]
|-damage|p2a: Zapdos|20/100|[from] Sandstorm
|-heal|p2a: Zapdos|26/100|[from] item: Leftovers
|-heal|p1a: Skarmory|96/100|[from] item: Leftovers
|upkeep
|turn|119
|
|t:|1731685299
|switch|p1a: Flygon|Flygon, F|70/100
|move|p2a: Zapdos|Thunderbolt|p1a: Flygon
|-immune|p1a: Flygon
|
|-weather|Sandstorm|[upkeep]
|-damage|p2a: Zapdos|20/100|[from] Sandstorm
|-heal|p2a: Zapdos|26/100|[from] item: Leftovers
|-heal|p1a: Flygon|76/100|[from] item: Leftovers
|upkeep
|turn|120
|
|t:|1731685308
|switch|p2a: Skarmory|Skarmory, M|100/100
|move|p1a: Flygon|Rock Slide|p2a: Skarmory
|-damage|p2a: Skarmory|87/100
|
|-weather|Sandstorm|[upkeep]
|-heal|p1a: Flygon|82/100|[from] item: Leftovers
|-heal|p2a: Skarmory|93/100|[from] item: Leftovers
|upkeep
|turn|121
|
|t:|1731685313
|switch|p1a: Skarmory|Skarmory, F|96/100
|switch|p2a: Claydol|Claydol|54/100 tox
|
|-weather|Sandstorm|[upkeep]
|-heal|p2a: Claydol|60/100 tox|[from] item: Leftovers
|-damage|p2a: Claydol|54/100 tox|[from] psn
|-heal|p1a: Skarmory|100/100|[from] item: Leftovers
|upkeep
|turn|122
|
|t:|1731685317
|move|p1a: Skarmory|Protect|p1a: Skarmory
|-singleturn|p1a: Skarmory|Protect
|move|p2a: Claydol|Rapid Spin|p1a: Skarmory
|-activate|p1a: Skarmory|Protect
|
|-weather|Sandstorm|[upkeep]
|-heal|p2a: Claydol|60/100 tox|[from] item: Leftovers
|-damage|p2a: Claydol|47/100 tox|[from] psn
|upkeep
|turn|123
|
|t:|1731685320
|move|p2a: Claydol|Rapid Spin|p1a: Skarmory
|-resisted|p1a: Skarmory
|-damage|p1a: Skarmory|99/100
|-sideend|p2: Sheik|Spikes|[from] move: Rapid Spin|[of] p2a: Claydol
|move|p1a: Skarmory|Spikes|p2a: Claydol
|-sidestart|p2: Sheik|Spikes
|
|-weather|Sandstorm|[upkeep]
|-heal|p2a: Claydol|54/100 tox|[from] item: Leftovers
|-damage|p2a: Claydol|35/100 tox|[from] psn
|-heal|p1a: Skarmory|100/100|[from] item: Leftovers
|upkeep
|turn|124
|
|t:|1731685322
|switch|p2a: Zapdos|Zapdos|26/100
|move|p1a: Skarmory|Spikes|p2a: Zapdos
|-sidestart|p2: Sheik|Spikes
|
|-weather|Sandstorm|[upkeep]
|-damage|p2a: Zapdos|20/100|[from] Sandstorm
|-heal|p2a: Zapdos|26/100|[from] item: Leftovers
|upkeep
|turn|125
|
|t:|1731685326
|switch|p1a: Flygon|Flygon, F|82/100
|move|p2a: Zapdos|Drill Peck|p1a: Flygon
|-crit|p1a: Flygon
|-damage|p1a: Flygon|41/100
|
|-weather|Sandstorm|[upkeep]
|-damage|p2a: Zapdos|20/100|[from] Sandstorm
|-heal|p2a: Zapdos|26/100|[from] item: Leftovers
|-heal|p1a: Flygon|47/100|[from] item: Leftovers
|upkeep
|turn|126
|
|t:|1731685335
|switch|p2a: Skarmory|Skarmory, M|93/100
|move|p1a: Flygon|Rock Slide|p2a: Skarmory
|-damage|p2a: Skarmory|80/100
|
|-weather|Sandstorm|[upkeep]
|-heal|p1a: Flygon|53/100|[from] item: Leftovers
|-heal|p2a: Skarmory|86/100|[from] item: Leftovers
|upkeep
|turn|127
|
|t:|1731685340
|move|p1a: Flygon|Protect|p1a: Flygon
|-singleturn|p1a: Flygon|Protect
|move|p2a: Skarmory|Toxic|p1a: Flygon|[miss]
|-miss|p2a: Skarmory|p1a: Flygon
|
|-weather|Sandstorm|[upkeep]
|-heal|p1a: Flygon|59/100|[from] item: Leftovers
|-heal|p2a: Skarmory|92/100|[from] item: Leftovers
|upkeep
|turn|128
|
|t:|1731685344
|switch|p1a: Skarmory|Skarmory, F|100/100
|switch|p2a: Jirachi|Jirachi, shiny|77/100
|-damage|p2a: Jirachi|61/100|[from] Spikes
|
|-weather|Sandstorm|[upkeep]
|-heal|p2a: Jirachi|67/100|[from] item: Leftovers
|upkeep
|turn|129
|
|t:|1731685348
|move|p2a: Jirachi|Fire Punch|p1a: Skarmory
|-supereffective|p1a: Skarmory
|-damage|p1a: Skarmory|71/100
|move|p1a: Skarmory|Spikes|p2a: Jirachi
|-sidestart|p2: Sheik|Spikes
|
|-weather|Sandstorm|[upkeep]
|-heal|p2a: Jirachi|73/100|[from] item: Leftovers
|-heal|p1a: Skarmory|77/100|[from] item: Leftovers
|upkeep
|turn|130
|
|t:|1731685353
|move|p1a: Skarmory|Protect|p1a: Skarmory
|-singleturn|p1a: Skarmory|Protect
|move|p2a: Jirachi|Wish|p2a: Jirachi
|
|-weather|Sandstorm|[upkeep]
|-heal|p2a: Jirachi|80/100|[from] item: Leftovers
|-heal|p1a: Skarmory|83/100|[from] item: Leftovers
|upkeep
|turn|131
|
|t:|1731685359
|switch|p1a: Blissey|Blissey, F|71/100
|-damage|p1a: Blissey|46/100|[from] Spikes
|move|p2a: Jirachi|Body Slam|p1a: Blissey
|-damage|p1a: Blissey|31/100
|-status|p1a: Blissey|par
|
|-heal|p2a: Jirachi|100/100|[from] move: Wish|[wisher] Jirachi
|-weather|Sandstorm|[upkeep]
|-damage|p1a: Blissey|24/100 par|[from] Sandstorm
|-heal|p1a: Blissey|31/100 par|[from] item: Leftovers
|upkeep
|turn|132
|
|t:|1731685367
|move|p2a: Jirachi|Body Slam|p1a: Blissey
|-crit|p1a: Blissey
|-damage|p1a: Blissey|0 fnt
|faint|p1a: Blissey
|
|t:|1731685373
|switch|p1a: Zapdos|Zapdos|92/100 slp
|
|-weather|Sandstorm|[upkeep]
|-damage|p1a: Zapdos|86/100 slp|[from] Sandstorm
|-heal|p1a: Zapdos|92/100 slp|[from] item: Leftovers
|upkeep
|turn|133
|
|t:|1731685376
|move|p2a: Jirachi|Wish|p2a: Jirachi
|cant|p1a: Zapdos|slp
|
|-weather|Sandstorm|[upkeep]
|-damage|p1a: Zapdos|86/100 slp|[from] Sandstorm
|-heal|p1a: Zapdos|92/100 slp|[from] item: Leftovers
|upkeep
|turn|134
|
|t:|1731685380
|switch|p2a: Claydol|Claydol|35/100 tox
|cant|p1a: Zapdos|slp
|
|-heal|p2a: Claydol|85/100 tox|[from] move: Wish|[wisher] Jirachi
|-weather|Sandstorm|[upkeep]
|-damage|p1a: Zapdos|86/100 slp|[from] Sandstorm
|-heal|p1a: Zapdos|92/100 slp|[from] item: Leftovers
|-heal|p2a: Claydol|91/100 tox|[from] item: Leftovers
|-damage|p2a: Claydol|85/100 tox|[from] psn
|upkeep
|turn|135
|
|t:|1731685384
|-curestatus|p1a: Zapdos|slp|[msg]
|move|p1a: Zapdos|Hidden Power|p2a: Claydol
|-supereffective|p2a: Claydol
|-damage|p2a: Claydol|51/100 tox
|move|p2a: Claydol|Rapid Spin|p1a: Zapdos
|-damage|p1a: Zapdos|87/100
|-sideend|p2: Sheik|Spikes|[from] move: Rapid Spin|[of] p2a: Claydol
|
|-weather|Sandstorm|[upkeep]
|-damage|p1a: Zapdos|81/100|[from] Sandstorm
|-heal|p1a: Zapdos|87/100|[from] item: Leftovers
|-heal|p2a: Claydol|57/100 tox|[from] item: Leftovers
|-damage|p2a: Claydol|45/100 tox|[from] psn
|upkeep
|turn|136
|
|t:|1731685390
|move|p1a: Zapdos|Thunderbolt|p2a: Claydol
|-immune|p2a: Claydol
|move|p2a: Claydol|Explosion|p1a: Zapdos
|-crit|p1a: Zapdos
|-damage|p1a: Zapdos|0 fnt
|faint|p2a: Claydol
|faint|p1a: Zapdos
|c|☆garhamsandich|gg
|-message|garhamsandich forfeited.
|
|win|Sheik
|player|p2|
|player|p2|Sheik|#roaplxyorknewyanma|

</script>
<script type="application/json" class="data" id="replaydata-smogtours-gen3ou-806331">
{"id":"smogtours-gen3ou-806331","format":"[Gen 3] OU","players":["garhamsandich","Sheik"],"uploadtime":1731685403,"views":30,"formatid":"gen3ou","rating":null,"private":1,"password":null}
</script>

<script defer src="js/replays.js?9d40a366"></script>
