<!DOCTYPE html>
<meta charset="utf-8" />
<meta name="viewport" content="width=device-width" />

<title>[Gen 3] OU: Daeronchick vs. Koentjelub - Replays - Pok&eacute;mon Showdown!</title>

<meta name="description" content="Watch a replay of a Pok&eacute;mon battle between Daeronchick and Koentjelub! Format: [Gen 3] OU; Date: Oct 3, 2024" />
<!--

Hey, you! Looking in the source for the replay log?

You can find them in JSON format, just add `.json` at the end of a replay URL.

https://replay.pokemonshowdown.com/gen7randomdoublesbattle-865046831.json

Or, if you only need the log itself, add `.log` instead:

https://replay.pokemonshowdown.com/gen7randomdoublesbattle-865046831.log

-->

<link rel="stylesheet" href="//pokemonshowdown.com/style/global.css?0.023195364461161105" />
<link rel="stylesheet" href="//play.pokemonshowdown.com/style/font-awesome.css?0.13261647063804238" />
<link rel="stylesheet" href="//play.pokemonshowdown.com/style/battle.css?0.8753245789963631" />
<link rel="stylesheet" href="//play.pokemonshowdown.com/style/utilichart.css?0.8627959624976733" />

<!-- Global site tag (gtag.js) - Google Analytics -->
<script async src="https://www.googletagmanager.com/gtag/js?id=UA-26211653-1"></script>
<script>
  window.dataLayer = window.dataLayer || [];
  function gtag(){dataLayer.push(arguments);}
  gtag('js', new Date());

  gtag('config', 'UA-26211653-1');
</script>
<!-- End Google Analytics -->
<!-- Venatus Ad Manager - Install in <HEAD> of page -->
	<script src="https://hb.vntsm.com/v3/live/ad-manager.min.js" type="text/javascript" data-site-id="642aba63ec9a7b11c3c9c1be" data-mode="scan" async></script>
<!-- / Venatus Ad Manager -->

<style>
	@media (max-width:820px) {
		.battle {
			margin: 0 auto;
		}
		.battle-log {
			margin: 7px auto 0;
			max-width: 640px;
			height: 300px;
			position: static;
		}
	}
	.optgroup {
		display: inline-block;
		line-height: 22px;
		font-size: 10pt;
	}
	.optgroup .button {
		height: 25px;
		padding-top: 0;
		padding-bottom: 0;
	}
	.optgroup button.button {
		padding-left: 12px;
		padding-right: 12px;
	}
	.linklist {
		list-style: none;
		margin: 0.5em 0;
		padding: 0;
	}
	.linklist li {
		padding: 2px 0;
	}
	.sidebar {
		float: left;
		width: 320px;
	}
	.bar-wrapper {
		max-width: 1100px;
		margin: 0 auto;
	}
	.bar-wrapper.has-sidebar {
		max-width: 1430px;
	}
	.mainbar {
		margin: 0;
		padding-right: 1px;
	}
	.mainbar.has-sidebar {
		margin-left: 330px;
	}
	@media (min-width: 1511px) {
		.sidebar {
			width: 400px;
		}
		.bar-wrapper.has-sidebar {
			max-width: 1510px;
		}
		.mainbar.has-sidebar {
			margin-left: 410px;
		}
	}
	.section.first-section {
		margin-top: 9px;
	}
	.blocklink small {
		white-space: normal;
	}
	.button {
		vertical-align: middle;
	}
	.replay-controls {
		padding-top: 10px;
	}
	.replay-controls h1 {
		font-size: 16pt;
		font-weight: normal;
		color: #CCC;
	}
	.pagelink {
		text-align: center;
	}
	.pagelink a {
		width: 150px;
	}
	.textbox, .button {
		font-size: 11pt;
		vertical-align: middle;
	}
	@media (max-width: 450px) {
		.button {
			font-size: 9pt;
		}
	}
</style>

<div>

	<header>
		<div class="nav-wrapper"><ul class="nav">
			<li><a class="button nav-first" href="//pokemonshowdown.com/"><img src="//pokemonshowdown.com/images/pokemonshowdownbeta.png" srcset="//pokemonshowdown.com/images/pokemonshowdownbeta.png 1x, //pokemonshowdown.com/images/pokemonshowdownbeta@2x.png 2x" alt="Pok&eacute;mon Showdown" width="146" height="44" /> Home</a></li>
			<li><a class="button" href="//pokemonshowdown.com/dex/">Pok&eacute;dex</a></li>
			<li><a class="button cur" href="/">Replays</a></li>
			<li><a class="button" href="//pokemonshowdown.com/ladder/">Ladder</a></li>
			<li><a class="button nav-last" href="//pokemonshowdown.com/forums/">Forum</a></li>
			<li><a class="button greenbutton nav-first nav-last" href="//play.pokemonshowdown.com/">Play</a></li>
		</ul></div>
	</header>

	<div class="main" id="main">

		<noscript><section class="section">You need to enable JavaScript to use this page; sorry!</section></noscript>

	</div>

</div>

<script defer nomodule src="//play.pokemonshowdown.com/js/lib/ps-polyfill.js"></script>
<script defer src="//play.pokemonshowdown.com/js/lib/preact.min.js"></script>

<script defer src="//play.pokemonshowdown.com/config/config.js?2bddbc15"></script>
<script defer src="//play.pokemonshowdown.com/js/lib/jquery-1.11.0.min.js"></script>
<script defer src="//play.pokemonshowdown.com/js/lib/html-sanitizer-minified.js"></script>
<script defer src="//play.pokemonshowdown.com/js/battle-sound.js"></script>
<script defer src="//play.pokemonshowdown.com/js/battledata.js?0.7209276989879541"></script>
<script defer src="//play.pokemonshowdown.com/data/pokedex-mini.js?0.6111056340867951"></script>
<script defer src="//play.pokemonshowdown.com/data/pokedex-mini-bw.js?0.3532142036491459"></script>
<script defer src="//play.pokemonshowdown.com/data/graphics.js?0.24223875632456182"></script>
<script defer src="//play.pokemonshowdown.com/data/pokedex.js?0.38839984266356864"></script>
<script defer src="//play.pokemonshowdown.com/data/moves.js?0.21866028504024015"></script>
<script defer src="//play.pokemonshowdown.com/data/abilities.js?0.2005157953846628"></script>
<script defer src="//play.pokemonshowdown.com/data/items.js?0.9894211263848525"></script>
<script defer src="//play.pokemonshowdown.com/data/teambuilder-tables.js?0.6008791140282215"></script>
<script defer src="//play.pokemonshowdown.com/js/battle-tooltips.js?0.7580118955022959"></script>
<script defer src="//play.pokemonshowdown.com/js/battle.js?0.6057722274234274"></script>

<script defer src="js/utils.js?e31f9a17"></script>
<script defer src="js/replays-battle.js?7008c182"></script>

<!-- don't scrape this data! just add .json or .log after the URL!
Full API docs: https://github.com/smogon/pokemon-showdown-client/blob/master/WEB-API.md -->
<script type="text/plain" class="log" id="replaylog-gen3ou-2215107708-o3ezr5r6686srvi8gvh31wzrwrcosltpw">
|j|☆Daeronchick
|j|☆Koentjelub
|t:|1727969484
|gametype|singles
|player|p1|Daeronchick|dahlia|
|player|p2|Koentjelub|lucas|
|teamsize|p1|6
|teamsize|p2|6
|gen|3
|tier|[Gen 3] OU
|rule|Sleep Clause Mod: Limit one foe put to sleep
|rule|Switch Priority Clause Mod: Faster Pokémon switch first
|rule|Species Clause: Limit one of each Pokémon
|rule|OHKO Clause: OHKO moves are banned
|rule|Evasion Items Clause: Evasion items are banned
|rule|Evasion Moves Clause: Evasion moves are banned
|rule|Endless Battle Clause: Forcing endless battles is banned
|rule|HP Percentage Mod: HP is shown in percentages
|rule|One Boost Passer Clause: Limit one Baton Passer that has a way to boost its stats
|rule|Freeze Clause Mod: Limit one foe frozen
|
|t:|1727969484
|start
|switch|p1a: Tyranitar|Tyranitar, F|100/100
|switch|p2a: Salamence|Salamence, M|100/100
|-ability|p2a: Salamence|Intimidate|boost
|-unboost|p1a: Tyranitar|atk|1
|-weather|Sandstorm|[from] ability: Sand Stream|[of] p1a: Tyranitar
|turn|1
|
|t:|1727969513
|switch|p2a: Swampert|Swampert, F|100/100
|switch|p1a: Swampert|Swampert, F|100/100
|
|-weather|Sandstorm|[upkeep]
|upkeep
|turn|2
|
|t:|1727969531
|switch|p2a: Forretress|Forretress, F|100/100
|move|p1a: Swampert|Hydro Pump|p2a: Forretress|[miss]
|-miss|p1a: Swampert|p2a: Forretress
|
|-weather|Sandstorm|[upkeep]
|upkeep
|turn|3
|
|t:|1727969536
|move|p1a: Swampert|Hydro Pump|p2a: Forretress
|-damage|p2a: Forretress|56/100
|move|p2a: Forretress|Spikes|p1a: Swampert
|-sidestart|p1: Daeronchick|Spikes
|
|-weather|Sandstorm|[upkeep]
|-heal|p2a: Forretress|62/100|[from] item: Leftovers
|upkeep
|turn|4
|
|t:|1727969547
|switch|p2a: Blissey|Blissey, F|100/100
|move|p1a: Swampert|Hydro Pump|p2a: Blissey
|-damage|p2a: Blissey|80/100
|
|-weather|Sandstorm|[upkeep]
|-damage|p2a: Blissey|74/100|[from] Sandstorm
|-heal|p2a: Blissey|80/100|[from] item: Leftovers
|upkeep
|turn|5
|
|t:|1727969551
|switch|p1a: Metagross|Metagross|100/100
|-damage|p1a: Metagross|88/100|[from] Spikes
|move|p2a: Blissey|Toxic|p1a: Metagross|[miss]
|-miss|p2a: Blissey|p1a: Metagross
|
|-weather|Sandstorm|[upkeep]
|-damage|p2a: Blissey|74/100|[from] Sandstorm
|-heal|p2a: Blissey|80/100|[from] item: Leftovers
|upkeep
|turn|6
|
|t:|1727969557
|switch|p2a: Swampert|Swampert, F|100/100
|move|p1a: Metagross|Meteor Mash|p2a: Swampert|[miss]
|-miss|p1a: Metagross|p2a: Swampert
|
|-weather|Sandstorm|[upkeep]
|upkeep
|turn|7
|
|t:|1727969564
|switch|p1a: Zapdos|Zapdos|100/100
|move|p2a: Swampert|Earthquake|p1a: Zapdos
|-immune|p1a: Zapdos
|
|-weather|Sandstorm|[upkeep]
|-damage|p1a: Zapdos|94/100|[from] Sandstorm
|-heal|p1a: Zapdos|100/100|[from] item: Leftovers
|upkeep
|turn|8
|
|t:|1727969569
|move|p2a: Swampert|Protect|p2a: Swampert
|-singleturn|p2a: Swampert|Protect
|move|p1a: Zapdos|Hidden Power|p2a: Swampert
|-activate|p2a: Swampert|Protect
|
|-weather|Sandstorm|[upkeep]
|-damage|p1a: Zapdos|94/100|[from] Sandstorm
|-heal|p1a: Zapdos|100/100|[from] item: Leftovers
|upkeep
|turn|9
|
|t:|1727969574
|switch|p2a: Blissey|Blissey, F|80/100
|move|p1a: Zapdos|Baton Pass|p1a: Zapdos
|
|t:|1727969585
|switch|p1a: Metagross|Metagross|88/100|[from] Baton Pass
|-damage|p1a: Metagross|76/100|[from] Spikes
|
|-weather|Sandstorm|[upkeep]
|-damage|p2a: Blissey|74/100|[from] Sandstorm
|-heal|p2a: Blissey|80/100|[from] item: Leftovers
|upkeep
|turn|10
|
|t:|1727969595
|switch|p2a: Swampert|Swampert, F|100/100
|move|p1a: Metagross|Earthquake|p2a: Swampert
|-damage|p2a: Swampert|62/100
|
|-weather|Sandstorm|[upkeep]
|-heal|p2a: Swampert|68/100|[from] item: Leftovers
|upkeep
|turn|11
|
|t:|1727969605
|move|p2a: Swampert|Protect|p2a: Swampert
|-singleturn|p2a: Swampert|Protect
|move|p1a: Metagross|Earthquake|p2a: Swampert
|-activate|p2a: Swampert|Protect
|
|-weather|Sandstorm|[upkeep]
|-heal|p2a: Swampert|74/100|[from] item: Leftovers
|upkeep
|turn|12
|
|t:|1727969608
|switch|p1a: Zapdos|Zapdos|100/100
|move|p2a: Swampert|Earthquake|p1a: Zapdos
|-immune|p1a: Zapdos
|
|-weather|Sandstorm|[upkeep]
|-damage|p1a: Zapdos|94/100|[from] Sandstorm
|-heal|p1a: Zapdos|100/100|[from] item: Leftovers
|-heal|p2a: Swampert|80/100|[from] item: Leftovers
|upkeep
|turn|13
|
|t:|1727969615
|switch|p2a: Salamence|Salamence, M|100/100
|-ability|p2a: Salamence|Intimidate|boost
|-unboost|p1a: Zapdos|atk|1
|move|p1a: Zapdos|Hidden Power|p2a: Salamence
|-resisted|p2a: Salamence
|-damage|p2a: Salamence|94/100
|
|-weather|Sandstorm|[upkeep]
|-damage|p2a: Salamence|88/100|[from] Sandstorm
|-damage|p1a: Zapdos|94/100|[from] Sandstorm
|-heal|p2a: Salamence|94/100|[from] item: Leftovers
|-heal|p1a: Zapdos|100/100|[from] item: Leftovers
|upkeep
|turn|14
|
|t:|1727969626
|switch|p2a: Blissey|Blissey, F|80/100
|move|p1a: Zapdos|Baton Pass|p1a: Zapdos
|
|t:|1727969641
|switch|p1a: Tyranitar|Tyranitar, F|100/100|[from] Baton Pass
|-damage|p1a: Tyranitar|88/100|[from] Spikes
|
|-weather|Sandstorm|[upkeep]
|-damage|p2a: Blissey|74/100|[from] Sandstorm
|-heal|p2a: Blissey|80/100|[from] item: Leftovers
|upkeep
|turn|15
|
|t:|1727969650
|switch|p2a: Swampert|Swampert, F|80/100
|move|p1a: Tyranitar|Hidden Power|p2a: Swampert
|-supereffective|p2a: Swampert
|-damage|p2a: Swampert|6/100
|
|-weather|Sandstorm|[upkeep]
|-heal|p2a: Swampert|12/100|[from] item: Leftovers
|upkeep
|turn|16
|
|t:|1727969656
|move|p2a: Swampert|Protect|p2a: Swampert
|-singleturn|p2a: Swampert|Protect
|move|p1a: Tyranitar|Hidden Power|p2a: Swampert
|-activate|p2a: Swampert|Protect
|
|-weather|Sandstorm|[upkeep]
|-heal|p2a: Swampert|18/100|[from] item: Leftovers
|upkeep
|turn|17
|
|t:|1727969660
|switch|p2a: Jirachi|Jirachi|100/100
|move|p1a: Tyranitar|Hidden Power|p2a: Jirachi
|-resisted|p2a: Jirachi
|-damage|p2a: Jirachi|94/100
|
|-weather|Sandstorm|[upkeep]
|-heal|p2a: Jirachi|100/100|[from] item: Leftovers
|upkeep
|turn|18
|
|t:|1727969667
|switch|p1a: Zapdos|Zapdos|100/100
|move|p2a: Jirachi|Wish|p2a: Jirachi
|
|-weather|Sandstorm|[upkeep]
|-damage|p1a: Zapdos|94/100|[from] Sandstorm
|-heal|p1a: Zapdos|100/100|[from] item: Leftovers
|upkeep
|turn|19
|
|t:|1727969672
|move|p1a: Zapdos|Hidden Power|p2a: Jirachi
|-resisted|p2a: Jirachi
|-damage|p2a: Jirachi|94/100
|move|p2a: Jirachi|Fire Punch|p1a: Zapdos
|-damage|p1a: Zapdos|85/100
|-status|p1a: Zapdos|brn
|
|-heal|p2a: Jirachi|100/100|[from] move: Wish|[wisher] Jirachi
|-weather|Sandstorm|[upkeep]
|-damage|p1a: Zapdos|79/100 brn|[from] Sandstorm
|-heal|p1a: Zapdos|85/100 brn|[from] item: Leftovers
|-damage|p1a: Zapdos|73/100 brn|[from] brn
|upkeep
|turn|20
|
|t:|1727969679
|move|p1a: Zapdos|Thunderbolt|p2a: Jirachi
|-damage|p2a: Jirachi|73/100
|move|p2a: Jirachi|Wish|p2a: Jirachi
|
|-weather|Sandstorm|[upkeep]
|-damage|p1a: Zapdos|67/100 brn|[from] Sandstorm
|-heal|p1a: Zapdos|73/100 brn|[from] item: Leftovers
|-damage|p1a: Zapdos|60/100 brn|[from] brn
|-heal|p2a: Jirachi|79/100|[from] item: Leftovers
|upkeep
|turn|21
|
|t:|1727969685
|switch|p2a: Forretress|Forretress, F|62/100
|move|p1a: Zapdos|Hidden Power|p2a: Forretress
|-resisted|p2a: Forretress
|-damage|p2a: Forretress|58/100
|
|-heal|p2a: Forretress|100/100|[from] move: Wish|[wisher] Jirachi
|-weather|Sandstorm|[upkeep]
|-damage|p1a: Zapdos|54/100 brn|[from] Sandstorm
|-heal|p1a: Zapdos|60/100 brn|[from] item: Leftovers
|-damage|p1a: Zapdos|48/100 brn|[from] brn
|upkeep
|turn|22
|
|t:|1727969690
|move|p1a: Zapdos|Thunderbolt|p2a: Forretress
|-damage|p2a: Forretress|61/100
|move|p2a: Forretress|Spikes|p1a: Zapdos
|-sidestart|p1: Daeronchick|Spikes
|
|-weather|Sandstorm|[upkeep]
|-damage|p1a: Zapdos|42/100 brn|[from] Sandstorm
|-heal|p1a: Zapdos|48/100 brn|[from] item: Leftovers
|-damage|p1a: Zapdos|36/100 brn|[from] brn
|-heal|p2a: Forretress|67/100|[from] item: Leftovers
|upkeep
|turn|23
|
|t:|1727969695
|switch|p2a: Jirachi|Jirachi|79/100
|move|p1a: Zapdos|Thunderbolt|p2a: Jirachi
|-damage|p2a: Jirachi|53/100
|
|-weather|Sandstorm|[upkeep]
|-damage|p1a: Zapdos|30/100 brn|[from] Sandstorm
|-heal|p1a: Zapdos|36/100 brn|[from] item: Leftovers
|-damage|p1a: Zapdos|23/100 brn|[from] brn
|-heal|p2a: Jirachi|59/100|[from] item: Leftovers
|upkeep
|turn|24
|
|t:|1727969697
|move|p1a: Zapdos|Baton Pass|p1a: Zapdos
|
|t:|1727969729
|switch|p1a: Swampert|Swampert, F|100/100|[from] Baton Pass
|-damage|p1a: Swampert|84/100|[from] Spikes
|move|p2a: Jirachi|Wish|p2a: Jirachi
|
|-weather|Sandstorm|[upkeep]
|-heal|p2a: Jirachi|65/100|[from] item: Leftovers
|-heal|p1a: Swampert|90/100|[from] item: Leftovers
|upkeep
|turn|25
|
|t:|1727969736
|switch|p2a: Forretress|Forretress, F|67/100
|move|p1a: Swampert|Earthquake|p2a: Forretress
|-damage|p2a: Forretress|41/100
|
|-heal|p2a: Forretress|91/100|[from] move: Wish|[wisher] Jirachi
|-weather|Sandstorm|[upkeep]
|-heal|p1a: Swampert|97/100|[from] item: Leftovers
|-heal|p2a: Forretress|98/100|[from] item: Leftovers
|upkeep
|turn|26
|
|t:|1727969740
|move|p1a: Swampert|Hydro Pump|p2a: Forretress|[miss]
|-miss|p1a: Swampert|p2a: Forretress
|move|p2a: Forretress|Spikes|p1a: Swampert
|-sidestart|p1: Daeronchick|Spikes
|
|-weather|Sandstorm|[upkeep]
|-heal|p1a: Swampert|100/100|[from] item: Leftovers
|-heal|p2a: Forretress|100/100|[from] item: Leftovers
|upkeep
|turn|27
|
|t:|1727969748
|switch|p2a: Blissey|Blissey, F|80/100
|move|p1a: Swampert|Hydro Pump|p2a: Blissey
|-damage|p2a: Blissey|62/100
|
|-weather|Sandstorm|[upkeep]
|-damage|p2a: Blissey|56/100|[from] Sandstorm
|-heal|p2a: Blissey|62/100|[from] item: Leftovers
|upkeep
|turn|28
|
|t:|1727969755
|-singleturn|p1a: Swampert|move: Focus Punch
|move|p2a: Blissey|Seismic Toss|p1a: Swampert
|-damage|p1a: Swampert|76/100
|move|p1a: Swampert|Focus Punch||[still]
|cant|p1a: Swampert|Focus Punch|Focus Punch
|
|-weather|Sandstorm|[upkeep]
|-damage|p2a: Blissey|56/100|[from] Sandstorm
|-heal|p1a: Swampert|82/100|[from] item: Leftovers
|-heal|p2a: Blissey|62/100|[from] item: Leftovers
|upkeep
|turn|29
|
|t:|1727969766
|-singleturn|p1a: Swampert|move: Focus Punch
|switch|p2a: Salamence|Salamence, M|94/100
|-ability|p2a: Salamence|Intimidate|boost
|-unboost|p1a: Swampert|atk|1
|move|p1a: Swampert|Focus Punch|p2a: Salamence
|-resisted|p2a: Salamence
|-damage|p2a: Salamence|80/100
|
|-weather|Sandstorm|[upkeep]
|-damage|p2a: Salamence|74/100|[from] Sandstorm
|-heal|p2a: Salamence|80/100|[from] item: Leftovers
|-heal|p1a: Swampert|88/100|[from] item: Leftovers
|upkeep
|turn|30
|
|t:|1727969769
|move|p2a: Salamence|Hidden Power|p1a: Swampert
|-supereffective|p1a: Swampert
|-damage|p1a: Swampert|0 fnt
|faint|p1a: Swampert
|
|t:|1727969777
|switch|p1a: Tyranitar|Tyranitar, F|88/100
|-damage|p1a: Tyranitar|63/100|[from] Spikes
|
|-weather|Sandstorm|[upkeep]
|-damage|p2a: Salamence|74/100|[from] Sandstorm
|-heal|p2a: Salamence|80/100|[from] item: Leftovers
|upkeep
|turn|31
|
|t:|1727969791
|move|p2a: Salamence|Brick Break|p1a: Tyranitar
|-supereffective|p1a: Tyranitar
|-crit|p1a: Tyranitar
|-damage|p1a: Tyranitar|0 fnt
|faint|p1a: Tyranitar
|c|☆Koentjelub|crit didnt matter
|
|t:|1727969799
|switch|p1a: Metagross|Metagross|76/100
|-damage|p1a: Metagross|51/100|[from] Spikes
|
|-weather|Sandstorm|[upkeep]
|-damage|p2a: Salamence|74/100|[from] Sandstorm
|-heal|p2a: Salamence|80/100|[from] item: Leftovers
|upkeep
|turn|32
|
|t:|1727969807
|move|p2a: Salamence|Fire Blast|p1a: Metagross
|-supereffective|p1a: Metagross
|-damage|p1a: Metagross|0 fnt
|faint|p1a: Metagross
|
|t:|1727969817
|switch|p1a: Regice|Regice|100/100
|-damage|p1a: Regice|75/100|[from] Spikes
|
|-weather|Sandstorm|[upkeep]
|-damage|p2a: Salamence|74/100|[from] Sandstorm
|-damage|p1a: Regice|69/100|[from] Sandstorm
|-heal|p2a: Salamence|80/100|[from] item: Leftovers
|-heal|p1a: Regice|75/100|[from] item: Leftovers
|upkeep
|turn|33
|
|t:|1727969824
|switch|p2a: Jirachi|Jirachi|65/100
|move|p1a: Regice|Thunder Wave|p2a: Jirachi
|-status|p2a: Jirachi|par
|
|-weather|Sandstorm|[upkeep]
|-damage|p1a: Regice|69/100|[from] Sandstorm
|-heal|p1a: Regice|75/100|[from] item: Leftovers
|-heal|p2a: Jirachi|71/100 par|[from] item: Leftovers
|upkeep
|turn|34
|
|t:|1727969828
|move|p1a: Regice|Explosion|p2a: Jirachi
|-resisted|p2a: Jirachi
|-damage|p2a: Jirachi|42/100 par
|faint|p1a: Regice
|
|t:|1727969830
|switch|p1a: Salamence|Salamence, M|100/100
|-ability|p1a: Salamence|Intimidate|boost
|-unboost|p2a: Jirachi|atk|1
|
|-weather|Sandstorm|[upkeep]
|-damage|p1a: Salamence|94/100|[from] Sandstorm
|-heal|p1a: Salamence|100/100|[from] item: Leftovers
|-heal|p2a: Jirachi|48/100 par|[from] item: Leftovers
|upkeep
|turn|35
|
|t:|1727969835
|switch|p2a: Blissey|Blissey, F|62/100
|move|p1a: Salamence|Dragon Dance|p1a: Salamence
|-boost|p1a: Salamence|atk|1
|-boost|p1a: Salamence|spe|1
|
|-weather|Sandstorm|[upkeep]
|-damage|p1a: Salamence|94/100|[from] Sandstorm
|-damage|p2a: Blissey|56/100|[from] Sandstorm
|-heal|p1a: Salamence|100/100|[from] item: Leftovers
|-heal|p2a: Blissey|62/100|[from] item: Leftovers
|upkeep
|turn|36
|
|t:|1727969840
|move|p1a: Salamence|Earthquake|p2a: Blissey
|-damage|p2a: Blissey|10/100
|move|p2a: Blissey|Ice Beam|p1a: Salamence
|-supereffective|p1a: Salamence
|-damage|p1a: Salamence|9/100
|
|-weather|Sandstorm|[upkeep]
|-damage|p1a: Salamence|3/100|[from] Sandstorm
|-damage|p2a: Blissey|4/100|[from] Sandstorm
|-heal|p1a: Salamence|9/100|[from] item: Leftovers
|-heal|p2a: Blissey|10/100|[from] item: Leftovers
|upkeep
|turn|37
|
|t:|1727969846
|move|p1a: Salamence|Rock Slide|p2a: Blissey
|-crit|p2a: Blissey
|-damage|p2a: Blissey|0 fnt
|faint|p2a: Blissey
|
|t:|1727969854
|switch|p2a: Forretress|Forretress, F|100/100
|
|-weather|Sandstorm|[upkeep]
|-damage|p1a: Salamence|3/100|[from] Sandstorm
|-heal|p1a: Salamence|9/100|[from] item: Leftovers
|upkeep
|turn|38
|c|☆Daeronchick|Gg
|c|☆Koentjelub|where there a rock slide there a way
|
|t:|1727969871
|move|p1a: Salamence|Hidden Power|p2a: Forretress
|-damage|p2a: Forretress|59/100
|move|p2a: Forretress|Explosion|p1a: Salamence
|-damage|p1a: Salamence|0 fnt
|faint|p2a: Forretress
|faint|p1a: Salamence
|
|t:|1727969877
|switch|p1a: Zapdos|Zapdos|23/100 brn
|switch|p2a: Salamence|Salamence, M|80/100
|-ability|p2a: Salamence|Intimidate|boost
|-unboost|p1a: Zapdos|atk|1
|
|-weather|Sandstorm|[upkeep]
|-damage|p2a: Salamence|74/100|[from] Sandstorm
|-damage|p1a: Zapdos|17/100 brn|[from] Sandstorm
|-heal|p2a: Salamence|80/100|[from] item: Leftovers
|-heal|p1a: Zapdos|23/100 brn|[from] item: Leftovers
|-damage|p1a: Zapdos|11/100 brn|[from] brn
|upkeep
|turn|39
|c|☆Koentjelub|gg
|
|t:|1727969891
|move|p2a: Salamence|Dragon Claw|p1a: Zapdos
|-damage|p1a: Zapdos|0 fnt
|faint|p1a: Zapdos
|
|win|Koentjelub
|l|☆Daeronchick
|player|p1|

</script>
<script type="application/json" class="data" id="replaydata-gen3ou-2215107708-o3ezr5r6686srvi8gvh31wzrwrcosltpw">
{"id":"gen3ou-2215107708","format":"[Gen 3] OU","players":["Daeronchick","Koentjelub"],"uploadtime":1727969911,"views":100,"formatid":"gen3ou","rating":null,"private":1,"password":"o3ezr5r6686srvi8gvh31wzrwrcoslt"}
</script>

<script defer src="js/replays.js?9d40a366"></script>
