<!DOCTYPE html>
<meta charset="utf-8" />
<meta name="viewport" content="width=device-width" />

<title>[Gen 3] OU: EG Sato vs. ShotoNC - Replays - Pok&eacute;mon Showdown!</title>

<meta name="description" content="Watch a replay of a Pok&eacute;mon battle between EG Sato and ShotoNC! Format: [Gen 3] OU; Date: Oct 27, 2024" />
<!--

Hey, you! Looking in the source for the replay log?

You can find them in JSON format, just add `.json` at the end of a replay URL.

https://replay.pokemonshowdown.com/gen7randomdoublesbattle-865046831.json

Or, if you only need the log itself, add `.log` instead:

https://replay.pokemonshowdown.com/gen7randomdoublesbattle-865046831.log

-->

<link rel="stylesheet" href="//pokemonshowdown.com/style/global.css?0.767286132409787" />
<link rel="stylesheet" href="//play.pokemonshowdown.com/style/font-awesome.css?0.9266228007934947" />
<link rel="stylesheet" href="//play.pokemonshowdown.com/style/battle.css?0.7924700842790926" />
<link rel="stylesheet" href="//play.pokemonshowdown.com/style/utilichart.css?0.8777417872839479" />

<!-- Global site tag (gtag.js) - Google Analytics -->
<script async src="https://www.googletagmanager.com/gtag/js?id=UA-26211653-1"></script>
<script>
  window.dataLayer = window.dataLayer || [];
  function gtag(){dataLayer.push(arguments);}
  gtag('js', new Date());

  gtag('config', 'UA-26211653-1');
</script>
<!-- End Google Analytics -->
<!-- Venatus Ad Manager - Install in <HEAD> of page -->
	<script src="https://hb.vntsm.com/v3/live/ad-manager.min.js" type="text/javascript" data-site-id="642aba63ec9a7b11c3c9c1be" data-mode="scan" async></script>
<!-- / Venatus Ad Manager -->

<style>
	@media (max-width:820px) {
		.battle {
			margin: 0 auto;
		}
		.battle-log {
			margin: 7px auto 0;
			max-width: 640px;
			height: 300px;
			position: static;
		}
	}
	.optgroup {
		display: inline-block;
		line-height: 22px;
		font-size: 10pt;
	}
	.optgroup .button {
		height: 25px;
		padding-top: 0;
		padding-bottom: 0;
	}
	.optgroup button.button {
		padding-left: 12px;
		padding-right: 12px;
	}
	.linklist {
		list-style: none;
		margin: 0.5em 0;
		padding: 0;
	}
	.linklist li {
		padding: 2px 0;
	}
	.sidebar {
		float: left;
		width: 320px;
	}
	.bar-wrapper {
		max-width: 1100px;
		margin: 0 auto;
	}
	.bar-wrapper.has-sidebar {
		max-width: 1430px;
	}
	.mainbar {
		margin: 0;
		padding-right: 1px;
	}
	.mainbar.has-sidebar {
		margin-left: 330px;
	}
	@media (min-width: 1511px) {
		.sidebar {
			width: 400px;
		}
		.bar-wrapper.has-sidebar {
			max-width: 1510px;
		}
		.mainbar.has-sidebar {
			margin-left: 410px;
		}
	}
	.section.first-section {
		margin-top: 9px;
	}
	.blocklink small {
		white-space: normal;
	}
	.button {
		vertical-align: middle;
	}
	.replay-controls {
		padding-top: 10px;
	}
	.replay-controls h1 {
		font-size: 16pt;
		font-weight: normal;
		color: #CCC;
	}
	.pagelink {
		text-align: center;
	}
	.pagelink a {
		width: 150px;
	}
	.textbox, .button {
		font-size: 11pt;
		vertical-align: middle;
	}
	@media (max-width: 450px) {
		.button {
			font-size: 9pt;
		}
	}
</style>

<div>

	<header>
		<div class="nav-wrapper"><ul class="nav">
			<li><a class="button nav-first" href="//pokemonshowdown.com/"><img src="//pokemonshowdown.com/images/pokemonshowdownbeta.png" srcset="//pokemonshowdown.com/images/pokemonshowdownbeta.png 1x, //pokemonshowdown.com/images/pokemonshowdownbeta@2x.png 2x" alt="Pok&eacute;mon Showdown" width="146" height="44" /> Home</a></li>
			<li><a class="button" href="//pokemonshowdown.com/dex/">Pok&eacute;dex</a></li>
			<li><a class="button cur" href="/">Replays</a></li>
			<li><a class="button" href="//pokemonshowdown.com/ladder/">Ladder</a></li>
			<li><a class="button nav-last" href="//pokemonshowdown.com/forums/">Forum</a></li>
			<li><a class="button greenbutton nav-first nav-last" href="//play.pokemonshowdown.com/">Play</a></li>
		</ul></div>
	</header>

	<div class="main" id="main">

		<noscript><section class="section">You need to enable JavaScript to use this page; sorry!</section></noscript>

	</div>

</div>

<script defer nomodule src="//play.pokemonshowdown.com/js/lib/ps-polyfill.js"></script>
<script defer src="//play.pokemonshowdown.com/js/lib/preact.min.js"></script>

<script defer src="//play.pokemonshowdown.com/config/config.js?6dec07f6"></script>
<script defer src="//play.pokemonshowdown.com/js/lib/jquery-1.11.0.min.js"></script>
<script defer src="//play.pokemonshowdown.com/js/lib/html-sanitizer-minified.js"></script>
<script defer src="//play.pokemonshowdown.com/js/battle-sound.js"></script>
<script defer src="//play.pokemonshowdown.com/js/battledata.js?0.6315294753075389"></script>
<script defer src="//play.pokemonshowdown.com/data/pokedex-mini.js?0.7603743185311358"></script>
<script defer src="//play.pokemonshowdown.com/data/pokedex-mini-bw.js?0.030888842834281283"></script>
<script defer src="//play.pokemonshowdown.com/data/graphics.js?0.05593094747507488"></script>
<script defer src="//play.pokemonshowdown.com/data/pokedex.js?0.47064822249611904"></script>
<script defer src="//play.pokemonshowdown.com/data/moves.js?0.8583693120512459"></script>
<script defer src="//play.pokemonshowdown.com/data/abilities.js?0.16017181182386842"></script>
<script defer src="//play.pokemonshowdown.com/data/items.js?0.4163379185673943"></script>
<script defer src="//play.pokemonshowdown.com/data/teambuilder-tables.js?0.31075597372830477"></script>
<script defer src="//play.pokemonshowdown.com/js/battle-tooltips.js?0.6536193500708172"></script>
<script defer src="//play.pokemonshowdown.com/js/battle.js?0.1916591943277901"></script>

<script defer src="js/utils.js?e31f9a17"></script>
<script defer src="js/replays-battle.js?7008c182"></script>

<!-- don't scrape this data! just add .json or .log after the URL!
Full API docs: https://github.com/smogon/pokemon-showdown-client/blob/master/WEB-API.md -->
<script type="text/plain" class="log" id="replaylog-smogtours-gen3ou-802944">
|inactive|Battle timer is ON: inactive players will automatically lose when time's up.
|t:|1730071889
|gametype|singles
|player|p1|EG Sato|silver|
|player|p2|ShotoNC|benga|
|teamsize|p1|6
|teamsize|p2|6
|gen|3
|tier|[Gen 3] OU
|rule|Sleep Clause Mod: Limit one foe put to sleep
|rule|Switch Priority Clause Mod: Faster Pokémon switch first
|rule|Species Clause: Limit one of each Pokémon
|rule|OHKO Clause: OHKO moves are banned
|rule|Evasion Items Clause: Evasion items are banned
|rule|Evasion Moves Clause: Evasion moves are banned
|rule|Endless Battle Clause: Forcing endless battles is banned
|rule|HP Percentage Mod: HP is shown in percentages
|rule|One Boost Passer Clause: Limit one Baton Passer that has a way to boost its stats
|rule|Freeze Clause Mod: Limit one foe frozen
|
|t:|1730071889
|start
|switch|p1a: Tyranitar|Tyranitar, F|100/100
|switch|p2a: Tyranitar|Tyranitar, M|100/100
|-weather|Sandstorm|[from] ability: Sand Stream|[of] p1a: Tyranitar
|turn|1
|inactive|EG Sato also wants the timer to be on.
|
|t:|1730071911
|switch|p1a: Skarmory|Skarmory, F|100/100
|switch|p2a: Skarmory|Skarmory, F|100/100
|
|-weather|Sandstorm|[upkeep]
|upkeep
|turn|2
|
|t:|1730071920
|move|p1a: Skarmory|Spikes|p2a: Skarmory
|-sidestart|p2: ShotoNC|Spikes
|move|p2a: Skarmory|Spikes|p1a: Skarmory
|-sidestart|p1: EG Sato|Spikes
|
|-weather|Sandstorm|[upkeep]
|upkeep
|turn|3
|
|t:|1730071926
|move|p1a: Skarmory|Spikes|p2a: Skarmory
|-sidestart|p2: ShotoNC|Spikes
|move|p2a: Skarmory|Spikes|p1a: Skarmory
|-sidestart|p1: EG Sato|Spikes
|
|-weather|Sandstorm|[upkeep]
|upkeep
|turn|4
|
|t:|1730071936
|move|p1a: Skarmory|Spikes|p2a: Skarmory
|-sidestart|p2: ShotoNC|Spikes
|move|p2a: Skarmory|Spikes|p1a: Skarmory
|-sidestart|p1: EG Sato|Spikes
|
|-weather|Sandstorm|[upkeep]
|upkeep
|turn|5
|
|t:|1730071946
|move|p2a: Skarmory|Drill Peck|p1a: Skarmory
|-resisted|p1a: Skarmory
|-damage|p1a: Skarmory|92/100
|move|p1a: Skarmory|Roar|p2a: Skarmory
|drag|p2a: Tyranitar|Tyranitar, M|100/100
|-damage|p2a: Tyranitar|76/100|[from] Spikes
|
|-weather|Sandstorm|[upkeep]
|-heal|p1a: Skarmory|98/100|[from] item: Leftovers
|-heal|p2a: Tyranitar|82/100|[from] item: Leftovers
|upkeep
|turn|6
|
|t:|1730071960
|move|p2a: Tyranitar|Rock Slide|p1a: Skarmory
|-damage|p1a: Skarmory|64/100
|cant|p1a: Skarmory|flinch
|
|-weather|Sandstorm|[upkeep]
|-heal|p1a: Skarmory|70/100|[from] item: Leftovers
|-heal|p2a: Tyranitar|88/100|[from] item: Leftovers
|upkeep
|turn|7
|
|t:|1730071970
|move|p1a: Skarmory|Protect|p1a: Skarmory
|-singleturn|p1a: Skarmory|Protect
|move|p2a: Tyranitar|Rock Slide|p1a: Skarmory|[miss]
|-miss|p2a: Tyranitar|p1a: Skarmory
|
|-weather|Sandstorm|[upkeep]
|-heal|p1a: Skarmory|76/100|[from] item: Leftovers
|-heal|p2a: Tyranitar|94/100|[from] item: Leftovers
|upkeep
|turn|8
|
|t:|1730071985
|move|p2a: Tyranitar|Rock Slide|p1a: Skarmory
|-damage|p1a: Skarmory|43/100
|cant|p1a: Skarmory|flinch
|
|-weather|Sandstorm|[upkeep]
|-heal|p1a: Skarmory|49/100|[from] item: Leftovers
|-heal|p2a: Tyranitar|100/100|[from] item: Leftovers
|upkeep
|turn|9
|
|t:|1730072005
|switch|p2a: Celebi|Celebi|100/100
|-damage|p2a: Celebi|75/100|[from] Spikes
|move|p1a: Skarmory|Protect||[still]
|-fail|p1a: Skarmory
|
|-weather|Sandstorm|[upkeep]
|-damage|p2a: Celebi|69/100|[from] Sandstorm
|-heal|p2a: Celebi|75/100|[from] item: Leftovers
|-heal|p1a: Skarmory|55/100|[from] item: Leftovers
|upkeep
|turn|10
|
|t:|1730072018
|move|p1a: Skarmory|Protect|p1a: Skarmory
|-singleturn|p1a: Skarmory|Protect
|move|p2a: Celebi|Hidden Power|p1a: Skarmory
|-activate|p1a: Skarmory|Protect
|
|-weather|Sandstorm|[upkeep]
|-damage|p2a: Celebi|69/100|[from] Sandstorm
|-heal|p2a: Celebi|75/100|[from] item: Leftovers
|-heal|p1a: Skarmory|61/100|[from] item: Leftovers
|upkeep
|turn|11
|
|t:|1730072024
|switch|p1a: Aerodactyl|Aerodactyl, M|100/100
|move|p2a: Celebi|Leech Seed|p1a: Aerodactyl
|-start|p1a: Aerodactyl|move: Leech Seed
|
|-weather|Sandstorm|[upkeep]
|-damage|p2a: Celebi|69/100|[from] Sandstorm
|-damage|p1a: Aerodactyl|88/100|[from] Leech Seed|[of] p2a: Celebi
|-heal|p2a: Celebi|79/100|[silent]
|-heal|p2a: Celebi|85/100|[from] item: Leftovers
|upkeep
|turn|12
|
|t:|1730072042
|switch|p1a: Skarmory|Skarmory, F|61/100
|switch|p2a: Skarmory|Skarmory, F|100/100
|
|-weather|Sandstorm|[upkeep]
|-heal|p1a: Skarmory|67/100|[from] item: Leftovers
|upkeep
|turn|13
|
|t:|1730072050
|switch|p2a: Celebi|Celebi|85/100
|-damage|p2a: Celebi|60/100|[from] Spikes
|move|p1a: Skarmory|Protect||[still]
|-fail|p1a: Skarmory
|
|-weather|Sandstorm|[upkeep]
|-damage|p2a: Celebi|54/100|[from] Sandstorm
|-heal|p2a: Celebi|60/100|[from] item: Leftovers
|-heal|p1a: Skarmory|73/100|[from] item: Leftovers
|upkeep
|turn|14
|
|t:|1730072058
|move|p1a: Skarmory|Protect|p1a: Skarmory
|-singleturn|p1a: Skarmory|Protect
|move|p2a: Celebi|Hidden Power|p1a: Skarmory
|-activate|p1a: Skarmory|Protect
|
|-weather|Sandstorm|[upkeep]
|-damage|p2a: Celebi|54/100|[from] Sandstorm
|-heal|p2a: Celebi|60/100|[from] item: Leftovers
|-heal|p1a: Skarmory|79/100|[from] item: Leftovers
|upkeep
|turn|15
|
|t:|1730072071
|switch|p1a: Aerodactyl|Aerodactyl, M|88/100
|move|p2a: Celebi|Giga Drain|p1a: Aerodactyl
|-damage|p1a: Aerodactyl|50/100
|-heal|p2a: Celebi|74/100|[from] drain|[of] p1a: Aerodactyl
|
|-weather|Sandstorm|[upkeep]
|-damage|p2a: Celebi|68/100|[from] Sandstorm
|-heal|p2a: Celebi|74/100|[from] item: Leftovers
|upkeep
|turn|16
|
|t:|1730072089
|switch|p2a: Skarmory|Skarmory, F|100/100
|move|p1a: Aerodactyl|Rock Slide|p2a: Skarmory
|-damage|p2a: Skarmory|65/100
|
|-weather|Sandstorm|[upkeep]
|-heal|p2a: Skarmory|71/100|[from] item: Leftovers
|upkeep
|turn|17
|inactive|ShotoNC has 270 seconds left.
|
|t:|1730072115
|move|p1a: Aerodactyl|Rock Slide|p2a: Skarmory|[miss]
|-miss|p1a: Aerodactyl|p2a: Skarmory
|move|p2a: Skarmory|Roar|p1a: Aerodactyl
|drag|p1a: Zapdos|Zapdos|100/100
|
|-weather|Sandstorm|[upkeep]
|-damage|p1a: Zapdos|94/100|[from] Sandstorm
|-heal|p1a: Zapdos|100/100|[from] item: Leftovers
|-heal|p2a: Skarmory|77/100|[from] item: Leftovers
|upkeep
|turn|18
|inactive|ShotoNC has 270 seconds left.
|
|t:|1730072131
|switch|p2a: Celebi|Celebi|74/100
|-damage|p2a: Celebi|49/100|[from] Spikes
|move|p1a: Zapdos|Thunderbolt|p2a: Celebi
|-resisted|p2a: Celebi
|-damage|p2a: Celebi|29/100
|-status|p2a: Celebi|par
|
|-weather|Sandstorm|[upkeep]
|-damage|p1a: Zapdos|94/100|[from] Sandstorm
|-damage|p2a: Celebi|23/100 par|[from] Sandstorm
|-heal|p1a: Zapdos|100/100|[from] item: Leftovers
|-heal|p2a: Celebi|29/100 par|[from] item: Leftovers
|upkeep
|turn|19
|inactive|ShotoNC has 270 seconds left.
|inactive|ShotoNC has 240 seconds left.
|
|t:|1730072169
|move|p1a: Zapdos|Hidden Power|p2a: Celebi
|-supereffective|p2a: Celebi
|-damage|p2a: Celebi|0 fnt
|faint|p2a: Celebi
|inactive|ShotoNC has 240 seconds left.
|
|t:|1730072188
|switch|p2a: Tyranitar|Tyranitar, M|100/100
|-damage|p2a: Tyranitar|76/100|[from] Spikes
|
|-weather|Sandstorm|[upkeep]
|-damage|p1a: Zapdos|94/100|[from] Sandstorm
|-heal|p1a: Zapdos|100/100|[from] item: Leftovers
|-heal|p2a: Tyranitar|82/100|[from] item: Leftovers
|upkeep
|turn|20
|
|t:|1730072203
|-singleturn|p2a: Tyranitar|move: Focus Punch
|switch|p1a: Swampert|Swampert, F|100/100
|-damage|p1a: Swampert|76/100|[from] Spikes
|move|p2a: Tyranitar|Focus Punch|p1a: Swampert
|-damage|p1a: Swampert|34/100
|
|-weather|Sandstorm|[upkeep]
|-heal|p1a: Swampert|40/100|[from] item: Leftovers
|-heal|p2a: Tyranitar|88/100|[from] item: Leftovers
|upkeep
|turn|21
|
|t:|1730072218
|switch|p2a: Skarmory|Skarmory, F|77/100
|move|p1a: Swampert|Surf|p2a: Skarmory
|-damage|p2a: Skarmory|48/100
|
|-weather|Sandstorm|[upkeep]
|-heal|p2a: Skarmory|54/100|[from] item: Leftovers
|-heal|p1a: Swampert|46/100|[from] item: Leftovers
|upkeep
|turn|22
|
|t:|1730072235
|move|p1a: Swampert|Protect|p1a: Swampert
|-singleturn|p1a: Swampert|Protect
|move|p2a: Skarmory|Roar|p1a: Swampert
|-activate|p1a: Swampert|Protect
|
|-weather|Sandstorm|[upkeep]
|-heal|p2a: Skarmory|60/100|[from] item: Leftovers
|-heal|p1a: Swampert|52/100|[from] item: Leftovers
|upkeep
|turn|23
|
|t:|1730072249
|move|p2a: Skarmory|Protect|p2a: Skarmory
|-singleturn|p2a: Skarmory|Protect
|move|p1a: Swampert|Surf|p2a: Skarmory
|-activate|p2a: Skarmory|Protect
|
|-weather|Sandstorm|[upkeep]
|-heal|p2a: Skarmory|66/100|[from] item: Leftovers
|-heal|p1a: Swampert|59/100|[from] item: Leftovers
|upkeep
|turn|24
|
|t:|1730072260
|move|p1a: Swampert|Protect|p1a: Swampert
|-singleturn|p1a: Swampert|Protect
|move|p2a: Skarmory|Roar|p1a: Swampert
|-activate|p1a: Swampert|Protect
|
|-weather|Sandstorm|[upkeep]
|-heal|p2a: Skarmory|72/100|[from] item: Leftovers
|-heal|p1a: Swampert|65/100|[from] item: Leftovers
|upkeep
|turn|25
|
|t:|1730072266
|move|p1a: Swampert|Surf|p2a: Skarmory
|-damage|p2a: Skarmory|41/100
|move|p2a: Skarmory|Roar|p1a: Swampert
|drag|p1a: Aerodactyl|Aerodactyl, M|50/100
|
|-weather|Sandstorm|[upkeep]
|-heal|p2a: Skarmory|47/100|[from] item: Leftovers
|upkeep
|turn|26
|
|t:|1730072273
|move|p2a: Skarmory|Protect|p2a: Skarmory
|-singleturn|p2a: Skarmory|Protect
|move|p1a: Aerodactyl|Rock Slide|p2a: Skarmory
|-activate|p2a: Skarmory|Protect
|
|-weather|Sandstorm|[upkeep]
|-heal|p2a: Skarmory|53/100|[from] item: Leftovers
|upkeep
|turn|27
|
|t:|1730072278
|switch|p2a: Flygon|Flygon, M|100/100
|move|p1a: Aerodactyl|Rock Slide|p2a: Flygon
|-resisted|p2a: Flygon
|-damage|p2a: Flygon|71/100
|
|-weather|Sandstorm|[upkeep]
|-heal|p2a: Flygon|77/100|[from] item: Leftovers
|upkeep
|turn|28
|inactive|ShotoNC has 240 seconds left.
|
|t:|1730072291
|switch|p1a: Skarmory|Skarmory, F|79/100
|move|p2a: Flygon|Toxic|p1a: Skarmory
|-immune|p1a: Skarmory
|
|-weather|Sandstorm|[upkeep]
|-heal|p2a: Flygon|83/100|[from] item: Leftovers
|-heal|p1a: Skarmory|85/100|[from] item: Leftovers
|upkeep
|turn|29
|
|t:|1730072300
|move|p1a: Skarmory|Protect|p1a: Skarmory
|-singleturn|p1a: Skarmory|Protect
|move|p2a: Flygon|Dragon Claw|p1a: Skarmory
|-activate|p1a: Skarmory|Protect
|
|-weather|Sandstorm|[upkeep]
|-heal|p2a: Flygon|89/100|[from] item: Leftovers
|-heal|p1a: Skarmory|91/100|[from] item: Leftovers
|upkeep
|turn|30
|
|t:|1730072304
|move|p2a: Flygon|Dragon Claw|p1a: Skarmory
|-resisted|p1a: Skarmory
|-damage|p1a: Skarmory|79/100
|move|p1a: Skarmory|Roar|p2a: Flygon
|drag|p2a: Tyranitar|Tyranitar, M|88/100
|-damage|p2a: Tyranitar|63/100|[from] Spikes
|
|-weather|Sandstorm|[upkeep]
|-heal|p1a: Skarmory|85/100|[from] item: Leftovers
|-heal|p2a: Tyranitar|69/100|[from] item: Leftovers
|upkeep
|turn|31
|
|t:|1730072324
|move|p1a: Skarmory|Protect|p1a: Skarmory
|-singleturn|p1a: Skarmory|Protect
|move|p2a: Tyranitar|Rock Slide|p1a: Skarmory
|-activate|p1a: Skarmory|Protect
|
|-weather|Sandstorm|[upkeep]
|-heal|p1a: Skarmory|91/100|[from] item: Leftovers
|-heal|p2a: Tyranitar|76/100|[from] item: Leftovers
|upkeep
|turn|32
|
|t:|1730072334
|move|p2a: Tyranitar|Rock Slide|p1a: Skarmory
|-damage|p1a: Skarmory|55/100
|move|p1a: Skarmory|Roar|p2a: Tyranitar
|drag|p2a: Gengar|Gengar, M|100/100
|
|-weather|Sandstorm|[upkeep]
|-damage|p2a: Gengar|94/100|[from] Sandstorm
|-heal|p2a: Gengar|100/100|[from] item: Leftovers
|-heal|p1a: Skarmory|61/100|[from] item: Leftovers
|upkeep
|turn|33
|inactive|ShotoNC has 240 seconds left.
|
|t:|1730072351
|move|p1a: Skarmory|Protect|p1a: Skarmory
|-singleturn|p1a: Skarmory|Protect
|move|p2a: Gengar|Taunt|p1a: Skarmory
|-activate|p1a: Skarmory|Protect
|
|-weather|Sandstorm|[upkeep]
|-damage|p2a: Gengar|94/100|[from] Sandstorm
|-heal|p2a: Gengar|100/100|[from] item: Leftovers
|-heal|p1a: Skarmory|67/100|[from] item: Leftovers
|upkeep
|turn|34
|inactive|ShotoNC has 240 seconds left.
|
|t:|1730072379
|switch|p1a: Zapdos|Zapdos|100/100
|move|p2a: Gengar|Will-O-Wisp|p1a: Zapdos|[miss]
|-miss|p2a: Gengar|p1a: Zapdos
|
|-weather|Sandstorm|[upkeep]
|-damage|p2a: Gengar|94/100|[from] Sandstorm
|-damage|p1a: Zapdos|94/100|[from] Sandstorm
|-heal|p2a: Gengar|100/100|[from] item: Leftovers
|-heal|p1a: Zapdos|100/100|[from] item: Leftovers
|upkeep
|turn|35
|inactive|ShotoNC has 210 seconds left.
|
|t:|1730072407
|move|p2a: Gengar|Ice Punch|p1a: Zapdos
|-supereffective|p1a: Zapdos
|-damage|p1a: Zapdos|59/100
|move|p1a: Zapdos|Thunderbolt|p2a: Gengar
|-damage|p2a: Gengar|41/100
|
|-weather|Sandstorm|[upkeep]
|-damage|p2a: Gengar|35/100|[from] Sandstorm
|-damage|p1a: Zapdos|53/100|[from] Sandstorm
|-heal|p2a: Gengar|41/100|[from] item: Leftovers
|-heal|p1a: Zapdos|59/100|[from] item: Leftovers
|upkeep
|turn|36
|inactive|ShotoNC has 210 seconds left.
|
|t:|1730072428
|switch|p1a: Gengar|Gengar, M|100/100
|move|p2a: Gengar|Explosion|p1a: Gengar
|-immune|p1a: Gengar
|faint|p2a: Gengar
|
|t:|1730072449
|switch|p2a: Aerodactyl|Aerodactyl, F|100/100
|
|-weather|Sandstorm|[upkeep]
|-damage|p1a: Gengar|94/100|[from] Sandstorm
|-heal|p1a: Gengar|100/100|[from] item: Leftovers
|upkeep
|turn|37
|inactive|ShotoNC has 180 seconds left.
|
|t:|1730072468
|move|p2a: Aerodactyl|Double-Edge|p1a: Gengar
|-immune|p1a: Gengar
|move|p1a: Gengar|Will-O-Wisp|p2a: Aerodactyl|[miss]
|-miss|p1a: Gengar|p2a: Aerodactyl
|
|-weather|Sandstorm|[upkeep]
|-damage|p1a: Gengar|94/100|[from] Sandstorm
|-heal|p1a: Gengar|100/100|[from] item: Leftovers
|upkeep
|turn|38
|inactive|ShotoNC has 180 seconds left.
|
|t:|1730072497
|switch|p2a: Flygon|Flygon, M|89/100
|move|p1a: Gengar|Will-O-Wisp|p2a: Flygon
|-status|p2a: Flygon|brn
|
|-weather|Sandstorm|[upkeep]
|-damage|p1a: Gengar|94/100|[from] Sandstorm
|-heal|p1a: Gengar|100/100|[from] item: Leftovers
|-heal|p2a: Flygon|95/100 brn|[from] item: Leftovers
|-damage|p2a: Flygon|83/100 brn|[from] brn
|upkeep
|turn|39
|
|t:|1730072516
|switch|p1a: Skarmory|Skarmory, F|67/100
|move|p2a: Flygon|Protect||[still]
|-fail|p2a: Flygon
|
|-weather|Sandstorm|[upkeep]
|-heal|p2a: Flygon|89/100 brn|[from] item: Leftovers
|-damage|p2a: Flygon|76/100 brn|[from] brn
|-heal|p1a: Skarmory|73/100|[from] item: Leftovers
|upkeep
|turn|40
|
|t:|1730072522
|move|p2a: Flygon|Dragon Claw|p1a: Skarmory
|-resisted|p1a: Skarmory
|-damage|p1a: Skarmory|62/100
|move|p1a: Skarmory|Drill Peck|p2a: Flygon
|-damage|p2a: Flygon|46/100 brn
|
|-weather|Sandstorm|[upkeep]
|-heal|p2a: Flygon|52/100 brn|[from] item: Leftovers
|-damage|p2a: Flygon|40/100 brn|[from] brn
|-heal|p1a: Skarmory|68/100|[from] item: Leftovers
|upkeep
|turn|41
|
|t:|1730072531
|switch|p2a: Skarmory|Skarmory, F|53/100
|move|p1a: Skarmory|Protect||[still]
|-fail|p1a: Skarmory
|
|-weather|Sandstorm|[upkeep]
|-heal|p1a: Skarmory|74/100|[from] item: Leftovers
|-heal|p2a: Skarmory|59/100|[from] item: Leftovers
|upkeep
|turn|42
|
|t:|1730072552
|move|p1a: Skarmory|Roar|p2a: Skarmory
|drag|p2a: Aerodactyl|Aerodactyl, F|100/100
|
|-weather|Sandstorm|[upkeep]
|-heal|p1a: Skarmory|80/100|[from] item: Leftovers
|upkeep
|turn|43
|
|t:|1730072563
|move|p1a: Skarmory|Protect|p1a: Skarmory
|-singleturn|p1a: Skarmory|Protect
|move|p2a: Aerodactyl|Double-Edge|p1a: Skarmory
|-activate|p1a: Skarmory|Protect
|
|-weather|Sandstorm|[upkeep]
|-heal|p1a: Skarmory|86/100|[from] item: Leftovers
|upkeep
|turn|44
|
|t:|1730072569
|switch|p2a: Tyranitar|Tyranitar, M|76/100
|-damage|p2a: Tyranitar|51/100|[from] Spikes
|move|p1a: Skarmory|Drill Peck|p2a: Tyranitar
|-resisted|p2a: Tyranitar
|-damage|p2a: Tyranitar|42/100
|
|-weather|Sandstorm|[upkeep]
|-heal|p1a: Skarmory|92/100|[from] item: Leftovers
|-heal|p2a: Tyranitar|48/100|[from] item: Leftovers
|upkeep
|turn|45
|
|t:|1730072584
|-singleturn|p2a: Tyranitar|move: Focus Punch
|move|p2a: Tyranitar|Focus Punch|p1a: Skarmory
|-damage|p1a: Skarmory|46/100
|move|p1a: Skarmory|Roar|p2a: Tyranitar
|drag|p2a: Aerodactyl|Aerodactyl, F|100/100
|
|-weather|Sandstorm|[upkeep]
|-heal|p1a: Skarmory|52/100|[from] item: Leftovers
|upkeep
|turn|46
|
|t:|1730072597
|move|p1a: Skarmory|Protect|p1a: Skarmory
|-singleturn|p1a: Skarmory|Protect
|move|p2a: Aerodactyl|Rock Slide|p1a: Skarmory
|-activate|p1a: Skarmory|Protect
|
|-weather|Sandstorm|[upkeep]
|-heal|p1a: Skarmory|58/100|[from] item: Leftovers
|upkeep
|turn|47
|
|t:|1730072601
|move|p2a: Aerodactyl|Rock Slide|p1a: Skarmory
|-damage|p1a: Skarmory|17/100
|cant|p1a: Skarmory|flinch
|
|-weather|Sandstorm|[upkeep]
|-heal|p1a: Skarmory|23/100|[from] item: Leftovers
|upkeep
|turn|48
|
|t:|1730072607
|move|p1a: Skarmory|Protect|p1a: Skarmory
|-singleturn|p1a: Skarmory|Protect
|move|p2a: Aerodactyl|Rock Slide|p1a: Skarmory
|-activate|p1a: Skarmory|Protect
|
|-weather|Sandstorm|[upkeep]
|-heal|p1a: Skarmory|29/100|[from] item: Leftovers
|upkeep
|turn|49
|
|t:|1730072624
|move|p2a: Aerodactyl|Rock Slide|p1a: Skarmory
|-damage|p1a: Skarmory|0 fnt
|faint|p1a: Skarmory
|
|t:|1730072627
|switch|p1a: Tyranitar|Tyranitar, F|100/100
|-damage|p1a: Tyranitar|76/100|[from] Spikes
|
|-weather|Sandstorm|[upkeep]
|-heal|p1a: Tyranitar|82/100|[from] item: Leftovers
|upkeep
|turn|50
|
|t:|1730072641
|move|p2a: Aerodactyl|Rock Slide|p1a: Tyranitar
|-damage|p1a: Tyranitar|40/100
|move|p1a: Tyranitar|Rock Slide|p2a: Aerodactyl
|-supereffective|p2a: Aerodactyl
|-damage|p2a: Aerodactyl|0 fnt
|faint|p2a: Aerodactyl
|inactive|ShotoNC has 180 seconds left.
|
|t:|1730072662
|switch|p2a: Skarmory|Skarmory, F|59/100
|
|-weather|Sandstorm|[upkeep]
|-heal|p1a: Tyranitar|46/100|[from] item: Leftovers
|-heal|p2a: Skarmory|65/100|[from] item: Leftovers
|upkeep
|turn|51
|
|t:|1730072672
|move|p2a: Skarmory|Protect|p2a: Skarmory
|-singleturn|p2a: Skarmory|Protect
|move|p1a: Tyranitar|Rock Slide|p2a: Skarmory
|-activate|p2a: Skarmory|Protect
|
|-weather|Sandstorm|[upkeep]
|-heal|p1a: Tyranitar|52/100|[from] item: Leftovers
|-heal|p2a: Skarmory|71/100|[from] item: Leftovers
|upkeep
|turn|52
|inactive|ShotoNC has 180 seconds left.
|
|t:|1730072689
|move|p1a: Tyranitar|Rock Slide|p2a: Skarmory
|-damage|p2a: Skarmory|45/100
|move|p2a: Skarmory|Roar|p1a: Tyranitar
|drag|p1a: Aerodactyl|Aerodactyl, M|50/100
|
|-weather|Sandstorm|[upkeep]
|-heal|p2a: Skarmory|50/100|[from] item: Leftovers
|upkeep
|turn|53
|
|t:|1730072698
|move|p2a: Skarmory|Protect|p2a: Skarmory
|-singleturn|p2a: Skarmory|Protect
|move|p1a: Aerodactyl|Rock Slide|p2a: Skarmory
|-activate|p2a: Skarmory|Protect
|
|-weather|Sandstorm|[upkeep]
|-heal|p2a: Skarmory|56/100|[from] item: Leftovers
|upkeep
|turn|54
|
|t:|1730072708
|move|p1a: Aerodactyl|Rock Slide|p2a: Skarmory|[miss]
|-miss|p1a: Aerodactyl|p2a: Skarmory
|move|p2a: Skarmory|Roar|p1a: Aerodactyl
|drag|p1a: Swampert|Swampert, F|65/100
|-damage|p1a: Swampert|40/100|[from] Spikes
|
|-weather|Sandstorm|[upkeep]
|-heal|p2a: Skarmory|62/100|[from] item: Leftovers
|-heal|p1a: Swampert|46/100|[from] item: Leftovers
|upkeep
|turn|55
|
|t:|1730072721
|move|p2a: Skarmory|Protect|p2a: Skarmory
|-singleturn|p2a: Skarmory|Protect
|move|p1a: Swampert|Surf|p2a: Skarmory
|-activate|p2a: Skarmory|Protect
|
|-weather|Sandstorm|[upkeep]
|-heal|p2a: Skarmory|68/100|[from] item: Leftovers
|-heal|p1a: Swampert|52/100|[from] item: Leftovers
|upkeep
|turn|56
|
|t:|1730072725
|move|p1a: Swampert|Surf|p2a: Skarmory
|-damage|p2a: Skarmory|38/100
|move|p2a: Skarmory|Roar|p1a: Swampert
|drag|p1a: Gengar|Gengar, M|100/100
|
|-weather|Sandstorm|[upkeep]
|-damage|p1a: Gengar|94/100|[from] Sandstorm
|-heal|p1a: Gengar|100/100|[from] item: Leftovers
|-heal|p2a: Skarmory|44/100|[from] item: Leftovers
|upkeep
|turn|57
|
|t:|1730072750
|move|p2a: Skarmory|Protect|p2a: Skarmory
|-singleturn|p2a: Skarmory|Protect
|move|p1a: Gengar|Thunderbolt|p2a: Skarmory
|-activate|p2a: Skarmory|Protect
|
|-weather|Sandstorm|[upkeep]
|-damage|p1a: Gengar|94/100|[from] Sandstorm
|-heal|p1a: Gengar|100/100|[from] item: Leftovers
|-heal|p2a: Skarmory|50/100|[from] item: Leftovers
|upkeep
|turn|58
|
|t:|1730072759
|switch|p2a: Flygon|Flygon, M|40/100 brn
|move|p1a: Gengar|Thunderbolt|p2a: Flygon
|-immune|p2a: Flygon
|
|-weather|Sandstorm|[upkeep]
|-damage|p1a: Gengar|94/100|[from] Sandstorm
|-heal|p1a: Gengar|100/100|[from] item: Leftovers
|-heal|p2a: Flygon|46/100 brn|[from] item: Leftovers
|-damage|p2a: Flygon|33/100 brn|[from] brn
|upkeep
|turn|59
|
|t:|1730072769
|move|p1a: Gengar|Giga Drain|p2a: Flygon
|-damage|p2a: Flygon|20/100 brn
|move|p2a: Flygon|Dragon Claw|p1a: Gengar
|-damage|p1a: Gengar|74/100
|
|-weather|Sandstorm|[upkeep]
|-damage|p1a: Gengar|68/100|[from] Sandstorm
|-heal|p1a: Gengar|74/100|[from] item: Leftovers
|-heal|p2a: Flygon|26/100 brn|[from] item: Leftovers
|-damage|p2a: Flygon|14/100 brn|[from] brn
|upkeep
|turn|60
|
|t:|1730072792
|move|p1a: Gengar|Giga Drain|p2a: Flygon
|-damage|p2a: Flygon|1/100 brn
|-heal|p1a: Gengar|82/100|[from] drain|[of] p2a: Flygon
|move|p2a: Flygon|Dragon Claw|p1a: Gengar
|-damage|p1a: Gengar|53/100
|
|-weather|Sandstorm|[upkeep]
|-damage|p1a: Gengar|47/100|[from] Sandstorm
|-heal|p1a: Gengar|53/100|[from] item: Leftovers
|-heal|p2a: Flygon|7/100 brn|[from] item: Leftovers
|-damage|p2a: Flygon|0 fnt|[from] brn
|faint|p2a: Flygon
|upkeep
|
|t:|1730072804
|switch|p2a: Tyranitar|Tyranitar, M|48/100
|-damage|p2a: Tyranitar|23/100|[from] Spikes
|turn|61
|
|t:|1730072816
|move|p1a: Gengar|Giga Drain|p2a: Tyranitar
|-supereffective|p2a: Tyranitar
|-damage|p2a: Tyranitar|0 fnt
|-heal|p1a: Gengar|67/100|[from] drain|[of] p2a: Tyranitar
|faint|p2a: Tyranitar
|
|t:|1730072821
|switch|p2a: Skarmory|Skarmory, F|50/100
|
|-weather|Sandstorm|[upkeep]
|-damage|p1a: Gengar|61/100|[from] Sandstorm
|-heal|p1a: Gengar|67/100|[from] item: Leftovers
|-heal|p2a: Skarmory|56/100|[from] item: Leftovers
|upkeep
|turn|62
|
|t:|1730072825
|move|p2a: Skarmory|Protect|p2a: Skarmory
|-singleturn|p2a: Skarmory|Protect
|move|p1a: Gengar|Thunderbolt|p2a: Skarmory
|-activate|p2a: Skarmory|Protect
|
|-weather|Sandstorm|[upkeep]
|-damage|p1a: Gengar|61/100|[from] Sandstorm
|-heal|p1a: Gengar|67/100|[from] item: Leftovers
|-heal|p2a: Skarmory|62/100|[from] item: Leftovers
|upkeep
|turn|63
|-message|ShotoNC forfeited.
|
|win|EG Sato
|c|☆ShotoNC|gg
|c|☆EG Sato|ggs

</script>
<script type="application/json" class="data" id="replaydata-smogtours-gen3ou-802944">
{"id":"smogtours-gen3ou-802944","format":"[Gen 3] OU","players":["EG Sato","ShotoNC"],"uploadtime":1730072831,"views":110,"formatid":"gen3ou","rating":null,"private":1,"password":null}
</script>

<script defer src="js/replays.js?9d40a366"></script>
