<!DOCTYPE html>
<meta charset="utf-8" />
<meta name="viewport" content="width=device-width" />

<title>[Gen 3] OU: jsockamisama vs. Baptosta - Replays - Pok&eacute;mon Showdown!</title>

<meta name="description" content="Watch a replay of a Pok&eacute;mon battle between jsockamisama and Baptosta! Format: [Gen 3] OU; Date: Oct 14, 2024" />
<!--

Hey, you! Looking in the source for the replay log?

You can find them in JSON format, just add `.json` at the end of a replay URL.

https://replay.pokemonshowdown.com/gen7randomdoublesbattle-865046831.json

Or, if you only need the log itself, add `.log` instead:

https://replay.pokemonshowdown.com/gen7randomdoublesbattle-865046831.log

-->

<link rel="stylesheet" href="//pokemonshowdown.com/style/global.css?0.023195364461161105" />
<link rel="stylesheet" href="//play.pokemonshowdown.com/style/font-awesome.css?0.13261647063804238" />
<link rel="stylesheet" href="//play.pokemonshowdown.com/style/battle.css?0.8753245789963631" />
<link rel="stylesheet" href="//play.pokemonshowdown.com/style/utilichart.css?0.8627959624976733" />

<!-- Global site tag (gtag.js) - Google Analytics -->
<script async src="https://www.googletagmanager.com/gtag/js?id=UA-26211653-1"></script>
<script>
  window.dataLayer = window.dataLayer || [];
  function gtag(){dataLayer.push(arguments);}
  gtag('js', new Date());

  gtag('config', 'UA-26211653-1');
</script>
<!-- End Google Analytics -->
<!-- Venatus Ad Manager - Install in <HEAD> of page -->
	<script src="https://hb.vntsm.com/v3/live/ad-manager.min.js" type="text/javascript" data-site-id="642aba63ec9a7b11c3c9c1be" data-mode="scan" async></script>
<!-- / Venatus Ad Manager -->

<style>
	@media (max-width:820px) {
		.battle {
			margin: 0 auto;
		}
		.battle-log {
			margin: 7px auto 0;
			max-width: 640px;
			height: 300px;
			position: static;
		}
	}
	.optgroup {
		display: inline-block;
		line-height: 22px;
		font-size: 10pt;
	}
	.optgroup .button {
		height: 25px;
		padding-top: 0;
		padding-bottom: 0;
	}
	.optgroup button.button {
		padding-left: 12px;
		padding-right: 12px;
	}
	.linklist {
		list-style: none;
		margin: 0.5em 0;
		padding: 0;
	}
	.linklist li {
		padding: 2px 0;
	}
	.sidebar {
		float: left;
		width: 320px;
	}
	.bar-wrapper {
		max-width: 1100px;
		margin: 0 auto;
	}
	.bar-wrapper.has-sidebar {
		max-width: 1430px;
	}
	.mainbar {
		margin: 0;
		padding-right: 1px;
	}
	.mainbar.has-sidebar {
		margin-left: 330px;
	}
	@media (min-width: 1511px) {
		.sidebar {
			width: 400px;
		}
		.bar-wrapper.has-sidebar {
			max-width: 1510px;
		}
		.mainbar.has-sidebar {
			margin-left: 410px;
		}
	}
	.section.first-section {
		margin-top: 9px;
	}
	.blocklink small {
		white-space: normal;
	}
	.button {
		vertical-align: middle;
	}
	.replay-controls {
		padding-top: 10px;
	}
	.replay-controls h1 {
		font-size: 16pt;
		font-weight: normal;
		color: #CCC;
	}
	.pagelink {
		text-align: center;
	}
	.pagelink a {
		width: 150px;
	}
	.textbox, .button {
		font-size: 11pt;
		vertical-align: middle;
	}
	@media (max-width: 450px) {
		.button {
			font-size: 9pt;
		}
	}
</style>

<div>

	<header>
		<div class="nav-wrapper"><ul class="nav">
			<li><a class="button nav-first" href="//pokemonshowdown.com/"><img src="//pokemonshowdown.com/images/pokemonshowdownbeta.png" srcset="//pokemonshowdown.com/images/pokemonshowdownbeta.png 1x, //pokemonshowdown.com/images/pokemonshowdownbeta@2x.png 2x" alt="Pok&eacute;mon Showdown" width="146" height="44" /> Home</a></li>
			<li><a class="button" href="//pokemonshowdown.com/dex/">Pok&eacute;dex</a></li>
			<li><a class="button cur" href="/">Replays</a></li>
			<li><a class="button" href="//pokemonshowdown.com/ladder/">Ladder</a></li>
			<li><a class="button nav-last" href="//pokemonshowdown.com/forums/">Forum</a></li>
			<li><a class="button greenbutton nav-first nav-last" href="//play.pokemonshowdown.com/">Play</a></li>
		</ul></div>
	</header>

	<div class="main" id="main">

		<noscript><section class="section">You need to enable JavaScript to use this page; sorry!</section></noscript>

	</div>

</div>

<script defer nomodule src="//play.pokemonshowdown.com/js/lib/ps-polyfill.js"></script>
<script defer src="//play.pokemonshowdown.com/js/lib/preact.min.js"></script>

<script defer src="//play.pokemonshowdown.com/config/config.js?2bddbc15"></script>
<script defer src="//play.pokemonshowdown.com/js/lib/jquery-1.11.0.min.js"></script>
<script defer src="//play.pokemonshowdown.com/js/lib/html-sanitizer-minified.js"></script>
<script defer src="//play.pokemonshowdown.com/js/battle-sound.js"></script>
<script defer src="//play.pokemonshowdown.com/js/battledata.js?0.7209276989879541"></script>
<script defer src="//play.pokemonshowdown.com/data/pokedex-mini.js?0.6111056340867951"></script>
<script defer src="//play.pokemonshowdown.com/data/pokedex-mini-bw.js?0.3532142036491459"></script>
<script defer src="//play.pokemonshowdown.com/data/graphics.js?0.24223875632456182"></script>
<script defer src="//play.pokemonshowdown.com/data/pokedex.js?0.38839984266356864"></script>
<script defer src="//play.pokemonshowdown.com/data/moves.js?0.21866028504024015"></script>
<script defer src="//play.pokemonshowdown.com/data/abilities.js?0.2005157953846628"></script>
<script defer src="//play.pokemonshowdown.com/data/items.js?0.9894211263848525"></script>
<script defer src="//play.pokemonshowdown.com/data/teambuilder-tables.js?0.6008791140282215"></script>
<script defer src="//play.pokemonshowdown.com/js/battle-tooltips.js?0.7580118955022959"></script>
<script defer src="//play.pokemonshowdown.com/js/battle.js?0.6057722274234274"></script>

<script defer src="js/utils.js?e31f9a17"></script>
<script defer src="js/replays-battle.js?7008c182"></script>

<!-- don't scrape this data! just add .json or .log after the URL!
Full API docs: https://github.com/smogon/pokemon-showdown-client/blob/master/WEB-API.md -->
<script type="text/plain" class="log" id="replaylog-smogtours-gen3ou-798637">
|inactive|Battle timer is ON: inactive players will automatically lose when time's up.
|t:|1728916504
|gametype|singles
|player|p1|jsockamisama|1|
|player|p2|Baptosta|1|
|teamsize|p1|6
|teamsize|p2|6
|gen|3
|tier|[Gen 3] OU
|rule|Sleep Clause Mod: Limit one foe put to sleep
|rule|Switch Priority Clause Mod: Faster Pokémon switch first
|rule|Species Clause: Limit one of each Pokémon
|rule|OHKO Clause: OHKO moves are banned
|rule|Evasion Items Clause: Evasion items are banned
|rule|Evasion Moves Clause: Evasion moves are banned
|rule|Endless Battle Clause: Forcing endless battles is banned
|rule|HP Percentage Mod: HP is shown in percentages
|rule|One Boost Passer Clause: Limit one Baton Passer that has a way to boost its stats
|rule|Freeze Clause Mod: Limit one foe frozen
|
|t:|1728916504
|start
|switch|p1a: terrance|Tyranitar, M|100/100
|switch|p2a: Tyranitar|Tyranitar, M|100/100
|-weather|Sandstorm|[from] ability: Sand Stream|[of] p1a: terrance
|turn|1
|
|t:|1728916522
|switch|p2a: Skarmory|Skarmory, M|100/100
|move|p1a: terrance|Brick Break|p2a: Skarmory
|-damage|p2a: Skarmory|83/100
|
|-weather|Sandstorm|[upkeep]
|-heal|p2a: Skarmory|89/100|[from] item: Leftovers
|upkeep
|turn|2
|
|t:|1728916531
|switch|p1a: how do I work|Magneton|100/100
|move|p2a: Skarmory|Spikes|p1a: how do I work
|-sidestart|p1: jsockamisama|Spikes
|
|-weather|Sandstorm|[upkeep]
|-heal|p2a: Skarmory|95/100|[from] item: Leftovers
|upkeep
|turn|3
|
|t:|1728916541
|move|p2a: Skarmory|Protect|p2a: Skarmory
|-singleturn|p2a: Skarmory|Protect
|move|p1a: how do I work|Thunderbolt|p2a: Skarmory
|-activate|p2a: Skarmory|Protect
|
|-weather|Sandstorm|[upkeep]
|-heal|p2a: Skarmory|100/100|[from] item: Leftovers
|upkeep
|turn|4
|
|t:|1728916545
|move|p1a: how do I work|Thunderbolt|p2a: Skarmory
|-supereffective|p2a: Skarmory
|-damage|p2a: Skarmory|12/100
|move|p2a: Skarmory|Spikes|p1a: how do I work
|-sidestart|p1: jsockamisama|Spikes
|
|-weather|Sandstorm|[upkeep]
|-heal|p2a: Skarmory|18/100|[from] item: Leftovers
|upkeep
|turn|5
|
|t:|1728916551
|move|p2a: Skarmory|Protect|p2a: Skarmory
|-singleturn|p2a: Skarmory|Protect
|move|p1a: how do I work|Thunderbolt|p2a: Skarmory
|-activate|p2a: Skarmory|Protect
|
|-weather|Sandstorm|[upkeep]
|-heal|p2a: Skarmory|24/100|[from] item: Leftovers
|upkeep
|turn|6
|inactive|Baptosta has 270 seconds left.
|
|t:|1728916582
|move|p1a: how do I work|Thunderbolt|p2a: Skarmory
|-supereffective|p2a: Skarmory
|-damage|p2a: Skarmory|0 fnt
|faint|p2a: Skarmory
|
|t:|1728916585
|switch|p2a: Moltres|Moltres|100/100
|
|-weather|Sandstorm|[upkeep]
|-damage|p2a: Moltres|94/100|[from] Sandstorm
|-heal|p2a: Moltres|100/100|[from] item: Leftovers
|upkeep
|turn|7
|inactive|jsockamisama has 270 seconds left.
|
|t:|1728916636
|switch|p1a: Magenta|Gengar, F|100/100
|move|p2a: Moltres|Fire Blast|p1a: Magenta
|-damage|p1a: Magenta|10/100
|
|-weather|Sandstorm|[upkeep]
|-damage|p1a: Magenta|4/100|[from] Sandstorm
|-damage|p2a: Moltres|94/100|[from] Sandstorm
|-heal|p1a: Magenta|10/100|[from] item: Leftovers
|-heal|p2a: Moltres|100/100|[from] item: Leftovers
|upkeep
|turn|8
|
|t:|1728916654
|switch|p1a: terrance|Tyranitar, M|100/100
|-damage|p1a: terrance|84/100|[from] Spikes
|switch|p2a: Tyranitar|Tyranitar, M|100/100
|
|-weather|Sandstorm|[upkeep]
|-heal|p1a: terrance|90/100|[from] item: Leftovers
|upkeep
|turn|9
|
|t:|1728916667
|switch|p2a: Flygon|Flygon, F|100/100
|move|p1a: terrance|Brick Break|p2a: Flygon
|-damage|p2a: Flygon|81/100
|
|-weather|Sandstorm|[upkeep]
|-heal|p2a: Flygon|87/100|[from] item: Leftovers
|-heal|p1a: terrance|96/100|[from] item: Leftovers
|upkeep
|turn|10
|
|t:|1728916679
|move|p2a: Flygon|Toxic|p1a: terrance
|-status|p1a: terrance|tox
|move|p1a: terrance|Ice Beam|p2a: Flygon
|-supereffective|p2a: Flygon
|-damage|p2a: Flygon|0 fnt
|faint|p2a: Flygon
|
|t:|1728916690
|switch|p2a: Jirachi|Jirachi|100/100
|
|-weather|Sandstorm|[upkeep]
|-heal|p1a: terrance|100/100 tox|[from] item: Leftovers
|-damage|p1a: terrance|94/100 tox|[from] psn
|upkeep
|turn|11
|inactive|Baptosta has 270 seconds left.
|
|t:|1728916725
|switch|p1a: Magenta|Gengar, F|10/100
|move|p2a: Jirachi|Fire Punch|p1a: Magenta
|-damage|p1a: Magenta|0 fnt
|faint|p1a: Magenta
|inactive|jsockamisama has 240 seconds left.
|
|t:|1728916741
|switch|p1a: how do I work|Magneton|100/100
|-damage|p1a: how do I work|84/100|[from] Spikes
|
|-weather|Sandstorm|[upkeep]
|upkeep
|turn|12
|
|t:|1728916750
|move|p1a: how do I work|Thunder Wave|p2a: Jirachi
|-status|p2a: Jirachi|par
|move|p2a: Jirachi|Fire Punch|p1a: how do I work
|-supereffective|p1a: how do I work
|-damage|p1a: how do I work|13/100
|
|-weather|Sandstorm|[upkeep]
|upkeep
|turn|13
|
|t:|1728916760
|move|p1a: how do I work|Hidden Power|p2a: Jirachi
|-supereffective|p2a: Jirachi
|-damage|p2a: Jirachi|58/100 par
|move|p2a: Jirachi|Fire Punch|p1a: how do I work
|-supereffective|p1a: how do I work
|-damage|p1a: how do I work|0 fnt
|faint|p1a: how do I work
|inactive|jsockamisama has 240 seconds left.
|
|t:|1728916791
|switch|p1a: terrance|Tyranitar, M|94/100 tox
|-damage|p1a: terrance|78/100 tox|[from] Spikes
|
|-weather|Sandstorm|[upkeep]
|-heal|p1a: terrance|84/100 tox|[from] item: Leftovers
|-damage|p1a: terrance|78/100 tox|[from] psn
|-heal|p2a: Jirachi|65/100 par|[from] item: Leftovers
|upkeep
|turn|14
|
|t:|1728916799
|move|p1a: terrance|Crunch|p2a: Jirachi
|-damage|p2a: Jirachi|41/100 par
|-unboost|p2a: Jirachi|spd|1
|cant|p2a: Jirachi|par
|
|-weather|Sandstorm|[upkeep]
|-heal|p1a: terrance|84/100 tox|[from] item: Leftovers
|-damage|p1a: terrance|72/100 tox|[from] psn
|-heal|p2a: Jirachi|47/100 par|[from] item: Leftovers
|upkeep
|turn|15
|inactive|jsockamisama has 240 seconds left.
|
|t:|1728916814
|switch|p2a: Tyranitar|Tyranitar, M|100/100
|move|p1a: terrance|Crunch|p2a: Tyranitar
|-resisted|p2a: Tyranitar
|-damage|p2a: Tyranitar|86/100
|
|-weather|Sandstorm|[upkeep]
|-heal|p1a: terrance|78/100 tox|[from] item: Leftovers
|-damage|p1a: terrance|60/100 tox|[from] psn
|-heal|p2a: Tyranitar|92/100|[from] item: Leftovers
|upkeep
|turn|16
|inactive|Baptosta has 270 seconds left.
|
|t:|1728916849
|switch|p2a: Moltres|Moltres|100/100
|move|p1a: terrance|Brick Break|p2a: Moltres
|-resisted|p2a: Moltres
|-damage|p2a: Moltres|86/100
|
|-weather|Sandstorm|[upkeep]
|-damage|p2a: Moltres|80/100|[from] Sandstorm
|-heal|p2a: Moltres|86/100|[from] item: Leftovers
|-heal|p1a: terrance|66/100 tox|[from] item: Leftovers
|-damage|p1a: terrance|42/100 tox|[from] psn
|upkeep
|turn|17
|inactive|Baptosta has 270 seconds left.
|
|t:|1728916857
|move|p2a: Moltres|Hidden Power|p1a: terrance
|-supereffective|p1a: terrance
|-damage|p1a: terrance|0 fnt
|faint|p1a: terrance
|inactive|jsockamisama has 240 seconds left.
|
|t:|1728916879
|switch|p1a: ptera|Aerodactyl, F|100/100
|
|-weather|Sandstorm|[upkeep]
|-damage|p2a: Moltres|80/100|[from] Sandstorm
|-heal|p2a: Moltres|86/100|[from] item: Leftovers
|upkeep
|turn|18
|inactive|jsockamisama has 240 seconds left.
|
|t:|1728916886
|move|p2a: Moltres|Protect|p2a: Moltres
|-singleturn|p2a: Moltres|Protect
|move|p1a: ptera|Rock Slide|p2a: Moltres
|-activate|p2a: Moltres|Protect
|
|-weather|Sandstorm|[upkeep]
|-damage|p2a: Moltres|80/100|[from] Sandstorm
|-heal|p2a: Moltres|86/100|[from] item: Leftovers
|upkeep
|turn|19
|
|t:|1728916895
|switch|p2a: Jirachi|Jirachi|47/100 par
|move|p1a: ptera|Rock Slide|p2a: Jirachi
|-resisted|p2a: Jirachi
|-damage|p2a: Jirachi|27/100 par
|
|-weather|Sandstorm|[upkeep]
|-heal|p2a: Jirachi|33/100 par|[from] item: Leftovers
|upkeep
|turn|20
|
|t:|1728916905
|switch|p1a: COO COO|Skarmory, M|100/100
|move|p2a: Jirachi|Wish|p2a: Jirachi
|
|-weather|Sandstorm|[upkeep]
|-heal|p2a: Jirachi|39/100 par|[from] item: Leftovers
|upkeep
|turn|21
|
|t:|1728916912
|move|p1a: COO COO|Spikes|p2a: Jirachi
|-sidestart|p2: Baptosta|Spikes
|move|p2a: Jirachi|Fire Punch|p1a: COO COO
|-supereffective|p1a: COO COO
|-damage|p1a: COO COO|67/100
|
|-heal|p2a: Jirachi|89/100 par|[from] move: Wish|[wisher] Jirachi
|-weather|Sandstorm|[upkeep]
|-heal|p1a: COO COO|73/100|[from] item: Leftovers
|-heal|p2a: Jirachi|95/100 par|[from] item: Leftovers
|upkeep
|turn|22
|
|t:|1728916920
|move|p1a: COO COO|Spikes|p2a: Jirachi
|-sidestart|p2: Baptosta|Spikes
|move|p2a: Jirachi|Fire Punch|p1a: COO COO
|-supereffective|p1a: COO COO
|-damage|p1a: COO COO|38/100
|
|-weather|Sandstorm|[upkeep]
|-heal|p1a: COO COO|44/100|[from] item: Leftovers
|-heal|p2a: Jirachi|100/100 par|[from] item: Leftovers
|upkeep
|turn|23
|
|t:|1728916925
|switch|p2a: Moltres|Moltres|86/100
|move|p1a: COO COO|Spikes|p2a: Moltres
|-sidestart|p2: Baptosta|Spikes
|
|-weather|Sandstorm|[upkeep]
|-damage|p2a: Moltres|80/100|[from] Sandstorm
|-heal|p2a: Moltres|86/100|[from] item: Leftovers
|-heal|p1a: COO COO|50/100|[from] item: Leftovers
|upkeep
|turn|24
|
|t:|1728916933
|move|p1a: COO COO|Protect|p1a: COO COO
|-singleturn|p1a: COO COO|Protect
|move|p2a: Moltres|Fire Blast|p1a: COO COO|[miss]
|-miss|p2a: Moltres|p1a: COO COO
|
|-weather|Sandstorm|[upkeep]
|-damage|p2a: Moltres|80/100|[from] Sandstorm
|-heal|p2a: Moltres|86/100|[from] item: Leftovers
|-heal|p1a: COO COO|56/100|[from] item: Leftovers
|upkeep
|turn|25
|
|t:|1728916948
|move|p2a: Moltres|Fire Blast|p1a: COO COO
|-supereffective|p1a: COO COO
|-damage|p1a: COO COO|0 fnt
|faint|p1a: COO COO
|
|t:|1728916952
|switch|p1a: ptera|Aerodactyl, F|100/100
|
|-weather|Sandstorm|[upkeep]
|-damage|p2a: Moltres|80/100|[from] Sandstorm
|-heal|p2a: Moltres|86/100|[from] item: Leftovers
|upkeep
|turn|26
|inactive|jsockamisama has 270 seconds left.
|
|t:|1728916973
|move|p2a: Moltres|Protect|p2a: Moltres
|-singleturn|p2a: Moltres|Protect
|move|p1a: ptera|Rock Slide|p2a: Moltres
|-activate|p2a: Moltres|Protect
|
|-weather|Sandstorm|[upkeep]
|-damage|p2a: Moltres|80/100|[from] Sandstorm
|-heal|p2a: Moltres|86/100|[from] item: Leftovers
|upkeep
|turn|27
|
|t:|1728916982
|switch|p1a: x|Metagross|100/100
|-damage|p1a: x|84/100|[from] Spikes
|switch|p2a: Jirachi|Jirachi|100/100 par
|-damage|p2a: Jirachi|76/100 par|[from] Spikes
|
|-weather|Sandstorm|[upkeep]
|-heal|p2a: Jirachi|82/100 par|[from] item: Leftovers
|upkeep
|turn|28
|inactive|jsockamisama has 270 seconds left.
|
|t:|1728917009
|move|p1a: x|Psychic|p2a: Jirachi
|-resisted|p2a: Jirachi
|-damage|p2a: Jirachi|74/100 par
|cant|p2a: Jirachi|par
|
|-weather|Sandstorm|[upkeep]
|-heal|p2a: Jirachi|81/100 par|[from] item: Leftovers
|upkeep
|turn|29
|
|t:|1728917016
|move|p1a: x|Hidden Power|p2a: Jirachi
|-supereffective|p2a: Jirachi
|-damage|p2a: Jirachi|51/100 par
|move|p2a: Jirachi|Fire Punch|p1a: x
|-supereffective|p1a: x
|-crit|p1a: x
|-damage|p1a: x|19/100
|
|-weather|Sandstorm|[upkeep]
|-heal|p2a: Jirachi|58/100 par|[from] item: Leftovers
|upkeep
|turn|30
|inactive|jsockamisama has 270 seconds left.
|
|t:|1728917023
|move|p1a: x|Explosion|p2a: Jirachi
|-resisted|p2a: Jirachi
|-damage|p2a: Jirachi|2/100 par
|faint|p1a: x
|inactive|jsockamisama has 270 seconds left.
|
|t:|1728917029
|switch|p1a: ptera|Aerodactyl, F|100/100
|
|-weather|Sandstorm|[upkeep]
|-heal|p2a: Jirachi|8/100 par|[from] item: Leftovers
|upkeep
|turn|31
|inactive|jsockamisama has 270 seconds left.
|
|t:|1728917042
|move|p1a: ptera|Rock Slide|p2a: Jirachi
|-resisted|p2a: Jirachi
|-damage|p2a: Jirachi|0 fnt
|faint|p2a: Jirachi
|
|t:|1728917045
|switch|p2a: Tyranitar|Tyranitar, M|92/100
|-damage|p2a: Tyranitar|67/100|[from] Spikes
|
|-weather|Sandstorm|[upkeep]
|-heal|p2a: Tyranitar|73/100|[from] item: Leftovers
|upkeep
|turn|32
|
|t:|1728917053
|move|p1a: ptera|Rock Slide|p2a: Tyranitar
|-damage|p2a: Tyranitar|31/100
|move|p2a: Tyranitar|Ice Beam|p1a: ptera
|-supereffective|p1a: ptera
|-damage|p1a: ptera|17/100
|
|-weather|Sandstorm|[upkeep]
|-heal|p2a: Tyranitar|37/100|[from] item: Leftovers
|upkeep
|turn|33
|
|t:|1728917059
|move|p1a: ptera|Rock Slide|p2a: Tyranitar
|-damage|p2a: Tyranitar|0 fnt
|faint|p2a: Tyranitar
|
|t:|1728917062
|switch|p2a: Gengar|Gengar, M|100/100
|
|-weather|Sandstorm|[upkeep]
|-damage|p2a: Gengar|94/100|[from] Sandstorm
|-heal|p2a: Gengar|100/100|[from] item: Leftovers
|upkeep
|turn|34
|
|t:|1728917066
|move|p1a: ptera|Rock Slide|p2a: Gengar
|-damage|p2a: Gengar|23/100
|move|p2a: Gengar|Thunderbolt|p1a: ptera
|-supereffective|p1a: ptera
|-damage|p1a: ptera|0 fnt
|faint|p1a: ptera
|
|win|Baptosta
|c|☆Baptosta|gg
|c|☆jsockamisama|gg

</script>
<script type="application/json" class="data" id="replaydata-smogtours-gen3ou-798637">
{"id":"smogtours-gen3ou-798637","format":"[Gen 3] OU","players":["jsockamisama","Baptosta"],"uploadtime":1728917066,"views":107,"formatid":"gen3ou","rating":null,"private":0,"password":null}
</script>

<script defer src="js/replays.js?9d40a366"></script>
