<!DOCTYPE html>
<meta charset="utf-8" />
<meta name="viewport" content="width=device-width" />

<title>[Gen 3] OU: adv pride vs. verbatim - Replays - Pok&eacute;mon Showdown!</title>

<meta name="description" content="Watch a replay of a Pok&eacute;mon battle between adv pride and verbatim! Format: [Gen 3] OU; Date: Nov 2, 2024" />
<!--

Hey, you! Looking in the source for the replay log?

You can find them in JSON format, just add `.json` at the end of a replay URL.

https://replay.pokemonshowdown.com/gen7randomdoublesbattle-865046831.json

Or, if you only need the log itself, add `.log` instead:

https://replay.pokemonshowdown.com/gen7randomdoublesbattle-865046831.log

-->

<link rel="stylesheet" href="//pokemonshowdown.com/style/global.css?0.023195364461161105" />
<link rel="stylesheet" href="//play.pokemonshowdown.com/style/font-awesome.css?0.13261647063804238" />
<link rel="stylesheet" href="//play.pokemonshowdown.com/style/battle.css?0.8753245789963631" />
<link rel="stylesheet" href="//play.pokemonshowdown.com/style/utilichart.css?0.8627959624976733" />

<!-- Global site tag (gtag.js) - Google Analytics -->
<script async src="https://www.googletagmanager.com/gtag/js?id=UA-26211653-1"></script>
<script>
  window.dataLayer = window.dataLayer || [];
  function gtag(){dataLayer.push(arguments);}
  gtag('js', new Date());

  gtag('config', 'UA-26211653-1');
</script>
<!-- End Google Analytics -->
<!-- Venatus Ad Manager - Install in <HEAD> of page -->
	<script src="https://hb.vntsm.com/v3/live/ad-manager.min.js" type="text/javascript" data-site-id="642aba63ec9a7b11c3c9c1be" data-mode="scan" async></script>
<!-- / Venatus Ad Manager -->

<style>
	@media (max-width:820px) {
		.battle {
			margin: 0 auto;
		}
		.battle-log {
			margin: 7px auto 0;
			max-width: 640px;
			height: 300px;
			position: static;
		}
	}
	.optgroup {
		display: inline-block;
		line-height: 22px;
		font-size: 10pt;
	}
	.optgroup .button {
		height: 25px;
		padding-top: 0;
		padding-bottom: 0;
	}
	.optgroup button.button {
		padding-left: 12px;
		padding-right: 12px;
	}
	.linklist {
		list-style: none;
		margin: 0.5em 0;
		padding: 0;
	}
	.linklist li {
		padding: 2px 0;
	}
	.sidebar {
		float: left;
		width: 320px;
	}
	.bar-wrapper {
		max-width: 1100px;
		margin: 0 auto;
	}
	.bar-wrapper.has-sidebar {
		max-width: 1430px;
	}
	.mainbar {
		margin: 0;
		padding-right: 1px;
	}
	.mainbar.has-sidebar {
		margin-left: 330px;
	}
	@media (min-width: 1511px) {
		.sidebar {
			width: 400px;
		}
		.bar-wrapper.has-sidebar {
			max-width: 1510px;
		}
		.mainbar.has-sidebar {
			margin-left: 410px;
		}
	}
	.section.first-section {
		margin-top: 9px;
	}
	.blocklink small {
		white-space: normal;
	}
	.button {
		vertical-align: middle;
	}
	.replay-controls {
		padding-top: 10px;
	}
	.replay-controls h1 {
		font-size: 16pt;
		font-weight: normal;
		color: #CCC;
	}
	.pagelink {
		text-align: center;
	}
	.pagelink a {
		width: 150px;
	}
	.textbox, .button {
		font-size: 11pt;
		vertical-align: middle;
	}
	@media (max-width: 450px) {
		.button {
			font-size: 9pt;
		}
	}
</style>

<div>

	<header>
		<div class="nav-wrapper"><ul class="nav">
			<li><a class="button nav-first" href="//pokemonshowdown.com/"><img src="//pokemonshowdown.com/images/pokemonshowdownbeta.png" srcset="//pokemonshowdown.com/images/pokemonshowdownbeta.png 1x, //pokemonshowdown.com/images/pokemonshowdownbeta@2x.png 2x" alt="Pok&eacute;mon Showdown" width="146" height="44" /> Home</a></li>
			<li><a class="button" href="//pokemonshowdown.com/dex/">Pok&eacute;dex</a></li>
			<li><a class="button cur" href="/">Replays</a></li>
			<li><a class="button" href="//pokemonshowdown.com/ladder/">Ladder</a></li>
			<li><a class="button nav-last" href="//pokemonshowdown.com/forums/">Forum</a></li>
			<li><a class="button greenbutton nav-first nav-last" href="//play.pokemonshowdown.com/">Play</a></li>
		</ul></div>
	</header>

	<div class="main" id="main">

		<noscript><section class="section">You need to enable JavaScript to use this page; sorry!</section></noscript>

	</div>

</div>

<script defer nomodule src="//play.pokemonshowdown.com/js/lib/ps-polyfill.js"></script>
<script defer src="//play.pokemonshowdown.com/js/lib/preact.min.js"></script>

<script defer src="//play.pokemonshowdown.com/config/config.js?2bddbc15"></script>
<script defer src="//play.pokemonshowdown.com/js/lib/jquery-1.11.0.min.js"></script>
<script defer src="//play.pokemonshowdown.com/js/lib/html-sanitizer-minified.js"></script>
<script defer src="//play.pokemonshowdown.com/js/battle-sound.js"></script>
<script defer src="//play.pokemonshowdown.com/js/battledata.js?0.7209276989879541"></script>
<script defer src="//play.pokemonshowdown.com/data/pokedex-mini.js?0.6111056340867951"></script>
<script defer src="//play.pokemonshowdown.com/data/pokedex-mini-bw.js?0.3532142036491459"></script>
<script defer src="//play.pokemonshowdown.com/data/graphics.js?0.24223875632456182"></script>
<script defer src="//play.pokemonshowdown.com/data/pokedex.js?0.38839984266356864"></script>
<script defer src="//play.pokemonshowdown.com/data/moves.js?0.21866028504024015"></script>
<script defer src="//play.pokemonshowdown.com/data/abilities.js?0.2005157953846628"></script>
<script defer src="//play.pokemonshowdown.com/data/items.js?0.9894211263848525"></script>
<script defer src="//play.pokemonshowdown.com/data/teambuilder-tables.js?0.6008791140282215"></script>
<script defer src="//play.pokemonshowdown.com/js/battle-tooltips.js?0.7580118955022959"></script>
<script defer src="//play.pokemonshowdown.com/js/battle.js?0.6057722274234274"></script>

<script defer src="js/utils.js?e31f9a17"></script>
<script defer src="js/replays-battle.js?7008c182"></script>

<!-- don't scrape this data! just add .json or .log after the URL!
Full API docs: https://github.com/smogon/pokemon-showdown-client/blob/master/WEB-API.md -->
<script type="text/plain" class="log" id="replaylog-smogtours-gen3ou-804176">
|inactive|Battle timer is ON: inactive players will automatically lose when time's up.
|t:|1730590087
|gametype|singles
|player|p1|adv pride|101|
|player|p2|verbatim|#psstaffm|
|teamsize|p1|6
|teamsize|p2|6
|gen|3
|tier|[Gen 3] OU
|rule|Sleep Clause Mod: Limit one foe put to sleep
|rule|Switch Priority Clause Mod: Faster Pokémon switch first
|rule|Species Clause: Limit one of each Pokémon
|rule|OHKO Clause: OHKO moves are banned
|rule|Evasion Items Clause: Evasion items are banned
|rule|Evasion Moves Clause: Evasion moves are banned
|rule|Endless Battle Clause: Forcing endless battles is banned
|rule|HP Percentage Mod: HP is shown in percentages
|rule|One Boost Passer Clause: Limit one Baton Passer that has a way to boost its stats
|rule|Freeze Clause Mod: Limit one foe frozen
|
|t:|1730590087
|start
|switch|p1a: Tyranitar|Tyranitar, M|100/100
|switch|p2a: 1stone|Zapdos|100/100
|-weather|Sandstorm|[from] ability: Sand Stream|[of] p1a: Tyranitar
|turn|1
|c|☆verbatim|gl
|
|t:|1730590098
|switch|p1a: Claydol|Claydol|100/100
|move|p2a: 1stone|Hidden Power|p1a: Claydol
|-resisted|p1a: Claydol
|-damage|p1a: Claydol|88/100
|
|-weather|Sandstorm|[upkeep]
|-damage|p2a: 1stone|94/100|[from] Sandstorm
|-heal|p1a: Claydol|95/100|[from] item: Leftovers
|upkeep
|turn|2
|
|t:|1730590107
|switch|p2a: break a leg|Metagross|100/100
|move|p1a: Claydol|Earthquake|p2a: break a leg
|-supereffective|p2a: break a leg
|-damage|p2a: break a leg|59/100
|
|-weather|Sandstorm|[upkeep]
|-heal|p2a: break a leg|65/100|[from] item: Leftovers
|-heal|p1a: Claydol|100/100|[from] item: Leftovers
|upkeep
|turn|3
|
|t:|1730590131
|switch|p1a: Skarmory|Skarmory, M|100/100
|move|p2a: break a leg|Explosion|p1a: Skarmory
|-resisted|p1a: Skarmory
|-damage|p1a: Skarmory|46/100
|faint|p2a: break a leg
|
|t:|1730590133
|switch|p2a: crit magnet|Magneton|100/100
|
|-weather|Sandstorm|[upkeep]
|-heal|p1a: Skarmory|52/100|[from] item: Leftovers
|upkeep
|turn|4
|c|☆adv pride|You too hl
|c|☆verbatim|:thumbs up:
|
|t:|1730590147
|move|p2a: crit magnet|Thunderbolt|p1a: Skarmory
|-supereffective|p1a: Skarmory
|-crit|p1a: Skarmory
|-damage|p1a: Skarmory|0 fnt
|faint|p1a: Skarmory
|
|t:|1730590161
|switch|p1a: Claydol|Claydol|100/100
|
|-weather|Sandstorm|[upkeep]
|upkeep
|turn|5
|
|t:|1730590166
|switch|p2a: 1stone|Zapdos|94/100
|move|p1a: Claydol|Earthquake|p2a: 1stone
|-immune|p2a: 1stone
|
|-weather|Sandstorm|[upkeep]
|-damage|p2a: 1stone|88/100|[from] Sandstorm
|upkeep
|turn|6
|
|t:|1730590173
|move|p2a: 1stone|Drill Peck|p1a: Claydol
|-damage|p1a: Claydol|61/100
|move|p1a: Claydol|Psychic|p2a: 1stone
|-damage|p2a: 1stone|61/100
|
|-weather|Sandstorm|[upkeep]
|-damage|p2a: 1stone|54/100|[from] Sandstorm
|-heal|p1a: Claydol|67/100|[from] item: Leftovers
|upkeep
|turn|7
|
|t:|1730590181
|switch|p1a: Metagross|Metagross|100/100
|move|p2a: 1stone|Drill Peck|p1a: Metagross
|-resisted|p1a: Metagross
|-damage|p1a: Metagross|79/100
|
|-weather|Sandstorm|[upkeep]
|-damage|p2a: 1stone|48/100|[from] Sandstorm
|-heal|p1a: Metagross|85/100|[from] item: Leftovers
|upkeep
|turn|8
|
|t:|1730590184
|switch|p2a: crit magnet|Magneton|100/100
|move|p1a: Metagross|Agility|p1a: Metagross
|-boost|p1a: Metagross|spe|2
|
|-weather|Sandstorm|[upkeep]
|-heal|p1a: Metagross|91/100|[from] item: Leftovers
|upkeep
|turn|9
|
|t:|1730590188
|switch|p2a: 1stone|Zapdos|48/100
|move|p1a: Metagross|Earthquake|p2a: 1stone
|-immune|p2a: 1stone
|
|-weather|Sandstorm|[upkeep]
|-damage|p2a: 1stone|42/100|[from] Sandstorm
|-heal|p1a: Metagross|97/100|[from] item: Leftovers
|upkeep
|turn|10
|
|t:|1730590192
|switch|p1a: Claydol|Claydol|67/100
|move|p2a: 1stone|Thunder|p1a: Claydol
|-immune|p1a: Claydol
|
|-weather|Sandstorm|[upkeep]
|-damage|p2a: 1stone|36/100|[from] Sandstorm
|-heal|p1a: Claydol|73/100|[from] item: Leftovers
|upkeep
|turn|11
|
|t:|1730590203
|switch|p2a: kill 2birds|Regirock|100/100
|move|p1a: Claydol|Earthquake|p2a: kill 2birds
|-supereffective|p2a: kill 2birds
|-damage|p2a: kill 2birds|75/100
|
|-weather|Sandstorm|[upkeep]
|-heal|p1a: Claydol|79/100|[from] item: Leftovers
|upkeep
|turn|12
|
|t:|1730590212
|switch|p1a: Tyranitar|Tyranitar, M|100/100
|move|p2a: kill 2birds|Curse|p2a: kill 2birds
|-unboost|p2a: kill 2birds|spe|1
|-boost|p2a: kill 2birds|atk|1
|-boost|p2a: kill 2birds|def|1
|
|-weather|Sandstorm|[upkeep]
|upkeep
|turn|13
|
|t:|1730590221
|move|p1a: Tyranitar|Earthquake|p2a: kill 2birds
|-supereffective|p2a: kill 2birds
|-damage|p2a: kill 2birds|38/100
|move|p2a: kill 2birds|Curse|p2a: kill 2birds
|-unboost|p2a: kill 2birds|spe|1
|-boost|p2a: kill 2birds|atk|1
|-boost|p2a: kill 2birds|def|1
|
|-weather|Sandstorm|[upkeep]
|upkeep
|turn|14
|
|t:|1730590224
|move|p1a: Tyranitar|Earthquake|p2a: kill 2birds
|-supereffective|p2a: kill 2birds
|-damage|p2a: kill 2birds|9/100
|move|p2a: kill 2birds|Earthquake|p1a: Tyranitar
|-supereffective|p1a: Tyranitar
|-damage|p1a: Tyranitar|4/100
|
|-weather|Sandstorm|[upkeep]
|upkeep
|turn|15
|
|t:|1730590231
|switch|p2a: 1stone|Zapdos|36/100
|move|p1a: Tyranitar|Earthquake|p2a: 1stone
|-immune|p2a: 1stone
|
|-weather|Sandstorm|[upkeep]
|-damage|p2a: 1stone|29/100|[from] Sandstorm
|upkeep
|turn|16
|
|t:|1730590239
|move|p2a: 1stone|Drill Peck|p1a: Tyranitar
|-resisted|p1a: Tyranitar
|-damage|p1a: Tyranitar|0 fnt
|faint|p1a: Tyranitar
|
|t:|1730590241
|switch|p1a: Metagross|Metagross|97/100
|
|-weather|Sandstorm|[upkeep]
|-damage|p2a: 1stone|23/100|[from] Sandstorm
|-heal|p1a: Metagross|100/100|[from] item: Leftovers
|upkeep
|turn|17
|
|t:|1730590246
|switch|p2a: kill 2birds|Regirock|9/100
|move|p1a: Metagross|Agility|p1a: Metagross
|-boost|p1a: Metagross|spe|2
|
|-weather|Sandstorm|[upkeep]
|upkeep
|turn|18
|
|t:|1730590249
|move|p1a: Metagross|Earthquake|p2a: kill 2birds
|-supereffective|p2a: kill 2birds
|-damage|p2a: kill 2birds|0 fnt
|faint|p2a: kill 2birds
|
|t:|1730590253
|switch|p2a: that TEARS it|Gyarados, M, shiny|100/100
|-ability|p2a: that TEARS it|Intimidate|boost
|-fail|p1a: Metagross|unboost|[from] ability: Clear Body|[of] p1a: Metagross
|
|-weather|Sandstorm|[upkeep]
|-damage|p2a: that TEARS it|94/100|[from] Sandstorm
|-heal|p2a: that TEARS it|100/100|[from] item: Leftovers
|upkeep
|turn|19
|
|t:|1730590265
|switch|p1a: Zapdos|Zapdos|100/100
|move|p2a: that TEARS it|Thunder Wave|p1a: Zapdos
|-status|p1a: Zapdos|par
|
|-weather|Sandstorm|[upkeep]
|-damage|p2a: that TEARS it|94/100|[from] Sandstorm
|-damage|p1a: Zapdos|94/100 par|[from] Sandstorm
|-heal|p2a: that TEARS it|100/100|[from] item: Leftovers
|-heal|p1a: Zapdos|100/100 par|[from] item: Leftovers
|upkeep
|turn|20
|
|t:|1730590274
|switch|p2a: crit magnet|Magneton|100/100
|move|p1a: Zapdos|Thunderbolt|p2a: crit magnet
|-resisted|p2a: crit magnet
|-damage|p2a: crit magnet|56/100
|
|-weather|Sandstorm|[upkeep]
|-damage|p1a: Zapdos|94/100 par|[from] Sandstorm
|-heal|p1a: Zapdos|100/100 par|[from] item: Leftovers
|upkeep
|turn|21
|
|t:|1730590282
|switch|p1a: Blissey|Blissey, F|100/100
|move|p2a: crit magnet|Hidden Power|p1a: Blissey
|-damage|p1a: Blissey|92/100
|
|-weather|Sandstorm|[upkeep]
|-damage|p1a: Blissey|85/100|[from] Sandstorm
|-heal|p1a: Blissey|92/100|[from] item: Leftovers
|upkeep
|turn|22
|
|t:|1730590285
|move|p2a: crit magnet|Thunder Wave|p1a: Blissey
|-status|p1a: Blissey|par
|move|p1a: Blissey|Aromatherapy|p1a: Blissey
|-cureteam|p1a: Blissey|[from] move: Aromatherapy
|
|-weather|Sandstorm|[upkeep]
|-damage|p1a: Blissey|85/100|[from] Sandstorm
|-heal|p1a: Blissey|92/100|[from] item: Leftovers
|upkeep
|turn|23
|
|t:|1730590289
|move|p2a: crit magnet|Thunder Wave|p1a: Blissey
|-status|p1a: Blissey|par
|move|p1a: Blissey|Seismic Toss|p2a: crit magnet
|-damage|p2a: crit magnet|15/100
|
|-weather|Sandstorm|[upkeep]
|-damage|p1a: Blissey|85/100 par|[from] Sandstorm
|-heal|p1a: Blissey|92/100 par|[from] item: Leftovers
|upkeep
|turn|24
|
|t:|1730590316
|switch|p2a: that TEARS it|Gyarados, M, shiny|100/100
|-ability|p2a: that TEARS it|Intimidate|boost
|-unboost|p1a: Blissey|atk|1
|-curestatus|p1a: Blissey|par|[from] ability: Natural Cure
|switch|p1a: Claydol|Claydol|79/100
|
|-weather|Sandstorm|[upkeep]
|-damage|p2a: that TEARS it|94/100|[from] Sandstorm
|-heal|p2a: that TEARS it|100/100|[from] item: Leftovers
|-heal|p1a: Claydol|85/100|[from] item: Leftovers
|upkeep
|turn|25
|
|t:|1730590332
|switch|p2a: 1stone|Zapdos|23/100
|switch|p1a: Zapdos|Zapdos|100/100
|
|-weather|Sandstorm|[upkeep]
|-damage|p1a: Zapdos|94/100|[from] Sandstorm
|-damage|p2a: 1stone|17/100|[from] Sandstorm
|-heal|p1a: Zapdos|100/100|[from] item: Leftovers
|upkeep
|turn|26
|
|t:|1730590339
|move|p1a: Zapdos|Thunderbolt|p2a: 1stone
|-damage|p2a: 1stone|0 fnt
|faint|p2a: 1stone
|
|t:|1730590342
|switch|p2a: them apples|Snorlax, M|100/100
|
|-weather|Sandstorm|[upkeep]
|-damage|p1a: Zapdos|94/100|[from] Sandstorm
|-damage|p2a: them apples|94/100|[from] Sandstorm
|-heal|p1a: Zapdos|100/100|[from] item: Leftovers
|-heal|p2a: them apples|100/100|[from] item: Leftovers
|upkeep
|turn|27
|
|t:|1730590350
|switch|p1a: Claydol|Claydol|85/100
|move|p2a: them apples|Body Slam|p1a: Claydol
|-damage|p1a: Claydol|54/100
|
|-weather|Sandstorm|[upkeep]
|-damage|p2a: them apples|94/100|[from] Sandstorm
|-heal|p1a: Claydol|60/100|[from] item: Leftovers
|-heal|p2a: them apples|100/100|[from] item: Leftovers
|upkeep
|turn|28
|
|t:|1730590358
|switch|p2a: crit magnet|Magneton|15/100
|move|p1a: Claydol|Psychic|p2a: crit magnet
|-resisted|p2a: crit magnet
|-damage|p2a: crit magnet|0 fnt
|faint|p2a: crit magnet
|
|t:|1730590365
|switch|p2a: that TEARS it|Gyarados, M, shiny|100/100
|-ability|p2a: that TEARS it|Intimidate|boost
|-unboost|p1a: Claydol|atk|1
|
|-weather|Sandstorm|[upkeep]
|-damage|p2a: that TEARS it|94/100|[from] Sandstorm
|-heal|p2a: that TEARS it|100/100|[from] item: Leftovers
|-heal|p1a: Claydol|66/100|[from] item: Leftovers
|upkeep
|turn|29
|
|t:|1730590367
|switch|p1a: Zapdos|Zapdos|100/100
|move|p2a: that TEARS it|Dragon Dance|p2a: that TEARS it
|-boost|p2a: that TEARS it|atk|1
|-boost|p2a: that TEARS it|spe|1
|
|-weather|Sandstorm|[upkeep]
|-damage|p2a: that TEARS it|94/100|[from] Sandstorm
|-damage|p1a: Zapdos|94/100|[from] Sandstorm
|-heal|p2a: that TEARS it|100/100|[from] item: Leftovers
|-heal|p1a: Zapdos|100/100|[from] item: Leftovers
|upkeep
|turn|30
|
|t:|1730590374
|move|p2a: that TEARS it|Thunder Wave|p1a: Zapdos
|-status|p1a: Zapdos|par
|move|p1a: Zapdos|Thunderbolt|p2a: that TEARS it
|-supereffective|p2a: that TEARS it
|-crit|p2a: that TEARS it
|-damage|p2a: that TEARS it|0 fnt
|faint|p2a: that TEARS it
|
|t:|1730590378
|switch|p2a: them apples|Snorlax, M|100/100
|
|-weather|Sandstorm|[upkeep]
|-damage|p2a: them apples|94/100|[from] Sandstorm
|-damage|p1a: Zapdos|94/100 par|[from] Sandstorm
|-heal|p2a: them apples|100/100|[from] item: Leftovers
|-heal|p1a: Zapdos|100/100 par|[from] item: Leftovers
|upkeep
|turn|31
|
|t:|1730590380
|switch|p1a: Metagross|Metagross|100/100
|move|p2a: them apples|Body Slam|p1a: Metagross
|-resisted|p1a: Metagross
|-damage|p1a: Metagross|84/100
|
|-weather|Sandstorm|[upkeep]
|-damage|p2a: them apples|94/100|[from] Sandstorm
|-heal|p1a: Metagross|90/100|[from] item: Leftovers
|-heal|p2a: them apples|100/100|[from] item: Leftovers
|upkeep
|turn|32
|c|☆verbatim|gg
|
|t:|1730590384
|move|p1a: Metagross|Explosion|p2a: them apples
|-damage|p2a: them apples|0 fnt
|faint|p1a: Metagross
|faint|p2a: them apples
|
|win|adv pride
|c|☆adv pride|Gg

</script>
<script type="application/json" class="data" id="replaydata-smogtours-gen3ou-804176">
{"id":"smogtours-gen3ou-804176","format":"[Gen 3] OU","players":["adv pride","verbatim"],"uploadtime":1730590384,"views":48,"formatid":"gen3ou","rating":null,"private":0,"password":null}
</script>

<script defer src="js/replays.js?9d40a366"></script>
