<!DOCTYPE html>
<meta charset="utf-8" />
<meta name="viewport" content="width=device-width" />

<title>[Gen 3] OU: MasquerainGaming vs. KoboldSorcerer - Replays - Pok&eacute;mon Showdown!</title>

<meta name="description" content="Watch a replay of a Pok&eacute;mon battle between MasquerainGaming and KoboldSorcerer! Format: [Gen 3] OU; Date: Oct 24, 2024" />
<!--

Hey, you! Looking in the source for the replay log?

You can find them in JSON format, just add `.json` at the end of a replay URL.

https://replay.pokemonshowdown.com/gen7randomdoublesbattle-865046831.json

Or, if you only need the log itself, add `.log` instead:

https://replay.pokemonshowdown.com/gen7randomdoublesbattle-865046831.log

-->

<link rel="stylesheet" href="//pokemonshowdown.com/style/global.css?0.023195364461161105" />
<link rel="stylesheet" href="//play.pokemonshowdown.com/style/font-awesome.css?0.13261647063804238" />
<link rel="stylesheet" href="//play.pokemonshowdown.com/style/battle.css?0.8753245789963631" />
<link rel="stylesheet" href="//play.pokemonshowdown.com/style/utilichart.css?0.8627959624976733" />

<!-- Global site tag (gtag.js) - Google Analytics -->
<script async src="https://www.googletagmanager.com/gtag/js?id=UA-26211653-1"></script>
<script>
  window.dataLayer = window.dataLayer || [];
  function gtag(){dataLayer.push(arguments);}
  gtag('js', new Date());

  gtag('config', 'UA-26211653-1');
</script>
<!-- End Google Analytics -->
<!-- Venatus Ad Manager - Install in <HEAD> of page -->
	<script src="https://hb.vntsm.com/v3/live/ad-manager.min.js" type="text/javascript" data-site-id="642aba63ec9a7b11c3c9c1be" data-mode="scan" async></script>
<!-- / Venatus Ad Manager -->

<style>
	@media (max-width:820px) {
		.battle {
			margin: 0 auto;
		}
		.battle-log {
			margin: 7px auto 0;
			max-width: 640px;
			height: 300px;
			position: static;
		}
	}
	.optgroup {
		display: inline-block;
		line-height: 22px;
		font-size: 10pt;
	}
	.optgroup .button {
		height: 25px;
		padding-top: 0;
		padding-bottom: 0;
	}
	.optgroup button.button {
		padding-left: 12px;
		padding-right: 12px;
	}
	.linklist {
		list-style: none;
		margin: 0.5em 0;
		padding: 0;
	}
	.linklist li {
		padding: 2px 0;
	}
	.sidebar {
		float: left;
		width: 320px;
	}
	.bar-wrapper {
		max-width: 1100px;
		margin: 0 auto;
	}
	.bar-wrapper.has-sidebar {
		max-width: 1430px;
	}
	.mainbar {
		margin: 0;
		padding-right: 1px;
	}
	.mainbar.has-sidebar {
		margin-left: 330px;
	}
	@media (min-width: 1511px) {
		.sidebar {
			width: 400px;
		}
		.bar-wrapper.has-sidebar {
			max-width: 1510px;
		}
		.mainbar.has-sidebar {
			margin-left: 410px;
		}
	}
	.section.first-section {
		margin-top: 9px;
	}
	.blocklink small {
		white-space: normal;
	}
	.button {
		vertical-align: middle;
	}
	.replay-controls {
		padding-top: 10px;
	}
	.replay-controls h1 {
		font-size: 16pt;
		font-weight: normal;
		color: #CCC;
	}
	.pagelink {
		text-align: center;
	}
	.pagelink a {
		width: 150px;
	}
	.textbox, .button {
		font-size: 11pt;
		vertical-align: middle;
	}
	@media (max-width: 450px) {
		.button {
			font-size: 9pt;
		}
	}
</style>

<div>

	<header>
		<div class="nav-wrapper"><ul class="nav">
			<li><a class="button nav-first" href="//pokemonshowdown.com/"><img src="//pokemonshowdown.com/images/pokemonshowdownbeta.png" srcset="//pokemonshowdown.com/images/pokemonshowdownbeta.png 1x, //pokemonshowdown.com/images/pokemonshowdownbeta@2x.png 2x" alt="Pok&eacute;mon Showdown" width="146" height="44" /> Home</a></li>
			<li><a class="button" href="//pokemonshowdown.com/dex/">Pok&eacute;dex</a></li>
			<li><a class="button cur" href="/">Replays</a></li>
			<li><a class="button" href="//pokemonshowdown.com/ladder/">Ladder</a></li>
			<li><a class="button nav-last" href="//pokemonshowdown.com/forums/">Forum</a></li>
			<li><a class="button greenbutton nav-first nav-last" href="//play.pokemonshowdown.com/">Play</a></li>
		</ul></div>
	</header>

	<div class="main" id="main">

		<noscript><section class="section">You need to enable JavaScript to use this page; sorry!</section></noscript>

	</div>

</div>

<script defer nomodule src="//play.pokemonshowdown.com/js/lib/ps-polyfill.js"></script>
<script defer src="//play.pokemonshowdown.com/js/lib/preact.min.js"></script>

<script defer src="//play.pokemonshowdown.com/config/config.js?2bddbc15"></script>
<script defer src="//play.pokemonshowdown.com/js/lib/jquery-1.11.0.min.js"></script>
<script defer src="//play.pokemonshowdown.com/js/lib/html-sanitizer-minified.js"></script>
<script defer src="//play.pokemonshowdown.com/js/battle-sound.js"></script>
<script defer src="//play.pokemonshowdown.com/js/battledata.js?0.7209276989879541"></script>
<script defer src="//play.pokemonshowdown.com/data/pokedex-mini.js?0.6111056340867951"></script>
<script defer src="//play.pokemonshowdown.com/data/pokedex-mini-bw.js?0.3532142036491459"></script>
<script defer src="//play.pokemonshowdown.com/data/graphics.js?0.24223875632456182"></script>
<script defer src="//play.pokemonshowdown.com/data/pokedex.js?0.38839984266356864"></script>
<script defer src="//play.pokemonshowdown.com/data/moves.js?0.21866028504024015"></script>
<script defer src="//play.pokemonshowdown.com/data/abilities.js?0.2005157953846628"></script>
<script defer src="//play.pokemonshowdown.com/data/items.js?0.9894211263848525"></script>
<script defer src="//play.pokemonshowdown.com/data/teambuilder-tables.js?0.6008791140282215"></script>
<script defer src="//play.pokemonshowdown.com/js/battle-tooltips.js?0.7580118955022959"></script>
<script defer src="//play.pokemonshowdown.com/js/battle.js?0.6057722274234274"></script>

<script defer src="js/utils.js?e31f9a17"></script>
<script defer src="js/replays-battle.js?7008c182"></script>

<!-- don't scrape this data! just add .json or .log after the URL!
Full API docs: https://github.com/smogon/pokemon-showdown-client/blob/master/WEB-API.md -->
<script type="text/plain" class="log" id="replaylog-smogtours-gen3ou-801635">
|inactive|Battle timer is ON: inactive players will automatically lose when time's up.
|t:|1729800967
|gametype|singles
|player|p1|MasquerainGaming|skierf|
|player|p2|KoboldSorcerer|1|
|teamsize|p1|6
|teamsize|p2|6
|gen|3
|tier|[Gen 3] OU
|rule|Sleep Clause Mod: Limit one foe put to sleep
|rule|Switch Priority Clause Mod: Faster Pokémon switch first
|rule|Species Clause: Limit one of each Pokémon
|rule|OHKO Clause: OHKO moves are banned
|rule|Evasion Items Clause: Evasion items are banned
|rule|Evasion Moves Clause: Evasion moves are banned
|rule|Endless Battle Clause: Forcing endless battles is banned
|rule|HP Percentage Mod: HP is shown in percentages
|rule|One Boost Passer Clause: Limit one Baton Passer that has a way to boost its stats
|rule|Freeze Clause Mod: Limit one foe frozen
|
|t:|1729800967
|start
|switch|p1a: Suicune|Suicune|100/100
|switch|p2a: Salamence|Salamence, F|100/100
|-ability|p2a: Salamence|Intimidate|boost
|-unboost|p1a: Suicune|atk|1
|turn|1
|
|t:|1729800995
|switch|p2a: Tyranitar|Tyranitar, M|100/100
|-weather|Sandstorm|[from] ability: Sand Stream|[of] p2a: Tyranitar
|move|p1a: Suicune|Hydro Pump|p2a: Tyranitar
|-supereffective|p2a: Tyranitar
|-damage|p2a: Tyranitar|12/100
|
|-weather|Sandstorm|[upkeep]
|-damage|p1a: Suicune|94/100|[from] Sandstorm
|-heal|p1a: Suicune|100/100|[from] item: Leftovers
|-heal|p2a: Tyranitar|18/100|[from] item: Leftovers
|upkeep
|turn|2
|
|t:|1729801010
|switch|p2a: Blissey|Blissey, F|100/100
|move|p1a: Suicune|Ice Beam|p2a: Blissey
|-damage|p2a: Blissey|90/100
|
|-weather|Sandstorm|[upkeep]
|-damage|p1a: Suicune|94/100|[from] Sandstorm
|-damage|p2a: Blissey|84/100|[from] Sandstorm
|-heal|p1a: Suicune|100/100|[from] item: Leftovers
|-heal|p2a: Blissey|90/100|[from] item: Leftovers
|upkeep
|turn|3
|
|t:|1729801028
|switch|p1a: Venusaur|Venusaur, F|100/100
|move|p2a: Blissey|Ice Beam|p1a: Venusaur
|-supereffective|p1a: Venusaur
|-damage|p1a: Venusaur|44/100
|
|-weather|Sandstorm|[upkeep]
|-damage|p1a: Venusaur|38/100|[from] Sandstorm
|-damage|p2a: Blissey|84/100|[from] Sandstorm
|-heal|p1a: Venusaur|44/100|[from] item: Leftovers
|-heal|p2a: Blissey|90/100|[from] item: Leftovers
|upkeep
|turn|4
|
|t:|1729801041
|move|p1a: Venusaur|Sleep Powder|p2a: Blissey
|-status|p2a: Blissey|slp|[from] move: Sleep Powder
|cant|p2a: Blissey|slp
|
|-weather|Sandstorm|[upkeep]
|-damage|p1a: Venusaur|38/100|[from] Sandstorm
|-damage|p2a: Blissey|84/100 slp|[from] Sandstorm
|-heal|p1a: Venusaur|44/100|[from] item: Leftovers
|-heal|p2a: Blissey|90/100 slp|[from] item: Leftovers
|upkeep
|turn|5
|
|t:|1729801063
|-curestatus|p2a: Blissey|slp|[from] ability: Natural Cure
|switch|p2a: Tyranitar|Tyranitar, M|18/100
|move|p1a: Venusaur|Leech Seed|p2a: Tyranitar
|-start|p2a: Tyranitar|move: Leech Seed
|
|-weather|Sandstorm|[upkeep]
|-damage|p1a: Venusaur|38/100|[from] Sandstorm
|-heal|p1a: Venusaur|44/100|[from] item: Leftovers
|-heal|p2a: Tyranitar|24/100|[from] item: Leftovers
|-damage|p2a: Tyranitar|12/100|[from] Leech Seed|[of] p1a: Venusaur
|-heal|p1a: Venusaur|61/100|[silent]
|upkeep
|turn|6
|
|t:|1729801082
|switch|p2a: Jirachi|Jirachi|100/100
|move|p1a: Venusaur|Giga Drain|p2a: Jirachi
|-resisted|p2a: Jirachi
|-damage|p2a: Jirachi|91/100
|-heal|p1a: Venusaur|67/100|[from] drain|[of] p2a: Jirachi
|
|-weather|Sandstorm|[upkeep]
|-damage|p1a: Venusaur|61/100|[from] Sandstorm
|-heal|p1a: Venusaur|67/100|[from] item: Leftovers
|-heal|p2a: Jirachi|97/100|[from] item: Leftovers
|upkeep
|turn|7
|inactive|MasquerainGaming has 270 seconds left.
|
|t:|1729801100
|move|p1a: Venusaur|Sleep Powder|p2a: Jirachi
|-status|p2a: Jirachi|slp|[from] move: Sleep Powder
|cant|p2a: Jirachi|slp
|
|-weather|Sandstorm|[upkeep]
|-damage|p1a: Venusaur|61/100|[from] Sandstorm
|-heal|p1a: Venusaur|67/100|[from] item: Leftovers
|-heal|p2a: Jirachi|100/100 slp|[from] item: Leftovers
|upkeep
|turn|8
|inactive|MasquerainGaming has 270 seconds left.
|
|t:|1729801123
|switch|p1a: Dugtrio|Dugtrio, M|100/100
|cant|p2a: Jirachi|slp
|
|-weather|Sandstorm|[upkeep]
|upkeep
|turn|9
|
|t:|1729801132
|move|p1a: Dugtrio|Earthquake|p2a: Jirachi
|-supereffective|p2a: Jirachi
|-damage|p2a: Jirachi|28/100 slp
|cant|p2a: Jirachi|slp
|
|-weather|Sandstorm|[upkeep]
|-heal|p2a: Jirachi|34/100 slp|[from] item: Leftovers
|upkeep
|turn|10
|inactive|MasquerainGaming has 270 seconds left.
|
|t:|1729801140
|cant|p2a: Jirachi|slp
|move|p1a: Dugtrio|Earthquake|p2a: Jirachi
|-supereffective|p2a: Jirachi
|-damage|p2a: Jirachi|0 fnt
|faint|p2a: Jirachi
|
|t:|1729801146
|switch|p2a: Aerodactyl|Aerodactyl, M|100/100
|
|-weather|Sandstorm|[upkeep]
|upkeep
|turn|11
|inactive|MasquerainGaming has 270 seconds left.
|
|t:|1729801189
|switch|p1a: Swampert|Swampert, M|100/100
|move|p2a: Aerodactyl|Double-Edge|p1a: Swampert
|-crit|p1a: Swampert
|-damage|p1a: Swampert|26/100
|
|-weather|Sandstorm|[upkeep]
|-heal|p1a: Swampert|32/100|[from] item: Leftovers
|upkeep
|turn|12
|inactive|MasquerainGaming has 240 seconds left.
|
|t:|1729801206
|move|p2a: Aerodactyl|Double-Edge|p1a: Swampert
|-damage|p1a: Swampert|0 fnt
|faint|p1a: Swampert
|inactive|MasquerainGaming has 240 seconds left.
|
|t:|1729801214
|switch|p1a: Suicune|Suicune|100/100
|
|-weather|Sandstorm|[upkeep]
|-damage|p1a: Suicune|94/100|[from] Sandstorm
|-heal|p1a: Suicune|100/100|[from] item: Leftovers
|upkeep
|turn|13
|inactive|MasquerainGaming has 240 seconds left.
|
|t:|1729801237
|switch|p2a: Blissey|Blissey, F|90/100
|move|p1a: Suicune|Hydro Pump|p2a: Blissey
|-damage|p2a: Blissey|69/100
|
|-weather|Sandstorm|[upkeep]
|-damage|p1a: Suicune|94/100|[from] Sandstorm
|-damage|p2a: Blissey|62/100|[from] Sandstorm
|-heal|p1a: Suicune|100/100|[from] item: Leftovers
|-heal|p2a: Blissey|69/100|[from] item: Leftovers
|upkeep
|turn|14
|
|t:|1729801264
|move|p1a: Suicune|Calm Mind|p1a: Suicune
|-boost|p1a: Suicune|spa|1
|-boost|p1a: Suicune|spd|1
|move|p2a: Blissey|Ice Beam|p1a: Suicune
|-resisted|p1a: Suicune
|-damage|p1a: Suicune|93/100
|
|-weather|Sandstorm|[upkeep]
|-damage|p1a: Suicune|87/100|[from] Sandstorm
|-damage|p2a: Blissey|62/100|[from] Sandstorm
|-heal|p1a: Suicune|93/100|[from] item: Leftovers
|-heal|p2a: Blissey|69/100|[from] item: Leftovers
|upkeep
|turn|15
|
|t:|1729801279
|move|p1a: Suicune|Hydro Pump|p2a: Blissey
|-crit|p2a: Blissey
|-damage|p2a: Blissey|11/100
|move|p2a: Blissey|Seismic Toss|p1a: Suicune
|-damage|p1a: Suicune|64/100
|
|-weather|Sandstorm|[upkeep]
|-damage|p1a: Suicune|58/100|[from] Sandstorm
|-damage|p2a: Blissey|5/100|[from] Sandstorm
|-heal|p1a: Suicune|64/100|[from] item: Leftovers
|-heal|p2a: Blissey|11/100|[from] item: Leftovers
|upkeep
|turn|16
|
|t:|1729801289
|move|p1a: Suicune|Ice Beam|p2a: Blissey
|-damage|p2a: Blissey|0 fnt
|faint|p2a: Blissey
|
|t:|1729801292
|switch|p2a: Forretress|Forretress, F|100/100
|
|-weather|Sandstorm|[upkeep]
|-damage|p1a: Suicune|58/100|[from] Sandstorm
|-heal|p1a: Suicune|64/100|[from] item: Leftovers
|upkeep
|turn|17
|inactive|MasquerainGaming has 210 seconds left.
|inactive|MasquerainGaming has 180 seconds left.
|inactive|KoboldSorcerer has 270 seconds left.
|
|t:|1729801368
|move|p1a: Suicune|Hydro Pump|p2a: Forretress
|-damage|p2a: Forretress|20/100
|move|p2a: Forretress|Explosion|p1a: Suicune
|-damage|p1a: Suicune|0 fnt
|faint|p2a: Forretress
|faint|p1a: Suicune
|inactive|MasquerainGaming has 180 seconds left.
|
|t:|1729801389
|switch|p1a: Regice|Regice|100/100
|switch|p2a: Aerodactyl|Aerodactyl, M|100/100
|
|-weather|Sandstorm|[upkeep]
|-damage|p1a: Regice|94/100|[from] Sandstorm
|-heal|p1a: Regice|100/100|[from] item: Leftovers
|upkeep
|turn|18
|
|t:|1729801397
|move|p2a: Aerodactyl|Rock Slide|p1a: Regice
|-supereffective|p1a: Regice
|-damage|p1a: Regice|20/100
|cant|p1a: Regice|flinch
|
|-weather|Sandstorm|[upkeep]
|-damage|p1a: Regice|14/100|[from] Sandstorm
|-heal|p1a: Regice|20/100|[from] item: Leftovers
|upkeep
|turn|19
|inactive|MasquerainGaming has 180 seconds left.
|
|t:|1729801417
|move|p2a: Aerodactyl|Rock Slide|p1a: Regice
|-supereffective|p1a: Regice
|-damage|p1a: Regice|0 fnt
|faint|p1a: Regice
|
|t:|1729801434
|switch|p1a: Zapdos|Zapdos|100/100
|
|-weather|Sandstorm|[upkeep]
|-damage|p1a: Zapdos|94/100|[from] Sandstorm
|-heal|p1a: Zapdos|100/100|[from] item: Leftovers
|upkeep
|turn|20
|
|t:|1729801443
|move|p2a: Aerodactyl|Rock Slide|p1a: Zapdos
|-supereffective|p1a: Zapdos
|-damage|p1a: Zapdos|0 fnt
|faint|p1a: Zapdos
|
|t:|1729801450
|switch|p1a: Venusaur|Venusaur, F|67/100
|
|-weather|Sandstorm|[upkeep]
|-damage|p1a: Venusaur|61/100|[from] Sandstorm
|-heal|p1a: Venusaur|67/100|[from] item: Leftovers
|upkeep
|turn|21
|inactive|KoboldSorcerer has 270 seconds left.
|c|☆MasquerainGaming|ggs
|inactive|KoboldSorcerer has 240 seconds left.
|
|t:|1729801510
|switch|p2a: Tyranitar|Tyranitar, M|12/100
|move|p1a: Venusaur|Sleep Powder|p2a: Tyranitar|[miss]
|-miss|p1a: Venusaur|p2a: Tyranitar
|
|-weather|Sandstorm|[upkeep]
|-damage|p1a: Venusaur|61/100|[from] Sandstorm
|-heal|p1a: Venusaur|67/100|[from] item: Leftovers
|-heal|p2a: Tyranitar|18/100|[from] item: Leftovers
|upkeep
|turn|22
|
|t:|1729801523
|move|p1a: Venusaur|Giga Drain|p2a: Tyranitar
|-supereffective|p2a: Tyranitar
|-damage|p2a: Tyranitar|0 fnt
|-heal|p1a: Venusaur|79/100|[from] drain|[of] p2a: Tyranitar
|faint|p2a: Tyranitar
|inactive|KoboldSorcerer has 240 seconds left.
|
|t:|1729801536
|switch|p2a: Salamence|Salamence, F|100/100
|-ability|p2a: Salamence|Intimidate|boost
|-unboost|p1a: Venusaur|atk|1
|
|-weather|Sandstorm|[upkeep]
|-damage|p1a: Venusaur|73/100|[from] Sandstorm
|-damage|p2a: Salamence|95/100|[from] Sandstorm
|-heal|p1a: Venusaur|79/100|[from] item: Leftovers
|-heal|p2a: Salamence|100/100|[from] item: Leftovers
|upkeep
|turn|23
|
|t:|1729801552
|move|p1a: Venusaur|Sleep Powder|p2a: Salamence
|-status|p2a: Salamence|slp|[from] move: Sleep Powder
|cant|p2a: Salamence|slp
|
|-weather|Sandstorm|[upkeep]
|-damage|p1a: Venusaur|73/100|[from] Sandstorm
|-damage|p2a: Salamence|95/100 slp|[from] Sandstorm
|-heal|p1a: Venusaur|79/100|[from] item: Leftovers
|-heal|p2a: Salamence|100/100 slp|[from] item: Leftovers
|upkeep
|turn|24
|
|t:|1729801565
|move|p1a: Venusaur|Giga Drain|p2a: Salamence
|-resisted|p2a: Salamence
|-damage|p2a: Salamence|92/100 slp
|-heal|p1a: Venusaur|83/100|[from] drain|[of] p2a: Salamence
|cant|p2a: Salamence|slp
|
|-weather|Sandstorm|[upkeep]
|-damage|p1a: Venusaur|77/100|[from] Sandstorm
|-damage|p2a: Salamence|86/100 slp|[from] Sandstorm
|-heal|p1a: Venusaur|83/100|[from] item: Leftovers
|-heal|p2a: Salamence|92/100 slp|[from] item: Leftovers
|upkeep
|turn|25
|
|t:|1729801576
|move|p1a: Venusaur|Leech Seed|p2a: Salamence
|-start|p2a: Salamence|move: Leech Seed
|-curestatus|p2a: Salamence|slp|[msg]
|move|p2a: Salamence|Fire Blast|p1a: Venusaur
|-supereffective|p1a: Venusaur
|-damage|p1a: Venusaur|0 fnt
|faint|p1a: Venusaur
|
|t:|1729801585
|switch|p1a: Dugtrio|Dugtrio, M|100/100
|
|-weather|Sandstorm|[upkeep]
|-damage|p2a: Salamence|86/100|[from] Sandstorm
|-heal|p2a: Salamence|92/100|[from] item: Leftovers
|-damage|p2a: Salamence|80/100|[from] Leech Seed|[of] p1a: Dugtrio
|upkeep
|turn|26
|
|t:|1729801608
|move|p1a: Dugtrio|Aerial Ace|p2a: Salamence
|-damage|p2a: Salamence|57/100
|move|p2a: Salamence|Dragon Claw|p1a: Dugtrio
|-damage|p1a: Dugtrio|22/100
|
|-weather|Sandstorm|[upkeep]
|-damage|p2a: Salamence|51/100|[from] Sandstorm
|-heal|p2a: Salamence|57/100|[from] item: Leftovers
|-damage|p2a: Salamence|45/100|[from] Leech Seed|[of] p1a: Dugtrio
|-heal|p1a: Dugtrio|41/100|[silent]
|upkeep
|turn|27
|
|t:|1729801619
|move|p1a: Dugtrio|Aerial Ace|p2a: Salamence
|-damage|p2a: Salamence|21/100
|move|p2a: Salamence|Dragon Claw|p1a: Dugtrio
|-damage|p1a: Dugtrio|0 fnt
|faint|p1a: Dugtrio
|
|win|KoboldSorcerer
|c|☆KoboldSorcerer|ggwp!
|c|☆MasquerainGaming|gg
|c|☆MasquerainGaming|those crits were backbreaking
|c|☆MasquerainGaming|ahh well
|c|☆KoboldSorcerer|yeah that + the hp misses
|c|☆MasquerainGaming|ye
|c|☆KoboldSorcerer|it was bad for both of us for a while
|c|☆KoboldSorcerer|i just got out of it first
|c|☆KoboldSorcerer|ggs

</script>
<script type="application/json" class="data" id="replaydata-smogtours-gen3ou-801635">
{"id":"smogtours-gen3ou-801635","format":"[Gen 3] OU","players":["MasquerainGaming","KoboldSorcerer"],"uploadtime":1729801619,"views":70,"formatid":"gen3ou","rating":null,"private":0,"password":null}
</script>

<script defer src="js/replays.js?9d40a366"></script>
