<!DOCTYPE html>
<meta charset="utf-8" />
<meta name="viewport" content="width=device-width" />

<title>[Gen 3] OU: a plague doc vs. FaceOFF3141 - Replays - Pok&eacute;mon Showdown!</title>

<meta name="description" content="Watch a replay of a Pok&eacute;mon battle between a plague doc and FaceOFF3141! Format: [Gen 3] OU; Date: Nov 13, 2024" />
<!--

Hey, you! Looking in the source for the replay log?

You can find them in JSON format, just add `.json` at the end of a replay URL.

https://replay.pokemonshowdown.com/gen7randomdoublesbattle-865046831.json

Or, if you only need the log itself, add `.log` instead:

https://replay.pokemonshowdown.com/gen7randomdoublesbattle-865046831.log

-->

<link rel="stylesheet" href="//pokemonshowdown.com/style/global.css?0.767286132409787" />
<link rel="stylesheet" href="//play.pokemonshowdown.com/style/font-awesome.css?0.9266228007934947" />
<link rel="stylesheet" href="//play.pokemonshowdown.com/style/battle.css?0.7924700842790926" />
<link rel="stylesheet" href="//play.pokemonshowdown.com/style/utilichart.css?0.8777417872839479" />

<!-- Global site tag (gtag.js) - Google Analytics -->
<script async src="https://www.googletagmanager.com/gtag/js?id=UA-26211653-1"></script>
<script>
  window.dataLayer = window.dataLayer || [];
  function gtag(){dataLayer.push(arguments);}
  gtag('js', new Date());

  gtag('config', 'UA-26211653-1');
</script>
<!-- End Google Analytics -->
<!-- Venatus Ad Manager - Install in <HEAD> of page -->
	<script src="https://hb.vntsm.com/v3/live/ad-manager.min.js" type="text/javascript" data-site-id="642aba63ec9a7b11c3c9c1be" data-mode="scan" async></script>
<!-- / Venatus Ad Manager -->

<style>
	@media (max-width:820px) {
		.battle {
			margin: 0 auto;
		}
		.battle-log {
			margin: 7px auto 0;
			max-width: 640px;
			height: 300px;
			position: static;
		}
	}
	.optgroup {
		display: inline-block;
		line-height: 22px;
		font-size: 10pt;
	}
	.optgroup .button {
		height: 25px;
		padding-top: 0;
		padding-bottom: 0;
	}
	.optgroup button.button {
		padding-left: 12px;
		padding-right: 12px;
	}
	.linklist {
		list-style: none;
		margin: 0.5em 0;
		padding: 0;
	}
	.linklist li {
		padding: 2px 0;
	}
	.sidebar {
		float: left;
		width: 320px;
	}
	.bar-wrapper {
		max-width: 1100px;
		margin: 0 auto;
	}
	.bar-wrapper.has-sidebar {
		max-width: 1430px;
	}
	.mainbar {
		margin: 0;
		padding-right: 1px;
	}
	.mainbar.has-sidebar {
		margin-left: 330px;
	}
	@media (min-width: 1511px) {
		.sidebar {
			width: 400px;
		}
		.bar-wrapper.has-sidebar {
			max-width: 1510px;
		}
		.mainbar.has-sidebar {
			margin-left: 410px;
		}
	}
	.section.first-section {
		margin-top: 9px;
	}
	.blocklink small {
		white-space: normal;
	}
	.button {
		vertical-align: middle;
	}
	.replay-controls {
		padding-top: 10px;
	}
	.replay-controls h1 {
		font-size: 16pt;
		font-weight: normal;
		color: #CCC;
	}
	.pagelink {
		text-align: center;
	}
	.pagelink a {
		width: 150px;
	}
	.textbox, .button {
		font-size: 11pt;
		vertical-align: middle;
	}
	@media (max-width: 450px) {
		.button {
			font-size: 9pt;
		}
	}
</style>

<div>

	<header>
		<div class="nav-wrapper"><ul class="nav">
			<li><a class="button nav-first" href="//pokemonshowdown.com/"><img src="//pokemonshowdown.com/images/pokemonshowdownbeta.png" srcset="//pokemonshowdown.com/images/pokemonshowdownbeta.png 1x, //pokemonshowdown.com/images/pokemonshowdownbeta@2x.png 2x" alt="Pok&eacute;mon Showdown" width="146" height="44" /> Home</a></li>
			<li><a class="button" href="//pokemonshowdown.com/dex/">Pok&eacute;dex</a></li>
			<li><a class="button cur" href="/">Replays</a></li>
			<li><a class="button" href="//pokemonshowdown.com/ladder/">Ladder</a></li>
			<li><a class="button nav-last" href="//pokemonshowdown.com/forums/">Forum</a></li>
			<li><a class="button greenbutton nav-first nav-last" href="//play.pokemonshowdown.com/">Play</a></li>
		</ul></div>
	</header>

	<div class="main" id="main">

		<noscript><section class="section">You need to enable JavaScript to use this page; sorry!</section></noscript>

	</div>

</div>

<script defer nomodule src="//play.pokemonshowdown.com/js/lib/ps-polyfill.js"></script>
<script defer src="//play.pokemonshowdown.com/js/lib/preact.min.js"></script>

<script defer src="//play.pokemonshowdown.com/config/config.js?6dec07f6"></script>
<script defer src="//play.pokemonshowdown.com/js/lib/jquery-1.11.0.min.js"></script>
<script defer src="//play.pokemonshowdown.com/js/lib/html-sanitizer-minified.js"></script>
<script defer src="//play.pokemonshowdown.com/js/battle-sound.js"></script>
<script defer src="//play.pokemonshowdown.com/js/battledata.js?0.6315294753075389"></script>
<script defer src="//play.pokemonshowdown.com/data/pokedex-mini.js?0.7603743185311358"></script>
<script defer src="//play.pokemonshowdown.com/data/pokedex-mini-bw.js?0.030888842834281283"></script>
<script defer src="//play.pokemonshowdown.com/data/graphics.js?0.05593094747507488"></script>
<script defer src="//play.pokemonshowdown.com/data/pokedex.js?0.47064822249611904"></script>
<script defer src="//play.pokemonshowdown.com/data/moves.js?0.8583693120512459"></script>
<script defer src="//play.pokemonshowdown.com/data/abilities.js?0.16017181182386842"></script>
<script defer src="//play.pokemonshowdown.com/data/items.js?0.4163379185673943"></script>
<script defer src="//play.pokemonshowdown.com/data/teambuilder-tables.js?0.31075597372830477"></script>
<script defer src="//play.pokemonshowdown.com/js/battle-tooltips.js?0.6536193500708172"></script>
<script defer src="//play.pokemonshowdown.com/js/battle.js?0.1916591943277901"></script>

<script defer src="js/utils.js?e31f9a17"></script>
<script defer src="js/replays-battle.js?7008c182"></script>

<!-- don't scrape this data! just add .json or .log after the URL!
Full API docs: https://github.com/smogon/pokemon-showdown-client/blob/master/WEB-API.md -->
<script type="text/plain" class="log" id="replaylog-smogtours-gen3ou-806187">
|inactive|Battle timer is ON: inactive players will automatically lose when time's up.
|t:|1731535923
|gametype|singles
|player|p1|a plague doc|#scl4shoguns2|
|player|p2|FaceOFF3141|101|
|teamsize|p1|6
|teamsize|p2|6
|gen|3
|tier|[Gen 3] OU
|rule|Sleep Clause Mod: Limit one foe put to sleep
|rule|Switch Priority Clause Mod: Faster Pokémon switch first
|rule|Species Clause: Limit one of each Pokémon
|rule|OHKO Clause: OHKO moves are banned
|rule|Evasion Items Clause: Evasion items are banned
|rule|Evasion Moves Clause: Evasion moves are banned
|rule|Endless Battle Clause: Forcing endless battles is banned
|rule|HP Percentage Mod: HP is shown in percentages
|rule|One Boost Passer Clause: Limit one Baton Passer that has a way to boost its stats
|rule|Freeze Clause Mod: Limit one foe frozen
|
|t:|1731535923
|start
|switch|p1a: Tyranitar|Tyranitar, F|100/100
|switch|p2a: Tyranitar|Tyranitar, M|100/100
|-weather|Sandstorm|[from] ability: Sand Stream|[of] p2a: Tyranitar
|turn|1
|
|t:|1731535933
|switch|p2a: Skarmory|Skarmory, M|100/100
|switch|p1a: Skarmory|Skarmory, F|100/100
|
|-weather|Sandstorm|[upkeep]
|upkeep
|turn|2
|
|t:|1731535942
|move|p1a: Skarmory|Taunt|p2a: Skarmory
|-start|p2a: Skarmory|move: Taunt
|cant|p2a: Skarmory|move: Taunt|Spikes
|
|-weather|Sandstorm|[upkeep]
|upkeep
|turn|3
|
|t:|1731535964
|switch|p2a: Tyranitar|Tyranitar, M|100/100
|move|p1a: Skarmory|Spikes|p2a: Tyranitar
|-sidestart|p2: FaceOFF3141|Spikes
|
|-weather|Sandstorm|[upkeep]
|upkeep
|turn|4
|
|t:|1731535976
|move|p1a: Skarmory|Toxic|p2a: Tyranitar
|-status|p2a: Tyranitar|tox
|move|p2a: Tyranitar|Taunt|p1a: Skarmory
|-start|p1a: Skarmory|move: Taunt
|
|-weather|Sandstorm|[upkeep]
|-damage|p2a: Tyranitar|94/100 tox|[from] psn
|upkeep
|turn|5
|
|t:|1731535992
|switch|p1a: Celebi|Celebi|100/100
|move|p2a: Tyranitar|Toxic|p1a: Celebi
|-status|p1a: Celebi|tox
|
|-weather|Sandstorm|[upkeep]
|-damage|p1a: Celebi|94/100 tox|[from] Sandstorm
|-heal|p1a: Celebi|100/100 tox|[from] item: Leftovers
|-damage|p1a: Celebi|94/100 tox|[from] psn
|-heal|p2a: Tyranitar|100/100 tox|[from] item: Leftovers
|-damage|p2a: Tyranitar|88/100 tox|[from] psn
|upkeep
|turn|6
|
|t:|1731536005
|-curestatus|p1a: Celebi|tox|[from] ability: Natural Cure
|switch|p1a: Skarmory|Skarmory, F|100/100
|switch|p2a: Skarmory|Skarmory, M|100/100
|
|-weather|Sandstorm|[upkeep]
|upkeep
|turn|7
|inactive|a plague doc has 270 seconds left.
|
|t:|1731536030
|move|p1a: Skarmory|Taunt|p2a: Skarmory
|-start|p2a: Skarmory|move: Taunt
|cant|p2a: Skarmory|move: Taunt|Spikes
|
|-weather|Sandstorm|[upkeep]
|upkeep
|turn|8
|
|t:|1731536042
|switch|p2a: Milotic|Milotic, F|100/100
|-damage|p2a: Milotic|88/100|[from] Spikes
|move|p1a: Skarmory|Spikes|p2a: Milotic
|-sidestart|p2: FaceOFF3141|Spikes
|
|-weather|Sandstorm|[upkeep]
|-damage|p2a: Milotic|82/100|[from] Sandstorm
|-heal|p2a: Milotic|88/100|[from] item: Leftovers
|upkeep
|turn|9
|inactive|a plague doc has 270 seconds left.
|
|t:|1731536063
|move|p1a: Skarmory|Spikes|p2a: Milotic
|-sidestart|p2: FaceOFF3141|Spikes
|move|p2a: Milotic|Surf|p1a: Skarmory
|-damage|p1a: Skarmory|65/100
|
|-weather|Sandstorm|[upkeep]
|-damage|p2a: Milotic|82/100|[from] Sandstorm
|-heal|p1a: Skarmory|71/100|[from] item: Leftovers
|-heal|p2a: Milotic|88/100|[from] item: Leftovers
|upkeep
|turn|10
|inactive|a plague doc has 270 seconds left.
|
|t:|1731536088
|move|p1a: Skarmory|Toxic|p2a: Milotic
|-status|p2a: Milotic|tox
|move|p2a: Milotic|Surf|p1a: Skarmory
|-damage|p1a: Skarmory|36/100
|
|-weather|Sandstorm|[upkeep]
|-damage|p2a: Milotic|82/100 tox|[from] Sandstorm
|-heal|p1a: Skarmory|42/100|[from] item: Leftovers
|-heal|p2a: Milotic|88/100 tox|[from] item: Leftovers
|-damage|p2a: Milotic|82/100 tox|[from] psn
|upkeep
|turn|11
|
|t:|1731536093
|switch|p1a: Celebi|Celebi|94/100
|switch|p2a: Skarmory|Skarmory, M|100/100
|
|-weather|Sandstorm|[upkeep]
|-damage|p1a: Celebi|88/100|[from] Sandstorm
|-heal|p1a: Celebi|94/100|[from] item: Leftovers
|upkeep
|turn|12
|inactive|a plague doc has 270 seconds left.
|
|t:|1731536101
|switch|p1a: Moltres|Moltres|100/100
|move|p2a: Skarmory|Spikes|p1a: Moltres
|-sidestart|p1: a plague doc|Spikes
|
|-weather|Sandstorm|[upkeep]
|-damage|p1a: Moltres|94/100|[from] Sandstorm
|-heal|p1a: Moltres|100/100|[from] item: Leftovers
|upkeep
|turn|13
|inactive|a plague doc has 270 seconds left.
|
|t:|1731536129
|switch|p2a: Blissey|Blissey, F|100/100
|-damage|p2a: Blissey|76/100|[from] Spikes
|move|p1a: Moltres|Flamethrower|p2a: Blissey
|-damage|p2a: Blissey|53/100
|
|-weather|Sandstorm|[upkeep]
|-damage|p1a: Moltres|94/100|[from] Sandstorm
|-damage|p2a: Blissey|47/100|[from] Sandstorm
|-heal|p1a: Moltres|100/100|[from] item: Leftovers
|-heal|p2a: Blissey|53/100|[from] item: Leftovers
|upkeep
|turn|14
|inactive|a plague doc has 270 seconds left.
|
|t:|1731536144
|switch|p1a: Tyranitar|Tyranitar, F|100/100
|-damage|p1a: Tyranitar|88/100|[from] Spikes
|move|p2a: Blissey|Soft-Boiled|p2a: Blissey
|-heal|p2a: Blissey|100/100
|
|-weather|Sandstorm|[upkeep]
|-damage|p2a: Blissey|94/100|[from] Sandstorm
|-heal|p1a: Tyranitar|94/100|[from] item: Leftovers
|-heal|p2a: Blissey|100/100|[from] item: Leftovers
|upkeep
|turn|15
|
|t:|1731536168
|switch|p2a: Claydol|Claydol|100/100
|move|p1a: Tyranitar|Taunt|p2a: Claydol
|-start|p2a: Claydol|move: Taunt
|
|-weather|Sandstorm|[upkeep]
|-heal|p1a: Tyranitar|100/100|[from] item: Leftovers
|upkeep
|turn|16
|
|t:|1731536184
|move|p1a: Tyranitar|Toxic|p2a: Claydol
|-status|p2a: Claydol|tox
|move|p2a: Claydol|Rapid Spin|p1a: Tyranitar
|-resisted|p1a: Tyranitar
|-damage|p1a: Tyranitar|99/100
|-sideend|p2: FaceOFF3141|Spikes|[from] move: Rapid Spin|[of] p2a: Claydol
|
|-weather|Sandstorm|[upkeep]
|-heal|p1a: Tyranitar|100/100|[from] item: Leftovers
|-damage|p2a: Claydol|94/100 tox|[from] psn
|-end|p2a: Claydol|move: Taunt|[silent]
|upkeep
|turn|17
|
|t:|1731536196
|switch|p1a: Skarmory|Skarmory, F|42/100
|switch|p2a: Skarmory|Skarmory, M|100/100
|
|-weather|Sandstorm|[upkeep]
|-heal|p1a: Skarmory|48/100|[from] item: Leftovers
|upkeep
|turn|18
|
|t:|1731536214
|switch|p2a: Blissey|Blissey, F|100/100
|move|p1a: Skarmory|Taunt|p2a: Blissey
|-start|p2a: Blissey|move: Taunt
|
|-weather|Sandstorm|[upkeep]
|-damage|p2a: Blissey|94/100|[from] Sandstorm
|-heal|p1a: Skarmory|54/100|[from] item: Leftovers
|-heal|p2a: Blissey|100/100|[from] item: Leftovers
|upkeep
|turn|19
|inactive|a plague doc has 240 seconds left.
|
|t:|1731536231
|switch|p1a: Tyranitar|Tyranitar, F|100/100
|-damage|p1a: Tyranitar|88/100|[from] Spikes
|move|p2a: Blissey|Ice Beam|p1a: Tyranitar
|-damage|p1a: Tyranitar|69/100
|
|-weather|Sandstorm|[upkeep]
|-damage|p2a: Blissey|94/100|[from] Sandstorm
|-heal|p1a: Tyranitar|75/100|[from] item: Leftovers
|-heal|p2a: Blissey|100/100|[from] item: Leftovers
|-end|p2a: Blissey|move: Taunt|[silent]
|upkeep
|turn|20
|
|t:|1731536240
|switch|p2a: Dugtrio|Dugtrio, M|100/100
|move|p1a: Tyranitar|Rock Slide|p2a: Dugtrio
|-resisted|p2a: Dugtrio
|-damage|p2a: Dugtrio|47/100
|
|-weather|Sandstorm|[upkeep]
|-heal|p1a: Tyranitar|81/100|[from] item: Leftovers
|upkeep
|turn|21
|
|t:|1731536253
|move|p2a: Dugtrio|Earthquake|p1a: Tyranitar
|-supereffective|p1a: Tyranitar
|-damage|p1a: Tyranitar|0 fnt
|faint|p1a: Tyranitar
|inactive|a plague doc has 240 seconds left.
|
|t:|1731536269
|switch|p1a: Skarmory|Skarmory, F|54/100
|
|-weather|Sandstorm|[upkeep]
|-heal|p1a: Skarmory|60/100|[from] item: Leftovers
|upkeep
|turn|22
|
|t:|1731536285
|switch|p2a: Blissey|Blissey, F|100/100
|move|p1a: Skarmory|Spikes|p2a: Blissey
|-sidestart|p2: FaceOFF3141|Spikes
|
|-weather|Sandstorm|[upkeep]
|-damage|p2a: Blissey|94/100|[from] Sandstorm
|-heal|p1a: Skarmory|66/100|[from] item: Leftovers
|-heal|p2a: Blissey|100/100|[from] item: Leftovers
|upkeep
|turn|23
|inactive|a plague doc has 240 seconds left.
|inactive|a plague doc has 210 seconds left.
|
|t:|1731536332
|move|p1a: Skarmory|Spikes|p2a: Blissey
|-sidestart|p2: FaceOFF3141|Spikes
|move|p2a: Blissey|Ice Beam|p1a: Skarmory
|-damage|p1a: Skarmory|42/100
|-status|p1a: Skarmory|frz
|
|-weather|Sandstorm|[upkeep]
|-damage|p2a: Blissey|94/100|[from] Sandstorm
|-heal|p1a: Skarmory|48/100 frz|[from] item: Leftovers
|-heal|p2a: Blissey|100/100|[from] item: Leftovers
|upkeep
|turn|24
|c|☆a plague doc|ug
|inactive|a plague doc has 210 seconds left.
|c|☆a plague doc|h
|c|☆FaceOFF3141|mb sry
|
|t:|1731536363
|switch|p1a: Jirachi|Jirachi|100/100
|-damage|p1a: Jirachi|88/100|[from] Spikes
|move|p2a: Blissey|Calm Mind|p2a: Blissey
|-boost|p2a: Blissey|spa|1
|-boost|p2a: Blissey|spd|1
|
|-weather|Sandstorm|[upkeep]
|-damage|p2a: Blissey|94/100|[from] Sandstorm
|-heal|p1a: Jirachi|94/100|[from] item: Leftovers
|-heal|p2a: Blissey|100/100|[from] item: Leftovers
|upkeep
|turn|25
|
|t:|1731536374
|switch|p1a: Swampert|Swampert, M|100/100
|-damage|p1a: Swampert|88/100|[from] Spikes
|move|p2a: Blissey|Calm Mind|p2a: Blissey
|-boost|p2a: Blissey|spa|1
|-boost|p2a: Blissey|spd|1
|
|-weather|Sandstorm|[upkeep]
|-damage|p2a: Blissey|94/100|[from] Sandstorm
|-heal|p1a: Swampert|94/100|[from] item: Leftovers
|-heal|p2a: Blissey|100/100|[from] item: Leftovers
|upkeep
|turn|26
|
|t:|1731536385
|move|p1a: Swampert|Earthquake|p2a: Blissey
|-damage|p2a: Blissey|59/100
|move|p2a: Blissey|Ice Beam|p1a: Swampert
|-damage|p1a: Swampert|51/100
|
|-weather|Sandstorm|[upkeep]
|-damage|p2a: Blissey|53/100|[from] Sandstorm
|-heal|p1a: Swampert|57/100|[from] item: Leftovers
|-heal|p2a: Blissey|59/100|[from] item: Leftovers
|upkeep
|turn|27
|
|t:|1731536392
|-singleturn|p1a: Swampert|move: Focus Punch
|move|p2a: Blissey|Soft-Boiled|p2a: Blissey
|-heal|p2a: Blissey|100/100
|move|p1a: Swampert|Focus Punch|p2a: Blissey
|-supereffective|p2a: Blissey
|-damage|p2a: Blissey|24/100
|
|-weather|Sandstorm|[upkeep]
|-damage|p2a: Blissey|18/100|[from] Sandstorm
|-heal|p1a: Swampert|63/100|[from] item: Leftovers
|-heal|p2a: Blissey|24/100|[from] item: Leftovers
|upkeep
|turn|28
|
|t:|1731536402
|move|p1a: Swampert|Earthquake|p2a: Blissey
|-damage|p2a: Blissey|0 fnt
|faint|p2a: Blissey
|inactive|FaceOFF3141 has 270 seconds left.
|
|t:|1731536442
|switch|p2a: Milotic|Milotic, F|82/100 tox
|-damage|p2a: Milotic|65/100 tox|[from] Spikes
|
|-weather|Sandstorm|[upkeep]
|-damage|p2a: Milotic|59/100 tox|[from] Sandstorm
|-heal|p2a: Milotic|65/100 tox|[from] item: Leftovers
|-damage|p2a: Milotic|59/100 tox|[from] psn
|-heal|p1a: Swampert|70/100|[from] item: Leftovers
|upkeep
|turn|29
|inactive|a plague doc has 210 seconds left.
|
|t:|1731536460
|switch|p1a: Jirachi|Jirachi|94/100
|-damage|p1a: Jirachi|82/100|[from] Spikes
|move|p2a: Milotic|Refresh|p2a: Milotic
|-curestatus|p2a: Milotic|tox|[msg]
|
|-weather|Sandstorm|[upkeep]
|-damage|p2a: Milotic|53/100|[from] Sandstorm
|-heal|p1a: Jirachi|88/100|[from] item: Leftovers
|-heal|p2a: Milotic|59/100|[from] item: Leftovers
|upkeep
|turn|30
|inactive|FaceOFF3141 has 270 seconds left.
|
|t:|1731536475
|move|p1a: Jirachi|Substitute|p1a: Jirachi
|-start|p1a: Jirachi|Substitute
|-damage|p1a: Jirachi|63/100
|move|p2a: Milotic|Surf|p1a: Jirachi
|-end|p1a: Jirachi|Substitute
|
|-weather|Sandstorm|[upkeep]
|-damage|p2a: Milotic|53/100|[from] Sandstorm
|-heal|p1a: Jirachi|69/100|[from] item: Leftovers
|-heal|p2a: Milotic|59/100|[from] item: Leftovers
|upkeep
|turn|31
|
|t:|1731536480
|switch|p2a: Dugtrio|Dugtrio, M|47/100
|-damage|p2a: Dugtrio|31/100|[from] Spikes
|move|p1a: Jirachi|Calm Mind|p1a: Jirachi
|-boost|p1a: Jirachi|spa|1
|-boost|p1a: Jirachi|spd|1
|
|-weather|Sandstorm|[upkeep]
|-heal|p1a: Jirachi|75/100|[from] item: Leftovers
|upkeep
|turn|32
|
|t:|1731536483
|move|p2a: Dugtrio|Earthquake|p1a: Jirachi
|-supereffective|p1a: Jirachi
|-crit|p1a: Jirachi
|-damage|p1a: Jirachi|0 fnt
|faint|p1a: Jirachi
|
|t:|1731536507
|switch|p1a: Moltres|Moltres|100/100
|
|-weather|Sandstorm|[upkeep]
|-damage|p1a: Moltres|94/100|[from] Sandstorm
|-heal|p1a: Moltres|100/100|[from] item: Leftovers
|upkeep
|turn|33
|
|t:|1731536516
|switch|p2a: Tyranitar|Tyranitar, M|88/100 tox
|-damage|p2a: Tyranitar|71/100 tox|[from] Spikes
|move|p1a: Moltres|Hidden Power|p2a: Tyranitar
|-supereffective|p2a: Tyranitar
|-damage|p2a: Tyranitar|30/100 tox
|
|-weather|Sandstorm|[upkeep]
|-damage|p1a: Moltres|94/100|[from] Sandstorm
|-heal|p1a: Moltres|100/100|[from] item: Leftovers
|-heal|p2a: Tyranitar|36/100 tox|[from] item: Leftovers
|-damage|p2a: Tyranitar|30/100 tox|[from] psn
|upkeep
|turn|34
|
|t:|1731536530
|move|p1a: Moltres|Hidden Power|p2a: Tyranitar
|-supereffective|p2a: Tyranitar
|-damage|p2a: Tyranitar|0 fnt
|faint|p2a: Tyranitar
|
|t:|1731536535
|switch|p2a: Claydol|Claydol|94/100 tox
|
|-weather|Sandstorm|[upkeep]
|-damage|p1a: Moltres|94/100|[from] Sandstorm
|-heal|p1a: Moltres|100/100|[from] item: Leftovers
|-heal|p2a: Claydol|100/100 tox|[from] item: Leftovers
|-damage|p2a: Claydol|94/100 tox|[from] psn
|upkeep
|turn|35
|
|t:|1731536558
|move|p1a: Moltres|Flamethrower|p2a: Claydol
|-damage|p2a: Claydol|45/100 tox
|move|p2a: Claydol|Rapid Spin|p1a: Moltres
|-damage|p1a: Moltres|95/100
|-sideend|p2: FaceOFF3141|Spikes|[from] move: Rapid Spin|[of] p2a: Claydol
|
|-weather|Sandstorm|[upkeep]
|-damage|p1a: Moltres|89/100|[from] Sandstorm
|-heal|p1a: Moltres|95/100|[from] item: Leftovers
|-heal|p2a: Claydol|51/100 tox|[from] item: Leftovers
|-damage|p2a: Claydol|38/100 tox|[from] psn
|upkeep
|turn|36
|
|t:|1731536566
|move|p1a: Moltres|Hidden Power|p2a: Claydol
|-supereffective|p2a: Claydol
|-damage|p2a: Claydol|0 fnt
|faint|p2a: Claydol
|
|t:|1731536568
|switch|p2a: Milotic|Milotic, F|59/100
|
|-weather|Sandstorm|[upkeep]
|-damage|p1a: Moltres|89/100|[from] Sandstorm
|-damage|p2a: Milotic|53/100|[from] Sandstorm
|-heal|p1a: Moltres|95/100|[from] item: Leftovers
|-heal|p2a: Milotic|59/100|[from] item: Leftovers
|upkeep
|turn|37
|
|t:|1731536578
|switch|p1a: Celebi|Celebi|94/100
|-damage|p1a: Celebi|82/100|[from] Spikes
|move|p2a: Milotic|Recover|p2a: Milotic
|-heal|p2a: Milotic|100/100
|
|-weather|Sandstorm|[upkeep]
|-damage|p1a: Celebi|76/100|[from] Sandstorm
|-damage|p2a: Milotic|94/100|[from] Sandstorm
|-heal|p1a: Celebi|82/100|[from] item: Leftovers
|-heal|p2a: Milotic|100/100|[from] item: Leftovers
|upkeep
|turn|38
|inactive|a plague doc has 240 seconds left.
|
|t:|1731536594
|move|p1a: Celebi|Leech Seed|p2a: Milotic
|-start|p2a: Milotic|move: Leech Seed
|move|p2a: Milotic|Toxic|p1a: Celebi
|-status|p1a: Celebi|tox
|
|-weather|Sandstorm|[upkeep]
|-damage|p1a: Celebi|76/100 tox|[from] Sandstorm
|-damage|p2a: Milotic|94/100|[from] Sandstorm
|-heal|p1a: Celebi|82/100 tox|[from] item: Leftovers
|-damage|p1a: Celebi|76/100 tox|[from] psn
|-heal|p2a: Milotic|100/100|[from] item: Leftovers
|-damage|p2a: Milotic|88/100|[from] Leech Seed|[of] p1a: Celebi
|-heal|p1a: Celebi|88/100 tox|[silent]
|upkeep
|turn|39
|inactive|a plague doc has 210 seconds left.
|
|t:|1731536635
|switch|p2a: Skarmory|Skarmory, M|100/100
|move|p1a: Celebi|Leech Seed|p2a: Skarmory
|-start|p2a: Skarmory|move: Leech Seed
|
|-weather|Sandstorm|[upkeep]
|-damage|p1a: Celebi|82/100 tox|[from] Sandstorm
|-heal|p1a: Celebi|88/100 tox|[from] item: Leftovers
|-damage|p1a: Celebi|76/100 tox|[from] psn
|-damage|p2a: Skarmory|88/100|[from] Leech Seed|[of] p1a: Celebi
|-heal|p1a: Celebi|87/100 tox|[silent]
|upkeep
|turn|40
|
|t:|1731536648
|-curestatus|p1a: Celebi|tox|[from] ability: Natural Cure
|switch|p1a: Moltres|Moltres|95/100
|move|p2a: Skarmory|Spikes|p1a: Moltres
|-sidestart|p1: a plague doc|Spikes
|
|-weather|Sandstorm|[upkeep]
|-damage|p1a: Moltres|89/100|[from] Sandstorm
|-heal|p1a: Moltres|95/100|[from] item: Leftovers
|-heal|p2a: Skarmory|94/100|[from] item: Leftovers
|-damage|p2a: Skarmory|82/100|[from] Leech Seed|[of] p1a: Moltres
|-heal|p1a: Moltres|100/100|[silent]
|upkeep
|turn|41
|inactive|a plague doc has 210 seconds left.
|inactive|a plague doc has 180 seconds left.
|
|t:|1731536693
|move|p1a: Moltres|Hidden Power|p2a: Skarmory
|-resisted|p2a: Skarmory
|-damage|p2a: Skarmory|76/100
|move|p2a: Skarmory|Toxic|p1a: Moltres
|-status|p1a: Moltres|tox
|
|-weather|Sandstorm|[upkeep]
|-damage|p1a: Moltres|94/100 tox|[from] Sandstorm
|-heal|p1a: Moltres|100/100 tox|[from] item: Leftovers
|-damage|p1a: Moltres|94/100 tox|[from] psn
|-heal|p2a: Skarmory|82/100|[from] item: Leftovers
|-damage|p2a: Skarmory|69/100|[from] Leech Seed|[of] p1a: Moltres
|-heal|p1a: Moltres|100/100 tox|[silent]
|upkeep
|turn|42
|inactive|a plague doc has 180 seconds left.
|
|t:|1731536703
|move|p2a: Skarmory|Protect|p2a: Skarmory
|-singleturn|p2a: Skarmory|Protect
|move|p1a: Moltres|Hidden Power|p2a: Skarmory
|-activate|p2a: Skarmory|Protect
|
|-weather|Sandstorm|[upkeep]
|-damage|p1a: Moltres|94/100 tox|[from] Sandstorm
|-heal|p1a: Moltres|100/100 tox|[from] item: Leftovers
|-damage|p1a: Moltres|88/100 tox|[from] psn
|-heal|p2a: Skarmory|75/100|[from] item: Leftovers
|-damage|p2a: Skarmory|63/100|[from] Leech Seed|[of] p1a: Moltres
|-heal|p1a: Moltres|100/100 tox|[silent]
|upkeep
|turn|43
|
|t:|1731536710
|move|p1a: Moltres|Hidden Power|p2a: Skarmory
|-resisted|p2a: Skarmory
|-damage|p2a: Skarmory|57/100
|move|p2a: Skarmory|Spikes|p1a: Moltres
|-sidestart|p1: a plague doc|Spikes
|
|-weather|Sandstorm|[upkeep]
|-damage|p1a: Moltres|94/100 tox|[from] Sandstorm
|-heal|p1a: Moltres|100/100 tox|[from] item: Leftovers
|-damage|p1a: Moltres|82/100 tox|[from] psn
|-heal|p2a: Skarmory|63/100|[from] item: Leftovers
|-damage|p2a: Skarmory|50/100|[from] Leech Seed|[of] p1a: Moltres
|-heal|p1a: Moltres|95/100 tox|[silent]
|upkeep
|turn|44
|
|t:|1731536717
|move|p2a: Skarmory|Protect|p2a: Skarmory
|-singleturn|p2a: Skarmory|Protect
|move|p1a: Moltres|Hidden Power|p2a: Skarmory
|-activate|p2a: Skarmory|Protect
|
|-weather|Sandstorm|[upkeep]
|-damage|p1a: Moltres|88/100 tox|[from] Sandstorm
|-heal|p1a: Moltres|95/100 tox|[from] item: Leftovers
|-damage|p1a: Moltres|70/100 tox|[from] psn
|-heal|p2a: Skarmory|56/100|[from] item: Leftovers
|-damage|p2a: Skarmory|44/100|[from] Leech Seed|[of] p1a: Moltres
|-heal|p1a: Moltres|82/100 tox|[silent]
|upkeep
|turn|45
|
|t:|1731536720
|move|p1a: Moltres|Flamethrower|p2a: Skarmory
|-supereffective|p2a: Skarmory
|-damage|p2a: Skarmory|0 fnt
|faint|p2a: Skarmory
|
|t:|1731536722
|switch|p2a: Milotic|Milotic, F|88/100
|
|-weather|Sandstorm|[upkeep]
|-damage|p1a: Moltres|76/100 tox|[from] Sandstorm
|-damage|p2a: Milotic|82/100|[from] Sandstorm
|-heal|p1a: Moltres|82/100 tox|[from] item: Leftovers
|-damage|p1a: Moltres|51/100 tox|[from] psn
|-heal|p2a: Milotic|88/100|[from] item: Leftovers
|upkeep
|turn|46
|inactive|a plague doc has 210 seconds left.
|
|t:|1731536738
|switch|p1a: Skarmory|Skarmory, F|48/100 frz
|move|p2a: Milotic|Surf|p1a: Skarmory
|-crit|p1a: Skarmory
|-damage|p1a: Skarmory|0 fnt
|faint|p1a: Skarmory
|
|t:|1731536743
|switch|p1a: Celebi|Celebi|87/100
|-damage|p1a: Celebi|62/100|[from] Spikes
|
|-weather|Sandstorm|[upkeep]
|-damage|p1a: Celebi|56/100|[from] Sandstorm
|-damage|p2a: Milotic|82/100|[from] Sandstorm
|-heal|p1a: Celebi|62/100|[from] item: Leftovers
|-heal|p2a: Milotic|88/100|[from] item: Leftovers
|upkeep
|turn|47
|
|t:|1731536746
|move|p1a: Celebi|Giga Drain|p2a: Milotic
|-supereffective|p2a: Milotic
|-damage|p2a: Milotic|46/100
|-heal|p1a: Celebi|83/100|[from] drain|[of] p2a: Milotic
|move|p2a: Milotic|Toxic|p1a: Celebi
|-status|p1a: Celebi|tox
|
|-weather|Sandstorm|[upkeep]
|-damage|p1a: Celebi|77/100 tox|[from] Sandstorm
|-damage|p2a: Milotic|40/100|[from] Sandstorm
|-heal|p1a: Celebi|83/100 tox|[from] item: Leftovers
|-damage|p1a: Celebi|77/100 tox|[from] psn
|-heal|p2a: Milotic|46/100|[from] item: Leftovers
|upkeep
|turn|48
|
|t:|1731536763
|move|p1a: Celebi|Giga Drain|p2a: Milotic
|-supereffective|p2a: Milotic
|-damage|p2a: Milotic|4/100
|-heal|p1a: Celebi|98/100 tox|[from] drain|[of] p2a: Milotic
|move|p2a: Milotic|Recover|p2a: Milotic
|-heal|p2a: Milotic|54/100
|
|-weather|Sandstorm|[upkeep]
|-damage|p1a: Celebi|92/100 tox|[from] Sandstorm
|-damage|p2a: Milotic|48/100|[from] Sandstorm
|-heal|p1a: Celebi|98/100 tox|[from] item: Leftovers
|-damage|p1a: Celebi|85/100 tox|[from] psn
|-heal|p2a: Milotic|54/100|[from] item: Leftovers
|upkeep
|turn|49
|
|t:|1731536769
|move|p1a: Celebi|Leech Seed|p2a: Milotic
|-start|p2a: Milotic|move: Leech Seed
|move|p2a: Milotic|Recover|p2a: Milotic
|-heal|p2a: Milotic|100/100
|
|-weather|Sandstorm|[upkeep]
|-damage|p1a: Celebi|79/100 tox|[from] Sandstorm
|-damage|p2a: Milotic|94/100|[from] Sandstorm
|-heal|p1a: Celebi|85/100 tox|[from] item: Leftovers
|-damage|p1a: Celebi|67/100 tox|[from] psn
|-heal|p2a: Milotic|100/100|[from] item: Leftovers
|-damage|p2a: Milotic|88/100|[from] Leech Seed|[of] p1a: Celebi
|-heal|p1a: Celebi|79/100 tox|[silent]
|upkeep
|turn|50
|
|t:|1731536776
|move|p1a: Celebi|Giga Drain|p2a: Milotic
|-supereffective|p2a: Milotic
|-damage|p2a: Milotic|49/100
|-heal|p1a: Celebi|99/100 tox|[from] drain|[of] p2a: Milotic
|move|p2a: Milotic|Recover|p2a: Milotic
|-heal|p2a: Milotic|99/100
|
|-weather|Sandstorm|[upkeep]
|-damage|p1a: Celebi|93/100 tox|[from] Sandstorm
|-damage|p2a: Milotic|93/100|[from] Sandstorm
|-heal|p1a: Celebi|99/100 tox|[from] item: Leftovers
|-damage|p1a: Celebi|75/100 tox|[from] psn
|-heal|p2a: Milotic|99/100|[from] item: Leftovers
|-damage|p2a: Milotic|87/100|[from] Leech Seed|[of] p1a: Celebi
|-heal|p1a: Celebi|87/100 tox|[silent]
|upkeep
|turn|51
|
|t:|1731536785
|-curestatus|p1a: Celebi|tox|[from] ability: Natural Cure
|switch|p1a: Moltres|Moltres|51/100 tox
|move|p2a: Milotic|Recover|p2a: Milotic
|-heal|p2a: Milotic|100/100
|
|-weather|Sandstorm|[upkeep]
|-damage|p1a: Moltres|45/100 tox|[from] Sandstorm
|-damage|p2a: Milotic|94/100|[from] Sandstorm
|-heal|p1a: Moltres|51/100 tox|[from] item: Leftovers
|-damage|p1a: Moltres|45/100 tox|[from] psn
|-heal|p2a: Milotic|100/100|[from] item: Leftovers
|-damage|p2a: Milotic|88/100|[from] Leech Seed|[of] p1a: Moltres
|-heal|p1a: Moltres|60/100 tox|[silent]
|upkeep
|turn|52
|
|t:|1731536796
|move|p1a: Moltres|Hidden Power|p2a: Milotic
|-supereffective|p2a: Milotic
|-damage|p2a: Milotic|49/100
|move|p2a: Milotic|Recover|p2a: Milotic
|-heal|p2a: Milotic|99/100
|
|-weather|Sandstorm|[upkeep]
|-damage|p1a: Moltres|54/100 tox|[from] Sandstorm
|-damage|p2a: Milotic|93/100|[from] Sandstorm
|-heal|p1a: Moltres|60/100 tox|[from] item: Leftovers
|-damage|p1a: Moltres|48/100 tox|[from] psn
|-heal|p2a: Milotic|99/100|[from] item: Leftovers
|-damage|p2a: Milotic|87/100|[from] Leech Seed|[of] p1a: Moltres
|-heal|p1a: Moltres|63/100 tox|[silent]
|upkeep
|turn|53
|
|t:|1731536831
|switch|p2a: Dugtrio|Dugtrio, M|31/100
|move|p1a: Moltres|Will-O-Wisp|p2a: Dugtrio
|-status|p2a: Dugtrio|brn
|
|-weather|Sandstorm|[upkeep]
|-damage|p1a: Moltres|57/100 tox|[from] Sandstorm
|-damage|p2a: Dugtrio|18/100 brn|[from] brn
|-heal|p1a: Moltres|63/100 tox|[from] item: Leftovers
|-damage|p1a: Moltres|44/100 tox|[from] psn
|upkeep
|turn|54
|
|t:|1731536842
|switch|p2a: Milotic|Milotic, F|87/100
|switch|p1a: Swampert|Swampert, M|70/100
|-damage|p1a: Swampert|45/100|[from] Spikes
|
|-weather|Sandstorm|[upkeep]
|-damage|p2a: Milotic|81/100|[from] Sandstorm
|-heal|p2a: Milotic|87/100|[from] item: Leftovers
|-heal|p1a: Swampert|51/100|[from] item: Leftovers
|upkeep
|turn|55
|
|t:|1731536860
|switch|p1a: Celebi|Celebi|87/100
|-damage|p1a: Celebi|62/100|[from] Spikes
|move|p2a: Milotic|Toxic|p1a: Celebi|[miss]
|-miss|p2a: Milotic|p1a: Celebi
|
|-weather|Sandstorm|[upkeep]
|-damage|p1a: Celebi|56/100|[from] Sandstorm
|-damage|p2a: Milotic|81/100|[from] Sandstorm
|-heal|p1a: Celebi|62/100|[from] item: Leftovers
|-heal|p2a: Milotic|87/100|[from] item: Leftovers
|upkeep
|turn|56
|
|t:|1731536870
|move|p1a: Celebi|Leech Seed|p2a: Milotic
|-start|p2a: Milotic|move: Leech Seed
|move|p2a: Milotic|Toxic|p1a: Celebi
|-status|p1a: Celebi|tox
|
|-weather|Sandstorm|[upkeep]
|-damage|p1a: Celebi|56/100 tox|[from] Sandstorm
|-damage|p2a: Milotic|81/100|[from] Sandstorm
|-heal|p1a: Celebi|62/100 tox|[from] item: Leftovers
|-damage|p1a: Celebi|56/100 tox|[from] psn
|-heal|p2a: Milotic|87/100|[from] item: Leftovers
|-damage|p2a: Milotic|75/100|[from] Leech Seed|[of] p1a: Celebi
|-heal|p1a: Celebi|69/100 tox|[silent]
|upkeep
|turn|57
|
|t:|1731536882
|move|p1a: Celebi|Giga Drain|p2a: Milotic
|-supereffective|p2a: Milotic
|-damage|p2a: Milotic|34/100
|-heal|p1a: Celebi|89/100 tox|[from] drain|[of] p2a: Milotic
|move|p2a: Milotic|Recover|p2a: Milotic
|-heal|p2a: Milotic|84/100
|
|-weather|Sandstorm|[upkeep]
|-damage|p1a: Celebi|83/100 tox|[from] Sandstorm
|-damage|p2a: Milotic|78/100|[from] Sandstorm
|-heal|p1a: Celebi|89/100 tox|[from] item: Leftovers
|-damage|p1a: Celebi|77/100 tox|[from] psn
|-heal|p2a: Milotic|84/100|[from] item: Leftovers
|-damage|p2a: Milotic|71/100|[from] Leech Seed|[of] p1a: Celebi
|-heal|p1a: Celebi|89/100 tox|[silent]
|upkeep
|turn|58
|
|t:|1731536889
|-curestatus|p1a: Celebi|tox|[from] ability: Natural Cure
|switch|p1a: Moltres|Moltres|44/100 tox
|move|p2a: Milotic|Recover|p2a: Milotic
|-heal|p2a: Milotic|100/100
|
|-weather|Sandstorm|[upkeep]
|-damage|p1a: Moltres|38/100 tox|[from] Sandstorm
|-damage|p2a: Milotic|94/100|[from] Sandstorm
|-heal|p1a: Moltres|44/100 tox|[from] item: Leftovers
|-damage|p1a: Moltres|38/100 tox|[from] psn
|-heal|p2a: Milotic|100/100|[from] item: Leftovers
|-damage|p2a: Milotic|88/100|[from] Leech Seed|[of] p1a: Moltres
|-heal|p1a: Moltres|53/100 tox|[silent]
|upkeep
|turn|59
|
|t:|1731536897
|switch|p1a: Celebi|Celebi|89/100
|-damage|p1a: Celebi|65/100|[from] Spikes
|move|p2a: Milotic|Recover|p2a: Milotic
|-heal|p2a: Milotic|100/100
|
|-weather|Sandstorm|[upkeep]
|-damage|p1a: Celebi|58/100|[from] Sandstorm
|-damage|p2a: Milotic|94/100|[from] Sandstorm
|-heal|p1a: Celebi|65/100|[from] item: Leftovers
|-heal|p2a: Milotic|100/100|[from] item: Leftovers
|-damage|p2a: Milotic|88/100|[from] Leech Seed|[of] p1a: Celebi
|-heal|p1a: Celebi|77/100|[silent]
|upkeep
|turn|60
|inactive|a plague doc has 240 seconds left.
|
|t:|1731536905
|switch|p2a: Dugtrio|Dugtrio, M|18/100 brn
|move|p1a: Celebi|Psychic|p2a: Dugtrio
|-damage|p2a: Dugtrio|0 fnt
|faint|p2a: Dugtrio
|
|t:|1731536907
|switch|p2a: Milotic|Milotic, F|88/100
|
|-weather|Sandstorm|[upkeep]
|-damage|p1a: Celebi|71/100|[from] Sandstorm
|-damage|p2a: Milotic|82/100|[from] Sandstorm
|-heal|p1a: Celebi|77/100|[from] item: Leftovers
|-heal|p2a: Milotic|88/100|[from] item: Leftovers
|upkeep
|turn|61
|
|t:|1731536911
|move|p1a: Celebi|Leech Seed|p2a: Milotic
|-start|p2a: Milotic|move: Leech Seed
|move|p2a: Milotic|Toxic|p1a: Celebi
|-status|p1a: Celebi|tox
|
|-weather|Sandstorm|[upkeep]
|-damage|p1a: Celebi|71/100 tox|[from] Sandstorm
|-damage|p2a: Milotic|82/100|[from] Sandstorm
|-heal|p1a: Celebi|77/100 tox|[from] item: Leftovers
|-damage|p1a: Celebi|71/100 tox|[from] psn
|-heal|p2a: Milotic|88/100|[from] item: Leftovers
|-damage|p2a: Milotic|76/100|[from] Leech Seed|[of] p1a: Celebi
|-heal|p1a: Celebi|84/100 tox|[silent]
|upkeep
|turn|62
|
|t:|1731536916
|move|p1a: Celebi|Psychic|p2a: Milotic
|-damage|p2a: Milotic|45/100
|move|p2a: Milotic|Recover|p2a: Milotic
|-heal|p2a: Milotic|95/100
|
|-weather|Sandstorm|[upkeep]
|-damage|p1a: Celebi|77/100 tox|[from] Sandstorm
|-damage|p2a: Milotic|89/100|[from] Sandstorm
|-heal|p1a: Celebi|84/100 tox|[from] item: Leftovers
|-damage|p1a: Celebi|71/100 tox|[from] psn
|-heal|p2a: Milotic|95/100|[from] item: Leftovers
|-damage|p2a: Milotic|82/100|[from] Leech Seed|[of] p1a: Celebi
|-heal|p1a: Celebi|84/100 tox|[silent]
|upkeep
|turn|63
|
|t:|1731536924
|move|p1a: Celebi|Psychic|p2a: Milotic
|-damage|p2a: Milotic|53/100
|move|p2a: Milotic|Surf|p1a: Celebi
|-resisted|p1a: Celebi
|-damage|p1a: Celebi|70/100 tox
|
|-weather|Sandstorm|[upkeep]
|-damage|p1a: Celebi|64/100 tox|[from] Sandstorm
|-damage|p2a: Milotic|46/100|[from] Sandstorm
|-heal|p1a: Celebi|70/100 tox|[from] item: Leftovers
|-damage|p1a: Celebi|52/100 tox|[from] psn
|-heal|p2a: Milotic|53/100|[from] item: Leftovers
|-damage|p2a: Milotic|40/100|[from] Leech Seed|[of] p1a: Celebi
|-heal|p1a: Celebi|64/100 tox|[silent]
|upkeep
|turn|64
|
|t:|1731536928
|move|p1a: Celebi|Giga Drain|p2a: Milotic
|-supereffective|p2a: Milotic
|-damage|p2a: Milotic|2/100
|-heal|p1a: Celebi|83/100 tox|[from] drain|[of] p2a: Milotic
|move|p2a: Milotic|Recover|p2a: Milotic
|-heal|p2a: Milotic|52/100
|
|-weather|Sandstorm|[upkeep]
|-damage|p1a: Celebi|77/100 tox|[from] Sandstorm
|-damage|p2a: Milotic|46/100|[from] Sandstorm
|-heal|p1a: Celebi|83/100 tox|[from] item: Leftovers
|-damage|p1a: Celebi|59/100 tox|[from] psn
|-heal|p2a: Milotic|52/100|[from] item: Leftovers
|-damage|p2a: Milotic|40/100|[from] Leech Seed|[of] p1a: Celebi
|-heal|p1a: Celebi|71/100 tox|[silent]
|upkeep
|turn|65
|
|t:|1731536933
|move|p1a: Celebi|Giga Drain|p2a: Milotic
|-supereffective|p2a: Milotic
|-damage|p2a: Milotic|2/100
|-heal|p1a: Celebi|90/100 tox|[from] drain|[of] p2a: Milotic
|move|p2a: Milotic|Recover|p2a: Milotic
|-heal|p2a: Milotic|52/100
|
|-weather|Sandstorm|[upkeep]
|-damage|p1a: Celebi|84/100 tox|[from] Sandstorm
|-damage|p2a: Milotic|45/100|[from] Sandstorm
|-heal|p1a: Celebi|90/100 tox|[from] item: Leftovers
|-damage|p1a: Celebi|60/100 tox|[from] psn
|-heal|p2a: Milotic|52/100|[from] item: Leftovers
|-damage|p2a: Milotic|39/100|[from] Leech Seed|[of] p1a: Celebi
|-heal|p1a: Celebi|72/100 tox|[silent]
|upkeep
|turn|66
|
|t:|1731536937
|move|p1a: Celebi|Giga Drain|p2a: Milotic
|-supereffective|p2a: Milotic
|-damage|p2a: Milotic|0 fnt
|-heal|p1a: Celebi|92/100 tox|[from] drain|[of] p2a: Milotic
|faint|p2a: Milotic
|
|win|a plague doc
|c|☆FaceOFF3141|gg
|c|☆a plague doc|gg
|player|p2|

</script>
<script type="application/json" class="data" id="replaydata-smogtours-gen3ou-806187">
{"id":"smogtours-gen3ou-806187","format":"[Gen 3] OU","players":["a plague doc","FaceOFF3141"],"uploadtime":1731536937,"views":29,"formatid":"gen3ou","rating":null,"private":0,"password":null}
</script>

<script defer src="js/replays.js?9d40a366"></script>
