<!DOCTYPE html>
<meta charset="utf-8" />
<meta name="viewport" content="width=device-width" />

<title>[Gen 3] OU: triangles vs. Blaniom - Replays - Pok&eacute;mon Showdown!</title>

<meta name="description" content="Watch a replay of a Pok&eacute;mon battle between triangles and Blaniom! Format: [Gen 3] OU; Date: Nov 4, 2024" />
<!--

Hey, you! Looking in the source for the replay log?

You can find them in JSON format, just add `.json` at the end of a replay URL.

https://replay.pokemonshowdown.com/gen7randomdoublesbattle-865046831.json

Or, if you only need the log itself, add `.log` instead:

https://replay.pokemonshowdown.com/gen7randomdoublesbattle-865046831.log

-->

<link rel="stylesheet" href="//pokemonshowdown.com/style/global.css?0.023195364461161105" />
<link rel="stylesheet" href="//play.pokemonshowdown.com/style/font-awesome.css?0.13261647063804238" />
<link rel="stylesheet" href="//play.pokemonshowdown.com/style/battle.css?0.8753245789963631" />
<link rel="stylesheet" href="//play.pokemonshowdown.com/style/utilichart.css?0.8627959624976733" />

<!-- Global site tag (gtag.js) - Google Analytics -->
<script async src="https://www.googletagmanager.com/gtag/js?id=UA-26211653-1"></script>
<script>
  window.dataLayer = window.dataLayer || [];
  function gtag(){dataLayer.push(arguments);}
  gtag('js', new Date());

  gtag('config', 'UA-26211653-1');
</script>
<!-- End Google Analytics -->
<!-- Venatus Ad Manager - Install in <HEAD> of page -->
	<script src="https://hb.vntsm.com/v3/live/ad-manager.min.js" type="text/javascript" data-site-id="642aba63ec9a7b11c3c9c1be" data-mode="scan" async></script>
<!-- / Venatus Ad Manager -->

<style>
	@media (max-width:820px) {
		.battle {
			margin: 0 auto;
		}
		.battle-log {
			margin: 7px auto 0;
			max-width: 640px;
			height: 300px;
			position: static;
		}
	}
	.optgroup {
		display: inline-block;
		line-height: 22px;
		font-size: 10pt;
	}
	.optgroup .button {
		height: 25px;
		padding-top: 0;
		padding-bottom: 0;
	}
	.optgroup button.button {
		padding-left: 12px;
		padding-right: 12px;
	}
	.linklist {
		list-style: none;
		margin: 0.5em 0;
		padding: 0;
	}
	.linklist li {
		padding: 2px 0;
	}
	.sidebar {
		float: left;
		width: 320px;
	}
	.bar-wrapper {
		max-width: 1100px;
		margin: 0 auto;
	}
	.bar-wrapper.has-sidebar {
		max-width: 1430px;
	}
	.mainbar {
		margin: 0;
		padding-right: 1px;
	}
	.mainbar.has-sidebar {
		margin-left: 330px;
	}
	@media (min-width: 1511px) {
		.sidebar {
			width: 400px;
		}
		.bar-wrapper.has-sidebar {
			max-width: 1510px;
		}
		.mainbar.has-sidebar {
			margin-left: 410px;
		}
	}
	.section.first-section {
		margin-top: 9px;
	}
	.blocklink small {
		white-space: normal;
	}
	.button {
		vertical-align: middle;
	}
	.replay-controls {
		padding-top: 10px;
	}
	.replay-controls h1 {
		font-size: 16pt;
		font-weight: normal;
		color: #CCC;
	}
	.pagelink {
		text-align: center;
	}
	.pagelink a {
		width: 150px;
	}
	.textbox, .button {
		font-size: 11pt;
		vertical-align: middle;
	}
	@media (max-width: 450px) {
		.button {
			font-size: 9pt;
		}
	}
</style>

<div>

	<header>
		<div class="nav-wrapper"><ul class="nav">
			<li><a class="button nav-first" href="//pokemonshowdown.com/"><img src="//pokemonshowdown.com/images/pokemonshowdownbeta.png" srcset="//pokemonshowdown.com/images/pokemonshowdownbeta.png 1x, //pokemonshowdown.com/images/pokemonshowdownbeta@2x.png 2x" alt="Pok&eacute;mon Showdown" width="146" height="44" /> Home</a></li>
			<li><a class="button" href="//pokemonshowdown.com/dex/">Pok&eacute;dex</a></li>
			<li><a class="button cur" href="/">Replays</a></li>
			<li><a class="button" href="//pokemonshowdown.com/ladder/">Ladder</a></li>
			<li><a class="button nav-last" href="//pokemonshowdown.com/forums/">Forum</a></li>
			<li><a class="button greenbutton nav-first nav-last" href="//play.pokemonshowdown.com/">Play</a></li>
		</ul></div>
	</header>

	<div class="main" id="main">

		<noscript><section class="section">You need to enable JavaScript to use this page; sorry!</section></noscript>

	</div>

</div>

<script defer nomodule src="//play.pokemonshowdown.com/js/lib/ps-polyfill.js"></script>
<script defer src="//play.pokemonshowdown.com/js/lib/preact.min.js"></script>

<script defer src="//play.pokemonshowdown.com/config/config.js?2bddbc15"></script>
<script defer src="//play.pokemonshowdown.com/js/lib/jquery-1.11.0.min.js"></script>
<script defer src="//play.pokemonshowdown.com/js/lib/html-sanitizer-minified.js"></script>
<script defer src="//play.pokemonshowdown.com/js/battle-sound.js"></script>
<script defer src="//play.pokemonshowdown.com/js/battledata.js?0.7209276989879541"></script>
<script defer src="//play.pokemonshowdown.com/data/pokedex-mini.js?0.6111056340867951"></script>
<script defer src="//play.pokemonshowdown.com/data/pokedex-mini-bw.js?0.3532142036491459"></script>
<script defer src="//play.pokemonshowdown.com/data/graphics.js?0.24223875632456182"></script>
<script defer src="//play.pokemonshowdown.com/data/pokedex.js?0.38839984266356864"></script>
<script defer src="//play.pokemonshowdown.com/data/moves.js?0.21866028504024015"></script>
<script defer src="//play.pokemonshowdown.com/data/abilities.js?0.2005157953846628"></script>
<script defer src="//play.pokemonshowdown.com/data/items.js?0.9894211263848525"></script>
<script defer src="//play.pokemonshowdown.com/data/teambuilder-tables.js?0.6008791140282215"></script>
<script defer src="//play.pokemonshowdown.com/js/battle-tooltips.js?0.7580118955022959"></script>
<script defer src="//play.pokemonshowdown.com/js/battle.js?0.6057722274234274"></script>

<script defer src="js/utils.js?e31f9a17"></script>
<script defer src="js/replays-battle.js?7008c182"></script>

<!-- don't scrape this data! just add .json or .log after the URL!
Full API docs: https://github.com/smogon/pokemon-showdown-client/blob/master/WEB-API.md -->
<script type="text/plain" class="log" id="replaylog-smogtours-gen3ou-804745">
|inactive|Battle timer is ON: inactive players will automatically lose when time's up.
|t:|1730728007
|gametype|singles
|player|p1|triangles|lucas|
|player|p2|Blaniom|clerkf|
|teamsize|p1|6
|teamsize|p2|6
|gen|3
|tier|[Gen 3] OU
|rule|Sleep Clause Mod: Limit one foe put to sleep
|rule|Switch Priority Clause Mod: Faster Pokémon switch first
|rule|Species Clause: Limit one of each Pokémon
|rule|OHKO Clause: OHKO moves are banned
|rule|Evasion Items Clause: Evasion items are banned
|rule|Evasion Moves Clause: Evasion moves are banned
|rule|Endless Battle Clause: Forcing endless battles is banned
|rule|HP Percentage Mod: HP is shown in percentages
|rule|One Boost Passer Clause: Limit one Baton Passer that has a way to boost its stats
|rule|Freeze Clause Mod: Limit one foe frozen
|
|t:|1730728007
|start
|switch|p1a: Salamence|Salamence, F|100/100
|switch|p2a: Zapdos|Zapdos|100/100
|-ability|p1a: Salamence|Intimidate|boost
|-unboost|p2a: Zapdos|atk|1
|turn|1
|c|☆Blaniom|gl
|c|☆triangles|hf
|
|t:|1730728016
|switch|p1a: Blissey|Blissey, F|100/100
|switch|p2a: Suicune|Suicune|100/100
|
|upkeep
|turn|2
|
|t:|1730728021
|switch|p2a: Blissey|Blissey, F|100/100
|move|p1a: Blissey|Toxic|p2a: Blissey
|-status|p2a: Blissey|tox
|
|-damage|p2a: Blissey|94/100 tox|[from] psn
|upkeep
|turn|3
|
|t:|1730728045
|-curestatus|p2a: Blissey|tox|[from] ability: Natural Cure
|switch|p2a: Zapdos|Zapdos|100/100
|move|p1a: Blissey|Seismic Toss|p2a: Zapdos
|-damage|p2a: Zapdos|74/100
|
|-heal|p2a: Zapdos|81/100|[from] item: Leftovers
|upkeep
|turn|4
|
|t:|1730728051
|switch|p2a: Blissey|Blissey, F|94/100
|move|p1a: Blissey|Seismic Toss|p2a: Blissey
|-damage|p2a: Blissey|80/100
|
|-heal|p2a: Blissey|86/100|[from] item: Leftovers
|upkeep
|turn|5
|
|t:|1730728056
|move|p2a: Blissey|Thunder Wave|p1a: Blissey
|-status|p1a: Blissey|par
|move|p1a: Blissey|Toxic|p2a: Blissey
|-status|p2a: Blissey|tox
|
|-heal|p2a: Blissey|93/100 tox|[from] item: Leftovers
|-damage|p2a: Blissey|86/100 tox|[from] psn
|upkeep
|turn|6
|
|t:|1730728060
|-curestatus|p2a: Blissey|tox|[from] ability: Natural Cure
|switch|p2a: Zapdos|Zapdos|81/100
|move|p1a: Blissey|Toxic|p2a: Zapdos
|-status|p2a: Zapdos|tox
|
|-heal|p2a: Zapdos|87/100 tox|[from] item: Leftovers
|-damage|p2a: Zapdos|81/100 tox|[from] psn
|upkeep
|turn|7
|
|t:|1730728077
|switch|p2a: Blissey|Blissey, F|86/100
|-curestatus|p1a: Blissey|par|[from] ability: Natural Cure
|switch|p1a: Jirachi|Jirachi|100/100
|
|-heal|p2a: Blissey|93/100|[from] item: Leftovers
|upkeep
|turn|8
|
|t:|1730728090
|switch|p1a: Dugtrio|Dugtrio, M|100/100
|move|p2a: Blissey|Thunder Wave|p1a: Dugtrio
|-immune|p1a: Dugtrio
|
|-heal|p2a: Blissey|99/100|[from] item: Leftovers
|upkeep
|turn|9
|
|t:|1730728096
|move|p1a: Dugtrio|Earthquake|p2a: Blissey
|-damage|p2a: Blissey|49/100
|move|p2a: Blissey|Soft-Boiled|p2a: Blissey
|-heal|p2a: Blissey|99/100
|
|-heal|p2a: Blissey|100/100|[from] item: Leftovers
|upkeep
|turn|10
|
|t:|1730728099
|move|p1a: Dugtrio|Earthquake|p2a: Blissey
|-damage|p2a: Blissey|46/100
|move|p2a: Blissey|Soft-Boiled|p2a: Blissey
|-heal|p2a: Blissey|96/100
|
|-heal|p2a: Blissey|100/100|[from] item: Leftovers
|upkeep
|turn|11
|
|t:|1730728101
|move|p1a: Dugtrio|Earthquake|p2a: Blissey
|-damage|p2a: Blissey|47/100
|move|p2a: Blissey|Soft-Boiled|p2a: Blissey
|-heal|p2a: Blissey|97/100
|
|-heal|p2a: Blissey|100/100|[from] item: Leftovers
|upkeep
|turn|12
|
|t:|1730728105
|move|p1a: Dugtrio|Earthquake|p2a: Blissey
|-damage|p2a: Blissey|47/100
|move|p2a: Blissey|Soft-Boiled|p2a: Blissey
|-heal|p2a: Blissey|97/100
|
|-heal|p2a: Blissey|100/100|[from] item: Leftovers
|upkeep
|turn|13
|
|t:|1730728107
|move|p1a: Dugtrio|Earthquake|p2a: Blissey
|-damage|p2a: Blissey|48/100
|move|p2a: Blissey|Soft-Boiled|p2a: Blissey
|-heal|p2a: Blissey|98/100
|
|-heal|p2a: Blissey|100/100|[from] item: Leftovers
|upkeep
|turn|14
|
|t:|1730728109
|move|p1a: Dugtrio|Earthquake|p2a: Blissey
|-damage|p2a: Blissey|49/100
|move|p2a: Blissey|Soft-Boiled|p2a: Blissey
|-heal|p2a: Blissey|99/100
|
|-heal|p2a: Blissey|100/100|[from] item: Leftovers
|upkeep
|turn|15
|
|t:|1730728111
|move|p1a: Dugtrio|Earthquake|p2a: Blissey
|-damage|p2a: Blissey|52/100
|move|p2a: Blissey|Soft-Boiled|p2a: Blissey
|-heal|p2a: Blissey|100/100
|
|upkeep
|turn|16
|
|t:|1730728112
|move|p1a: Dugtrio|Earthquake|p2a: Blissey
|-damage|p2a: Blissey|51/100
|move|p2a: Blissey|Soft-Boiled|p2a: Blissey
|-heal|p2a: Blissey|100/100
|
|upkeep
|turn|17
|
|t:|1730728115
|move|p1a: Dugtrio|Earthquake|p2a: Blissey
|-damage|p2a: Blissey|51/100
|move|p2a: Blissey|Soft-Boiled|p2a: Blissey
|-heal|p2a: Blissey|100/100
|
|upkeep
|turn|18
|
|t:|1730728116
|move|p1a: Dugtrio|Earthquake|p2a: Blissey
|-damage|p2a: Blissey|46/100
|move|p2a: Blissey|Soft-Boiled|p2a: Blissey
|-heal|p2a: Blissey|96/100
|
|-heal|p2a: Blissey|100/100|[from] item: Leftovers
|upkeep
|turn|19
|
|t:|1730728118
|move|p1a: Dugtrio|Earthquake|p2a: Blissey
|-damage|p2a: Blissey|48/100
|move|p2a: Blissey|Soft-Boiled|p2a: Blissey
|-heal|p2a: Blissey|98/100
|
|-heal|p2a: Blissey|100/100|[from] item: Leftovers
|upkeep
|turn|20
|
|t:|1730728121
|move|p1a: Dugtrio|Earthquake|p2a: Blissey
|-damage|p2a: Blissey|49/100
|move|p2a: Blissey|Soft-Boiled|p2a: Blissey
|-heal|p2a: Blissey|99/100
|
|-heal|p2a: Blissey|100/100|[from] item: Leftovers
|upkeep
|turn|21
|
|t:|1730728123
|move|p1a: Dugtrio|Earthquake|p2a: Blissey
|-crit|p2a: Blissey
|-damage|p2a: Blissey|0 fnt
|faint|p2a: Blissey
|
|t:|1730728130
|switch|p2a: Forretress|Forretress, F|100/100
|
|upkeep
|turn|22
|
|t:|1730728136
|move|p1a: Dugtrio|Earthquake|p2a: Forretress
|-damage|p2a: Forretress|65/100
|move|p2a: Forretress|Spikes|p1a: Dugtrio
|-sidestart|p1: triangles|Spikes
|
|-heal|p2a: Forretress|72/100|[from] item: Leftovers
|upkeep
|turn|23
|
|t:|1730728143
|move|p1a: Dugtrio|Earthquake|p2a: Forretress
|-damage|p2a: Forretress|41/100
|move|p2a: Forretress|Spikes|p1a: Dugtrio
|-sidestart|p1: triangles|Spikes
|
|-heal|p2a: Forretress|47/100|[from] item: Leftovers
|upkeep
|turn|24
|
|t:|1730728147
|switch|p1a: Starmie|Starmie|100/100
|-damage|p1a: Starmie|84/100|[from] Spikes
|move|p2a: Forretress|Spikes|p1a: Starmie
|-sidestart|p1: triangles|Spikes
|
|-heal|p1a: Starmie|90/100|[from] item: Leftovers
|-heal|p2a: Forretress|53/100|[from] item: Leftovers
|upkeep
|turn|25
|
|t:|1730728152
|switch|p2a: Zapdos|Zapdos|81/100 tox
|move|p1a: Starmie|Rapid Spin|p2a: Zapdos
|-damage|p2a: Zapdos|78/100 tox
|-sideend|p1: triangles|Spikes|[from] move: Rapid Spin|[of] p1a: Starmie
|
|-heal|p1a: Starmie|96/100|[from] item: Leftovers
|-heal|p2a: Zapdos|84/100 tox|[from] item: Leftovers
|-damage|p2a: Zapdos|78/100 tox|[from] psn
|upkeep
|turn|26
|
|t:|1730728159
|switch|p1a: Blissey|Blissey, F|100/100
|switch|p2a: Suicune|Suicune|100/100
|
|upkeep
|turn|27
|
|t:|1730728165
|switch|p2a: Forretress|Forretress, F|53/100
|move|p1a: Blissey|Toxic|p2a: Forretress|[miss]
|-miss|p1a: Blissey|p2a: Forretress
|
|-heal|p2a: Forretress|60/100|[from] item: Leftovers
|upkeep
|turn|28
|
|t:|1730728172
|move|p1a: Blissey|Seismic Toss|p2a: Forretress
|-damage|p2a: Forretress|31/100
|move|p2a: Forretress|Spikes|p1a: Blissey
|-sidestart|p1: triangles|Spikes
|
|-heal|p2a: Forretress|38/100|[from] item: Leftovers
|upkeep
|turn|29
|
|t:|1730728180
|switch|p1a: Jirachi|Jirachi|100/100
|-damage|p1a: Jirachi|88/100|[from] Spikes
|move|p2a: Forretress|Rest|p2a: Forretress
|-status|p2a: Forretress|slp|[from] move: Rest
|-heal|p2a: Forretress|100/100 slp|[silent]
|
|-heal|p1a: Jirachi|94/100|[from] item: Leftovers
|upkeep
|turn|30
|
|t:|1730728187
|switch|p2a: Charizard|Charizard, M|100/100
|move|p1a: Jirachi|Psychic|p2a: Charizard
|-damage|p2a: Charizard|58/100
|
|-heal|p2a: Charizard|64/100|[from] item: Leftovers
|-heal|p1a: Jirachi|100/100|[from] item: Leftovers
|upkeep
|turn|31
|
|t:|1730728197
|switch|p1a: Suicune|Suicune|100/100
|-damage|p1a: Suicune|88/100|[from] Spikes
|move|p2a: Charizard|Fire Blast|p1a: Suicune
|-resisted|p1a: Suicune
|-crit|p1a: Suicune
|-damage|p1a: Suicune|46/100
|
|-heal|p2a: Charizard|70/100|[from] item: Leftovers
|-heal|p1a: Suicune|52/100|[from] item: Leftovers
|upkeep
|turn|32
|
|t:|1730728203
|switch|p2a: Suicune|Suicune|100/100
|move|p1a: Suicune|Roar|p2a: Suicune
|drag|p2a: Tyranitar|Tyranitar, F|100/100
|-weather|Sandstorm|[from] ability: Sand Stream|[of] p2a: Tyranitar
|
|-weather|Sandstorm|[upkeep]
|-damage|p1a: Suicune|46/100|[from] Sandstorm
|-heal|p1a: Suicune|52/100|[from] item: Leftovers
|upkeep
|turn|33
|
|t:|1730728209
|move|p2a: Tyranitar|Dragon Dance|p2a: Tyranitar
|-boost|p2a: Tyranitar|atk|1
|-boost|p2a: Tyranitar|spe|1
|move|p1a: Suicune|Surf|p2a: Tyranitar
|-supereffective|p2a: Tyranitar
|-damage|p2a: Tyranitar|29/100
|
|-weather|Sandstorm|[upkeep]
|-damage|p1a: Suicune|46/100|[from] Sandstorm
|-heal|p1a: Suicune|52/100|[from] item: Leftovers
|upkeep
|turn|34
|
|t:|1730728214
|move|p2a: Tyranitar|Rock Slide|p1a: Suicune
|-damage|p1a: Suicune|17/100
|cant|p1a: Suicune|flinch
|
|-weather|Sandstorm|[upkeep]
|-damage|p1a: Suicune|11/100|[from] Sandstorm
|-heal|p1a: Suicune|17/100|[from] item: Leftovers
|upkeep
|turn|35
|inactive|triangles has 270 seconds left.
|
|t:|1730728249
|move|p2a: Tyranitar|Earthquake|p1a: Suicune
|-damage|p1a: Suicune|0 fnt
|faint|p1a: Suicune
|
|t:|1730728250
|switch|p1a: Dugtrio|Dugtrio, M|100/100
|-damage|p1a: Dugtrio|88/100|[from] Spikes
|
|-weather|Sandstorm|[upkeep]
|upkeep
|turn|36
|
|t:|1730728257
|move|p1a: Dugtrio|Earthquake|p2a: Tyranitar
|-supereffective|p2a: Tyranitar
|-damage|p2a: Tyranitar|0 fnt
|faint|p2a: Tyranitar
|c|☆Blaniom|last eq... i love it hahah
|inactive|Blaniom has 270 seconds left.
|c|☆triangles|i mean i can also kill it with hidden power
|inactive|Blaniom has 240 seconds left.
|
|t:|1730728339
|switch|p2a: Suicune|Suicune|100/100
|
|-weather|Sandstorm|[upkeep]
|-damage|p2a: Suicune|94/100|[from] Sandstorm
|-heal|p2a: Suicune|100/100|[from] item: Leftovers
|upkeep
|turn|37
|
|t:|1730728351
|switch|p1a: Blissey|Blissey, F|100/100
|-damage|p1a: Blissey|88/100|[from] Spikes
|move|p2a: Suicune|Roar|p1a: Blissey
|drag|p1a: Jirachi|Jirachi|100/100
|-damage|p1a: Jirachi|88/100|[from] Spikes
|
|-weather|Sandstorm|[upkeep]
|-damage|p2a: Suicune|94/100|[from] Sandstorm
|-heal|p1a: Jirachi|94/100|[from] item: Leftovers
|-heal|p2a: Suicune|100/100|[from] item: Leftovers
|upkeep
|turn|38
|
|t:|1730728363
|move|p1a: Jirachi|Psychic|p2a: Suicune
|-damage|p2a: Suicune|76/100
|move|p2a: Suicune|Calm Mind|p2a: Suicune
|-boost|p2a: Suicune|spa|1
|-boost|p2a: Suicune|spd|1
|
|-weather|Sandstorm|[upkeep]
|-damage|p2a: Suicune|70/100|[from] Sandstorm
|-heal|p1a: Jirachi|100/100|[from] item: Leftovers
|-heal|p2a: Suicune|76/100|[from] item: Leftovers
|upkeep
|turn|39
|
|t:|1730728375
|switch|p1a: Starmie|Starmie|96/100
|-damage|p1a: Starmie|84/100|[from] Spikes
|move|p2a: Suicune|Roar|p1a: Starmie
|drag|p1a: Salamence|Salamence, F|100/100
|-ability|p1a: Salamence|Intimidate|boost
|-unboost|p2a: Suicune|atk|1
|
|-weather|Sandstorm|[upkeep]
|-damage|p1a: Salamence|94/100|[from] Sandstorm
|-damage|p2a: Suicune|70/100|[from] Sandstorm
|-heal|p1a: Salamence|100/100|[from] item: Leftovers
|-heal|p2a: Suicune|76/100|[from] item: Leftovers
|upkeep
|turn|40
|
|t:|1730728382
|move|p1a: Salamence|Wish|p1a: Salamence
|move|p2a: Suicune|Hydro Pump|p1a: Salamence
|-resisted|p1a: Salamence
|-damage|p1a: Salamence|57/100
|
|-weather|Sandstorm|[upkeep]
|-damage|p1a: Salamence|51/100|[from] Sandstorm
|-damage|p2a: Suicune|70/100|[from] Sandstorm
|-heal|p1a: Salamence|57/100|[from] item: Leftovers
|-heal|p2a: Suicune|76/100|[from] item: Leftovers
|upkeep
|turn|41
|
|t:|1730728391
|switch|p1a: Starmie|Starmie|84/100
|-damage|p1a: Starmie|71/100|[from] Spikes
|move|p2a: Suicune|Roar|p1a: Starmie
|drag|p1a: Salamence|Salamence, F|57/100
|-ability|p1a: Salamence|Intimidate|boost
|-unboost|p2a: Suicune|atk|1
|
|-heal|p1a: Salamence|100/100|[from] move: Wish|[wisher] Salamence
|-weather|Sandstorm|[upkeep]
|-damage|p1a: Salamence|94/100|[from] Sandstorm
|-damage|p2a: Suicune|70/100|[from] Sandstorm
|-heal|p1a: Salamence|100/100|[from] item: Leftovers
|-heal|p2a: Suicune|76/100|[from] item: Leftovers
|upkeep
|turn|42
|inactive|Blaniom has 270 seconds left.
|
|t:|1730728399
|switch|p1a: Blissey|Blissey, F|88/100
|-damage|p1a: Blissey|76/100|[from] Spikes
|move|p2a: Suicune|Ice Beam|p1a: Blissey
|-crit|p1a: Blissey
|-damage|p1a: Blissey|44/100
|
|-weather|Sandstorm|[upkeep]
|-damage|p2a: Suicune|70/100|[from] Sandstorm
|-damage|p1a: Blissey|38/100|[from] Sandstorm
|-heal|p2a: Suicune|76/100|[from] item: Leftovers
|-heal|p1a: Blissey|44/100|[from] item: Leftovers
|upkeep
|turn|43
|
|t:|1730728403
|move|p2a: Suicune|Hydro Pump|p1a: Blissey
|-damage|p1a: Blissey|16/100
|move|p1a: Blissey|Soft-Boiled|p1a: Blissey
|-heal|p1a: Blissey|66/100
|
|-weather|Sandstorm|[upkeep]
|-damage|p2a: Suicune|70/100|[from] Sandstorm
|-damage|p1a: Blissey|60/100|[from] Sandstorm
|-heal|p2a: Suicune|76/100|[from] item: Leftovers
|-heal|p1a: Blissey|66/100|[from] item: Leftovers
|upkeep
|turn|44
|
|t:|1730728407
|move|p1a: Blissey|Soft-Boiled|p1a: Blissey
|-heal|p1a: Blissey|100/100
|move|p2a: Suicune|Roar|p1a: Blissey
|drag|p1a: Jirachi|Jirachi|100/100
|-damage|p1a: Jirachi|88/100|[from] Spikes
|
|-weather|Sandstorm|[upkeep]
|-damage|p2a: Suicune|70/100|[from] Sandstorm
|-heal|p1a: Jirachi|94/100|[from] item: Leftovers
|-heal|p2a: Suicune|76/100|[from] item: Leftovers
|upkeep
|turn|45
|
|t:|1730728412
|switch|p1a: Dugtrio|Dugtrio, M|88/100
|-damage|p1a: Dugtrio|76/100|[from] Spikes
|move|p2a: Suicune|Calm Mind|p2a: Suicune
|-boost|p2a: Suicune|spa|1
|-boost|p2a: Suicune|spd|1
|
|-weather|Sandstorm|[upkeep]
|-damage|p2a: Suicune|70/100|[from] Sandstorm
|-heal|p2a: Suicune|76/100|[from] item: Leftovers
|upkeep
|turn|46
|
|t:|1730728415
|move|p1a: Dugtrio|Rock Slide|p2a: Suicune
|-damage|p2a: Suicune|55/100
|cant|p2a: Suicune|flinch
|
|-weather|Sandstorm|[upkeep]
|-damage|p2a: Suicune|49/100|[from] Sandstorm
|-heal|p2a: Suicune|55/100|[from] item: Leftovers
|upkeep
|turn|47
|
|t:|1730728418
|move|p1a: Dugtrio|Rock Slide|p2a: Suicune
|-crit|p2a: Suicune
|-damage|p2a: Suicune|11/100
|cant|p2a: Suicune|flinch
|
|-weather|Sandstorm|[upkeep]
|-damage|p2a: Suicune|4/100|[from] Sandstorm
|-heal|p2a: Suicune|11/100|[from] item: Leftovers
|upkeep
|turn|48
|
|t:|1730728424
|move|p1a: Dugtrio|Rock Slide|p2a: Suicune
|-damage|p2a: Suicune|0 fnt
|faint|p2a: Suicune
|
|t:|1730728427
|switch|p2a: Forretress|Forretress, F|100/100 slp
|
|-weather|Sandstorm|[upkeep]
|upkeep
|turn|49
|c|☆Blaniom|what a shame :/
|
|t:|1730728446
|switch|p1a: Starmie|Starmie|71/100
|-damage|p1a: Starmie|59/100|[from] Spikes
|cant|p2a: Forretress|slp
|
|-weather|Sandstorm|[upkeep]
|-damage|p1a: Starmie|53/100|[from] Sandstorm
|-heal|p1a: Starmie|59/100|[from] item: Leftovers
|upkeep
|turn|50
|
|t:|1730728451
|switch|p2a: Zapdos|Zapdos|78/100 tox
|move|p1a: Starmie|Rapid Spin|p2a: Zapdos
|-damage|p2a: Zapdos|75/100 tox
|-sideend|p1: triangles|Spikes|[from] move: Rapid Spin|[of] p1a: Starmie
|
|-weather|Sandstorm|[upkeep]
|-damage|p1a: Starmie|53/100|[from] Sandstorm
|-damage|p2a: Zapdos|69/100 tox|[from] Sandstorm
|-heal|p1a: Starmie|59/100|[from] item: Leftovers
|-heal|p2a: Zapdos|75/100 tox|[from] item: Leftovers
|-damage|p2a: Zapdos|69/100 tox|[from] psn
|upkeep
|turn|51
|
|t:|1730728457
|switch|p1a: Blissey|Blissey, F|100/100
|move|p2a: Zapdos|Toxic|p1a: Blissey|[miss]
|-miss|p2a: Zapdos|p1a: Blissey
|
|-weather|Sandstorm|[upkeep]
|-damage|p2a: Zapdos|62/100 tox|[from] Sandstorm
|-damage|p1a: Blissey|94/100|[from] Sandstorm
|-heal|p2a: Zapdos|69/100 tox|[from] item: Leftovers
|-damage|p2a: Zapdos|56/100 tox|[from] psn
|-heal|p1a: Blissey|100/100|[from] item: Leftovers
|upkeep
|turn|52
|
|t:|1730728466
|move|p2a: Zapdos|Toxic|p1a: Blissey
|-status|p1a: Blissey|tox
|move|p1a: Blissey|Seismic Toss|p2a: Zapdos
|-damage|p2a: Zapdos|30/100 tox
|
|-weather|Sandstorm|[upkeep]
|-damage|p2a: Zapdos|24/100 tox|[from] Sandstorm
|-damage|p1a: Blissey|94/100 tox|[from] Sandstorm
|-heal|p2a: Zapdos|30/100 tox|[from] item: Leftovers
|-damage|p2a: Zapdos|11/100 tox|[from] psn
|-heal|p1a: Blissey|100/100 tox|[from] item: Leftovers
|-damage|p1a: Blissey|94/100 tox|[from] psn
|upkeep
|turn|53
|
|t:|1730728472
|-curestatus|p1a: Blissey|tox|[from] ability: Natural Cure
|switch|p1a: Dugtrio|Dugtrio, M|76/100
|move|p2a: Zapdos|Rest|p2a: Zapdos
|-status|p2a: Zapdos|slp|[from] move: Rest
|-heal|p2a: Zapdos|100/100 slp|[silent]
|
|-weather|Sandstorm|[upkeep]
|-damage|p2a: Zapdos|94/100 slp|[from] Sandstorm
|-heal|p2a: Zapdos|100/100 slp|[from] item: Leftovers
|upkeep
|turn|54
|
|t:|1730728476
|switch|p2a: Forretress|Forretress, F|100/100 slp
|move|p1a: Dugtrio|Rock Slide|p2a: Forretress
|-damage|p2a: Forretress|84/100 slp
|
|-weather|Sandstorm|[upkeep]
|-heal|p2a: Forretress|90/100 slp|[from] item: Leftovers
|upkeep
|turn|55
|
|t:|1730728479
|switch|p1a: Salamence|Salamence, F|100/100
|-ability|p1a: Salamence|Intimidate|boost
|-unboost|p2a: Forretress|atk|1
|cant|p2a: Forretress|slp
|
|-weather|Sandstorm|[upkeep]
|-damage|p1a: Salamence|94/100|[from] Sandstorm
|-heal|p1a: Salamence|100/100|[from] item: Leftovers
|-heal|p2a: Forretress|97/100 slp|[from] item: Leftovers
|upkeep
|turn|56
|
|t:|1730728483
|switch|p2a: Zapdos|Zapdos|100/100 slp
|move|p1a: Salamence|Dragon Claw|p2a: Zapdos
|-damage|p2a: Zapdos|69/100 slp
|
|-weather|Sandstorm|[upkeep]
|-damage|p1a: Salamence|94/100|[from] Sandstorm
|-damage|p2a: Zapdos|63/100 slp|[from] Sandstorm
|-heal|p1a: Salamence|100/100|[from] item: Leftovers
|-heal|p2a: Zapdos|69/100 slp|[from] item: Leftovers
|upkeep
|turn|57
|
|t:|1730728487
|move|p1a: Salamence|Dragon Claw|p2a: Zapdos
|-damage|p2a: Zapdos|38/100 slp
|cant|p2a: Zapdos|slp
|
|-weather|Sandstorm|[upkeep]
|-damage|p1a: Salamence|94/100|[from] Sandstorm
|-damage|p2a: Zapdos|32/100 slp|[from] Sandstorm
|-heal|p1a: Salamence|100/100|[from] item: Leftovers
|-heal|p2a: Zapdos|38/100 slp|[from] item: Leftovers
|upkeep
|turn|58
|
|t:|1730728492
|move|p1a: Salamence|Dragon Claw|p2a: Zapdos
|-damage|p2a: Zapdos|6/100 slp
|cant|p2a: Zapdos|slp
|
|-weather|Sandstorm|[upkeep]
|-damage|p1a: Salamence|94/100|[from] Sandstorm
|-damage|p2a: Zapdos|0 fnt|[from] Sandstorm
|faint|p2a: Zapdos
|-heal|p1a: Salamence|100/100|[from] item: Leftovers
|upkeep
|c|☆Blaniom|gg
|c|☆triangles|gg
|-message|Blaniom forfeited.
|
|win|triangles

</script>
<script type="application/json" class="data" id="replaydata-smogtours-gen3ou-804745">
{"id":"smogtours-gen3ou-804745","format":"[Gen 3] OU","players":["triangles","Blaniom"],"uploadtime":1730728512,"views":67,"formatid":"gen3ou","rating":null,"private":0,"password":null}
</script>

<script defer src="js/replays.js?9d40a366"></script>
