<!DOCTYPE html>
<meta charset="utf-8" />
<meta name="viewport" content="width=device-width" />

<title>[Gen 3] OU: bydy2 vs. Leeto64 - Replays - Pok&eacute;mon Showdown!</title>

<meta name="description" content="Watch a replay of a Pok&eacute;mon battle between bydy2 and Leeto64! Format: [Gen 3] OU; Date: Oct 28, 2024" />
<!--

Hey, you! Looking in the source for the replay log?

You can find them in JSON format, just add `.json` at the end of a replay URL.

https://replay.pokemonshowdown.com/gen7randomdoublesbattle-865046831.json

Or, if you only need the log itself, add `.log` instead:

https://replay.pokemonshowdown.com/gen7randomdoublesbattle-865046831.log

-->

<link rel="stylesheet" href="//pokemonshowdown.com/style/global.css?0.023195364461161105" />
<link rel="stylesheet" href="//play.pokemonshowdown.com/style/font-awesome.css?0.13261647063804238" />
<link rel="stylesheet" href="//play.pokemonshowdown.com/style/battle.css?0.8753245789963631" />
<link rel="stylesheet" href="//play.pokemonshowdown.com/style/utilichart.css?0.8627959624976733" />

<!-- Global site tag (gtag.js) - Google Analytics -->
<script async src="https://www.googletagmanager.com/gtag/js?id=UA-26211653-1"></script>
<script>
  window.dataLayer = window.dataLayer || [];
  function gtag(){dataLayer.push(arguments);}
  gtag('js', new Date());

  gtag('config', 'UA-26211653-1');
</script>
<!-- End Google Analytics -->
<!-- Venatus Ad Manager - Install in <HEAD> of page -->
	<script src="https://hb.vntsm.com/v3/live/ad-manager.min.js" type="text/javascript" data-site-id="642aba63ec9a7b11c3c9c1be" data-mode="scan" async></script>
<!-- / Venatus Ad Manager -->

<style>
	@media (max-width:820px) {
		.battle {
			margin: 0 auto;
		}
		.battle-log {
			margin: 7px auto 0;
			max-width: 640px;
			height: 300px;
			position: static;
		}
	}
	.optgroup {
		display: inline-block;
		line-height: 22px;
		font-size: 10pt;
	}
	.optgroup .button {
		height: 25px;
		padding-top: 0;
		padding-bottom: 0;
	}
	.optgroup button.button {
		padding-left: 12px;
		padding-right: 12px;
	}
	.linklist {
		list-style: none;
		margin: 0.5em 0;
		padding: 0;
	}
	.linklist li {
		padding: 2px 0;
	}
	.sidebar {
		float: left;
		width: 320px;
	}
	.bar-wrapper {
		max-width: 1100px;
		margin: 0 auto;
	}
	.bar-wrapper.has-sidebar {
		max-width: 1430px;
	}
	.mainbar {
		margin: 0;
		padding-right: 1px;
	}
	.mainbar.has-sidebar {
		margin-left: 330px;
	}
	@media (min-width: 1511px) {
		.sidebar {
			width: 400px;
		}
		.bar-wrapper.has-sidebar {
			max-width: 1510px;
		}
		.mainbar.has-sidebar {
			margin-left: 410px;
		}
	}
	.section.first-section {
		margin-top: 9px;
	}
	.blocklink small {
		white-space: normal;
	}
	.button {
		vertical-align: middle;
	}
	.replay-controls {
		padding-top: 10px;
	}
	.replay-controls h1 {
		font-size: 16pt;
		font-weight: normal;
		color: #CCC;
	}
	.pagelink {
		text-align: center;
	}
	.pagelink a {
		width: 150px;
	}
	.textbox, .button {
		font-size: 11pt;
		vertical-align: middle;
	}
	@media (max-width: 450px) {
		.button {
			font-size: 9pt;
		}
	}
</style>

<div>

	<header>
		<div class="nav-wrapper"><ul class="nav">
			<li><a class="button nav-first" href="//pokemonshowdown.com/"><img src="//pokemonshowdown.com/images/pokemonshowdownbeta.png" srcset="//pokemonshowdown.com/images/pokemonshowdownbeta.png 1x, //pokemonshowdown.com/images/pokemonshowdownbeta@2x.png 2x" alt="Pok&eacute;mon Showdown" width="146" height="44" /> Home</a></li>
			<li><a class="button" href="//pokemonshowdown.com/dex/">Pok&eacute;dex</a></li>
			<li><a class="button cur" href="/">Replays</a></li>
			<li><a class="button" href="//pokemonshowdown.com/ladder/">Ladder</a></li>
			<li><a class="button nav-last" href="//pokemonshowdown.com/forums/">Forum</a></li>
			<li><a class="button greenbutton nav-first nav-last" href="//play.pokemonshowdown.com/">Play</a></li>
		</ul></div>
	</header>

	<div class="main" id="main">

		<noscript><section class="section">You need to enable JavaScript to use this page; sorry!</section></noscript>

	</div>

</div>

<script defer nomodule src="//play.pokemonshowdown.com/js/lib/ps-polyfill.js"></script>
<script defer src="//play.pokemonshowdown.com/js/lib/preact.min.js"></script>

<script defer src="//play.pokemonshowdown.com/config/config.js?2bddbc15"></script>
<script defer src="//play.pokemonshowdown.com/js/lib/jquery-1.11.0.min.js"></script>
<script defer src="//play.pokemonshowdown.com/js/lib/html-sanitizer-minified.js"></script>
<script defer src="//play.pokemonshowdown.com/js/battle-sound.js"></script>
<script defer src="//play.pokemonshowdown.com/js/battledata.js?0.7209276989879541"></script>
<script defer src="//play.pokemonshowdown.com/data/pokedex-mini.js?0.6111056340867951"></script>
<script defer src="//play.pokemonshowdown.com/data/pokedex-mini-bw.js?0.3532142036491459"></script>
<script defer src="//play.pokemonshowdown.com/data/graphics.js?0.24223875632456182"></script>
<script defer src="//play.pokemonshowdown.com/data/pokedex.js?0.38839984266356864"></script>
<script defer src="//play.pokemonshowdown.com/data/moves.js?0.21866028504024015"></script>
<script defer src="//play.pokemonshowdown.com/data/abilities.js?0.2005157953846628"></script>
<script defer src="//play.pokemonshowdown.com/data/items.js?0.9894211263848525"></script>
<script defer src="//play.pokemonshowdown.com/data/teambuilder-tables.js?0.6008791140282215"></script>
<script defer src="//play.pokemonshowdown.com/js/battle-tooltips.js?0.7580118955022959"></script>
<script defer src="//play.pokemonshowdown.com/js/battle.js?0.6057722274234274"></script>

<script defer src="js/utils.js?e31f9a17"></script>
<script defer src="js/replays-battle.js?7008c182"></script>

<!-- don't scrape this data! just add .json or .log after the URL!
Full API docs: https://github.com/smogon/pokemon-showdown-client/blob/master/WEB-API.md -->
<script type="text/plain" class="log" id="replaylog-smogtours-gen3ou-803140">
|inactive|Battle timer is ON: inactive players will automatically lose when time's up.
|t:|1730149939
|gametype|singles
|player|p1|bydy2|barry|
|player|p2|Leeto64|supernerd|
|teamsize|p1|6
|teamsize|p2|6
|gen|3
|tier|[Gen 3] OU
|rule|Sleep Clause Mod: Limit one foe put to sleep
|rule|Switch Priority Clause Mod: Faster Pokémon switch first
|rule|Species Clause: Limit one of each Pokémon
|rule|OHKO Clause: OHKO moves are banned
|rule|Evasion Items Clause: Evasion items are banned
|rule|Evasion Moves Clause: Evasion moves are banned
|rule|Endless Battle Clause: Forcing endless battles is banned
|rule|HP Percentage Mod: HP is shown in percentages
|rule|One Boost Passer Clause: Limit one Baton Passer that has a way to boost its stats
|rule|Freeze Clause Mod: Limit one foe frozen
|
|t:|1730149939
|start
|switch|p1a: Zapdos|Zapdos|100/100
|switch|p2a: Boris|Dodrio, M|100/100
|turn|1
|c|☆Leeto64|glhf
|c|☆bydy2|u2
|
|t:|1730149952
|switch|p2a: Celebi|Celebi|100/100
|move|p1a: Zapdos|Thunderbolt|p2a: Celebi
|-resisted|p2a: Celebi
|-damage|p2a: Celebi|84/100
|
|-heal|p2a: Celebi|91/100|[from] item: Leftovers
|upkeep
|turn|2
|
|t:|1730149964
|switch|p1a: Celebi|Celebi|100/100
|move|p2a: Celebi|Leech Seed|p1a: Celebi
|-immune|p1a: Celebi
|
|-heal|p2a: Celebi|97/100|[from] item: Leftovers
|upkeep
|turn|3
|
|t:|1730149968
|move|p1a: Celebi|Calm Mind|p1a: Celebi
|-boost|p1a: Celebi|spa|1
|-boost|p1a: Celebi|spd|1
|move|p2a: Celebi|Baton Pass|p2a: Celebi
|
|t:|1730149971
|switch|p2a: Boris|Dodrio, M|100/100|[from] Baton Pass
|
|upkeep
|turn|4
|
|t:|1730149978
|switch|p1a: Jirachi|Jirachi|100/100
|move|p2a: Boris|Drill Peck|p1a: Jirachi
|-resisted|p1a: Jirachi
|-damage|p1a: Jirachi|75/100
|
|-heal|p1a: Jirachi|81/100|[from] item: Leftovers
|upkeep
|turn|5
|inactive|bydy2 has 270 seconds left.
|
|t:|1730150013
|switch|p2a: Magneton|Magneton|100/100
|move|p1a: Jirachi|Substitute|p1a: Jirachi
|-start|p1a: Jirachi|Substitute
|-damage|p1a: Jirachi|56/100
|
|-heal|p1a: Jirachi|62/100|[from] item: Leftovers
|upkeep
|turn|6
|
|t:|1730150017
|move|p1a: Jirachi|Fire Punch|p2a: Magneton
|-supereffective|p2a: Magneton
|-damage|p2a: Magneton|17/100
|-status|p2a: Magneton|brn
|move|p2a: Magneton|Hidden Power|p1a: Jirachi
|-supereffective|p1a: Jirachi
|-end|p1a: Jirachi|Substitute
|
|-heal|p1a: Jirachi|68/100|[from] item: Leftovers
|-damage|p2a: Magneton|5/100 brn|[from] brn
|upkeep
|turn|7
|
|t:|1730150026
|move|p1a: Jirachi|Psychic|p2a: Magneton
|-resisted|p2a: Magneton
|-damage|p2a: Magneton|0 fnt
|faint|p2a: Magneton
|
|t:|1730150039
|switch|p2a: Aerodactyl|Aerodactyl, M, shiny|100/100
|
|-heal|p1a: Jirachi|74/100|[from] item: Leftovers
|upkeep
|turn|8
|
|t:|1730150045
|switch|p2a: Celebi|Celebi|97/100
|switch|p1a: Celebi|Celebi|100/100
|
|-heal|p2a: Celebi|100/100|[from] item: Leftovers
|upkeep
|turn|9
|
|t:|1730150049
|move|p1a: Celebi|Baton Pass|p1a: Celebi
|
|t:|1730150055
|switch|p1a: Suicune|Suicune, shiny|100/100|[from] Baton Pass
|move|p2a: Celebi|Swords Dance|p2a: Celebi
|-boost|p2a: Celebi|atk|2
|
|upkeep
|turn|10
|
|t:|1730150067
|move|p2a: Celebi|Leech Seed|p1a: Suicune
|-start|p1a: Suicune|move: Leech Seed
|move|p1a: Suicune|Hydro Pump|p2a: Celebi
|-resisted|p2a: Celebi
|-damage|p2a: Celebi|82/100
|
|-heal|p2a: Celebi|88/100|[from] item: Leftovers
|-damage|p1a: Suicune|88/100|[from] Leech Seed|[of] p2a: Celebi
|-heal|p2a: Celebi|99/100|[silent]
|upkeep
|turn|11
|
|t:|1730150076
|move|p2a: Celebi|Baton Pass|p2a: Celebi
|
|t:|1730150081
|switch|p2a: Boris|Dodrio, M|100/100|[from] Baton Pass
|move|p1a: Suicune|Hydro Pump|p2a: Boris
|-damage|p2a: Boris|5/100
|
|-heal|p1a: Suicune|94/100|[from] item: Leftovers
|-damage|p1a: Suicune|82/100|[from] Leech Seed|[of] p2a: Boris
|-heal|p2a: Boris|22/100|[silent]
|upkeep
|turn|12
|
|t:|1730150090
|switch|p1a: Jirachi|Jirachi|74/100
|move|p2a: Boris|Return|p1a: Jirachi
|-resisted|p1a: Jirachi
|-damage|p1a: Jirachi|11/100
|
|-heal|p1a: Jirachi|17/100|[from] item: Leftovers
|upkeep
|turn|13
|
|t:|1730150096
|move|p2a: Boris|Return|p1a: Jirachi
|-resisted|p1a: Jirachi
|-damage|p1a: Jirachi|0 fnt
|faint|p1a: Jirachi
|
|t:|1730150101
|switch|p1a: Raikou|Raikou, shiny|100/100
|
|upkeep
|turn|14
|
|t:|1730150112
|switch|p2a: Ms. Margaret|Metagross|100/100
|move|p1a: Raikou|Thunderbolt|p2a: Ms. Margaret
|-damage|p2a: Ms. Margaret|52/100
|
|-heal|p2a: Ms. Margaret|58/100|[from] item: Leftovers
|upkeep
|turn|15
|
|t:|1730150119
|switch|p1a: Suicune|Suicune, shiny|82/100
|move|p2a: Ms. Margaret|Earthquake|p1a: Suicune
|-damage|p1a: Suicune|47/100
|
|-heal|p1a: Suicune|53/100|[from] item: Leftovers
|-heal|p2a: Ms. Margaret|64/100|[from] item: Leftovers
|upkeep
|turn|16
|
|t:|1730150131
|switch|p2a: Picasso|Milotic, M, shiny|100/100
|move|p1a: Suicune|Hydro Pump|p2a: Picasso
|-resisted|p2a: Picasso
|-crit|p2a: Picasso
|-damage|p2a: Picasso|64/100
|
|-heal|p1a: Suicune|59/100|[from] item: Leftovers
|-heal|p2a: Picasso|70/100|[from] item: Leftovers
|upkeep
|turn|17
|
|t:|1730150139
|switch|p1a: Celebi|Celebi|100/100
|move|p2a: Picasso|Toxic|p1a: Celebi
|-status|p1a: Celebi|tox
|
|-damage|p1a: Celebi|94/100 tox|[from] psn
|-heal|p2a: Picasso|76/100|[from] item: Leftovers
|upkeep
|turn|18
|
|t:|1730150153
|switch|p2a: Ms. Margaret|Metagross|64/100
|move|p1a: Celebi|Giga Drain|p2a: Ms. Margaret
|-resisted|p2a: Ms. Margaret
|-damage|p2a: Ms. Margaret|52/100
|-heal|p1a: Celebi|99/100 tox|[from] drain|[of] p2a: Ms. Margaret
|
|-heal|p1a: Celebi|100/100 tox|[from] item: Leftovers
|-damage|p1a: Celebi|88/100 tox|[from] psn
|-heal|p2a: Ms. Margaret|58/100|[from] item: Leftovers
|upkeep
|turn|19
|
|t:|1730150166
|move|p1a: Celebi|Hidden Power|p2a: Ms. Margaret
|-supereffective|p2a: Ms. Margaret
|-damage|p2a: Ms. Margaret|24/100
|move|p2a: Ms. Margaret|Meteor Mash|p1a: Celebi
|-damage|p1a: Celebi|44/100 tox
|-boost|p2a: Ms. Margaret|atk|1
|
|-heal|p1a: Celebi|50/100 tox|[from] item: Leftovers
|-damage|p1a: Celebi|32/100 tox|[from] psn
|-heal|p2a: Ms. Margaret|30/100|[from] item: Leftovers
|upkeep
|turn|20
|
|t:|1730150172
|move|p2a: Ms. Margaret|Protect|p2a: Ms. Margaret
|-singleturn|p2a: Ms. Margaret|Protect
|move|p1a: Celebi|Hidden Power|p2a: Ms. Margaret
|-activate|p2a: Ms. Margaret|Protect
|
|-heal|p1a: Celebi|38/100 tox|[from] item: Leftovers
|-damage|p1a: Celebi|13/100 tox|[from] psn
|-heal|p2a: Ms. Margaret|36/100|[from] item: Leftovers
|upkeep
|turn|21
|
|t:|1730150182
|switch|p2a: Celebi|Celebi|99/100
|move|p1a: Celebi|Hidden Power|p2a: Celebi
|-supereffective|p2a: Celebi
|-damage|p2a: Celebi|75/100
|
|-heal|p1a: Celebi|19/100 tox|[from] item: Leftovers
|-damage|p1a: Celebi|0 fnt|[from] psn
|faint|p1a: Celebi
|-heal|p2a: Celebi|81/100|[from] item: Leftovers
|upkeep
|
|t:|1730150186
|switch|p1a: Dugtrio|Dugtrio, F, shiny|100/100
|turn|22
|
|t:|1730150189
|move|p1a: Dugtrio|Hidden Power|p2a: Celebi
|-supereffective|p2a: Celebi
|-damage|p2a: Celebi|0 fnt
|faint|p2a: Celebi
|
|t:|1730150193
|switch|p2a: Boris|Dodrio, M|22/100
|
|upkeep
|turn|23
|
|t:|1730150198
|move|p1a: Dugtrio|Hidden Power|p2a: Boris
|-resisted|p2a: Boris
|-damage|p2a: Boris|0 fnt
|faint|p2a: Boris
|
|t:|1730150201
|switch|p2a: Aerodactyl|Aerodactyl, M, shiny|100/100
|
|upkeep
|turn|24
|
|t:|1730150208
|move|p2a: Aerodactyl|Substitute|p2a: Aerodactyl
|-start|p2a: Aerodactyl|Substitute
|-damage|p2a: Aerodactyl|75/100
|move|p1a: Dugtrio|Hidden Power|p2a: Aerodactyl
|-resisted|p2a: Aerodactyl
|-activate|p2a: Aerodactyl|Substitute|[damage]
|
|upkeep
|turn|25
|
|t:|1730150214
|move|p2a: Aerodactyl|Double-Edge|p1a: Dugtrio
|-damage|p1a: Dugtrio|1/100
|move|p1a: Dugtrio|Hidden Power|p2a: Aerodactyl
|-resisted|p2a: Aerodactyl
|-end|p2a: Aerodactyl|Substitute
|
|upkeep
|turn|26
|
|t:|1730150225
|switch|p1a: Suicune|Suicune, shiny|59/100
|move|p2a: Aerodactyl|Substitute|p2a: Aerodactyl
|-start|p2a: Aerodactyl|Substitute
|-damage|p2a: Aerodactyl|50/100
|
|-heal|p1a: Suicune|65/100|[from] item: Leftovers
|upkeep
|turn|27
|
|t:|1730150227
|move|p2a: Aerodactyl|Rock Slide|p1a: Suicune
|-damage|p1a: Suicune|37/100
|move|p1a: Suicune|Ice Beam|p2a: Aerodactyl
|-supereffective|p2a: Aerodactyl
|-end|p2a: Aerodactyl|Substitute
|
|-heal|p1a: Suicune|43/100|[from] item: Leftovers
|upkeep
|turn|28
|
|t:|1730150235
|switch|p2a: Picasso|Milotic, M, shiny|76/100
|move|p1a: Suicune|Ice Beam|p2a: Picasso
|-resisted|p2a: Picasso
|-damage|p2a: Picasso|66/100
|
|-heal|p1a: Suicune|49/100|[from] item: Leftovers
|-heal|p2a: Picasso|72/100|[from] item: Leftovers
|upkeep
|turn|29
|
|t:|1730150248
|switch|p1a: Dugtrio|Dugtrio, F, shiny|1/100
|move|p2a: Picasso|Toxic|p1a: Dugtrio
|-status|p1a: Dugtrio|tox
|
|-damage|p1a: Dugtrio|0 fnt|[from] psn
|faint|p1a: Dugtrio
|-heal|p2a: Picasso|78/100|[from] item: Leftovers
|upkeep
|
|t:|1730150253
|switch|p1a: Zapdos|Zapdos|100/100
|turn|30
|
|t:|1730150261
|move|p1a: Zapdos|Substitute|p1a: Zapdos
|-start|p1a: Zapdos|Substitute
|-damage|p1a: Zapdos|76/100
|move|p2a: Picasso|Recover|p2a: Picasso
|-heal|p2a: Picasso|100/100
|
|-heal|p1a: Zapdos|82/100|[from] item: Leftovers
|upkeep
|turn|31
|
|t:|1730150265
|move|p1a: Zapdos|Thunderbolt|p2a: Picasso
|-supereffective|p2a: Picasso
|-damage|p2a: Picasso|26/100
|-status|p2a: Picasso|par
|move|p2a: Picasso|Surf|p1a: Zapdos
|-end|p1a: Zapdos|Substitute
|
|-heal|p1a: Zapdos|88/100|[from] item: Leftovers
|-heal|p2a: Picasso|32/100 par|[from] item: Leftovers
|upkeep
|turn|32
|
|t:|1730150270
|move|p1a: Zapdos|Substitute|p1a: Zapdos
|-start|p1a: Zapdos|Substitute
|-damage|p1a: Zapdos|63/100
|move|p2a: Picasso|Recover|p2a: Picasso
|-heal|p2a: Picasso|82/100 par
|
|-heal|p1a: Zapdos|69/100|[from] item: Leftovers
|-heal|p2a: Picasso|88/100 par|[from] item: Leftovers
|upkeep
|turn|33
|
|t:|1730150273
|move|p1a: Zapdos|Thunderbolt|p2a: Picasso
|-supereffective|p2a: Picasso
|-crit|p2a: Picasso
|-damage|p2a: Picasso|0 fnt
|faint|p2a: Picasso
|
|t:|1730150277
|switch|p2a: Ms. Margaret|Metagross|36/100
|
|-heal|p1a: Zapdos|76/100|[from] item: Leftovers
|-heal|p2a: Ms. Margaret|42/100|[from] item: Leftovers
|upkeep
|turn|34
|
|t:|1730150279
|move|p1a: Zapdos|Thunderbolt|p2a: Ms. Margaret
|-damage|p2a: Ms. Margaret|0 fnt
|faint|p2a: Ms. Margaret
|
|t:|1730150281
|switch|p2a: Aerodactyl|Aerodactyl, M, shiny|50/100
|
|-heal|p1a: Zapdos|82/100|[from] item: Leftovers
|upkeep
|turn|35
|
|t:|1730150285
|move|p2a: Aerodactyl|Rock Slide|p1a: Zapdos
|-supereffective|p1a: Zapdos
|-crit|p1a: Zapdos
|-end|p1a: Zapdos|Substitute
|move|p1a: Zapdos|Thunderbolt|p2a: Aerodactyl
|-supereffective|p2a: Aerodactyl
|-damage|p2a: Aerodactyl|0 fnt
|faint|p2a: Aerodactyl
|
|win|bydy2
|c|☆bydy2|gg
|c|☆Leeto64|gg wp

</script>
<script type="application/json" class="data" id="replaydata-smogtours-gen3ou-803140">
{"id":"smogtours-gen3ou-803140","format":"[Gen 3] OU","players":["bydy2","Leeto64"],"uploadtime":1730150285,"views":54,"formatid":"gen3ou","rating":null,"private":0,"password":null}
</script>

<script defer src="js/replays.js?9d40a366"></script>
