<!DOCTYPE html>
<meta charset="utf-8" />
<meta name="viewport" content="width=device-width" />

<title>[Gen 3] OU: Schmohg vs. VyoletRayn - Replays - Pok&eacute;mon Showdown!</title>

<meta name="description" content="Watch a replay of a Pok&eacute;mon battle between Schmohg and VyoletRayn! Format: [Gen 3] OU; Date: Oct 13, 2024" />
<!--

Hey, you! Looking in the source for the replay log?

You can find them in JSON format, just add `.json` at the end of a replay URL.

https://replay.pokemonshowdown.com/gen7randomdoublesbattle-865046831.json

Or, if you only need the log itself, add `.log` instead:

https://replay.pokemonshowdown.com/gen7randomdoublesbattle-865046831.log

-->

<link rel="stylesheet" href="//pokemonshowdown.com/style/global.css?0.767286132409787" />
<link rel="stylesheet" href="//play.pokemonshowdown.com/style/font-awesome.css?0.9266228007934947" />
<link rel="stylesheet" href="//play.pokemonshowdown.com/style/battle.css?0.7924700842790926" />
<link rel="stylesheet" href="//play.pokemonshowdown.com/style/utilichart.css?0.8777417872839479" />

<!-- Global site tag (gtag.js) - Google Analytics -->
<script async src="https://www.googletagmanager.com/gtag/js?id=UA-26211653-1"></script>
<script>
  window.dataLayer = window.dataLayer || [];
  function gtag(){dataLayer.push(arguments);}
  gtag('js', new Date());

  gtag('config', 'UA-26211653-1');
</script>
<!-- End Google Analytics -->
<!-- Venatus Ad Manager - Install in <HEAD> of page -->
	<script src="https://hb.vntsm.com/v3/live/ad-manager.min.js" type="text/javascript" data-site-id="642aba63ec9a7b11c3c9c1be" data-mode="scan" async></script>
<!-- / Venatus Ad Manager -->

<style>
	@media (max-width:820px) {
		.battle {
			margin: 0 auto;
		}
		.battle-log {
			margin: 7px auto 0;
			max-width: 640px;
			height: 300px;
			position: static;
		}
	}
	.optgroup {
		display: inline-block;
		line-height: 22px;
		font-size: 10pt;
	}
	.optgroup .button {
		height: 25px;
		padding-top: 0;
		padding-bottom: 0;
	}
	.optgroup button.button {
		padding-left: 12px;
		padding-right: 12px;
	}
	.linklist {
		list-style: none;
		margin: 0.5em 0;
		padding: 0;
	}
	.linklist li {
		padding: 2px 0;
	}
	.sidebar {
		float: left;
		width: 320px;
	}
	.bar-wrapper {
		max-width: 1100px;
		margin: 0 auto;
	}
	.bar-wrapper.has-sidebar {
		max-width: 1430px;
	}
	.mainbar {
		margin: 0;
		padding-right: 1px;
	}
	.mainbar.has-sidebar {
		margin-left: 330px;
	}
	@media (min-width: 1511px) {
		.sidebar {
			width: 400px;
		}
		.bar-wrapper.has-sidebar {
			max-width: 1510px;
		}
		.mainbar.has-sidebar {
			margin-left: 410px;
		}
	}
	.section.first-section {
		margin-top: 9px;
	}
	.blocklink small {
		white-space: normal;
	}
	.button {
		vertical-align: middle;
	}
	.replay-controls {
		padding-top: 10px;
	}
	.replay-controls h1 {
		font-size: 16pt;
		font-weight: normal;
		color: #CCC;
	}
	.pagelink {
		text-align: center;
	}
	.pagelink a {
		width: 150px;
	}
	.textbox, .button {
		font-size: 11pt;
		vertical-align: middle;
	}
	@media (max-width: 450px) {
		.button {
			font-size: 9pt;
		}
	}
</style>

<div>

	<header>
		<div class="nav-wrapper"><ul class="nav">
			<li><a class="button nav-first" href="//pokemonshowdown.com/"><img src="//pokemonshowdown.com/images/pokemonshowdownbeta.png" srcset="//pokemonshowdown.com/images/pokemonshowdownbeta.png 1x, //pokemonshowdown.com/images/pokemonshowdownbeta@2x.png 2x" alt="Pok&eacute;mon Showdown" width="146" height="44" /> Home</a></li>
			<li><a class="button" href="//pokemonshowdown.com/dex/">Pok&eacute;dex</a></li>
			<li><a class="button cur" href="/">Replays</a></li>
			<li><a class="button" href="//pokemonshowdown.com/ladder/">Ladder</a></li>
			<li><a class="button nav-last" href="//pokemonshowdown.com/forums/">Forum</a></li>
			<li><a class="button greenbutton nav-first nav-last" href="//play.pokemonshowdown.com/">Play</a></li>
		</ul></div>
	</header>

	<div class="main" id="main">

		<noscript><section class="section">You need to enable JavaScript to use this page; sorry!</section></noscript>

	</div>

</div>

<script defer nomodule src="//play.pokemonshowdown.com/js/lib/ps-polyfill.js"></script>
<script defer src="//play.pokemonshowdown.com/js/lib/preact.min.js"></script>

<script defer src="//play.pokemonshowdown.com/config/config.js?6dec07f6"></script>
<script defer src="//play.pokemonshowdown.com/js/lib/jquery-1.11.0.min.js"></script>
<script defer src="//play.pokemonshowdown.com/js/lib/html-sanitizer-minified.js"></script>
<script defer src="//play.pokemonshowdown.com/js/battle-sound.js"></script>
<script defer src="//play.pokemonshowdown.com/js/battledata.js?0.6315294753075389"></script>
<script defer src="//play.pokemonshowdown.com/data/pokedex-mini.js?0.7603743185311358"></script>
<script defer src="//play.pokemonshowdown.com/data/pokedex-mini-bw.js?0.030888842834281283"></script>
<script defer src="//play.pokemonshowdown.com/data/graphics.js?0.05593094747507488"></script>
<script defer src="//play.pokemonshowdown.com/data/pokedex.js?0.47064822249611904"></script>
<script defer src="//play.pokemonshowdown.com/data/moves.js?0.8583693120512459"></script>
<script defer src="//play.pokemonshowdown.com/data/abilities.js?0.16017181182386842"></script>
<script defer src="//play.pokemonshowdown.com/data/items.js?0.4163379185673943"></script>
<script defer src="//play.pokemonshowdown.com/data/teambuilder-tables.js?0.31075597372830477"></script>
<script defer src="//play.pokemonshowdown.com/js/battle-tooltips.js?0.6536193500708172"></script>
<script defer src="//play.pokemonshowdown.com/js/battle.js?0.1916591943277901"></script>

<script defer src="js/utils.js?e31f9a17"></script>
<script defer src="js/replays-battle.js?7008c182"></script>

<!-- don't scrape this data! just add .json or .log after the URL!
Full API docs: https://github.com/smogon/pokemon-showdown-client/blob/master/WEB-API.md -->
<script type="text/plain" class="log" id="replaylog-smogtours-gen3ou-798175">
|inactive|Battle timer is ON: inactive players will automatically lose when time's up.
|t:|1728839511
|gametype|singles
|player|p1|Schmohg|musician|
|player|p2|VyoletRayn|wicke|
|teamsize|p1|6
|teamsize|p2|6
|gen|3
|tier|[Gen 3] OU
|rule|Sleep Clause Mod: Limit one foe put to sleep
|rule|Switch Priority Clause Mod: Faster Pokémon switch first
|rule|Species Clause: Limit one of each Pokémon
|rule|OHKO Clause: OHKO moves are banned
|rule|Evasion Items Clause: Evasion items are banned
|rule|Evasion Moves Clause: Evasion moves are banned
|rule|Endless Battle Clause: Forcing endless battles is banned
|rule|HP Percentage Mod: HP is shown in percentages
|rule|One Boost Passer Clause: Limit one Baton Passer that has a way to boost its stats
|rule|Freeze Clause Mod: Limit one foe frozen
|
|t:|1728839511
|start
|switch|p1a: Suicune|Suicune, shiny|100/100
|switch|p2a: Dissolution|Milotic, F|100/100
|turn|1
|c|☆VyoletRayn|hf
|
|t:|1728839532
|switch|p1a: Snorlax|Snorlax, F, shiny|100/100
|move|p2a: Dissolution|Hypnosis|p1a: Snorlax
|-status|p1a: Snorlax|slp|[from] move: Hypnosis
|
|upkeep
|turn|2
|
|t:|1728839547
|switch|p2a: Punition|Tyranitar, F|100/100
|-weather|Sandstorm|[from] ability: Sand Stream|[of] p2a: Punition
|cant|p1a: Snorlax|slp
|
|-weather|Sandstorm|[upkeep]
|-damage|p1a: Snorlax|94/100 slp|[from] Sandstorm
|-heal|p1a: Snorlax|100/100 slp|[from] item: Leftovers
|upkeep
|turn|3
|
|t:|1728839560
|switch|p1a: Suicune|Suicune, shiny|100/100
|move|p2a: Punition|Dragon Dance|p2a: Punition
|-boost|p2a: Punition|atk|1
|-boost|p2a: Punition|spe|1
|
|-weather|Sandstorm|[upkeep]
|-damage|p1a: Suicune|94/100|[from] Sandstorm
|-heal|p1a: Suicune|100/100|[from] item: Leftovers
|upkeep
|turn|4
|
|t:|1728839564
|move|p2a: Punition|Rock Slide|p1a: Suicune|[miss]
|-miss|p2a: Punition|p1a: Suicune
|move|p1a: Suicune|Hydro Pump|p2a: Punition
|-supereffective|p2a: Punition
|-damage|p2a: Punition|11/100
|
|-weather|Sandstorm|[upkeep]
|-damage|p1a: Suicune|94/100|[from] Sandstorm
|-heal|p1a: Suicune|100/100|[from] item: Leftovers
|upkeep
|turn|5
|
|t:|1728839568
|switch|p2a: Dissolution|Milotic, F|100/100
|move|p1a: Suicune|Ice Beam|p2a: Dissolution
|-resisted|p2a: Dissolution
|-damage|p2a: Dissolution|91/100
|
|-weather|Sandstorm|[upkeep]
|-damage|p1a: Suicune|94/100|[from] Sandstorm
|-damage|p2a: Dissolution|85/100|[from] Sandstorm
|-heal|p1a: Suicune|100/100|[from] item: Leftovers
|-heal|p2a: Dissolution|91/100|[from] item: Leftovers
|upkeep
|turn|6
|
|t:|1728839586
|move|p2a: Dissolution|Surf|p1a: Suicune
|-resisted|p1a: Suicune
|-damage|p1a: Suicune|87/100
|move|p1a: Suicune|Roar|p2a: Dissolution
|drag|p2a: Furie|Metagross|100/100
|
|-weather|Sandstorm|[upkeep]
|-damage|p1a: Suicune|81/100|[from] Sandstorm
|-heal|p1a: Suicune|87/100|[from] item: Leftovers
|upkeep
|turn|7
|inactive|Schmohg has 270 seconds left.
|
|t:|1728839622
|move|p1a: Suicune|Hydro Pump|p2a: Furie
|-damage|p2a: Furie|43/100
|move|p2a: Furie|Earthquake|p1a: Suicune
|-damage|p1a: Suicune|58/100
|
|-weather|Sandstorm|[upkeep]
|-damage|p1a: Suicune|52/100|[from] Sandstorm
|-heal|p1a: Suicune|58/100|[from] item: Leftovers
|-heal|p2a: Furie|49/100|[from] item: Leftovers
|upkeep
|turn|8
|
|t:|1728839642
|switch|p1a: Magneton|Magneton|100/100
|switch|p2a: Dissolution|Milotic, F|91/100
|
|-weather|Sandstorm|[upkeep]
|-damage|p2a: Dissolution|85/100|[from] Sandstorm
|-heal|p2a: Dissolution|91/100|[from] item: Leftovers
|upkeep
|turn|9
|
|t:|1728839652
|move|p1a: Magneton|Thunderbolt|p2a: Dissolution
|-supereffective|p2a: Dissolution
|-damage|p2a: Dissolution|20/100
|-status|p2a: Dissolution|par
|move|p2a: Dissolution|Surf|p1a: Magneton
|-damage|p1a: Magneton|39/100
|
|-weather|Sandstorm|[upkeep]
|-damage|p2a: Dissolution|14/100 par|[from] Sandstorm
|-heal|p2a: Dissolution|20/100 par|[from] item: Leftovers
|upkeep
|turn|10
|inactive|Schmohg has 270 seconds left.
|
|t:|1728839666
|switch|p2a: Punition|Tyranitar, F|11/100
|move|p1a: Magneton|Thunderbolt|p2a: Punition
|-damage|p2a: Punition|0 fnt
|faint|p2a: Punition
|
|t:|1728839686
|switch|p2a: Ravage|Magneton|100/100
|
|-weather|Sandstorm|[upkeep]
|upkeep
|turn|11
|inactive|Schmohg has 270 seconds left.
|
|t:|1728839705
|move|p1a: Magneton|Rain Dance|p1a: Magneton
|-weather|RainDance
|move|p2a: Ravage|Hidden Power|p1a: Magneton
|-supereffective|p1a: Magneton
|-damage|p1a: Magneton|0 fnt
|faint|p1a: Magneton
|inactive|Schmohg has 270 seconds left.
|
|t:|1728839722
|switch|p1a: Snorlax|Snorlax, F, shiny|100/100 slp
|
|-weather|RainDance|[upkeep]
|upkeep
|turn|12
|
|t:|1728839733
|switch|p2a: Furie|Metagross|49/100
|cant|p1a: Snorlax|slp
|
|-weather|RainDance|[upkeep]
|-heal|p2a: Furie|55/100|[from] item: Leftovers
|upkeep
|turn|13
|
|t:|1728839742
|move|p2a: Furie|Earthquake|p1a: Snorlax
|-damage|p1a: Snorlax|66/100 slp
|cant|p1a: Snorlax|slp
|
|-weather|RainDance|[upkeep]
|-heal|p2a: Furie|61/100|[from] item: Leftovers
|-heal|p1a: Snorlax|72/100 slp|[from] item: Leftovers
|upkeep
|turn|14
|inactive|Schmohg has 270 seconds left.
|
|t:|1728839757
|switch|p1a: Suicune|Suicune, shiny|58/100
|move|p2a: Furie|Meteor Mash|p1a: Suicune
|-resisted|p1a: Suicune
|-damage|p1a: Suicune|34/100
|-boost|p2a: Furie|atk|1
|
|-weather|RainDance|[upkeep]
|-heal|p1a: Suicune|40/100|[from] item: Leftovers
|-heal|p2a: Furie|67/100|[from] item: Leftovers
|upkeep
|turn|15
|
|t:|1728839766
|move|p1a: Suicune|Hydro Pump|p2a: Furie
|-damage|p2a: Furie|0 fnt
|faint|p2a: Furie
|
|t:|1728839769
|switch|p2a: Assaut|Celebi|100/100
|
|-weather|none
|-heal|p1a: Suicune|46/100|[from] item: Leftovers
|upkeep
|turn|16
|inactive|Schmohg has 270 seconds left.
|
|t:|1728839791
|move|p2a: Assaut|Swords Dance|p2a: Assaut
|-boost|p2a: Assaut|atk|2
|move|p1a: Suicune|Ice Beam|p2a: Assaut
|-supereffective|p2a: Assaut
|-crit|p2a: Assaut
|-damage|p2a: Assaut|8/100
|
|-heal|p2a: Assaut|14/100|[from] item: Leftovers
|-heal|p1a: Suicune|52/100|[from] item: Leftovers
|upkeep
|turn|17
|
|t:|1728839795
|move|p2a: Assaut|Baton Pass|p2a: Assaut
|
|t:|1728839796
|switch|p2a: Ravage|Magneton|100/100|[from] Baton Pass
|move|p1a: Suicune|Roar|p2a: Ravage
|drag|p2a: Dissolution|Milotic, F|20/100 par
|
|-heal|p1a: Suicune|58/100|[from] item: Leftovers
|-heal|p2a: Dissolution|26/100 par|[from] item: Leftovers
|upkeep
|turn|18
|
|t:|1728839819
|switch|p1a: Snorlax|Snorlax, F, shiny|72/100 slp
|move|p2a: Dissolution|Recover|p2a: Dissolution
|-heal|p2a: Dissolution|76/100 par
|
|-heal|p1a: Snorlax|79/100 slp|[from] item: Leftovers
|-heal|p2a: Dissolution|82/100 par|[from] item: Leftovers
|upkeep
|turn|19
|
|t:|1728839829
|switch|p2a: Ravage|Magneton|100/100
|-curestatus|p1a: Snorlax|slp|[msg]
|move|p1a: Snorlax|Body Slam|p2a: Ravage
|-resisted|p2a: Ravage
|-damage|p2a: Ravage|70/100
|-status|p2a: Ravage|par
|
|-heal|p1a: Snorlax|85/100|[from] item: Leftovers
|upkeep
|turn|20
|
|t:|1728839832
|move|p1a: Snorlax|Earthquake|p2a: Ravage
|-supereffective|p2a: Ravage
|-damage|p2a: Ravage|0 fnt
|faint|p2a: Ravage
|
|t:|1728839835
|switch|p2a: Penitence|Aerodactyl, F|100/100
|
|-heal|p1a: Snorlax|91/100|[from] item: Leftovers
|upkeep
|turn|21
|
|t:|1728839851
|switch|p1a: Suicune|Suicune, shiny|58/100
|move|p2a: Penitence|Substitute|p2a: Penitence
|-start|p2a: Penitence|Substitute
|-damage|p2a: Penitence|75/100
|
|-heal|p1a: Suicune|64/100|[from] item: Leftovers
|upkeep
|turn|22
|
|t:|1728839857
|move|p2a: Penitence|Rock Slide|p1a: Suicune
|-damage|p1a: Suicune|34/100
|cant|p1a: Suicune|flinch
|
|-heal|p1a: Suicune|40/100|[from] item: Leftovers
|upkeep
|turn|23
|
|t:|1728839861
|move|p2a: Penitence|Rock Slide|p1a: Suicune
|-damage|p1a: Suicune|14/100
|move|p1a: Suicune|Ice Beam|p2a: Penitence
|-supereffective|p2a: Penitence
|-crit|p2a: Penitence
|-end|p2a: Penitence|Substitute
|
|-heal|p1a: Suicune|20/100|[from] item: Leftovers
|upkeep
|turn|24
|
|t:|1728839873
|move|p2a: Penitence|Hidden Power|p1a: Suicune
|-damage|p1a: Suicune|0 fnt
|faint|p1a: Suicune
|
|t:|1728839881
|switch|p1a: Metagross|Metagross|100/100
|
|upkeep
|turn|25
|
|t:|1728839884
|move|p2a: Penitence|Substitute|p2a: Penitence
|-start|p2a: Penitence|Substitute
|-damage|p2a: Penitence|50/100
|move|p1a: Metagross|Meteor Mash|p2a: Penitence
|-supereffective|p2a: Penitence
|-end|p2a: Penitence|Substitute
|
|upkeep
|turn|26
|
|t:|1728839887
|switch|p2a: Dissolution|Milotic, F|82/100 par
|move|p1a: Metagross|Meteor Mash|p2a: Dissolution
|-resisted|p2a: Dissolution
|-damage|p2a: Dissolution|60/100 par
|-boost|p1a: Metagross|atk|1
|
|-heal|p2a: Dissolution|66/100 par|[from] item: Leftovers
|upkeep
|turn|27
|
|t:|1728839897
|switch|p1a: Snorlax|Snorlax, F, shiny|91/100
|move|p2a: Dissolution|Hypnosis|p1a: Snorlax
|-status|p1a: Snorlax|slp|[from] move: Hypnosis
|
|-heal|p1a: Snorlax|97/100 slp|[from] item: Leftovers
|-heal|p2a: Dissolution|72/100 par|[from] item: Leftovers
|upkeep
|turn|28
|
|t:|1728839927
|switch|p2a: Assaut|Celebi|14/100
|cant|p1a: Snorlax|slp
|
|-heal|p2a: Assaut|20/100|[from] item: Leftovers
|-heal|p1a: Snorlax|100/100 slp|[from] item: Leftovers
|upkeep
|turn|29
|
|t:|1728839934
|switch|p1a: Heracross|Heracross, M|100/100
|move|p2a: Assaut|Recover|p2a: Assaut
|-heal|p2a: Assaut|70/100
|
|-heal|p2a: Assaut|76/100|[from] item: Leftovers
|upkeep
|turn|30
|
|t:|1728839940
|move|p2a: Assaut|Psychic|p1a: Heracross
|-supereffective|p1a: Heracross
|-damage|p1a: Heracross|26/100
|move|p1a: Heracross|Substitute|p1a: Heracross
|-start|p1a: Heracross|Substitute
|-damage|p1a: Heracross|1/100
|
|-heal|p2a: Assaut|83/100|[from] item: Leftovers
|-enditem|p1a: Heracross|Salac Berry|[eat]
|-boost|p1a: Heracross|spe|1|[from] item: Salac Berry
|upkeep
|turn|31
|
|t:|1728839950
|move|p1a: Heracross|Megahorn|p2a: Assaut
|-supereffective|p2a: Assaut
|-damage|p2a: Assaut|0 fnt
|faint|p2a: Assaut
|
|t:|1728839952
|switch|p2a: Dissolution|Milotic, F|72/100 par
|
|-heal|p2a: Dissolution|78/100 par|[from] item: Leftovers
|upkeep
|turn|32
|inactive|Schmohg has 270 seconds left.
|
|t:|1728839982
|move|p1a: Heracross|Megahorn|p2a: Dissolution
|-damage|p2a: Dissolution|32/100 par
|move|p2a: Dissolution|Surf|p1a: Heracross
|-end|p1a: Heracross|Substitute
|
|-heal|p2a: Dissolution|38/100 par|[from] item: Leftovers
|upkeep
|turn|33
|
|t:|1728839987
|move|p1a: Heracross|Megahorn|p2a: Dissolution
|-damage|p2a: Dissolution|0 fnt
|faint|p2a: Dissolution
|
|t:|1728839989
|switch|p2a: Penitence|Aerodactyl, F|50/100
|
|upkeep
|turn|34
|
|t:|1728839991
|move|p1a: Heracross|Rock Slide|p2a: Penitence
|-supereffective|p2a: Penitence
|-damage|p2a: Penitence|0 fnt
|faint|p2a: Penitence
|
|win|Schmohg
|player|p2|

</script>
<script type="application/json" class="data" id="replaydata-smogtours-gen3ou-798175">
{"id":"smogtours-gen3ou-798175","format":"[Gen 3] OU","players":["Schmohg","VyoletRayn"],"uploadtime":1728839991,"views":81,"formatid":"gen3ou","rating":null,"private":0,"password":null}
</script>

<script defer src="js/replays.js?9d40a366"></script>
