<!DOCTYPE html>
<meta charset="utf-8" />
<meta name="viewport" content="width=device-width" />

<title>[Gen 3] OU: OOF_MAXIMA vs. zacpz - Replays - Pok&eacute;mon Showdown!</title>

<meta name="description" content="Watch a replay of a Pok&eacute;mon battle between OOF_MAXIMA and zacpz! Format: [Gen 3] OU; Date: Nov 7, 2024" />
<!--

Hey, you! Looking in the source for the replay log?

You can find them in JSON format, just add `.json` at the end of a replay URL.

https://replay.pokemonshowdown.com/gen7randomdoublesbattle-865046831.json

Or, if you only need the log itself, add `.log` instead:

https://replay.pokemonshowdown.com/gen7randomdoublesbattle-865046831.log

-->

<link rel="stylesheet" href="//pokemonshowdown.com/style/global.css?0.023195364461161105" />
<link rel="stylesheet" href="//play.pokemonshowdown.com/style/font-awesome.css?0.13261647063804238" />
<link rel="stylesheet" href="//play.pokemonshowdown.com/style/battle.css?0.8753245789963631" />
<link rel="stylesheet" href="//play.pokemonshowdown.com/style/utilichart.css?0.8627959624976733" />

<!-- Global site tag (gtag.js) - Google Analytics -->
<script async src="https://www.googletagmanager.com/gtag/js?id=UA-26211653-1"></script>
<script>
  window.dataLayer = window.dataLayer || [];
  function gtag(){dataLayer.push(arguments);}
  gtag('js', new Date());

  gtag('config', 'UA-26211653-1');
</script>
<!-- End Google Analytics -->
<!-- Venatus Ad Manager - Install in <HEAD> of page -->
	<script src="https://hb.vntsm.com/v3/live/ad-manager.min.js" type="text/javascript" data-site-id="642aba63ec9a7b11c3c9c1be" data-mode="scan" async></script>
<!-- / Venatus Ad Manager -->

<style>
	@media (max-width:820px) {
		.battle {
			margin: 0 auto;
		}
		.battle-log {
			margin: 7px auto 0;
			max-width: 640px;
			height: 300px;
			position: static;
		}
	}
	.optgroup {
		display: inline-block;
		line-height: 22px;
		font-size: 10pt;
	}
	.optgroup .button {
		height: 25px;
		padding-top: 0;
		padding-bottom: 0;
	}
	.optgroup button.button {
		padding-left: 12px;
		padding-right: 12px;
	}
	.linklist {
		list-style: none;
		margin: 0.5em 0;
		padding: 0;
	}
	.linklist li {
		padding: 2px 0;
	}
	.sidebar {
		float: left;
		width: 320px;
	}
	.bar-wrapper {
		max-width: 1100px;
		margin: 0 auto;
	}
	.bar-wrapper.has-sidebar {
		max-width: 1430px;
	}
	.mainbar {
		margin: 0;
		padding-right: 1px;
	}
	.mainbar.has-sidebar {
		margin-left: 330px;
	}
	@media (min-width: 1511px) {
		.sidebar {
			width: 400px;
		}
		.bar-wrapper.has-sidebar {
			max-width: 1510px;
		}
		.mainbar.has-sidebar {
			margin-left: 410px;
		}
	}
	.section.first-section {
		margin-top: 9px;
	}
	.blocklink small {
		white-space: normal;
	}
	.button {
		vertical-align: middle;
	}
	.replay-controls {
		padding-top: 10px;
	}
	.replay-controls h1 {
		font-size: 16pt;
		font-weight: normal;
		color: #CCC;
	}
	.pagelink {
		text-align: center;
	}
	.pagelink a {
		width: 150px;
	}
	.textbox, .button {
		font-size: 11pt;
		vertical-align: middle;
	}
	@media (max-width: 450px) {
		.button {
			font-size: 9pt;
		}
	}
</style>

<div>

	<header>
		<div class="nav-wrapper"><ul class="nav">
			<li><a class="button nav-first" href="//pokemonshowdown.com/"><img src="//pokemonshowdown.com/images/pokemonshowdownbeta.png" srcset="//pokemonshowdown.com/images/pokemonshowdownbeta.png 1x, //pokemonshowdown.com/images/pokemonshowdownbeta@2x.png 2x" alt="Pok&eacute;mon Showdown" width="146" height="44" /> Home</a></li>
			<li><a class="button" href="//pokemonshowdown.com/dex/">Pok&eacute;dex</a></li>
			<li><a class="button cur" href="/">Replays</a></li>
			<li><a class="button" href="//pokemonshowdown.com/ladder/">Ladder</a></li>
			<li><a class="button nav-last" href="//pokemonshowdown.com/forums/">Forum</a></li>
			<li><a class="button greenbutton nav-first nav-last" href="//play.pokemonshowdown.com/">Play</a></li>
		</ul></div>
	</header>

	<div class="main" id="main">

		<noscript><section class="section">You need to enable JavaScript to use this page; sorry!</section></noscript>

	</div>

</div>

<script defer nomodule src="//play.pokemonshowdown.com/js/lib/ps-polyfill.js"></script>
<script defer src="//play.pokemonshowdown.com/js/lib/preact.min.js"></script>

<script defer src="//play.pokemonshowdown.com/config/config.js?2bddbc15"></script>
<script defer src="//play.pokemonshowdown.com/js/lib/jquery-1.11.0.min.js"></script>
<script defer src="//play.pokemonshowdown.com/js/lib/html-sanitizer-minified.js"></script>
<script defer src="//play.pokemonshowdown.com/js/battle-sound.js"></script>
<script defer src="//play.pokemonshowdown.com/js/battledata.js?0.7209276989879541"></script>
<script defer src="//play.pokemonshowdown.com/data/pokedex-mini.js?0.6111056340867951"></script>
<script defer src="//play.pokemonshowdown.com/data/pokedex-mini-bw.js?0.3532142036491459"></script>
<script defer src="//play.pokemonshowdown.com/data/graphics.js?0.24223875632456182"></script>
<script defer src="//play.pokemonshowdown.com/data/pokedex.js?0.38839984266356864"></script>
<script defer src="//play.pokemonshowdown.com/data/moves.js?0.21866028504024015"></script>
<script defer src="//play.pokemonshowdown.com/data/abilities.js?0.2005157953846628"></script>
<script defer src="//play.pokemonshowdown.com/data/items.js?0.9894211263848525"></script>
<script defer src="//play.pokemonshowdown.com/data/teambuilder-tables.js?0.6008791140282215"></script>
<script defer src="//play.pokemonshowdown.com/js/battle-tooltips.js?0.7580118955022959"></script>
<script defer src="//play.pokemonshowdown.com/js/battle.js?0.6057722274234274"></script>

<script defer src="js/utils.js?e31f9a17"></script>
<script defer src="js/replays-battle.js?7008c182"></script>

<!-- don't scrape this data! just add .json or .log after the URL!
Full API docs: https://github.com/smogon/pokemon-showdown-client/blob/master/WEB-API.md -->
<script type="text/plain" class="log" id="replaylog-smogtours-gen3ou-805168">
|inactive|Battle timer is ON: inactive players will automatically lose when time's up.
|t:|1731017130
|gametype|singles
|player|p1|OOF_MAXIMA|cress|
|player|p2|zacpz|#roaplxyorknewyanma|
|teamsize|p1|6
|teamsize|p2|6
|gen|3
|tier|[Gen 3] OU
|rule|Sleep Clause Mod: Limit one foe put to sleep
|rule|Switch Priority Clause Mod: Faster Pokémon switch first
|rule|Species Clause: Limit one of each Pokémon
|rule|OHKO Clause: OHKO moves are banned
|rule|Evasion Items Clause: Evasion items are banned
|rule|Evasion Moves Clause: Evasion moves are banned
|rule|Endless Battle Clause: Forcing endless battles is banned
|rule|HP Percentage Mod: HP is shown in percentages
|rule|One Boost Passer Clause: Limit one Baton Passer that has a way to boost its stats
|rule|Freeze Clause Mod: Limit one foe frozen
|
|t:|1731017130
|start
|switch|p1a: sandy goober|Tyranitar, F|100/100
|switch|p2a: William|Politoed, F|100/100
|-weather|Sandstorm|[from] ability: Sand Stream|[of] p1a: sandy goober
|turn|1
|c|☆zacpz|hfhf
|c|☆OOF_MAXIMA|WILLIAM.
|c|+violet river|fire
|
|t:|1731017163
|switch|p1a: shell goober|Cloyster, F|100/100
|move|p2a: William|Hydro Pump|p1a: shell goober|[miss]
|-miss|p2a: William|p1a: shell goober
|
|-weather|Sandstorm|[upkeep]
|-damage|p2a: William|94/100|[from] Sandstorm
|-damage|p1a: shell goober|95/100|[from] Sandstorm
|-heal|p1a: shell goober|100/100|[from] item: Leftovers
|upkeep
|turn|2
|
|t:|1731017175
|move|p2a: William|Hypnosis|p1a: shell goober|[miss]
|-miss|p2a: William|p1a: shell goober
|move|p1a: shell goober|Spikes|p2a: William
|-sidestart|p2: zacpz|Spikes
|
|-weather|Sandstorm|[upkeep]
|-damage|p2a: William|88/100|[from] Sandstorm
|-damage|p1a: shell goober|95/100|[from] Sandstorm
|-heal|p1a: shell goober|100/100|[from] item: Leftovers
|upkeep
|turn|3
|
|t:|1731017179
|move|p2a: William|Hypnosis|p1a: shell goober
|-status|p1a: shell goober|slp|[from] move: Hypnosis
|cant|p1a: shell goober|slp
|
|-weather|Sandstorm|[upkeep]
|-damage|p2a: William|82/100|[from] Sandstorm
|-damage|p1a: shell goober|95/100 slp|[from] Sandstorm
|-heal|p1a: shell goober|100/100 slp|[from] item: Leftovers
|upkeep
|turn|4
|
|t:|1731017193
|switch|p1a: angry goober|Zapdos|100/100
|move|p2a: William|Thief|p1a: angry goober
|-damage|p1a: angry goober|91/100
|-enditem|p1a: angry goober|Leftovers|[silent]|[from] move: Thief|[of] p2a: William
|-item|p2a: William|Leftovers|[from] move: Thief|[of] p1a: angry goober
|
|-weather|Sandstorm|[upkeep]
|-damage|p1a: angry goober|84/100|[from] Sandstorm
|-damage|p2a: William|76/100|[from] Sandstorm
|-heal|p2a: William|82/100|[from] item: Leftovers
|upkeep
|turn|5
|
|t:|1731017198
|switch|p2a: Wooly|Regice|100/100
|-damage|p2a: Wooly|88/100|[from] Spikes
|move|p1a: angry goober|Thunder Wave|p2a: Wooly
|-status|p2a: Wooly|par
|
|-weather|Sandstorm|[upkeep]
|-damage|p1a: angry goober|78/100|[from] Sandstorm
|-damage|p2a: Wooly|82/100 par|[from] Sandstorm
|-heal|p2a: Wooly|88/100 par|[from] item: Leftovers
|upkeep
|turn|6
|
|t:|1731017205
|switch|p1a: shell goober|Cloyster, F|100/100 slp
|cant|p2a: Wooly|par
|
|-weather|Sandstorm|[upkeep]
|-damage|p1a: shell goober|95/100 slp|[from] Sandstorm
|-damage|p2a: Wooly|82/100 par|[from] Sandstorm
|-heal|p1a: shell goober|100/100 slp|[from] item: Leftovers
|-heal|p2a: Wooly|88/100 par|[from] item: Leftovers
|upkeep
|turn|7
|
|t:|1731017215
|-curestatus|p1a: shell goober|slp|[msg]
|move|p1a: shell goober|Spikes|p2a: Wooly
|-sidestart|p2: zacpz|Spikes
|move|p2a: Wooly|Thunderbolt|p1a: shell goober
|-supereffective|p1a: shell goober
|-damage|p1a: shell goober|0 fnt
|faint|p1a: shell goober
|
|t:|1731017218
|switch|p1a: sandy goober|Tyranitar, F|100/100
|
|-weather|Sandstorm|[upkeep]
|-damage|p2a: Wooly|82/100 par|[from] Sandstorm
|-heal|p2a: Wooly|88/100 par|[from] item: Leftovers
|upkeep
|turn|8
|
|t:|1731017224
|move|p1a: sandy goober|Substitute|p1a: sandy goober
|-start|p1a: sandy goober|Substitute
|-damage|p1a: sandy goober|75/100
|move|p2a: Wooly|Thunder Wave||[still]
|-fail|p2a: Wooly
|
|-weather|Sandstorm|[upkeep]
|-damage|p2a: Wooly|82/100 par|[from] Sandstorm
|-heal|p1a: sandy goober|82/100|[from] item: Leftovers
|-heal|p2a: Wooly|88/100 par|[from] item: Leftovers
|upkeep
|turn|9
|
|t:|1731017230
|move|p1a: sandy goober|Rock Slide|p2a: Wooly
|-supereffective|p2a: Wooly
|-damage|p2a: Wooly|0 fnt
|faint|p2a: Wooly
|
|t:|1731017235
|switch|p2a: William|Politoed, F|82/100
|-damage|p2a: William|65/100|[from] Spikes
|
|-weather|Sandstorm|[upkeep]
|-damage|p2a: William|59/100|[from] Sandstorm
|-heal|p2a: William|65/100|[from] item: Leftovers
|-heal|p1a: sandy goober|88/100|[from] item: Leftovers
|upkeep
|turn|10
|
|t:|1731017238
|-singleturn|p1a: sandy goober|move: Focus Punch
|move|p2a: William|Ice Beam|p1a: sandy goober
|-activate|p1a: sandy goober|Substitute|[damage]
|move|p1a: sandy goober|Focus Punch|p2a: William
|-damage|p2a: William|0 fnt
|faint|p2a: William
|
|t:|1731017246
|switch|p2a: Billy Biceps|Tyranitar, F|100/100
|-damage|p2a: Billy Biceps|84/100|[from] Spikes
|
|-weather|Sandstorm|[upkeep]
|-heal|p2a: Billy Biceps|90/100|[from] item: Leftovers
|-heal|p1a: sandy goober|94/100|[from] item: Leftovers
|upkeep
|turn|11
|
|t:|1731017249
|-singleturn|p1a: sandy goober|move: Focus Punch
|move|p2a: Billy Biceps|Earthquake|p1a: sandy goober
|-supereffective|p1a: sandy goober
|-crit|p1a: sandy goober
|-end|p1a: sandy goober|Substitute
|move|p1a: sandy goober|Focus Punch|p2a: Billy Biceps
|-supereffective|p2a: Billy Biceps
|-damage|p2a: Billy Biceps|0 fnt
|faint|p2a: Billy Biceps
|
|t:|1731017252
|switch|p2a: Willy|Dugtrio, F|100/100
|-damage|p2a: Willy|84/100|[from] Spikes
|
|-weather|Sandstorm|[upkeep]
|-heal|p1a: sandy goober|99/100|[from] item: Leftovers
|upkeep
|turn|12
|
|t:|1731017255
|move|p2a: Willy|Earthquake|p1a: sandy goober
|-supereffective|p1a: sandy goober
|-damage|p1a: sandy goober|10/100
|move|p1a: sandy goober|Hidden Power|p2a: Willy
|-damage|p2a: Willy|1/100
|
|-weather|Sandstorm|[upkeep]
|-heal|p1a: sandy goober|16/100|[from] item: Leftovers
|upkeep
|turn|13
|
|t:|1731017260
|move|p2a: Willy|Earthquake|p1a: sandy goober
|-supereffective|p1a: sandy goober
|-damage|p1a: sandy goober|0 fnt
|faint|p1a: sandy goober
|
|t:|1731017270
|switch|p1a: angry goober|Zapdos|78/100
|
|-weather|Sandstorm|[upkeep]
|-damage|p1a: angry goober|72/100|[from] Sandstorm
|upkeep
|turn|14
|
|t:|1731017273
|move|p2a: Willy|Earthquake|p1a: angry goober
|-immune|p1a: angry goober
|move|p1a: angry goober|Thunder Wave|p2a: Willy
|-immune|p2a: Willy
|
|-weather|Sandstorm|[upkeep]
|-damage|p1a: angry goober|66/100|[from] Sandstorm
|upkeep
|turn|15
|
|t:|1731017277
|switch|p1a: ancient goober|Aerodactyl, M|100/100
|move|p2a: Willy|Earthquake|p1a: ancient goober
|-immune|p1a: ancient goober
|
|-weather|Sandstorm|[upkeep]
|upkeep
|turn|16
|
|t:|1731017280
|move|p1a: ancient goober|Substitute|p1a: ancient goober
|-start|p1a: ancient goober|Substitute
|-damage|p1a: ancient goober|76/100
|move|p2a: Willy|Earthquake|p1a: ancient goober
|-immune|p1a: ancient goober
|
|-weather|Sandstorm|[upkeep]
|upkeep
|turn|17
|
|t:|1731017283
|switch|p2a: Welly|Zapdos|100/100
|move|p1a: ancient goober|Earthquake|p2a: Welly
|-immune|p2a: Welly
|
|-weather|Sandstorm|[upkeep]
|-damage|p2a: Welly|94/100|[from] Sandstorm
|-heal|p2a: Welly|100/100|[from] item: Leftovers
|upkeep
|turn|18
|
|t:|1731017286
|move|p2a: Welly|Protect|p2a: Welly
|-singleturn|p2a: Welly|Protect
|move|p1a: ancient goober|Rock Slide|p2a: Welly
|-activate|p2a: Welly|Protect
|
|-weather|Sandstorm|[upkeep]
|-damage|p2a: Welly|94/100|[from] Sandstorm
|-heal|p2a: Welly|100/100|[from] item: Leftovers
|upkeep
|turn|19
|
|t:|1731017289
|switch|p2a: Willy|Dugtrio, F|1/100
|-damage|p2a: Willy|0 fnt|[from] Spikes
|faint|p2a: Willy
|
|t:|1731017294
|switch|p2a: Welly|Zapdos|100/100
|
|-weather|Sandstorm|[upkeep]
|-damage|p2a: Welly|94/100|[from] Sandstorm
|-heal|p2a: Welly|100/100|[from] item: Leftovers
|upkeep
|turn|20
|
|t:|1731017296
|move|p1a: ancient goober|Rock Slide|p2a: Welly
|-supereffective|p2a: Welly
|-damage|p2a: Welly|31/100
|move|p2a: Welly|Thunderbolt|p1a: ancient goober
|-supereffective|p1a: ancient goober
|-end|p1a: ancient goober|Substitute
|
|-weather|Sandstorm|[upkeep]
|-damage|p2a: Welly|25/100|[from] Sandstorm
|-heal|p2a: Welly|31/100|[from] item: Leftovers
|upkeep
|turn|21
|
|t:|1731017302
|move|p1a: ancient goober|Substitute|p1a: ancient goober
|-start|p1a: ancient goober|Substitute
|-damage|p1a: ancient goober|51/100
|move|p2a: Welly|Thunderbolt|p1a: ancient goober
|-supereffective|p1a: ancient goober
|-end|p1a: ancient goober|Substitute
|
|-weather|Sandstorm|[upkeep]
|-damage|p2a: Welly|25/100|[from] Sandstorm
|-heal|p2a: Welly|31/100|[from] item: Leftovers
|upkeep
|turn|22
|
|t:|1731017305
|move|p1a: ancient goober|Rock Slide|p2a: Welly
|-supereffective|p2a: Welly
|-crit|p2a: Welly
|-damage|p2a: Welly|0 fnt
|faint|p2a: Welly
|
|t:|1731017307
|switch|p2a: Wally|Jirachi|100/100
|-damage|p2a: Wally|84/100|[from] Spikes
|
|-weather|Sandstorm|[upkeep]
|-heal|p2a: Wally|90/100|[from] item: Leftovers
|upkeep
|turn|23
|
|t:|1731017314
|switch|p1a: angry goober|Zapdos|66/100
|move|p2a: Wally|Ice Punch|p1a: angry goober
|-supereffective|p1a: angry goober
|-damage|p1a: angry goober|36/100
|
|-weather|Sandstorm|[upkeep]
|-damage|p1a: angry goober|30/100|[from] Sandstorm
|-heal|p2a: Wally|96/100|[from] item: Leftovers
|upkeep
|turn|24
|
|t:|1731017323
|move|p2a: Wally|Ice Punch|p1a: angry goober
|-supereffective|p1a: angry goober
|-damage|p1a: angry goober|3/100
|move|p1a: angry goober|Thunder Wave|p2a: Wally
|-status|p2a: Wally|par
|
|-weather|Sandstorm|[upkeep]
|-damage|p1a: angry goober|0 fnt|[from] Sandstorm
|faint|p1a: angry goober
|-heal|p2a: Wally|100/100 par|[from] item: Leftovers
|upkeep
|
|t:|1731017327
|switch|p1a: muddy goober|Swampert, M|100/100
|turn|25
|c|☆zacpz|ggs
|-message|zacpz forfeited.
|
|win|OOF_MAXIMA
|player|p2|
|c|☆OOF_MAXIMA|ggs chief

</script>
<script type="application/json" class="data" id="replaydata-smogtours-gen3ou-805168">
{"id":"smogtours-gen3ou-805168","format":"[Gen 3] OU","players":["OOF_MAXIMA","zacpz"],"uploadtime":1731017334,"views":59,"formatid":"gen3ou","rating":null,"private":0,"password":null}
</script>

<script defer src="js/replays.js?9d40a366"></script>
