<!DOCTYPE html>
<meta charset="utf-8" />
<meta name="viewport" content="width=device-width" />

<title>[Gen 3] OU: Surko vs. reptikrook - Replays - Pok&eacute;mon Showdown!</title>

<meta name="description" content="Watch a replay of a Pok&eacute;mon battle between Surko and reptikrook! Format: [Gen 3] OU; Date: Oct 24, 2024" />
<!--

Hey, you! Looking in the source for the replay log?

You can find them in JSON format, just add `.json` at the end of a replay URL.

https://replay.pokemonshowdown.com/gen7randomdoublesbattle-865046831.json

Or, if you only need the log itself, add `.log` instead:

https://replay.pokemonshowdown.com/gen7randomdoublesbattle-865046831.log

-->

<link rel="stylesheet" href="//pokemonshowdown.com/style/global.css?0.023195364461161105" />
<link rel="stylesheet" href="//play.pokemonshowdown.com/style/font-awesome.css?0.13261647063804238" />
<link rel="stylesheet" href="//play.pokemonshowdown.com/style/battle.css?0.8753245789963631" />
<link rel="stylesheet" href="//play.pokemonshowdown.com/style/utilichart.css?0.8627959624976733" />

<!-- Global site tag (gtag.js) - Google Analytics -->
<script async src="https://www.googletagmanager.com/gtag/js?id=UA-26211653-1"></script>
<script>
  window.dataLayer = window.dataLayer || [];
  function gtag(){dataLayer.push(arguments);}
  gtag('js', new Date());

  gtag('config', 'UA-26211653-1');
</script>
<!-- End Google Analytics -->
<!-- Venatus Ad Manager - Install in <HEAD> of page -->
	<script src="https://hb.vntsm.com/v3/live/ad-manager.min.js" type="text/javascript" data-site-id="642aba63ec9a7b11c3c9c1be" data-mode="scan" async></script>
<!-- / Venatus Ad Manager -->

<style>
	@media (max-width:820px) {
		.battle {
			margin: 0 auto;
		}
		.battle-log {
			margin: 7px auto 0;
			max-width: 640px;
			height: 300px;
			position: static;
		}
	}
	.optgroup {
		display: inline-block;
		line-height: 22px;
		font-size: 10pt;
	}
	.optgroup .button {
		height: 25px;
		padding-top: 0;
		padding-bottom: 0;
	}
	.optgroup button.button {
		padding-left: 12px;
		padding-right: 12px;
	}
	.linklist {
		list-style: none;
		margin: 0.5em 0;
		padding: 0;
	}
	.linklist li {
		padding: 2px 0;
	}
	.sidebar {
		float: left;
		width: 320px;
	}
	.bar-wrapper {
		max-width: 1100px;
		margin: 0 auto;
	}
	.bar-wrapper.has-sidebar {
		max-width: 1430px;
	}
	.mainbar {
		margin: 0;
		padding-right: 1px;
	}
	.mainbar.has-sidebar {
		margin-left: 330px;
	}
	@media (min-width: 1511px) {
		.sidebar {
			width: 400px;
		}
		.bar-wrapper.has-sidebar {
			max-width: 1510px;
		}
		.mainbar.has-sidebar {
			margin-left: 410px;
		}
	}
	.section.first-section {
		margin-top: 9px;
	}
	.blocklink small {
		white-space: normal;
	}
	.button {
		vertical-align: middle;
	}
	.replay-controls {
		padding-top: 10px;
	}
	.replay-controls h1 {
		font-size: 16pt;
		font-weight: normal;
		color: #CCC;
	}
	.pagelink {
		text-align: center;
	}
	.pagelink a {
		width: 150px;
	}
	.textbox, .button {
		font-size: 11pt;
		vertical-align: middle;
	}
	@media (max-width: 450px) {
		.button {
			font-size: 9pt;
		}
	}
</style>

<div>

	<header>
		<div class="nav-wrapper"><ul class="nav">
			<li><a class="button nav-first" href="//pokemonshowdown.com/"><img src="//pokemonshowdown.com/images/pokemonshowdownbeta.png" srcset="//pokemonshowdown.com/images/pokemonshowdownbeta.png 1x, //pokemonshowdown.com/images/pokemonshowdownbeta@2x.png 2x" alt="Pok&eacute;mon Showdown" width="146" height="44" /> Home</a></li>
			<li><a class="button" href="//pokemonshowdown.com/dex/">Pok&eacute;dex</a></li>
			<li><a class="button cur" href="/">Replays</a></li>
			<li><a class="button" href="//pokemonshowdown.com/ladder/">Ladder</a></li>
			<li><a class="button nav-last" href="//pokemonshowdown.com/forums/">Forum</a></li>
			<li><a class="button greenbutton nav-first nav-last" href="//play.pokemonshowdown.com/">Play</a></li>
		</ul></div>
	</header>

	<div class="main" id="main">

		<noscript><section class="section">You need to enable JavaScript to use this page; sorry!</section></noscript>

	</div>

</div>

<script defer nomodule src="//play.pokemonshowdown.com/js/lib/ps-polyfill.js"></script>
<script defer src="//play.pokemonshowdown.com/js/lib/preact.min.js"></script>

<script defer src="//play.pokemonshowdown.com/config/config.js?2bddbc15"></script>
<script defer src="//play.pokemonshowdown.com/js/lib/jquery-1.11.0.min.js"></script>
<script defer src="//play.pokemonshowdown.com/js/lib/html-sanitizer-minified.js"></script>
<script defer src="//play.pokemonshowdown.com/js/battle-sound.js"></script>
<script defer src="//play.pokemonshowdown.com/js/battledata.js?0.7209276989879541"></script>
<script defer src="//play.pokemonshowdown.com/data/pokedex-mini.js?0.6111056340867951"></script>
<script defer src="//play.pokemonshowdown.com/data/pokedex-mini-bw.js?0.3532142036491459"></script>
<script defer src="//play.pokemonshowdown.com/data/graphics.js?0.24223875632456182"></script>
<script defer src="//play.pokemonshowdown.com/data/pokedex.js?0.38839984266356864"></script>
<script defer src="//play.pokemonshowdown.com/data/moves.js?0.21866028504024015"></script>
<script defer src="//play.pokemonshowdown.com/data/abilities.js?0.2005157953846628"></script>
<script defer src="//play.pokemonshowdown.com/data/items.js?0.9894211263848525"></script>
<script defer src="//play.pokemonshowdown.com/data/teambuilder-tables.js?0.6008791140282215"></script>
<script defer src="//play.pokemonshowdown.com/js/battle-tooltips.js?0.7580118955022959"></script>
<script defer src="//play.pokemonshowdown.com/js/battle.js?0.6057722274234274"></script>

<script defer src="js/utils.js?e31f9a17"></script>
<script defer src="js/replays-battle.js?7008c182"></script>

<!-- don't scrape this data! just add .json or .log after the URL!
Full API docs: https://github.com/smogon/pokemon-showdown-client/blob/master/WEB-API.md -->
<script type="text/plain" class="log" id="replaylog-smogtours-gen3ou-801562">
|inactive|Battle timer is ON: inactive players will automatically lose when time's up.
|t:|1729786755
|gametype|singles
|player|p1|Surko|blue-gen3two|
|player|p2|reptikrook|266|
|teamsize|p1|6
|teamsize|p2|6
|gen|3
|tier|[Gen 3] OU
|rule|Sleep Clause Mod: Limit one foe put to sleep
|rule|Switch Priority Clause Mod: Faster Pokémon switch first
|rule|Species Clause: Limit one of each Pokémon
|rule|OHKO Clause: OHKO moves are banned
|rule|Evasion Items Clause: Evasion items are banned
|rule|Evasion Moves Clause: Evasion moves are banned
|rule|Endless Battle Clause: Forcing endless battles is banned
|rule|HP Percentage Mod: HP is shown in percentages
|rule|One Boost Passer Clause: Limit one Baton Passer that has a way to boost its stats
|rule|Freeze Clause Mod: Limit one foe frozen
|
|t:|1729786755
|start
|switch|p1a: Salamence|Salamence, F|100/100
|switch|p2a: Cold Stone|Regice, shiny|100/100
|-ability|p1a: Salamence|Intimidate|boost
|-fail|p2a: Cold Stone|unboost|[from] ability: Clear Body|[of] p2a: Cold Stone
|turn|1
|
|t:|1729786767
|switch|p1a: Jirachi|Jirachi|100/100
|move|p2a: Cold Stone|Ice Beam|p1a: Jirachi
|-resisted|p1a: Jirachi
|-damage|p1a: Jirachi|80/100
|
|-heal|p1a: Jirachi|86/100|[from] item: Leftovers
|upkeep
|turn|2
|
|t:|1729786788
|switch|p1a: Blissey|Blissey, F|100/100
|switch|p2a: Musketeers|Dugtrio, F|100/100
|
|upkeep
|turn|3
|
|t:|1729786793
|move|p2a: Musketeers|Earthquake|p1a: Blissey
|-damage|p1a: Blissey|54/100
|move|p1a: Blissey|Counter|p2a: Musketeers
|-damage|p2a: Musketeers|0 fnt
|faint|p2a: Musketeers
|
|t:|1729786798
|switch|p2a: Kalamet|Aerodactyl, M|100/100
|
|-heal|p1a: Blissey|60/100|[from] item: Leftovers
|upkeep
|turn|4
|
|t:|1729786806
|switch|p1a: Salamence|Salamence, F|100/100
|-ability|p1a: Salamence|Intimidate|boost
|-unboost|p2a: Kalamet|atk|1
|move|p2a: Kalamet|Earthquake|p1a: Salamence
|-immune|p1a: Salamence
|
|upkeep
|turn|5
|
|t:|1729786816
|switch|p2a: Cold Stone|Regice, shiny|100/100
|move|p1a: Salamence|Brick Break|p2a: Cold Stone
|-supereffective|p2a: Cold Stone
|-damage|p2a: Cold Stone|55/100
|
|-heal|p2a: Cold Stone|61/100|[from] item: Leftovers
|upkeep
|turn|6
|
|t:|1729786826
|switch|p1a: Blissey|Blissey, F|60/100
|move|p2a: Cold Stone|Ice Beam|p1a: Blissey
|-damage|p1a: Blissey|44/100
|
|-heal|p1a: Blissey|50/100|[from] item: Leftovers
|-heal|p2a: Cold Stone|68/100|[from] item: Leftovers
|upkeep
|turn|7
|
|t:|1729786836
|switch|p1a: Jirachi|Jirachi|86/100
|switch|p2a: Khamsin|Tyranitar, F|100/100
|-weather|Sandstorm|[from] ability: Sand Stream|[of] p2a: Khamsin
|
|-weather|Sandstorm|[upkeep]
|-heal|p1a: Jirachi|92/100|[from] item: Leftovers
|upkeep
|turn|8
|
|t:|1729786843
|move|p1a: Jirachi|Toxic|p2a: Khamsin|[miss]
|-miss|p1a: Jirachi|p2a: Khamsin
|move|p2a: Khamsin|Dragon Dance|p2a: Khamsin
|-boost|p2a: Khamsin|atk|1
|-boost|p2a: Khamsin|spe|1
|
|-weather|Sandstorm|[upkeep]
|-heal|p1a: Jirachi|99/100|[from] item: Leftovers
|upkeep
|turn|9
|
|t:|1729786852
|move|p2a: Khamsin|Earthquake|p1a: Jirachi
|-supereffective|p1a: Jirachi
|-damage|p1a: Jirachi|31/100
|move|p1a: Jirachi|Toxic|p2a: Khamsin
|-status|p2a: Khamsin|tox
|-enditem|p2a: Khamsin|Lum Berry|[eat]
|-curestatus|p2a: Khamsin|tox|[msg]
|
|-weather|Sandstorm|[upkeep]
|-heal|p1a: Jirachi|37/100|[from] item: Leftovers
|upkeep
|turn|10
|
|t:|1729786861
|switch|p1a: Salamence|Salamence, F|100/100
|-ability|p1a: Salamence|Intimidate|boost
|-unboost|p2a: Khamsin|atk|1
|move|p2a: Khamsin|Rock Slide|p1a: Salamence
|-supereffective|p1a: Salamence
|-damage|p1a: Salamence|0 fnt
|faint|p1a: Salamence
|
|t:|1729786866
|switch|p1a: Aerodactyl|Aerodactyl, F|100/100
|
|-weather|Sandstorm|[upkeep]
|upkeep
|turn|11
|
|t:|1729786870
|move|p1a: Aerodactyl|Hidden Power|p2a: Khamsin
|-supereffective|p2a: Khamsin
|-damage|p2a: Khamsin|0 fnt
|faint|p2a: Khamsin
|
|t:|1729786879
|switch|p2a: Shrike|Skarmory, M|100/100
|
|-weather|Sandstorm|[upkeep]
|upkeep
|turn|12
|
|t:|1729786887
|switch|p1a: Jirachi|Jirachi|37/100
|move|p2a: Shrike|Spikes|p1a: Jirachi
|-sidestart|p1: Surko|Spikes
|
|-weather|Sandstorm|[upkeep]
|-heal|p1a: Jirachi|43/100|[from] item: Leftovers
|upkeep
|turn|13
|
|t:|1729786896
|move|p1a: Jirachi|Wish|p1a: Jirachi
|move|p2a: Shrike|Roar|p1a: Jirachi
|drag|p1a: Forretress|Forretress, M|100/100
|-damage|p1a: Forretress|88/100|[from] Spikes
|
|-weather|Sandstorm|[upkeep]
|-heal|p1a: Forretress|94/100|[from] item: Leftovers
|upkeep
|turn|14
|
|t:|1729786906
|switch|p2a: Magnus Carlmon|Magneton|100/100
|switch|p1a: Jirachi|Jirachi|43/100
|-damage|p1a: Jirachi|31/100|[from] Spikes
|
|-heal|p1a: Jirachi|81/100|[from] move: Wish|[wisher] Jirachi
|-weather|Sandstorm|[upkeep]
|-heal|p1a: Jirachi|87/100|[from] item: Leftovers
|upkeep
|turn|15
|
|t:|1729786917
|move|p1a: Jirachi|Protect|p1a: Jirachi
|-singleturn|p1a: Jirachi|Protect
|move|p2a: Magnus Carlmon|Thunderbolt|p1a: Jirachi
|-activate|p1a: Jirachi|Protect
|
|-weather|Sandstorm|[upkeep]
|-heal|p1a: Jirachi|93/100|[from] item: Leftovers
|upkeep
|turn|16
|
|t:|1729786924
|move|p2a: Magnus Carlmon|Thunderbolt|p1a: Jirachi
|-damage|p1a: Jirachi|54/100
|move|p1a: Jirachi|Fire Punch|p2a: Magnus Carlmon
|-supereffective|p2a: Magnus Carlmon
|-damage|p2a: Magnus Carlmon|35/100
|
|-weather|Sandstorm|[upkeep]
|-heal|p2a: Magnus Carlmon|41/100|[from] item: Leftovers
|-heal|p1a: Jirachi|60/100|[from] item: Leftovers
|upkeep
|turn|17
|
|t:|1729786935
|move|p2a: Magnus Carlmon|Substitute|p2a: Magnus Carlmon
|-start|p2a: Magnus Carlmon|Substitute
|-damage|p2a: Magnus Carlmon|17/100
|move|p1a: Jirachi|Wish|p1a: Jirachi
|
|-weather|Sandstorm|[upkeep]
|-heal|p2a: Magnus Carlmon|23/100|[from] item: Leftovers
|-heal|p1a: Jirachi|67/100|[from] item: Leftovers
|upkeep
|turn|18
|
|t:|1729786942
|move|p2a: Magnus Carlmon|Thunderbolt|p1a: Jirachi
|-damage|p1a: Jirachi|29/100
|move|p1a: Jirachi|Fire Punch|p2a: Magnus Carlmon
|-supereffective|p2a: Magnus Carlmon
|-end|p2a: Magnus Carlmon|Substitute
|
|-heal|p1a: Jirachi|79/100|[from] move: Wish|[wisher] Jirachi
|-weather|Sandstorm|[upkeep]
|-heal|p2a: Magnus Carlmon|29/100|[from] item: Leftovers
|-heal|p1a: Jirachi|85/100|[from] item: Leftovers
|upkeep
|turn|19
|
|t:|1729786953
|move|p2a: Magnus Carlmon|Thunderbolt|p1a: Jirachi
|-damage|p1a: Jirachi|46/100
|move|p1a: Jirachi|Wish|p1a: Jirachi
|
|-weather|Sandstorm|[upkeep]
|-heal|p2a: Magnus Carlmon|35/100|[from] item: Leftovers
|-heal|p1a: Jirachi|52/100|[from] item: Leftovers
|upkeep
|turn|20
|
|t:|1729786960
|move|p2a: Magnus Carlmon|Thunderbolt|p1a: Jirachi
|-damage|p1a: Jirachi|12/100
|-status|p1a: Jirachi|par
|move|p1a: Jirachi|Fire Punch|p2a: Magnus Carlmon
|-supereffective|p2a: Magnus Carlmon
|-damage|p2a: Magnus Carlmon|0 fnt
|faint|p2a: Magnus Carlmon
|
|t:|1729786969
|switch|p2a: Kalamet|Aerodactyl, M|100/100
|
|-heal|p1a: Jirachi|62/100 par|[from] move: Wish|[wisher] Jirachi
|-weather|Sandstorm|[upkeep]
|-heal|p1a: Jirachi|68/100 par|[from] item: Leftovers
|upkeep
|turn|21
|
|t:|1729786976
|move|p1a: Jirachi|Protect|p1a: Jirachi
|-singleturn|p1a: Jirachi|Protect
|move|p2a: Kalamet|Earthquake|p1a: Jirachi
|-activate|p1a: Jirachi|Protect
|
|-weather|Sandstorm|[upkeep]
|-heal|p1a: Jirachi|74/100 par|[from] item: Leftovers
|upkeep
|turn|22
|
|t:|1729786983
|move|p2a: Kalamet|Earthquake|p1a: Jirachi
|-supereffective|p1a: Jirachi
|-damage|p1a: Jirachi|22/100 par
|cant|p1a: Jirachi|par
|
|-weather|Sandstorm|[upkeep]
|-heal|p1a: Jirachi|28/100 par|[from] item: Leftovers
|upkeep
|turn|23
|
|t:|1729786989
|cant|p1a: Jirachi|par
|move|p2a: Kalamet|Earthquake|p1a: Jirachi
|-supereffective|p1a: Jirachi
|-damage|p1a: Jirachi|0 fnt
|faint|p1a: Jirachi
|
|t:|1729786994
|switch|p1a: Forretress|Forretress, M|94/100
|-damage|p1a: Forretress|82/100|[from] Spikes
|
|-weather|Sandstorm|[upkeep]
|-heal|p1a: Forretress|88/100|[from] item: Leftovers
|upkeep
|turn|24
|
|t:|1729787000
|move|p2a: Kalamet|Earthquake|p1a: Forretress
|-damage|p1a: Forretress|57/100
|move|p1a: Forretress|Rapid Spin|p2a: Kalamet
|-resisted|p2a: Kalamet
|-damage|p2a: Kalamet|98/100
|-sideend|p1: Surko|Spikes|[from] move: Rapid Spin|[of] p1a: Forretress
|
|-weather|Sandstorm|[upkeep]
|-heal|p1a: Forretress|63/100|[from] item: Leftovers
|upkeep
|turn|25
|
|t:|1729787008
|switch|p2a: Shrike|Skarmory, M|100/100
|switch|p1a: Aerodactyl|Aerodactyl, F|100/100
|
|-weather|Sandstorm|[upkeep]
|upkeep
|turn|26
|
|t:|1729787015
|switch|p1a: Forretress|Forretress, M|63/100
|move|p2a: Shrike|Toxic|p1a: Forretress
|-immune|p1a: Forretress
|
|-weather|Sandstorm|[upkeep]
|-heal|p1a: Forretress|69/100|[from] item: Leftovers
|upkeep
|turn|27
|
|t:|1729787021
|switch|p2a: Kalamet|Aerodactyl, M|98/100
|move|p1a: Forretress|Spikes|p2a: Kalamet
|-sidestart|p2: reptikrook|Spikes
|
|-weather|Sandstorm|[upkeep]
|-heal|p1a: Forretress|76/100|[from] item: Leftovers
|upkeep
|turn|28
|
|t:|1729787030
|move|p2a: Kalamet|Rock Slide|p1a: Forretress
|-damage|p1a: Forretress|37/100
|cant|p1a: Forretress|flinch
|
|-weather|Sandstorm|[upkeep]
|-heal|p1a: Forretress|43/100|[from] item: Leftovers
|upkeep
|turn|29
|
|t:|1729787040
|move|p2a: Kalamet|Rock Slide|p1a: Forretress
|-damage|p1a: Forretress|8/100
|move|p1a: Forretress|Explosion|p2a: Kalamet
|-resisted|p2a: Kalamet
|-damage|p2a: Kalamet|9/100
|faint|p1a: Forretress
|
|t:|1729787049
|switch|p1a: Tyranitar|Tyranitar, M|100/100
|
|-weather|Sandstorm|[upkeep]
|upkeep
|turn|30
|
|t:|1729787054
|move|p2a: Kalamet|Rock Slide|p1a: Tyranitar
|-damage|p1a: Tyranitar|62/100
|move|p1a: Tyranitar|Pursuit|p2a: Kalamet
|-damage|p2a: Kalamet|0 fnt
|faint|p2a: Kalamet
|
|t:|1729787060
|switch|p2a: Shrike|Skarmory, M|100/100
|
|-weather|Sandstorm|[upkeep]
|-heal|p1a: Tyranitar|68/100|[from] item: Leftovers
|upkeep
|turn|31
|
|t:|1729787065
|move|p2a: Shrike|Toxic|p1a: Tyranitar
|-status|p1a: Tyranitar|tox
|move|p1a: Tyranitar|Fire Blast|p2a: Shrike
|-supereffective|p2a: Shrike
|-damage|p2a: Shrike|0 fnt
|faint|p2a: Shrike
|
|t:|1729787071
|switch|p2a: Cold Stone|Regice, shiny|68/100
|-damage|p2a: Cold Stone|55/100|[from] Spikes
|
|-weather|Sandstorm|[upkeep]
|-damage|p2a: Cold Stone|49/100|[from] Sandstorm
|-heal|p1a: Tyranitar|74/100 tox|[from] item: Leftovers
|-damage|p1a: Tyranitar|68/100 tox|[from] psn
|-heal|p2a: Cold Stone|55/100|[from] item: Leftovers
|upkeep
|turn|32
|
|t:|1729787079
|move|p1a: Tyranitar|Fire Blast|p2a: Cold Stone
|-supereffective|p2a: Cold Stone
|-damage|p2a: Cold Stone|20/100
|move|p2a: Cold Stone|Ice Beam|p1a: Tyranitar
|-damage|p1a: Tyranitar|30/100 tox
|
|-weather|Sandstorm|[upkeep]
|-damage|p2a: Cold Stone|14/100|[from] Sandstorm
|-heal|p1a: Tyranitar|36/100 tox|[from] item: Leftovers
|-damage|p1a: Tyranitar|24/100 tox|[from] psn
|-heal|p2a: Cold Stone|20/100|[from] item: Leftovers
|upkeep
|turn|33
|
|t:|1729787090
|move|p1a: Tyranitar|Crunch|p2a: Cold Stone
|-damage|p2a: Cold Stone|2/100
|move|p2a: Cold Stone|Ice Beam|p1a: Tyranitar
|-damage|p1a: Tyranitar|0 fnt
|faint|p1a: Tyranitar
|
|t:|1729787096
|switch|p1a: Blissey|Blissey, F|50/100
|
|-weather|Sandstorm|[upkeep]
|-damage|p1a: Blissey|44/100|[from] Sandstorm
|-damage|p2a: Cold Stone|0 fnt|[from] Sandstorm
|faint|p2a: Cold Stone
|
|win|Surko
|upkeep

</script>
<script type="application/json" class="data" id="replaydata-smogtours-gen3ou-801562">
{"id":"smogtours-gen3ou-801562","format":"[Gen 3] OU","players":["Surko","reptikrook"],"uploadtime":1729787096,"views":71,"formatid":"gen3ou","rating":null,"private":0,"password":null}
</script>

<script defer src="js/replays.js?9d40a366"></script>
