<!DOCTYPE html>
<meta charset="utf-8" />
<meta name="viewport" content="width=device-width" />

<title>[Gen 3] OU: lemoncholy vs. DimmyJean - Replays - Pok&eacute;mon Showdown!</title>

<meta name="description" content="Watch a replay of a Pok&eacute;mon battle between lemoncholy and DimmyJean! Format: [Gen 3] OU; Date: Oct 28, 2024" />
<!--

Hey, you! Looking in the source for the replay log?

You can find them in JSON format, just add `.json` at the end of a replay URL.

https://replay.pokemonshowdown.com/gen7randomdoublesbattle-865046831.json

Or, if you only need the log itself, add `.log` instead:

https://replay.pokemonshowdown.com/gen7randomdoublesbattle-865046831.log

-->

<link rel="stylesheet" href="//pokemonshowdown.com/style/global.css?0.023195364461161105" />
<link rel="stylesheet" href="//play.pokemonshowdown.com/style/font-awesome.css?0.13261647063804238" />
<link rel="stylesheet" href="//play.pokemonshowdown.com/style/battle.css?0.8753245789963631" />
<link rel="stylesheet" href="//play.pokemonshowdown.com/style/utilichart.css?0.8627959624976733" />

<!-- Global site tag (gtag.js) - Google Analytics -->
<script async src="https://www.googletagmanager.com/gtag/js?id=UA-26211653-1"></script>
<script>
  window.dataLayer = window.dataLayer || [];
  function gtag(){dataLayer.push(arguments);}
  gtag('js', new Date());

  gtag('config', 'UA-26211653-1');
</script>
<!-- End Google Analytics -->
<!-- Venatus Ad Manager - Install in <HEAD> of page -->
	<script src="https://hb.vntsm.com/v3/live/ad-manager.min.js" type="text/javascript" data-site-id="642aba63ec9a7b11c3c9c1be" data-mode="scan" async></script>
<!-- / Venatus Ad Manager -->

<style>
	@media (max-width:820px) {
		.battle {
			margin: 0 auto;
		}
		.battle-log {
			margin: 7px auto 0;
			max-width: 640px;
			height: 300px;
			position: static;
		}
	}
	.optgroup {
		display: inline-block;
		line-height: 22px;
		font-size: 10pt;
	}
	.optgroup .button {
		height: 25px;
		padding-top: 0;
		padding-bottom: 0;
	}
	.optgroup button.button {
		padding-left: 12px;
		padding-right: 12px;
	}
	.linklist {
		list-style: none;
		margin: 0.5em 0;
		padding: 0;
	}
	.linklist li {
		padding: 2px 0;
	}
	.sidebar {
		float: left;
		width: 320px;
	}
	.bar-wrapper {
		max-width: 1100px;
		margin: 0 auto;
	}
	.bar-wrapper.has-sidebar {
		max-width: 1430px;
	}
	.mainbar {
		margin: 0;
		padding-right: 1px;
	}
	.mainbar.has-sidebar {
		margin-left: 330px;
	}
	@media (min-width: 1511px) {
		.sidebar {
			width: 400px;
		}
		.bar-wrapper.has-sidebar {
			max-width: 1510px;
		}
		.mainbar.has-sidebar {
			margin-left: 410px;
		}
	}
	.section.first-section {
		margin-top: 9px;
	}
	.blocklink small {
		white-space: normal;
	}
	.button {
		vertical-align: middle;
	}
	.replay-controls {
		padding-top: 10px;
	}
	.replay-controls h1 {
		font-size: 16pt;
		font-weight: normal;
		color: #CCC;
	}
	.pagelink {
		text-align: center;
	}
	.pagelink a {
		width: 150px;
	}
	.textbox, .button {
		font-size: 11pt;
		vertical-align: middle;
	}
	@media (max-width: 450px) {
		.button {
			font-size: 9pt;
		}
	}
</style>

<div>

	<header>
		<div class="nav-wrapper"><ul class="nav">
			<li><a class="button nav-first" href="//pokemonshowdown.com/"><img src="//pokemonshowdown.com/images/pokemonshowdownbeta.png" srcset="//pokemonshowdown.com/images/pokemonshowdownbeta.png 1x, //pokemonshowdown.com/images/pokemonshowdownbeta@2x.png 2x" alt="Pok&eacute;mon Showdown" width="146" height="44" /> Home</a></li>
			<li><a class="button" href="//pokemonshowdown.com/dex/">Pok&eacute;dex</a></li>
			<li><a class="button cur" href="/">Replays</a></li>
			<li><a class="button" href="//pokemonshowdown.com/ladder/">Ladder</a></li>
			<li><a class="button nav-last" href="//pokemonshowdown.com/forums/">Forum</a></li>
			<li><a class="button greenbutton nav-first nav-last" href="//play.pokemonshowdown.com/">Play</a></li>
		</ul></div>
	</header>

	<div class="main" id="main">

		<noscript><section class="section">You need to enable JavaScript to use this page; sorry!</section></noscript>

	</div>

</div>

<script defer nomodule src="//play.pokemonshowdown.com/js/lib/ps-polyfill.js"></script>
<script defer src="//play.pokemonshowdown.com/js/lib/preact.min.js"></script>

<script defer src="//play.pokemonshowdown.com/config/config.js?2bddbc15"></script>
<script defer src="//play.pokemonshowdown.com/js/lib/jquery-1.11.0.min.js"></script>
<script defer src="//play.pokemonshowdown.com/js/lib/html-sanitizer-minified.js"></script>
<script defer src="//play.pokemonshowdown.com/js/battle-sound.js"></script>
<script defer src="//play.pokemonshowdown.com/js/battledata.js?0.7209276989879541"></script>
<script defer src="//play.pokemonshowdown.com/data/pokedex-mini.js?0.6111056340867951"></script>
<script defer src="//play.pokemonshowdown.com/data/pokedex-mini-bw.js?0.3532142036491459"></script>
<script defer src="//play.pokemonshowdown.com/data/graphics.js?0.24223875632456182"></script>
<script defer src="//play.pokemonshowdown.com/data/pokedex.js?0.38839984266356864"></script>
<script defer src="//play.pokemonshowdown.com/data/moves.js?0.21866028504024015"></script>
<script defer src="//play.pokemonshowdown.com/data/abilities.js?0.2005157953846628"></script>
<script defer src="//play.pokemonshowdown.com/data/items.js?0.9894211263848525"></script>
<script defer src="//play.pokemonshowdown.com/data/teambuilder-tables.js?0.6008791140282215"></script>
<script defer src="//play.pokemonshowdown.com/js/battle-tooltips.js?0.7580118955022959"></script>
<script defer src="//play.pokemonshowdown.com/js/battle.js?0.6057722274234274"></script>

<script defer src="js/utils.js?e31f9a17"></script>
<script defer src="js/replays-battle.js?7008c182"></script>

<!-- don't scrape this data! just add .json or .log after the URL!
Full API docs: https://github.com/smogon/pokemon-showdown-client/blob/master/WEB-API.md -->
<script type="text/plain" class="log" id="replaylog-smogtours-gen3ou-803165">
|inactive|Battle timer is ON: inactive players will automatically lose when time's up.
|t:|1730152946
|gametype|singles
|player|p1|lemoncholy|will|
|player|p2|DimmyJean|psychic-gen2|
|teamsize|p1|6
|teamsize|p2|6
|gen|3
|tier|[Gen 3] OU
|rule|Sleep Clause Mod: Limit one foe put to sleep
|rule|Switch Priority Clause Mod: Faster Pokémon switch first
|rule|Species Clause: Limit one of each Pokémon
|rule|OHKO Clause: OHKO moves are banned
|rule|Evasion Items Clause: Evasion items are banned
|rule|Evasion Moves Clause: Evasion moves are banned
|rule|Endless Battle Clause: Forcing endless battles is banned
|rule|HP Percentage Mod: HP is shown in percentages
|rule|One Boost Passer Clause: Limit one Baton Passer that has a way to boost its stats
|rule|Freeze Clause Mod: Limit one foe frozen
|
|t:|1730152946
|start
|switch|p1a: Tyranitar|Tyranitar, F|100/100
|switch|p2a: Zapdos|Zapdos|100/100
|-weather|Sandstorm|[from] ability: Sand Stream|[of] p1a: Tyranitar
|turn|1
|c|☆lemoncholy|glhf
|c|☆DimmyJean|glhf
|
|t:|1730152962
|-singleturn|p1a: Tyranitar|move: Focus Punch
|switch|p2a: Flygon|Flygon, M|100/100
|move|p1a: Tyranitar|Focus Punch|p2a: Flygon
|-damage|p2a: Flygon|50/100
|
|-weather|Sandstorm|[upkeep]
|-heal|p2a: Flygon|56/100|[from] item: Leftovers
|upkeep
|turn|2
|
|t:|1730152975
|switch|p1a: Porygon2|Porygon2|100/100
|-ability|p1a: Porygon2|Levitate|[from] ability: Trace|[of] p2a: Flygon
|move|p2a: Flygon|Toxic|p1a: Porygon2
|-status|p1a: Porygon2|tox
|
|-weather|Sandstorm|[upkeep]
|-damage|p1a: Porygon2|94/100 tox|[from] Sandstorm
|-heal|p2a: Flygon|62/100|[from] item: Leftovers
|-heal|p1a: Porygon2|100/100 tox|[from] item: Leftovers
|-damage|p1a: Porygon2|94/100 tox|[from] psn
|upkeep
|turn|3
|
|t:|1730152994
|switch|p2a: Tyranitar|Tyranitar, F|100/100
|move|p1a: Porygon2|Ice Beam|p2a: Tyranitar
|-damage|p2a: Tyranitar|80/100
|
|-weather|Sandstorm|[upkeep]
|-damage|p1a: Porygon2|88/100 tox|[from] Sandstorm
|-heal|p1a: Porygon2|94/100 tox|[from] item: Leftovers
|-damage|p1a: Porygon2|82/100 tox|[from] psn
|upkeep
|turn|4
|
|t:|1730153003
|switch|p1a: Flygon|Flygon, M|100/100
|move|p2a: Tyranitar|Dragon Dance|p2a: Tyranitar
|-boost|p2a: Tyranitar|atk|1
|-boost|p2a: Tyranitar|spe|1
|
|-weather|Sandstorm|[upkeep]
|upkeep
|turn|5
|
|t:|1730153010
|switch|p2a: Skarmory|Skarmory, M|100/100
|move|p1a: Flygon|Earthquake|p2a: Skarmory
|-immune|p2a: Skarmory
|
|-weather|Sandstorm|[upkeep]
|upkeep
|turn|6
|
|t:|1730153017
|switch|p1a: Starmie|Starmie|100/100
|move|p2a: Skarmory|Spikes|p1a: Starmie
|-sidestart|p1: lemoncholy|Spikes
|
|-weather|Sandstorm|[upkeep]
|-damage|p1a: Starmie|94/100|[from] Sandstorm
|-heal|p1a: Starmie|100/100|[from] item: Leftovers
|upkeep
|turn|7
|
|t:|1730153025
|switch|p2a: Zapdos|Zapdos|100/100
|move|p1a: Starmie|Surf|p2a: Zapdos
|-damage|p2a: Zapdos|78/100
|
|-weather|Sandstorm|[upkeep]
|-damage|p1a: Starmie|94/100|[from] Sandstorm
|-damage|p2a: Zapdos|72/100|[from] Sandstorm
|-heal|p1a: Starmie|100/100|[from] item: Leftovers
|-heal|p2a: Zapdos|78/100|[from] item: Leftovers
|upkeep
|turn|8
|
|t:|1730153036
|switch|p1a: Flygon|Flygon, M|100/100
|move|p2a: Zapdos|Thunderbolt|p1a: Flygon
|-immune|p1a: Flygon
|
|-weather|Sandstorm|[upkeep]
|-damage|p2a: Zapdos|72/100|[from] Sandstorm
|-heal|p2a: Zapdos|78/100|[from] item: Leftovers
|upkeep
|turn|9
|
|t:|1730153053
|switch|p1a: Jirachi|Jirachi|100/100
|-damage|p1a: Jirachi|88/100|[from] Spikes
|switch|p2a: Skarmory|Skarmory, M|100/100
|
|-weather|Sandstorm|[upkeep]
|-heal|p1a: Jirachi|94/100|[from] item: Leftovers
|upkeep
|turn|10
|
|t:|1730153061
|move|p1a: Jirachi|Calm Mind|p1a: Jirachi
|-boost|p1a: Jirachi|spa|1
|-boost|p1a: Jirachi|spd|1
|move|p2a: Skarmory|Spikes|p1a: Jirachi
|-sidestart|p1: lemoncholy|Spikes
|
|-weather|Sandstorm|[upkeep]
|-heal|p1a: Jirachi|100/100|[from] item: Leftovers
|upkeep
|turn|11
|
|t:|1730153067
|move|p1a: Jirachi|Thunderbolt|p2a: Skarmory
|-supereffective|p2a: Skarmory
|-damage|p2a: Skarmory|31/100
|move|p2a: Skarmory|Roar|p1a: Jirachi
|drag|p1a: Starmie|Starmie|100/100
|-damage|p1a: Starmie|84/100|[from] Spikes
|
|-weather|Sandstorm|[upkeep]
|-damage|p1a: Starmie|78/100|[from] Sandstorm
|-heal|p1a: Starmie|84/100|[from] item: Leftovers
|-heal|p2a: Skarmory|37/100|[from] item: Leftovers
|upkeep
|turn|12
|
|t:|1730153090
|switch|p2a: Jirachi|Jirachi|100/100
|move|p1a: Starmie|Rapid Spin|p2a: Jirachi
|-resisted|p2a: Jirachi
|-damage|p2a: Jirachi|99/100
|-sideend|p1: lemoncholy|Spikes|[from] move: Rapid Spin|[of] p1a: Starmie
|
|-weather|Sandstorm|[upkeep]
|-damage|p1a: Starmie|78/100|[from] Sandstorm
|-heal|p1a: Starmie|84/100|[from] item: Leftovers
|-heal|p2a: Jirachi|100/100|[from] item: Leftovers
|upkeep
|turn|13
|
|t:|1730153095
|move|p1a: Starmie|Thunder Wave|p2a: Jirachi
|-status|p2a: Jirachi|par
|move|p2a: Jirachi|Wish|p2a: Jirachi
|
|-weather|Sandstorm|[upkeep]
|-damage|p1a: Starmie|78/100|[from] Sandstorm
|-heal|p1a: Starmie|84/100|[from] item: Leftovers
|upkeep
|turn|14
|
|t:|1730153109
|switch|p2a: Flygon|Flygon, M|62/100
|move|p1a: Starmie|Surf|p2a: Flygon
|-damage|p2a: Flygon|25/100
|
|-heal|p2a: Flygon|75/100|[from] move: Wish|[wisher] Jirachi
|-weather|Sandstorm|[upkeep]
|-damage|p1a: Starmie|78/100|[from] Sandstorm
|-heal|p1a: Starmie|84/100|[from] item: Leftovers
|-heal|p2a: Flygon|81/100|[from] item: Leftovers
|upkeep
|turn|15
|
|t:|1730153120
|move|p1a: Starmie|Surf|p2a: Flygon
|-damage|p2a: Flygon|47/100
|move|p2a: Flygon|Toxic|p1a: Starmie
|-status|p1a: Starmie|tox
|
|-weather|Sandstorm|[upkeep]
|-damage|p1a: Starmie|78/100 tox|[from] Sandstorm
|-heal|p1a: Starmie|84/100 tox|[from] item: Leftovers
|-damage|p1a: Starmie|78/100 tox|[from] psn
|-heal|p2a: Flygon|53/100|[from] item: Leftovers
|upkeep
|turn|16
|
|t:|1730153137
|-curestatus|p1a: Starmie|tox|[from] ability: Natural Cure
|switch|p1a: Porygon2|Porygon2|82/100 tox
|-ability|p1a: Porygon2|Levitate|[from] ability: Trace|[of] p2a: Flygon
|move|p2a: Flygon|Protect||[still]
|-fail|p2a: Flygon
|
|-weather|Sandstorm|[upkeep]
|-damage|p1a: Porygon2|76/100 tox|[from] Sandstorm
|-heal|p2a: Flygon|59/100|[from] item: Leftovers
|-heal|p1a: Porygon2|82/100 tox|[from] item: Leftovers
|-damage|p1a: Porygon2|76/100 tox|[from] psn
|upkeep
|turn|17
|
|t:|1730153146
|switch|p2a: Jirachi|Jirachi|100/100 par
|move|p1a: Porygon2|Recover|p1a: Porygon2
|-heal|p1a: Porygon2|100/100 tox
|
|-weather|Sandstorm|[upkeep]
|-damage|p1a: Porygon2|94/100 tox|[from] Sandstorm
|-heal|p1a: Porygon2|100/100 tox|[from] item: Leftovers
|-damage|p1a: Porygon2|88/100 tox|[from] psn
|upkeep
|turn|18
|
|t:|1730153159
|switch|p1a: Jirachi|Jirachi|100/100
|move|p2a: Jirachi|Fire Punch|p1a: Jirachi
|-supereffective|p1a: Jirachi
|-damage|p1a: Jirachi|72/100
|
|-weather|Sandstorm|[upkeep]
|-heal|p1a: Jirachi|78/100|[from] item: Leftovers
|upkeep
|turn|19
|
|t:|1730153180
|move|p1a: Jirachi|Calm Mind|p1a: Jirachi
|-boost|p1a: Jirachi|spa|1
|-boost|p1a: Jirachi|spd|1
|move|p2a: Jirachi|Wish|p2a: Jirachi
|
|-weather|Sandstorm|[upkeep]
|-heal|p1a: Jirachi|85/100|[from] item: Leftovers
|upkeep
|turn|20
|
|t:|1730153191
|switch|p2a: Tyranitar|Tyranitar, F|80/100
|move|p1a: Jirachi|Substitute|p1a: Jirachi
|-start|p1a: Jirachi|Substitute
|-damage|p1a: Jirachi|60/100
|
|-heal|p2a: Tyranitar|100/100|[from] move: Wish|[wisher] Jirachi
|-weather|Sandstorm|[upkeep]
|-heal|p1a: Jirachi|66/100|[from] item: Leftovers
|upkeep
|turn|21
|
|t:|1730153202
|move|p1a: Jirachi|Thunderbolt|p2a: Tyranitar
|-damage|p2a: Tyranitar|63/100
|move|p2a: Tyranitar|Earthquake|p1a: Jirachi
|-supereffective|p1a: Jirachi
|-end|p1a: Jirachi|Substitute
|
|-weather|Sandstorm|[upkeep]
|-heal|p1a: Jirachi|72/100|[from] item: Leftovers
|upkeep
|turn|22
|
|t:|1730153220
|switch|p1a: Flygon|Flygon, M|100/100
|switch|p2a: Skarmory|Skarmory, M|37/100
|
|-weather|Sandstorm|[upkeep]
|-heal|p2a: Skarmory|43/100|[from] item: Leftovers
|upkeep
|turn|23
|
|t:|1730153229
|switch|p1a: Houndoom|Houndoom, M|100/100
|switch|p2a: Zapdos|Zapdos|78/100
|
|-weather|Sandstorm|[upkeep]
|-damage|p1a: Houndoom|94/100|[from] Sandstorm
|-damage|p2a: Zapdos|72/100|[from] Sandstorm
|-heal|p1a: Houndoom|100/100|[from] item: Leftovers
|-heal|p2a: Zapdos|78/100|[from] item: Leftovers
|upkeep
|turn|24
|
|t:|1730153242
|switch|p1a: Flygon|Flygon, M|100/100
|move|p2a: Zapdos|Thunder Wave|p1a: Flygon
|-immune|p1a: Flygon
|
|-weather|Sandstorm|[upkeep]
|-damage|p2a: Zapdos|72/100|[from] Sandstorm
|-heal|p2a: Zapdos|78/100|[from] item: Leftovers
|upkeep
|turn|25
|
|t:|1730153254
|switch|p2a: Flygon|Flygon, M|59/100
|move|p1a: Flygon|Rock Slide|p2a: Flygon
|-resisted|p2a: Flygon
|-damage|p2a: Flygon|50/100
|
|-weather|Sandstorm|[upkeep]
|-heal|p2a: Flygon|56/100|[from] item: Leftovers
|upkeep
|turn|26
|
|t:|1730153263
|move|p1a: Flygon|Substitute|p1a: Flygon
|-start|p1a: Flygon|Substitute
|-damage|p1a: Flygon|76/100
|move|p2a: Flygon|Toxic||[still]
|-fail|p2a: Flygon
|
|-weather|Sandstorm|[upkeep]
|-heal|p1a: Flygon|82/100|[from] item: Leftovers
|-heal|p2a: Flygon|62/100|[from] item: Leftovers
|upkeep
|turn|27
|
|t:|1730153279
|move|p2a: Flygon|Protect|p2a: Flygon
|-singleturn|p2a: Flygon|Protect
|move|p1a: Flygon|Rock Slide|p2a: Flygon
|-activate|p2a: Flygon|Protect
|
|-weather|Sandstorm|[upkeep]
|-heal|p1a: Flygon|88/100|[from] item: Leftovers
|-heal|p2a: Flygon|68/100|[from] item: Leftovers
|upkeep
|turn|28
|inactive|DimmyJean has 270 seconds left.
|
|t:|1730153308
|switch|p2a: Skarmory|Skarmory, M|43/100
|move|p1a: Flygon|Rock Slide|p2a: Skarmory
|-damage|p2a: Skarmory|27/100
|
|-weather|Sandstorm|[upkeep]
|-heal|p1a: Flygon|94/100|[from] item: Leftovers
|-heal|p2a: Skarmory|33/100|[from] item: Leftovers
|upkeep
|turn|29
|inactive|DimmyJean has 270 seconds left.
|
|t:|1730153321
|move|p2a: Skarmory|Protect|p2a: Skarmory
|-singleturn|p2a: Skarmory|Protect
|move|p1a: Flygon|Rock Slide|p2a: Skarmory
|-activate|p2a: Skarmory|Protect
|
|-weather|Sandstorm|[upkeep]
|-heal|p1a: Flygon|99/100|[from] item: Leftovers
|-heal|p2a: Skarmory|39/100|[from] item: Leftovers
|upkeep
|turn|30
|
|t:|1730153326
|move|p1a: Flygon|Rock Slide|p2a: Skarmory
|-damage|p2a: Skarmory|22/100
|cant|p2a: Skarmory|flinch
|
|-weather|Sandstorm|[upkeep]
|-heal|p1a: Flygon|100/100|[from] item: Leftovers
|-heal|p2a: Skarmory|28/100|[from] item: Leftovers
|upkeep
|turn|31
|
|t:|1730153332
|switch|p1a: Jirachi|Jirachi|72/100
|move|p2a: Skarmory|Protect||[still]
|-fail|p2a: Skarmory
|
|-weather|Sandstorm|[upkeep]
|-heal|p1a: Jirachi|78/100|[from] item: Leftovers
|-heal|p2a: Skarmory|34/100|[from] item: Leftovers
|upkeep
|turn|32
|
|t:|1730153346
|switch|p2a: Jirachi|Jirachi|100/100 par
|move|p1a: Jirachi|Ice Punch|p2a: Jirachi
|-resisted|p2a: Jirachi
|-damage|p2a: Jirachi|94/100 par
|
|-weather|Sandstorm|[upkeep]
|-heal|p1a: Jirachi|84/100|[from] item: Leftovers
|-heal|p2a: Jirachi|99/100 par|[from] item: Leftovers
|upkeep
|turn|33
|
|t:|1730153356
|move|p1a: Jirachi|Calm Mind|p1a: Jirachi
|-boost|p1a: Jirachi|spa|1
|-boost|p1a: Jirachi|spd|1
|move|p2a: Jirachi|Body Slam|p1a: Jirachi
|-resisted|p1a: Jirachi
|-crit|p1a: Jirachi
|-damage|p1a: Jirachi|70/100
|
|-weather|Sandstorm|[upkeep]
|-heal|p1a: Jirachi|76/100|[from] item: Leftovers
|-heal|p2a: Jirachi|100/100 par|[from] item: Leftovers
|upkeep
|turn|34
|
|t:|1730153364
|move|p1a: Jirachi|Substitute|p1a: Jirachi
|-start|p1a: Jirachi|Substitute
|-damage|p1a: Jirachi|51/100
|move|p2a: Jirachi|Fire Punch|p1a: Jirachi
|-supereffective|p1a: Jirachi
|-activate|p1a: Jirachi|Substitute|[damage]
|
|-weather|Sandstorm|[upkeep]
|-heal|p1a: Jirachi|57/100|[from] item: Leftovers
|upkeep
|turn|35
|
|t:|1730153368
|move|p1a: Jirachi|Thunderbolt|p2a: Jirachi
|-damage|p2a: Jirachi|75/100 par
|cant|p2a: Jirachi|par
|
|-weather|Sandstorm|[upkeep]
|-heal|p1a: Jirachi|63/100|[from] item: Leftovers
|-heal|p2a: Jirachi|81/100 par|[from] item: Leftovers
|upkeep
|turn|36
|
|t:|1730153373
|move|p1a: Jirachi|Thunderbolt|p2a: Jirachi
|-damage|p2a: Jirachi|55/100 par
|move|p2a: Jirachi|Fire Punch|p1a: Jirachi
|-supereffective|p1a: Jirachi
|-end|p1a: Jirachi|Substitute
|
|-weather|Sandstorm|[upkeep]
|-heal|p1a: Jirachi|69/100|[from] item: Leftovers
|-heal|p2a: Jirachi|61/100 par|[from] item: Leftovers
|upkeep
|turn|37
|
|t:|1730153380
|move|p1a: Jirachi|Thunderbolt|p2a: Jirachi
|-damage|p2a: Jirachi|35/100 par
|cant|p2a: Jirachi|par
|
|-weather|Sandstorm|[upkeep]
|-heal|p1a: Jirachi|75/100|[from] item: Leftovers
|-heal|p2a: Jirachi|41/100 par|[from] item: Leftovers
|upkeep
|turn|38
|
|t:|1730153387
|move|p1a: Jirachi|Substitute|p1a: Jirachi
|-start|p1a: Jirachi|Substitute
|-damage|p1a: Jirachi|50/100
|cant|p2a: Jirachi|par
|
|-weather|Sandstorm|[upkeep]
|-heal|p1a: Jirachi|57/100|[from] item: Leftovers
|-heal|p2a: Jirachi|47/100 par|[from] item: Leftovers
|upkeep
|turn|39
|
|t:|1730153392
|move|p1a: Jirachi|Calm Mind|p1a: Jirachi
|-boost|p1a: Jirachi|spa|1
|-boost|p1a: Jirachi|spd|1
|move|p2a: Jirachi|Wish|p2a: Jirachi
|
|-weather|Sandstorm|[upkeep]
|-heal|p1a: Jirachi|63/100|[from] item: Leftovers
|-heal|p2a: Jirachi|53/100 par|[from] item: Leftovers
|upkeep
|turn|40
|
|t:|1730153398
|switch|p2a: Zapdos|Zapdos|78/100
|move|p1a: Jirachi|Thunderbolt|p2a: Zapdos
|-damage|p2a: Zapdos|45/100
|
|-heal|p2a: Zapdos|95/100|[from] move: Wish|[wisher] Jirachi
|-weather|Sandstorm|[upkeep]
|-damage|p2a: Zapdos|89/100|[from] Sandstorm
|-heal|p1a: Jirachi|69/100|[from] item: Leftovers
|-heal|p2a: Zapdos|95/100|[from] item: Leftovers
|upkeep
|turn|41
|
|t:|1730153407
|move|p1a: Jirachi|Ice Punch|p2a: Zapdos
|-supereffective|p2a: Zapdos
|-damage|p2a: Zapdos|40/100
|move|p2a: Zapdos|Roar|p1a: Jirachi
|drag|p1a: Houndoom|Houndoom, M|100/100
|
|-weather|Sandstorm|[upkeep]
|-damage|p1a: Houndoom|94/100|[from] Sandstorm
|-damage|p2a: Zapdos|34/100|[from] Sandstorm
|-heal|p1a: Houndoom|100/100|[from] item: Leftovers
|-heal|p2a: Zapdos|40/100|[from] item: Leftovers
|upkeep
|turn|42
|
|t:|1730153437
|switch|p1a: Flygon|Flygon, M|100/100
|switch|p2a: Aerodactyl|Aerodactyl, M|100/100
|
|-weather|Sandstorm|[upkeep]
|upkeep
|turn|43
|
|t:|1730153445
|move|p2a: Aerodactyl|Double-Edge|p1a: Flygon
|-damage|p1a: Flygon|32/100
|move|p1a: Flygon|Rock Slide|p2a: Aerodactyl
|-supereffective|p2a: Aerodactyl
|-damage|p2a: Aerodactyl|27/100
|
|-weather|Sandstorm|[upkeep]
|-heal|p1a: Flygon|38/100|[from] item: Leftovers
|upkeep
|turn|44
|
|t:|1730153454
|switch|p1a: Tyranitar|Tyranitar, F|100/100
|move|p2a: Aerodactyl|Double-Edge|p1a: Tyranitar
|-resisted|p1a: Tyranitar
|-damage|p1a: Tyranitar|81/100
|
|-weather|Sandstorm|[upkeep]
|-heal|p1a: Tyranitar|87/100|[from] item: Leftovers
|upkeep
|turn|45
|
|t:|1730153473
|-singleturn|p1a: Tyranitar|move: Focus Punch
|switch|p2a: Skarmory|Skarmory, M|34/100
|move|p1a: Tyranitar|Focus Punch|p2a: Skarmory
|-damage|p2a: Skarmory|0 fnt
|faint|p2a: Skarmory
|
|t:|1730153490
|switch|p2a: Flygon|Flygon, M|68/100
|
|-weather|Sandstorm|[upkeep]
|-heal|p2a: Flygon|74/100|[from] item: Leftovers
|-heal|p1a: Tyranitar|94/100|[from] item: Leftovers
|upkeep
|turn|46
|inactive|DimmyJean has 270 seconds left.
|
|t:|1730153507
|switch|p1a: Porygon2|Porygon2|88/100 tox
|-ability|p1a: Porygon2|Levitate|[from] ability: Trace|[of] p2a: Flygon
|move|p2a: Flygon|Protect||[still]
|-fail|p2a: Flygon
|
|-weather|Sandstorm|[upkeep]
|-damage|p1a: Porygon2|82/100 tox|[from] Sandstorm
|-heal|p2a: Flygon|80/100|[from] item: Leftovers
|-heal|p1a: Porygon2|88/100 tox|[from] item: Leftovers
|-damage|p1a: Porygon2|82/100 tox|[from] psn
|upkeep
|turn|47
|inactive|DimmyJean has 270 seconds left.
|
|t:|1730153518
|switch|p2a: Jirachi|Jirachi|53/100 par
|switch|p1a: Flygon|Flygon, M|38/100
|
|-weather|Sandstorm|[upkeep]
|-heal|p1a: Flygon|44/100|[from] item: Leftovers
|-heal|p2a: Jirachi|59/100 par|[from] item: Leftovers
|upkeep
|turn|48
|
|t:|1730153526
|switch|p2a: Zapdos|Zapdos|40/100
|move|p1a: Flygon|Earthquake|p2a: Zapdos
|-immune|p2a: Zapdos
|
|-weather|Sandstorm|[upkeep]
|-damage|p2a: Zapdos|34/100|[from] Sandstorm
|-heal|p1a: Flygon|50/100|[from] item: Leftovers
|-heal|p2a: Zapdos|40/100|[from] item: Leftovers
|upkeep
|turn|49
|
|t:|1730153540
|move|p1a: Flygon|Rock Slide|p2a: Zapdos
|-supereffective|p2a: Zapdos
|-damage|p2a: Zapdos|0 fnt
|faint|p2a: Zapdos
|
|t:|1730153542
|switch|p2a: Aerodactyl|Aerodactyl, M|27/100
|
|-weather|Sandstorm|[upkeep]
|-heal|p1a: Flygon|56/100|[from] item: Leftovers
|upkeep
|turn|50
|
|t:|1730153554
|switch|p1a: Porygon2|Porygon2|82/100 tox
|-ability|p1a: Porygon2|Rock Head|[from] ability: Trace|[of] p2a: Aerodactyl
|move|p2a: Aerodactyl|Earthquake|p1a: Porygon2
|-damage|p1a: Porygon2|47/100 tox
|
|-weather|Sandstorm|[upkeep]
|-damage|p1a: Porygon2|41/100 tox|[from] Sandstorm
|-heal|p1a: Porygon2|47/100 tox|[from] item: Leftovers
|-damage|p1a: Porygon2|41/100 tox|[from] psn
|upkeep
|turn|51
|
|t:|1730153572
|switch|p2a: Tyranitar|Tyranitar, F|63/100
|switch|p1a: Flygon|Flygon, M|56/100
|
|-weather|Sandstorm|[upkeep]
|-heal|p1a: Flygon|62/100|[from] item: Leftovers
|upkeep
|turn|52
|inactive|DimmyJean has 270 seconds left.
|
|t:|1730153595
|move|p1a: Flygon|Substitute|p1a: Flygon
|-start|p1a: Flygon|Substitute
|-damage|p1a: Flygon|37/100
|move|p2a: Tyranitar|Dragon Dance|p2a: Tyranitar
|-boost|p2a: Tyranitar|atk|1
|-boost|p2a: Tyranitar|spe|1
|
|-weather|Sandstorm|[upkeep]
|-heal|p1a: Flygon|43/100|[from] item: Leftovers
|upkeep
|turn|53
|
|t:|1730153600
|move|p2a: Tyranitar|Rock Slide|p1a: Flygon
|-resisted|p1a: Flygon
|-end|p1a: Flygon|Substitute
|move|p1a: Flygon|Earthquake|p2a: Tyranitar
|-supereffective|p2a: Tyranitar
|-damage|p2a: Tyranitar|0 fnt
|faint|p2a: Tyranitar
|
|t:|1730153604
|switch|p2a: Aerodactyl|Aerodactyl, M|27/100
|
|-weather|Sandstorm|[upkeep]
|-heal|p1a: Flygon|49/100|[from] item: Leftovers
|upkeep
|turn|54
|
|t:|1730153611
|switch|p1a: Porygon2|Porygon2|41/100 tox
|-ability|p1a: Porygon2|Rock Head|[from] ability: Trace|[of] p2a: Aerodactyl
|move|p2a: Aerodactyl|Double-Edge|p1a: Porygon2
|-damage|p1a: Porygon2|0 fnt
|faint|p1a: Porygon2
|
|t:|1730153619
|switch|p1a: Jirachi|Jirachi|69/100
|
|-weather|Sandstorm|[upkeep]
|-heal|p1a: Jirachi|75/100|[from] item: Leftovers
|upkeep
|turn|55
|
|t:|1730153625
|switch|p2a: Jirachi|Jirachi|59/100 par
|move|p1a: Jirachi|Substitute|p1a: Jirachi
|-start|p1a: Jirachi|Substitute
|-damage|p1a: Jirachi|50/100
|
|-weather|Sandstorm|[upkeep]
|-heal|p1a: Jirachi|56/100|[from] item: Leftovers
|-heal|p2a: Jirachi|66/100 par|[from] item: Leftovers
|upkeep
|turn|56
|
|t:|1730153633
|move|p1a: Jirachi|Calm Mind|p1a: Jirachi
|-boost|p1a: Jirachi|spa|1
|-boost|p1a: Jirachi|spd|1
|move|p2a: Jirachi|Wish|p2a: Jirachi
|
|-weather|Sandstorm|[upkeep]
|-heal|p1a: Jirachi|63/100|[from] item: Leftovers
|-heal|p2a: Jirachi|72/100 par|[from] item: Leftovers
|upkeep
|turn|57
|
|t:|1730153640
|switch|p2a: Aerodactyl|Aerodactyl, M|27/100
|move|p1a: Jirachi|Calm Mind|p1a: Jirachi
|-boost|p1a: Jirachi|spa|1
|-boost|p1a: Jirachi|spd|1
|
|-heal|p2a: Aerodactyl|77/100|[from] move: Wish|[wisher] Jirachi
|-weather|Sandstorm|[upkeep]
|-heal|p1a: Jirachi|69/100|[from] item: Leftovers
|upkeep
|turn|58
|
|t:|1730153645
|move|p2a: Aerodactyl|Earthquake|p1a: Jirachi
|-supereffective|p1a: Jirachi
|-end|p1a: Jirachi|Substitute
|move|p1a: Jirachi|Thunderbolt|p2a: Aerodactyl
|-supereffective|p2a: Aerodactyl
|-damage|p2a: Aerodactyl|0 fnt
|faint|p2a: Aerodactyl
|
|t:|1730153646
|switch|p2a: Flygon|Flygon, M|80/100
|
|-weather|Sandstorm|[upkeep]
|-heal|p1a: Jirachi|75/100|[from] item: Leftovers
|-heal|p2a: Flygon|86/100|[from] item: Leftovers
|upkeep
|turn|59
|
|t:|1730153654
|switch|p1a: Starmie|Starmie|78/100
|move|p2a: Flygon|Earthquake|p1a: Starmie
|-damage|p1a: Starmie|39/100
|
|-weather|Sandstorm|[upkeep]
|-damage|p1a: Starmie|33/100|[from] Sandstorm
|-heal|p1a: Starmie|39/100|[from] item: Leftovers
|-heal|p2a: Flygon|93/100|[from] item: Leftovers
|upkeep
|turn|60
|
|t:|1730153664
|move|p1a: Starmie|Recover|p1a: Starmie
|-heal|p1a: Starmie|89/100
|move|p2a: Flygon|Toxic|p1a: Starmie
|-status|p1a: Starmie|tox
|
|-weather|Sandstorm|[upkeep]
|-damage|p1a: Starmie|83/100 tox|[from] Sandstorm
|-heal|p1a: Starmie|89/100 tox|[from] item: Leftovers
|-damage|p1a: Starmie|83/100 tox|[from] psn
|-heal|p2a: Flygon|99/100|[from] item: Leftovers
|upkeep
|turn|61
|
|t:|1730153676
|move|p1a: Starmie|Surf|p2a: Flygon
|-damage|p2a: Flygon|65/100
|move|p2a: Flygon|Earthquake|p1a: Starmie
|-damage|p1a: Starmie|39/100 tox
|
|-weather|Sandstorm|[upkeep]
|-damage|p1a: Starmie|33/100 tox|[from] Sandstorm
|-heal|p1a: Starmie|39/100 tox|[from] item: Leftovers
|-damage|p1a: Starmie|26/100 tox|[from] psn
|-heal|p2a: Flygon|71/100|[from] item: Leftovers
|upkeep
|turn|62
|
|t:|1730153692
|move|p1a: Starmie|Recover|p1a: Starmie
|-heal|p1a: Starmie|76/100 tox
|move|p2a: Flygon|Earthquake|p1a: Starmie
|-damage|p1a: Starmie|35/100 tox
|
|-weather|Sandstorm|[upkeep]
|-damage|p1a: Starmie|29/100 tox|[from] Sandstorm
|-heal|p1a: Starmie|35/100 tox|[from] item: Leftovers
|-damage|p1a: Starmie|17/100 tox|[from] psn
|-heal|p2a: Flygon|77/100|[from] item: Leftovers
|upkeep
|turn|63
|
|t:|1730153709
|-curestatus|p1a: Starmie|tox|[from] ability: Natural Cure
|switch|p1a: Houndoom|Houndoom, M|100/100
|switch|p2a: Jirachi|Jirachi|72/100 par
|
|-weather|Sandstorm|[upkeep]
|-damage|p1a: Houndoom|94/100|[from] Sandstorm
|-heal|p1a: Houndoom|100/100|[from] item: Leftovers
|-heal|p2a: Jirachi|78/100 par|[from] item: Leftovers
|upkeep
|turn|64
|
|t:|1730153720
|switch|p2a: Flygon|Flygon, M|77/100
|move|p1a: Houndoom|Crunch|p2a: Flygon
|-damage|p2a: Flygon|33/100
|
|-weather|Sandstorm|[upkeep]
|-damage|p1a: Houndoom|94/100|[from] Sandstorm
|-heal|p1a: Houndoom|100/100|[from] item: Leftovers
|-heal|p2a: Flygon|39/100|[from] item: Leftovers
|upkeep
|turn|65
|
|t:|1730153727
|move|p1a: Houndoom|Crunch|p2a: Flygon
|-damage|p2a: Flygon|0 fnt
|faint|p2a: Flygon
|
|t:|1730153730
|switch|p2a: Jirachi|Jirachi|78/100 par
|
|-weather|Sandstorm|[upkeep]
|-damage|p1a: Houndoom|94/100|[from] Sandstorm
|-heal|p1a: Houndoom|100/100|[from] item: Leftovers
|-heal|p2a: Jirachi|84/100 par|[from] item: Leftovers
|upkeep
|turn|66
|
|t:|1730153732
|move|p1a: Houndoom|Flamethrower|p2a: Jirachi
|-supereffective|p2a: Jirachi
|-damage|p2a: Jirachi|17/100 par
|move|p2a: Jirachi|Fire Punch|p1a: Houndoom
|-start|p1a: Houndoom|ability: Flash Fire
|
|-weather|Sandstorm|[upkeep]
|-damage|p1a: Houndoom|94/100|[from] Sandstorm
|-heal|p1a: Houndoom|100/100|[from] item: Leftovers
|-heal|p2a: Jirachi|23/100 par|[from] item: Leftovers
|upkeep
|turn|67
|c|☆DimmyJean|gg
|c|☆lemoncholy|gg
|-message|DimmyJean forfeited.
|
|win|lemoncholy
|player|p2|
|player|p2|DimmyJean|psychic-gen2|
|player|p1|
|player|p1|lemoncholy|will|

</script>
<script type="application/json" class="data" id="replaydata-smogtours-gen3ou-803165">
{"id":"smogtours-gen3ou-803165","format":"[Gen 3] OU","players":["lemoncholy","DimmyJean"],"uploadtime":1730153736,"views":50,"formatid":"gen3ou","rating":null,"private":0,"password":null}
</script>

<script defer src="js/replays.js?9d40a366"></script>
