<!DOCTYPE html>
<meta charset="utf-8" />
<meta name="viewport" content="width=device-width" />

<title>[Gen 3] OU: JCEntrena vs. AirPan - Replays - Pok&eacute;mon Showdown!</title>

<meta name="description" content="Watch a replay of a Pok&eacute;mon battle between JCEntrena and AirPan! Format: [Gen 3] OU; Date: Oct 17, 2024" />
<!--

Hey, you! Looking in the source for the replay log?

You can find them in JSON format, just add `.json` at the end of a replay URL.

https://replay.pokemonshowdown.com/gen7randomdoublesbattle-865046831.json

Or, if you only need the log itself, add `.log` instead:

https://replay.pokemonshowdown.com/gen7randomdoublesbattle-865046831.log

-->

<link rel="stylesheet" href="//pokemonshowdown.com/style/global.css?0.023195364461161105" />
<link rel="stylesheet" href="//play.pokemonshowdown.com/style/font-awesome.css?0.13261647063804238" />
<link rel="stylesheet" href="//play.pokemonshowdown.com/style/battle.css?0.8753245789963631" />
<link rel="stylesheet" href="//play.pokemonshowdown.com/style/utilichart.css?0.8627959624976733" />

<!-- Global site tag (gtag.js) - Google Analytics -->
<script async src="https://www.googletagmanager.com/gtag/js?id=UA-26211653-1"></script>
<script>
  window.dataLayer = window.dataLayer || [];
  function gtag(){dataLayer.push(arguments);}
  gtag('js', new Date());

  gtag('config', 'UA-26211653-1');
</script>
<!-- End Google Analytics -->
<!-- Venatus Ad Manager - Install in <HEAD> of page -->
	<script src="https://hb.vntsm.com/v3/live/ad-manager.min.js" type="text/javascript" data-site-id="642aba63ec9a7b11c3c9c1be" data-mode="scan" async></script>
<!-- / Venatus Ad Manager -->

<style>
	@media (max-width:820px) {
		.battle {
			margin: 0 auto;
		}
		.battle-log {
			margin: 7px auto 0;
			max-width: 640px;
			height: 300px;
			position: static;
		}
	}
	.optgroup {
		display: inline-block;
		line-height: 22px;
		font-size: 10pt;
	}
	.optgroup .button {
		height: 25px;
		padding-top: 0;
		padding-bottom: 0;
	}
	.optgroup button.button {
		padding-left: 12px;
		padding-right: 12px;
	}
	.linklist {
		list-style: none;
		margin: 0.5em 0;
		padding: 0;
	}
	.linklist li {
		padding: 2px 0;
	}
	.sidebar {
		float: left;
		width: 320px;
	}
	.bar-wrapper {
		max-width: 1100px;
		margin: 0 auto;
	}
	.bar-wrapper.has-sidebar {
		max-width: 1430px;
	}
	.mainbar {
		margin: 0;
		padding-right: 1px;
	}
	.mainbar.has-sidebar {
		margin-left: 330px;
	}
	@media (min-width: 1511px) {
		.sidebar {
			width: 400px;
		}
		.bar-wrapper.has-sidebar {
			max-width: 1510px;
		}
		.mainbar.has-sidebar {
			margin-left: 410px;
		}
	}
	.section.first-section {
		margin-top: 9px;
	}
	.blocklink small {
		white-space: normal;
	}
	.button {
		vertical-align: middle;
	}
	.replay-controls {
		padding-top: 10px;
	}
	.replay-controls h1 {
		font-size: 16pt;
		font-weight: normal;
		color: #CCC;
	}
	.pagelink {
		text-align: center;
	}
	.pagelink a {
		width: 150px;
	}
	.textbox, .button {
		font-size: 11pt;
		vertical-align: middle;
	}
	@media (max-width: 450px) {
		.button {
			font-size: 9pt;
		}
	}
</style>

<div>

	<header>
		<div class="nav-wrapper"><ul class="nav">
			<li><a class="button nav-first" href="//pokemonshowdown.com/"><img src="//pokemonshowdown.com/images/pokemonshowdownbeta.png" srcset="//pokemonshowdown.com/images/pokemonshowdownbeta.png 1x, //pokemonshowdown.com/images/pokemonshowdownbeta@2x.png 2x" alt="Pok&eacute;mon Showdown" width="146" height="44" /> Home</a></li>
			<li><a class="button" href="//pokemonshowdown.com/dex/">Pok&eacute;dex</a></li>
			<li><a class="button cur" href="/">Replays</a></li>
			<li><a class="button" href="//pokemonshowdown.com/ladder/">Ladder</a></li>
			<li><a class="button nav-last" href="//pokemonshowdown.com/forums/">Forum</a></li>
			<li><a class="button greenbutton nav-first nav-last" href="//play.pokemonshowdown.com/">Play</a></li>
		</ul></div>
	</header>

	<div class="main" id="main">

		<noscript><section class="section">You need to enable JavaScript to use this page; sorry!</section></noscript>

	</div>

</div>

<script defer nomodule src="//play.pokemonshowdown.com/js/lib/ps-polyfill.js"></script>
<script defer src="//play.pokemonshowdown.com/js/lib/preact.min.js"></script>

<script defer src="//play.pokemonshowdown.com/config/config.js?2bddbc15"></script>
<script defer src="//play.pokemonshowdown.com/js/lib/jquery-1.11.0.min.js"></script>
<script defer src="//play.pokemonshowdown.com/js/lib/html-sanitizer-minified.js"></script>
<script defer src="//play.pokemonshowdown.com/js/battle-sound.js"></script>
<script defer src="//play.pokemonshowdown.com/js/battledata.js?0.7209276989879541"></script>
<script defer src="//play.pokemonshowdown.com/data/pokedex-mini.js?0.6111056340867951"></script>
<script defer src="//play.pokemonshowdown.com/data/pokedex-mini-bw.js?0.3532142036491459"></script>
<script defer src="//play.pokemonshowdown.com/data/graphics.js?0.24223875632456182"></script>
<script defer src="//play.pokemonshowdown.com/data/pokedex.js?0.38839984266356864"></script>
<script defer src="//play.pokemonshowdown.com/data/moves.js?0.21866028504024015"></script>
<script defer src="//play.pokemonshowdown.com/data/abilities.js?0.2005157953846628"></script>
<script defer src="//play.pokemonshowdown.com/data/items.js?0.9894211263848525"></script>
<script defer src="//play.pokemonshowdown.com/data/teambuilder-tables.js?0.6008791140282215"></script>
<script defer src="//play.pokemonshowdown.com/js/battle-tooltips.js?0.7580118955022959"></script>
<script defer src="//play.pokemonshowdown.com/js/battle.js?0.6057722274234274"></script>

<script defer src="js/utils.js?e31f9a17"></script>
<script defer src="js/replays-battle.js?7008c182"></script>

<!-- don't scrape this data! just add .json or .log after the URL!
Full API docs: https://github.com/smogon/pokemon-showdown-client/blob/master/WEB-API.md -->
<script type="text/plain" class="log" id="replaylog-smogtours-gen3ou-799281">
|inactive|Battle timer is ON: inactive players will automatically lose when time's up.
|t:|1729179771
|gametype|singles
|player|p1|JCEntrena|veteran|
|player|p2|AirPan|pokemonrangerf-gen4|
|teamsize|p1|6
|teamsize|p2|6
|gen|3
|tier|[Gen 3] OU
|rule|Sleep Clause Mod: Limit one foe put to sleep
|rule|Switch Priority Clause Mod: Faster Pokémon switch first
|rule|Species Clause: Limit one of each Pokémon
|rule|OHKO Clause: OHKO moves are banned
|rule|Evasion Items Clause: Evasion items are banned
|rule|Evasion Moves Clause: Evasion moves are banned
|rule|Endless Battle Clause: Forcing endless battles is banned
|rule|HP Percentage Mod: HP is shown in percentages
|rule|One Boost Passer Clause: Limit one Baton Passer that has a way to boost its stats
|rule|Freeze Clause Mod: Limit one foe frozen
|
|t:|1729179771
|start
|switch|p1a: Skarmory|Skarmory, M|100/100
|switch|p2a: protex blue|Cloyster, F, shiny|100/100
|turn|1
|
|t:|1729179781
|switch|p2a: hate & war|Gengar, F|100/100
|move|p1a: Skarmory|Spikes|p2a: hate & war
|-sidestart|p2: AirPan|Spikes
|
|upkeep
|turn|2
|
|t:|1729179795
|move|p2a: hate & war|Taunt|p1a: Skarmory
|-start|p1a: Skarmory|move: Taunt
|cant|p1a: Skarmory|move: Taunt|Spikes
|
|upkeep
|turn|3
|
|t:|1729179802
|switch|p1a: Jolteon|Jolteon, F|100/100
|move|p2a: hate & war|Thunderbolt|p1a: Jolteon
|-immune|p1a: Jolteon|[from] ability: Volt Absorb
|
|upkeep
|turn|4
|
|t:|1729179808
|switch|p2a: janie jones|Snorlax, M|100/100
|-damage|p2a: janie jones|88/100|[from] Spikes
|move|p1a: Jolteon|Thunderbolt|p2a: janie jones
|-damage|p2a: janie jones|64/100
|
|-heal|p2a: janie jones|70/100|[from] item: Leftovers
|upkeep
|turn|5
|
|t:|1729179814
|move|p1a: Jolteon|Baton Pass|p1a: Jolteon
|
|t:|1729179819
|switch|p1a: Skarmory|Skarmory, M|100/100|[from] Baton Pass
|move|p2a: janie jones|Body Slam|p1a: Skarmory
|-resisted|p1a: Skarmory
|-damage|p1a: Skarmory|84/100
|-status|p1a: Skarmory|par
|
|-heal|p2a: janie jones|76/100|[from] item: Leftovers
|-heal|p1a: Skarmory|90/100 par|[from] item: Leftovers
|upkeep
|turn|6
|
|t:|1729179826
|switch|p2a: protex blue|Cloyster, F, shiny|100/100
|-damage|p2a: protex blue|88/100|[from] Spikes
|cant|p1a: Skarmory|par
|
|-heal|p2a: protex blue|94/100|[from] item: Leftovers
|-heal|p1a: Skarmory|96/100 par|[from] item: Leftovers
|upkeep
|turn|7
|
|t:|1729179833
|move|p2a: protex blue|Spikes|p1a: Skarmory
|-sidestart|p1: JCEntrena|Spikes
|move|p1a: Skarmory|Roar|p2a: protex blue
|drag|p2a: white riot|Charizard, F, shiny|100/100
|
|-heal|p1a: Skarmory|100/100 par|[from] item: Leftovers
|upkeep
|turn|8
|
|t:|1729179847
|move|p2a: white riot|Fire Blast|p1a: Skarmory
|-supereffective|p1a: Skarmory
|-damage|p1a: Skarmory|0 fnt
|faint|p1a: Skarmory
|
|t:|1729179851
|switch|p1a: Jolteon|Jolteon, F|100/100
|-damage|p1a: Jolteon|88/100|[from] Spikes
|
|-heal|p1a: Jolteon|94/100|[from] item: Leftovers
|upkeep
|turn|9
|
|t:|1729179854
|switch|p2a: janie jones|Snorlax, M|76/100
|-damage|p2a: janie jones|64/100|[from] Spikes
|move|p1a: Jolteon|Thunderbolt|p2a: janie jones
|-damage|p2a: janie jones|38/100
|
|-heal|p1a: Jolteon|99/100|[from] item: Leftovers
|-heal|p2a: janie jones|44/100|[from] item: Leftovers
|upkeep
|turn|10
|
|t:|1729179873
|switch|p1a: Gengar|Gengar, F|100/100
|move|p2a: janie jones|Earthquake|p1a: Gengar
|-immune|p1a: Gengar
|
|-heal|p2a: janie jones|50/100|[from] item: Leftovers
|upkeep
|turn|11
|
|t:|1729179877
|move|p1a: Gengar|Will-O-Wisp|p2a: janie jones|[miss]
|-miss|p1a: Gengar|p2a: janie jones
|move|p2a: janie jones|Shadow Ball|p1a: Gengar
|-supereffective|p1a: Gengar
|-damage|p1a: Gengar|23/100
|
|-heal|p1a: Gengar|29/100|[from] item: Leftovers
|-heal|p2a: janie jones|56/100|[from] item: Leftovers
|upkeep
|turn|12
|
|t:|1729179883
|move|p1a: Gengar|Explosion|p2a: janie jones
|-damage|p2a: janie jones|1/100
|faint|p1a: Gengar
|
|t:|1729179895
|switch|p1a: Aerodactyl|Aerodactyl, M|100/100
|
|-heal|p2a: janie jones|7/100|[from] item: Leftovers
|upkeep
|turn|13
|
|t:|1729179901
|switch|p2a: deny|Flygon, F|100/100
|move|p1a: Aerodactyl|Rock Slide|p2a: deny
|-resisted|p2a: deny
|-damage|p2a: deny|68/100
|
|-heal|p2a: deny|74/100|[from] item: Leftovers
|upkeep
|turn|14
|
|t:|1729179918
|switch|p1a: Swampert|Swampert, M|100/100
|-damage|p1a: Swampert|88/100|[from] Spikes
|move|p2a: deny|Substitute|p2a: deny
|-start|p2a: deny|Substitute
|-damage|p2a: deny|50/100
|
|-heal|p2a: deny|55/100|[from] item: Leftovers
|-heal|p1a: Swampert|94/100|[from] item: Leftovers
|upkeep
|turn|15
|
|t:|1729179923
|move|p2a: deny|Earthquake|p1a: Swampert
|-damage|p1a: Swampert|49/100
|move|p1a: Swampert|Ice Beam|p2a: deny
|-supereffective|p2a: deny
|-end|p2a: deny|Substitute
|
|-heal|p2a: deny|61/100|[from] item: Leftovers
|-heal|p1a: Swampert|55/100|[from] item: Leftovers
|upkeep
|turn|16
|
|t:|1729179935
|switch|p2a: protex blue|Cloyster, F, shiny|94/100
|-damage|p2a: protex blue|82/100|[from] Spikes
|move|p1a: Swampert|Hydro Pump|p2a: protex blue
|-resisted|p2a: protex blue
|-damage|p2a: protex blue|51/100
|
|-heal|p1a: Swampert|61/100|[from] item: Leftovers
|-heal|p2a: protex blue|57/100|[from] item: Leftovers
|upkeep
|turn|17
|
|t:|1729179961
|-singleturn|p1a: Swampert|move: Focus Punch
|move|p2a: protex blue|Spikes|p1a: Swampert
|-sidestart|p1: JCEntrena|Spikes
|move|p1a: Swampert|Focus Punch|p2a: protex blue
|-supereffective|p2a: protex blue
|-damage|p2a: protex blue|9/100
|
|-heal|p1a: Swampert|68/100|[from] item: Leftovers
|-heal|p2a: protex blue|15/100|[from] item: Leftovers
|upkeep
|turn|18
|inactive|JCEntrena has 270 seconds left.
|
|t:|1729179977
|move|p1a: Swampert|Earthquake|p2a: protex blue
|-damage|p2a: protex blue|0 fnt
|faint|p2a: protex blue
|
|t:|1729179988
|switch|p2a: white riot|Charizard, F, shiny|100/100
|
|-heal|p1a: Swampert|74/100|[from] item: Leftovers
|upkeep
|turn|19
|inactive|JCEntrena has 270 seconds left.
|
|t:|1729180006
|switch|p1a: Aerodactyl|Aerodactyl, M|100/100
|move|p2a: white riot|Substitute|p2a: white riot
|-start|p2a: white riot|Substitute
|-damage|p2a: white riot|75/100
|
|upkeep
|turn|20
|
|t:|1729180016
|move|p1a: Aerodactyl|Rock Slide|p2a: white riot
|-supereffective|p2a: white riot
|-end|p2a: white riot|Substitute
|move|p2a: white riot|Dragon Claw|p1a: Aerodactyl
|-damage|p1a: Aerodactyl|66/100
|
|upkeep
|turn|21
|
|t:|1729180029
|switch|p2a: janie jones|Snorlax, M|7/100
|-damage|p2a: janie jones|0 fnt|[from] Spikes
|faint|p2a: janie jones
|
|t:|1729180034
|switch|p2a: deny|Flygon, F|61/100
|
|-heal|p2a: deny|67/100|[from] item: Leftovers
|upkeep
|turn|22
|
|t:|1729180042
|move|p1a: Aerodactyl|Rock Slide|p2a: deny
|-resisted|p2a: deny
|-crit|p2a: deny
|-damage|p2a: deny|3/100
|move|p2a: deny|Rock Slide|p1a: Aerodactyl
|-supereffective|p1a: Aerodactyl
|-damage|p1a: Aerodactyl|0 fnt
|faint|p1a: Aerodactyl
|inactive|JCEntrena has 270 seconds left.
|
|t:|1729180068
|switch|p1a: Jolteon|Jolteon, F|99/100
|-damage|p1a: Jolteon|84/100|[from] Spikes
|
|-heal|p1a: Jolteon|89/100|[from] item: Leftovers
|-heal|p2a: deny|9/100|[from] item: Leftovers
|upkeep
|turn|23
|inactive|JCEntrena has 270 seconds left.
|
|t:|1729180080
|move|p1a: Jolteon|Hidden Power|p2a: deny
|-damage|p2a: deny|0 fnt
|faint|p2a: deny
|
|t:|1729180088
|switch|p2a: hate & war|Gengar, F|100/100
|
|-heal|p1a: Jolteon|95/100|[from] item: Leftovers
|upkeep
|turn|24
|
|t:|1729180092
|move|p1a: Jolteon|Thunderbolt|p2a: hate & war
|-damage|p2a: hate & war|46/100
|move|p2a: hate & war|Hypnosis|p1a: Jolteon
|-status|p1a: Jolteon|slp|[from] move: Hypnosis
|
|-heal|p1a: Jolteon|100/100 slp|[from] item: Leftovers
|-heal|p2a: hate & war|52/100|[from] item: Leftovers
|upkeep
|turn|25
|
|t:|1729180103
|switch|p1a: Swampert|Swampert, M|74/100
|-damage|p1a: Swampert|57/100|[from] Spikes
|move|p2a: hate & war|Ice Punch|p1a: Swampert
|-damage|p1a: Swampert|30/100
|
|-heal|p2a: hate & war|58/100|[from] item: Leftovers
|-heal|p1a: Swampert|36/100|[from] item: Leftovers
|upkeep
|turn|26
|
|t:|1729180114
|switch|p1a: Jolteon|Jolteon, F|100/100 slp
|-damage|p1a: Jolteon|84/100 slp|[from] Spikes
|move|p2a: hate & war|Ice Punch|p1a: Jolteon
|-damage|p1a: Jolteon|56/100 slp
|
|-heal|p1a: Jolteon|62/100 slp|[from] item: Leftovers
|-heal|p2a: hate & war|64/100|[from] item: Leftovers
|upkeep
|turn|27
|
|t:|1729180120
|cant|p1a: Jolteon|slp
|move|p2a: hate & war|Ice Punch|p1a: Jolteon
|-damage|p1a: Jolteon|33/100 slp
|
|-heal|p1a: Jolteon|39/100 slp|[from] item: Leftovers
|-heal|p2a: hate & war|71/100|[from] item: Leftovers
|upkeep
|turn|28
|
|t:|1729180124
|-curestatus|p1a: Jolteon|slp|[msg]
|move|p1a: Jolteon|Thunderbolt|p2a: hate & war
|-damage|p2a: hate & war|17/100
|move|p2a: hate & war|Ice Punch|p1a: Jolteon
|-damage|p1a: Jolteon|10/100
|-status|p1a: Jolteon|frz
|
|-heal|p1a: Jolteon|16/100 frz|[from] item: Leftovers
|-heal|p2a: hate & war|23/100|[from] item: Leftovers
|upkeep
|turn|29
|c|☆AirPan|sorry
|
|t:|1729180135
|cant|p1a: Jolteon|frz
|move|p2a: hate & war|Ice Punch|p1a: Jolteon
|-damage|p1a: Jolteon|0 fnt
|faint|p1a: Jolteon
|c|☆JCEntrena|nw
|inactive|JCEntrena has 270 seconds left.
|inactive|JCEntrena has 240 seconds left.
|
|t:|1729180200
|switch|p1a: Metagross|Metagross|100/100
|-damage|p1a: Metagross|84/100|[from] Spikes
|
|-heal|p2a: hate & war|29/100|[from] item: Leftovers
|-heal|p1a: Metagross|90/100|[from] item: Leftovers
|upkeep
|turn|30
|
|t:|1729180209
|move|p2a: hate & war|Thunderbolt|p1a: Metagross
|-damage|p1a: Metagross|63/100
|move|p1a: Metagross|Agility|p1a: Metagross
|-boost|p1a: Metagross|spe|2
|
|-heal|p1a: Metagross|69/100|[from] item: Leftovers
|-heal|p2a: hate & war|35/100|[from] item: Leftovers
|upkeep
|turn|31
|
|t:|1729180215
|move|p1a: Metagross|Meteor Mash|p2a: hate & war
|-damage|p2a: hate & war|0 fnt
|faint|p2a: hate & war
|
|t:|1729180219
|switch|p2a: white riot|Charizard, F, shiny|75/100
|
|-heal|p1a: Metagross|75/100|[from] item: Leftovers
|upkeep
|turn|32
|
|t:|1729180224
|move|p1a: Metagross|Explosion|p2a: white riot
|-damage|p2a: white riot|0 fnt
|faint|p1a: Metagross
|faint|p2a: white riot
|
|t:|1729180228
|switch|p2a: police & thieves|Aerodactyl, F|100/100
|switch|p1a: Swampert|Swampert, M|36/100
|-damage|p1a: Swampert|20/100|[from] Spikes
|
|-heal|p1a: Swampert|26/100|[from] item: Leftovers
|upkeep
|turn|33
|c|☆AirPan|gg
|c|☆JCEntrena|gg
|
|t:|1729180248
|move|p2a: police & thieves|Double-Edge|p1a: Swampert
|-damage|p1a: Swampert|0 fnt
|faint|p1a: Swampert
|
|win|AirPan

</script>
<script type="application/json" class="data" id="replaydata-smogtours-gen3ou-799281">
{"id":"smogtours-gen3ou-799281","format":"[Gen 3] OU","players":["JCEntrena","AirPan"],"uploadtime":1729180248,"views":82,"formatid":"gen3ou","rating":null,"private":0,"password":null}
</script>

<script defer src="js/replays.js?9d40a366"></script>
