<!DOCTYPE html>
<meta charset="utf-8" />
<meta name="viewport" content="width=device-width" />

<title>[Gen 3] OU: Peppeppeia vs. Glick666 - Replays - Pok&eacute;mon Showdown!</title>

<meta name="description" content="Watch a replay of a Pok&eacute;mon battle between Peppeppeia and Glick666! Format: [Gen 3] OU; Date: Oct 7, 2024" />
<!--

Hey, you! Looking in the source for the replay log?

You can find them in JSON format, just add `.json` at the end of a replay URL.

https://replay.pokemonshowdown.com/gen7randomdoublesbattle-865046831.json

Or, if you only need the log itself, add `.log` instead:

https://replay.pokemonshowdown.com/gen7randomdoublesbattle-865046831.log

-->

<link rel="stylesheet" href="//pokemonshowdown.com/style/global.css?0.023195364461161105" />
<link rel="stylesheet" href="//play.pokemonshowdown.com/style/font-awesome.css?0.13261647063804238" />
<link rel="stylesheet" href="//play.pokemonshowdown.com/style/battle.css?0.8753245789963631" />
<link rel="stylesheet" href="//play.pokemonshowdown.com/style/utilichart.css?0.8627959624976733" />

<!-- Global site tag (gtag.js) - Google Analytics -->
<script async src="https://www.googletagmanager.com/gtag/js?id=UA-26211653-1"></script>
<script>
  window.dataLayer = window.dataLayer || [];
  function gtag(){dataLayer.push(arguments);}
  gtag('js', new Date());

  gtag('config', 'UA-26211653-1');
</script>
<!-- End Google Analytics -->
<!-- Venatus Ad Manager - Install in <HEAD> of page -->
	<script src="https://hb.vntsm.com/v3/live/ad-manager.min.js" type="text/javascript" data-site-id="642aba63ec9a7b11c3c9c1be" data-mode="scan" async></script>
<!-- / Venatus Ad Manager -->

<style>
	@media (max-width:820px) {
		.battle {
			margin: 0 auto;
		}
		.battle-log {
			margin: 7px auto 0;
			max-width: 640px;
			height: 300px;
			position: static;
		}
	}
	.optgroup {
		display: inline-block;
		line-height: 22px;
		font-size: 10pt;
	}
	.optgroup .button {
		height: 25px;
		padding-top: 0;
		padding-bottom: 0;
	}
	.optgroup button.button {
		padding-left: 12px;
		padding-right: 12px;
	}
	.linklist {
		list-style: none;
		margin: 0.5em 0;
		padding: 0;
	}
	.linklist li {
		padding: 2px 0;
	}
	.sidebar {
		float: left;
		width: 320px;
	}
	.bar-wrapper {
		max-width: 1100px;
		margin: 0 auto;
	}
	.bar-wrapper.has-sidebar {
		max-width: 1430px;
	}
	.mainbar {
		margin: 0;
		padding-right: 1px;
	}
	.mainbar.has-sidebar {
		margin-left: 330px;
	}
	@media (min-width: 1511px) {
		.sidebar {
			width: 400px;
		}
		.bar-wrapper.has-sidebar {
			max-width: 1510px;
		}
		.mainbar.has-sidebar {
			margin-left: 410px;
		}
	}
	.section.first-section {
		margin-top: 9px;
	}
	.blocklink small {
		white-space: normal;
	}
	.button {
		vertical-align: middle;
	}
	.replay-controls {
		padding-top: 10px;
	}
	.replay-controls h1 {
		font-size: 16pt;
		font-weight: normal;
		color: #CCC;
	}
	.pagelink {
		text-align: center;
	}
	.pagelink a {
		width: 150px;
	}
	.textbox, .button {
		font-size: 11pt;
		vertical-align: middle;
	}
	@media (max-width: 450px) {
		.button {
			font-size: 9pt;
		}
	}
</style>

<div>

	<header>
		<div class="nav-wrapper"><ul class="nav">
			<li><a class="button nav-first" href="//pokemonshowdown.com/"><img src="//pokemonshowdown.com/images/pokemonshowdownbeta.png" srcset="//pokemonshowdown.com/images/pokemonshowdownbeta.png 1x, //pokemonshowdown.com/images/pokemonshowdownbeta@2x.png 2x" alt="Pok&eacute;mon Showdown" width="146" height="44" /> Home</a></li>
			<li><a class="button" href="//pokemonshowdown.com/dex/">Pok&eacute;dex</a></li>
			<li><a class="button cur" href="/">Replays</a></li>
			<li><a class="button" href="//pokemonshowdown.com/ladder/">Ladder</a></li>
			<li><a class="button nav-last" href="//pokemonshowdown.com/forums/">Forum</a></li>
			<li><a class="button greenbutton nav-first nav-last" href="//play.pokemonshowdown.com/">Play</a></li>
		</ul></div>
	</header>

	<div class="main" id="main">

		<noscript><section class="section">You need to enable JavaScript to use this page; sorry!</section></noscript>

	</div>

</div>

<script defer nomodule src="//play.pokemonshowdown.com/js/lib/ps-polyfill.js"></script>
<script defer src="//play.pokemonshowdown.com/js/lib/preact.min.js"></script>

<script defer src="//play.pokemonshowdown.com/config/config.js?2bddbc15"></script>
<script defer src="//play.pokemonshowdown.com/js/lib/jquery-1.11.0.min.js"></script>
<script defer src="//play.pokemonshowdown.com/js/lib/html-sanitizer-minified.js"></script>
<script defer src="//play.pokemonshowdown.com/js/battle-sound.js"></script>
<script defer src="//play.pokemonshowdown.com/js/battledata.js?0.7209276989879541"></script>
<script defer src="//play.pokemonshowdown.com/data/pokedex-mini.js?0.6111056340867951"></script>
<script defer src="//play.pokemonshowdown.com/data/pokedex-mini-bw.js?0.3532142036491459"></script>
<script defer src="//play.pokemonshowdown.com/data/graphics.js?0.24223875632456182"></script>
<script defer src="//play.pokemonshowdown.com/data/pokedex.js?0.38839984266356864"></script>
<script defer src="//play.pokemonshowdown.com/data/moves.js?0.21866028504024015"></script>
<script defer src="//play.pokemonshowdown.com/data/abilities.js?0.2005157953846628"></script>
<script defer src="//play.pokemonshowdown.com/data/items.js?0.9894211263848525"></script>
<script defer src="//play.pokemonshowdown.com/data/teambuilder-tables.js?0.6008791140282215"></script>
<script defer src="//play.pokemonshowdown.com/js/battle-tooltips.js?0.7580118955022959"></script>
<script defer src="//play.pokemonshowdown.com/js/battle.js?0.6057722274234274"></script>

<script defer src="js/utils.js?e31f9a17"></script>
<script defer src="js/replays-battle.js?7008c182"></script>

<!-- don't scrape this data! just add .json or .log after the URL!
Full API docs: https://github.com/smogon/pokemon-showdown-client/blob/master/WEB-API.md -->
<script type="text/plain" class="log" id="replaylog-smogtours-gen3ou-796196">
|inactive|Battle timer is ON: inactive players will automatically lose when time's up.
|t:|1728327653
|gametype|singles
|player|p1|Peppeppeia|acetrainerf-gen4|
|player|p2|Glick666|swimmer-gen4dp|
|teamsize|p1|6
|teamsize|p2|6
|gen|3
|tier|[Gen 3] OU
|rule|Sleep Clause Mod: Limit one foe put to sleep
|rule|Switch Priority Clause Mod: Faster Pokémon switch first
|rule|Species Clause: Limit one of each Pokémon
|rule|OHKO Clause: OHKO moves are banned
|rule|Evasion Items Clause: Evasion items are banned
|rule|Evasion Moves Clause: Evasion moves are banned
|rule|Endless Battle Clause: Forcing endless battles is banned
|rule|HP Percentage Mod: HP is shown in percentages
|rule|One Boost Passer Clause: Limit one Baton Passer that has a way to boost its stats
|rule|Freeze Clause Mod: Limit one foe frozen
|
|t:|1728327653
|start
|switch|p1a: Metagross|Metagross|100/100
|switch|p2a: Tyranitar|Tyranitar, F|100/100
|-weather|Sandstorm|[from] ability: Sand Stream|[of] p2a: Tyranitar
|turn|1
|
|t:|1728327671
|switch|p2a: Skarmory|Skarmory, F|100/100
|move|p1a: Metagross|Meteor Mash|p2a: Skarmory
|-resisted|p2a: Skarmory
|-damage|p2a: Skarmory|78/100
|
|-weather|Sandstorm|[upkeep]
|-heal|p2a: Skarmory|84/100|[from] item: Leftovers
|upkeep
|turn|2
|
|t:|1728327685
|switch|p1a: Forretress|Forretress, M|100/100
|move|p2a: Skarmory|Spikes|p1a: Forretress
|-sidestart|p1: Peppeppeia|Spikes
|
|-weather|Sandstorm|[upkeep]
|-heal|p2a: Skarmory|90/100|[from] item: Leftovers
|upkeep
|turn|3
|
|t:|1728327696
|switch|p2a: Gengar|Gengar, F|100/100
|move|p1a: Forretress|Spikes|p2a: Gengar
|-sidestart|p2: Glick666|Spikes
|
|-weather|Sandstorm|[upkeep]
|-damage|p2a: Gengar|94/100|[from] Sandstorm
|-heal|p2a: Gengar|100/100|[from] item: Leftovers
|upkeep
|turn|4
|
|t:|1728327710
|switch|p1a: Snorlax|Snorlax, M|100/100
|-damage|p1a: Snorlax|88/100|[from] Spikes
|move|p2a: Gengar|Taunt|p1a: Snorlax
|-start|p1a: Snorlax|move: Taunt
|
|-weather|Sandstorm|[upkeep]
|-damage|p2a: Gengar|94/100|[from] Sandstorm
|-damage|p1a: Snorlax|82/100|[from] Sandstorm
|-heal|p2a: Gengar|100/100|[from] item: Leftovers
|upkeep
|turn|5
|
|t:|1728327721
|switch|p2a: Skarmory|Skarmory, F|90/100
|move|p1a: Snorlax|Shadow Ball|p2a: Skarmory
|-resisted|p2a: Skarmory
|-damage|p2a: Skarmory|81/100
|
|-weather|Sandstorm|[upkeep]
|-damage|p1a: Snorlax|76/100|[from] Sandstorm
|-heal|p2a: Skarmory|87/100|[from] item: Leftovers
|-end|p1a: Snorlax|move: Taunt|[silent]
|upkeep
|turn|6
|
|t:|1728327731
|move|p1a: Snorlax|Curse|p1a: Snorlax
|-unboost|p1a: Snorlax|spe|1
|-boost|p1a: Snorlax|atk|1
|-boost|p1a: Snorlax|def|1
|move|p2a: Skarmory|Roar|p1a: Snorlax
|drag|p1a: Tyranitar|Tyranitar, F|100/100
|-damage|p1a: Tyranitar|88/100|[from] Spikes
|
|-weather|Sandstorm|[upkeep]
|-heal|p2a: Skarmory|93/100|[from] item: Leftovers
|-heal|p1a: Tyranitar|94/100|[from] item: Leftovers
|upkeep
|turn|7
|
|t:|1728327745
|move|p2a: Skarmory|Spikes|p1a: Tyranitar
|-sidestart|p1: Peppeppeia|Spikes
|move|p1a: Tyranitar|Thunder Wave|p2a: Skarmory
|-status|p2a: Skarmory|par
|
|-weather|Sandstorm|[upkeep]
|-heal|p1a: Tyranitar|100/100|[from] item: Leftovers
|-heal|p2a: Skarmory|99/100 par|[from] item: Leftovers
|upkeep
|turn|8
|
|t:|1728327754
|move|p1a: Tyranitar|Flamethrower|p2a: Skarmory
|-supereffective|p2a: Skarmory
|-crit|p2a: Skarmory
|-damage|p2a: Skarmory|0 fnt
|faint|p2a: Skarmory
|
|t:|1728327762
|switch|p2a: Swampert|Swampert, M|100/100
|-damage|p2a: Swampert|88/100|[from] Spikes
|
|-weather|Sandstorm|[upkeep]
|-heal|p2a: Swampert|94/100|[from] item: Leftovers
|upkeep
|turn|9
|
|t:|1728327774
|switch|p1a: Snorlax|Snorlax, M|76/100
|-damage|p1a: Snorlax|60/100|[from] Spikes
|move|p2a: Swampert|Surf|p1a: Snorlax
|-damage|p1a: Snorlax|43/100
|
|-weather|Sandstorm|[upkeep]
|-damage|p1a: Snorlax|37/100|[from] Sandstorm
|-heal|p2a: Swampert|100/100|[from] item: Leftovers
|upkeep
|turn|10
|
|t:|1728327790
|move|p2a: Swampert|Surf|p1a: Snorlax
|-damage|p1a: Snorlax|21/100
|move|p1a: Snorlax|Curse|p1a: Snorlax
|-unboost|p1a: Snorlax|spe|1
|-boost|p1a: Snorlax|atk|1
|-boost|p1a: Snorlax|def|1
|
|-weather|Sandstorm|[upkeep]
|-damage|p1a: Snorlax|15/100|[from] Sandstorm
|upkeep
|turn|11
|
|t:|1728327798
|move|p2a: Swampert|Surf|p1a: Snorlax
|-damage|p1a: Snorlax|0 fnt
|faint|p1a: Snorlax
|
|t:|1728327811
|switch|p1a: Metagross|Metagross|100/100
|-damage|p1a: Metagross|84/100|[from] Spikes
|
|-weather|Sandstorm|[upkeep]
|-heal|p1a: Metagross|90/100|[from] item: Leftovers
|upkeep
|turn|12
|
|t:|1728327819
|move|p2a: Swampert|Protect|p2a: Swampert
|-singleturn|p2a: Swampert|Protect
|move|p1a: Metagross|Explosion|p2a: Swampert
|-activate|p2a: Swampert|Protect
|faint|p1a: Metagross
|
|t:|1728327829
|switch|p1a: Forretress|Forretress, M|100/100
|-damage|p1a: Forretress|84/100|[from] Spikes
|
|-weather|Sandstorm|[upkeep]
|-heal|p1a: Forretress|90/100|[from] item: Leftovers
|upkeep
|turn|13
|
|t:|1728327842
|move|p2a: Swampert|Surf|p1a: Forretress
|-damage|p1a: Forretress|59/100
|move|p1a: Forretress|Spikes|p2a: Swampert
|-sidestart|p2: Glick666|Spikes
|
|-weather|Sandstorm|[upkeep]
|-heal|p1a: Forretress|65/100|[from] item: Leftovers
|upkeep
|turn|14
|
|t:|1728327850
|move|p2a: Swampert|Surf|p1a: Forretress
|-damage|p1a: Forretress|35/100
|move|p1a: Forretress|Spikes|p2a: Swampert
|-sidestart|p2: Glick666|Spikes
|
|-weather|Sandstorm|[upkeep]
|-heal|p1a: Forretress|41/100|[from] item: Leftovers
|upkeep
|turn|15
|
|t:|1728327856
|move|p1a: Forretress|Protect|p1a: Forretress
|-singleturn|p1a: Forretress|Protect
|move|p2a: Swampert|Surf|p1a: Forretress
|-activate|p1a: Forretress|Protect
|
|-weather|Sandstorm|[upkeep]
|-heal|p1a: Forretress|48/100|[from] item: Leftovers
|upkeep
|turn|16
|
|t:|1728327863
|move|p2a: Swampert|Surf|p1a: Forretress
|-damage|p1a: Forretress|17/100
|move|p1a: Forretress|Rapid Spin|p2a: Swampert
|-damage|p2a: Swampert|97/100
|-sideend|p1: Peppeppeia|Spikes|[from] move: Rapid Spin|[of] p1a: Forretress
|
|-weather|Sandstorm|[upkeep]
|-heal|p2a: Swampert|100/100|[from] item: Leftovers
|-heal|p1a: Forretress|23/100|[from] item: Leftovers
|upkeep
|turn|17
|
|t:|1728327871
|move|p1a: Forretress|Protect|p1a: Forretress
|-singleturn|p1a: Forretress|Protect
|move|p2a: Swampert|Surf|p1a: Forretress
|-activate|p1a: Forretress|Protect
|
|-weather|Sandstorm|[upkeep]
|-heal|p1a: Forretress|30/100|[from] item: Leftovers
|upkeep
|turn|18
|
|t:|1728327887
|move|p1a: Forretress|Protect|p1a: Forretress
|-singleturn|p1a: Forretress|Protect
|move|p2a: Swampert|Surf|p1a: Forretress
|-activate|p1a: Forretress|Protect
|
|-weather|Sandstorm|[upkeep]
|-heal|p1a: Forretress|36/100|[from] item: Leftovers
|upkeep
|turn|19
|
|t:|1728327895
|move|p2a: Swampert|Surf|p1a: Forretress
|-damage|p1a: Forretress|4/100
|move|p1a: Forretress|Explosion|p2a: Swampert
|-damage|p2a: Swampert|23/100
|faint|p1a: Forretress
|
|t:|1728327900
|switch|p1a: Dugtrio|Dugtrio, F|100/100
|
|-weather|Sandstorm|[upkeep]
|-heal|p2a: Swampert|29/100|[from] item: Leftovers
|upkeep
|turn|20
|
|t:|1728327904
|move|p2a: Swampert|Protect|p2a: Swampert
|-singleturn|p2a: Swampert|Protect
|move|p1a: Dugtrio|Earthquake|p2a: Swampert
|-activate|p2a: Swampert|Protect
|
|-weather|Sandstorm|[upkeep]
|-heal|p2a: Swampert|36/100|[from] item: Leftovers
|upkeep
|turn|21
|
|t:|1728327911
|move|p1a: Dugtrio|Earthquake|p2a: Swampert
|-damage|p2a: Swampert|0 fnt
|faint|p2a: Swampert
|
|t:|1728327918
|switch|p2a: Gengar|Gengar, F|100/100
|
|-weather|Sandstorm|[upkeep]
|-damage|p2a: Gengar|94/100|[from] Sandstorm
|-heal|p2a: Gengar|100/100|[from] item: Leftovers
|upkeep
|turn|22
|
|t:|1728327926
|switch|p1a: Tyranitar|Tyranitar, F|100/100
|move|p2a: Gengar|Giga Drain|p1a: Tyranitar
|-supereffective|p1a: Tyranitar
|-damage|p1a: Tyranitar|66/100
|
|-weather|Sandstorm|[upkeep]
|-damage|p2a: Gengar|94/100|[from] Sandstorm
|-heal|p2a: Gengar|100/100|[from] item: Leftovers
|-heal|p1a: Tyranitar|72/100|[from] item: Leftovers
|upkeep
|turn|23
|
|t:|1728327936
|move|p2a: Gengar|Giga Drain|p1a: Tyranitar
|-supereffective|p1a: Tyranitar
|-damage|p1a: Tyranitar|39/100
|move|p1a: Tyranitar|Crunch|p2a: Gengar
|-supereffective|p2a: Gengar
|-damage|p2a: Gengar|9/100
|-unboost|p2a: Gengar|spd|1
|
|-weather|Sandstorm|[upkeep]
|-damage|p2a: Gengar|3/100|[from] Sandstorm
|-heal|p2a: Gengar|9/100|[from] item: Leftovers
|-heal|p1a: Tyranitar|45/100|[from] item: Leftovers
|upkeep
|turn|24
|
|t:|1728327954
|move|p2a: Gengar|Giga Drain|p1a: Tyranitar
|-supereffective|p1a: Tyranitar
|-damage|p1a: Tyranitar|13/100
|-heal|p2a: Gengar|32/100|[from] drain|[of] p1a: Tyranitar
|move|p1a: Tyranitar|Ice Beam|p2a: Gengar
|-damage|p2a: Gengar|0 fnt
|faint|p2a: Gengar
|
|t:|1728327967
|switch|p2a: Zapdos|Zapdos|100/100
|
|-weather|Sandstorm|[upkeep]
|-damage|p2a: Zapdos|94/100|[from] Sandstorm
|-heal|p2a: Zapdos|100/100|[from] item: Leftovers
|-heal|p1a: Tyranitar|19/100|[from] item: Leftovers
|upkeep
|turn|25
|
|t:|1728327977
|move|p2a: Zapdos|Thunderbolt|p1a: Tyranitar
|-damage|p1a: Tyranitar|0 fnt
|faint|p1a: Tyranitar
|
|t:|1728327979
|switch|p1a: Aerodactyl|Aerodactyl, M|100/100
|
|-weather|Sandstorm|[upkeep]
|-damage|p2a: Zapdos|94/100|[from] Sandstorm
|-heal|p2a: Zapdos|100/100|[from] item: Leftovers
|upkeep
|turn|26
|
|t:|1728327992
|move|p2a: Zapdos|Protect|p2a: Zapdos
|-singleturn|p2a: Zapdos|Protect
|move|p1a: Aerodactyl|Rock Slide|p2a: Zapdos
|-activate|p2a: Zapdos|Protect
|
|-weather|Sandstorm|[upkeep]
|-damage|p2a: Zapdos|94/100|[from] Sandstorm
|-heal|p2a: Zapdos|100/100|[from] item: Leftovers
|upkeep
|turn|27
|
|t:|1728328006
|move|p1a: Aerodactyl|Rock Slide|p2a: Zapdos
|-supereffective|p2a: Zapdos
|-damage|p2a: Zapdos|0 fnt
|faint|p2a: Zapdos
|
|t:|1728328010
|switch|p2a: Tyranitar|Tyranitar, F|100/100
|-damage|p2a: Tyranitar|75/100|[from] Spikes
|
|-weather|Sandstorm|[upkeep]
|-heal|p2a: Tyranitar|82/100|[from] item: Leftovers
|upkeep
|turn|28
|
|t:|1728328025
|move|p1a: Aerodactyl|Rock Slide|p2a: Tyranitar
|-crit|p2a: Tyranitar
|-damage|p2a: Tyranitar|0 fnt
|faint|p2a: Tyranitar
|
|t:|1728328030
|switch|p2a: Aerodactyl|Aerodactyl, F|100/100
|
|-weather|Sandstorm|[upkeep]
|upkeep
|turn|29
|
|t:|1728328036
|move|p2a: Aerodactyl|Rock Slide|p1a: Aerodactyl
|-supereffective|p1a: Aerodactyl
|-damage|p1a: Aerodactyl|0 fnt
|faint|p1a: Aerodactyl
|
|t:|1728328039
|switch|p1a: Dugtrio|Dugtrio, F|100/100
|
|-weather|Sandstorm|[upkeep]
|upkeep
|turn|30
|
|t:|1728328045
|move|p2a: Aerodactyl|Rock Slide|p1a: Dugtrio
|-resisted|p1a: Dugtrio
|-damage|p1a: Dugtrio|36/100
|cant|p1a: Dugtrio|flinch
|
|-weather|Sandstorm|[upkeep]
|upkeep
|turn|31
|
|t:|1728328051
|move|p2a: Aerodactyl|Rock Slide|p1a: Dugtrio
|-resisted|p1a: Dugtrio
|-damage|p1a: Dugtrio|0 fnt
|faint|p1a: Dugtrio
|
|win|Glick666
|player|p1|

</script>
<script type="application/json" class="data" id="replaydata-smogtours-gen3ou-796196">
{"id":"smogtours-gen3ou-796196","format":"[Gen 3] OU","players":["Peppeppeia","Glick666"],"uploadtime":1728328051,"views":99,"formatid":"gen3ou","rating":null,"private":0,"password":null}
</script>

<script defer src="js/replays.js?9d40a366"></script>
