<!DOCTYPE html>
<meta charset="utf-8" />
<meta name="viewport" content="width=device-width" />

<title>[Gen 3] OU: stuckkkk vs. TreinerOrenge - Replays - Pok&eacute;mon Showdown!</title>

<meta name="description" content="Watch a replay of a Pok&eacute;mon battle between stuckkkk and TreinerOrenge! Format: [Gen 3] OU; Date: Oct 20, 2024" />
<!--

Hey, you! Looking in the source for the replay log?

You can find them in JSON format, just add `.json` at the end of a replay URL.

https://replay.pokemonshowdown.com/gen7randomdoublesbattle-865046831.json

Or, if you only need the log itself, add `.log` instead:

https://replay.pokemonshowdown.com/gen7randomdoublesbattle-865046831.log

-->

<link rel="stylesheet" href="//pokemonshowdown.com/style/global.css?0.023195364461161105" />
<link rel="stylesheet" href="//play.pokemonshowdown.com/style/font-awesome.css?0.13261647063804238" />
<link rel="stylesheet" href="//play.pokemonshowdown.com/style/battle.css?0.8753245789963631" />
<link rel="stylesheet" href="//play.pokemonshowdown.com/style/utilichart.css?0.8627959624976733" />

<!-- Global site tag (gtag.js) - Google Analytics -->
<script async src="https://www.googletagmanager.com/gtag/js?id=UA-26211653-1"></script>
<script>
  window.dataLayer = window.dataLayer || [];
  function gtag(){dataLayer.push(arguments);}
  gtag('js', new Date());

  gtag('config', 'UA-26211653-1');
</script>
<!-- End Google Analytics -->
<!-- Venatus Ad Manager - Install in <HEAD> of page -->
	<script src="https://hb.vntsm.com/v3/live/ad-manager.min.js" type="text/javascript" data-site-id="642aba63ec9a7b11c3c9c1be" data-mode="scan" async></script>
<!-- / Venatus Ad Manager -->

<style>
	@media (max-width:820px) {
		.battle {
			margin: 0 auto;
		}
		.battle-log {
			margin: 7px auto 0;
			max-width: 640px;
			height: 300px;
			position: static;
		}
	}
	.optgroup {
		display: inline-block;
		line-height: 22px;
		font-size: 10pt;
	}
	.optgroup .button {
		height: 25px;
		padding-top: 0;
		padding-bottom: 0;
	}
	.optgroup button.button {
		padding-left: 12px;
		padding-right: 12px;
	}
	.linklist {
		list-style: none;
		margin: 0.5em 0;
		padding: 0;
	}
	.linklist li {
		padding: 2px 0;
	}
	.sidebar {
		float: left;
		width: 320px;
	}
	.bar-wrapper {
		max-width: 1100px;
		margin: 0 auto;
	}
	.bar-wrapper.has-sidebar {
		max-width: 1430px;
	}
	.mainbar {
		margin: 0;
		padding-right: 1px;
	}
	.mainbar.has-sidebar {
		margin-left: 330px;
	}
	@media (min-width: 1511px) {
		.sidebar {
			width: 400px;
		}
		.bar-wrapper.has-sidebar {
			max-width: 1510px;
		}
		.mainbar.has-sidebar {
			margin-left: 410px;
		}
	}
	.section.first-section {
		margin-top: 9px;
	}
	.blocklink small {
		white-space: normal;
	}
	.button {
		vertical-align: middle;
	}
	.replay-controls {
		padding-top: 10px;
	}
	.replay-controls h1 {
		font-size: 16pt;
		font-weight: normal;
		color: #CCC;
	}
	.pagelink {
		text-align: center;
	}
	.pagelink a {
		width: 150px;
	}
	.textbox, .button {
		font-size: 11pt;
		vertical-align: middle;
	}
	@media (max-width: 450px) {
		.button {
			font-size: 9pt;
		}
	}
</style>

<div>

	<header>
		<div class="nav-wrapper"><ul class="nav">
			<li><a class="button nav-first" href="//pokemonshowdown.com/"><img src="//pokemonshowdown.com/images/pokemonshowdownbeta.png" srcset="//pokemonshowdown.com/images/pokemonshowdownbeta.png 1x, //pokemonshowdown.com/images/pokemonshowdownbeta@2x.png 2x" alt="Pok&eacute;mon Showdown" width="146" height="44" /> Home</a></li>
			<li><a class="button" href="//pokemonshowdown.com/dex/">Pok&eacute;dex</a></li>
			<li><a class="button cur" href="/">Replays</a></li>
			<li><a class="button" href="//pokemonshowdown.com/ladder/">Ladder</a></li>
			<li><a class="button nav-last" href="//pokemonshowdown.com/forums/">Forum</a></li>
			<li><a class="button greenbutton nav-first nav-last" href="//play.pokemonshowdown.com/">Play</a></li>
		</ul></div>
	</header>

	<div class="main" id="main">

		<noscript><section class="section">You need to enable JavaScript to use this page; sorry!</section></noscript>

	</div>

</div>

<script defer nomodule src="//play.pokemonshowdown.com/js/lib/ps-polyfill.js"></script>
<script defer src="//play.pokemonshowdown.com/js/lib/preact.min.js"></script>

<script defer src="//play.pokemonshowdown.com/config/config.js?2bddbc15"></script>
<script defer src="//play.pokemonshowdown.com/js/lib/jquery-1.11.0.min.js"></script>
<script defer src="//play.pokemonshowdown.com/js/lib/html-sanitizer-minified.js"></script>
<script defer src="//play.pokemonshowdown.com/js/battle-sound.js"></script>
<script defer src="//play.pokemonshowdown.com/js/battledata.js?0.7209276989879541"></script>
<script defer src="//play.pokemonshowdown.com/data/pokedex-mini.js?0.6111056340867951"></script>
<script defer src="//play.pokemonshowdown.com/data/pokedex-mini-bw.js?0.3532142036491459"></script>
<script defer src="//play.pokemonshowdown.com/data/graphics.js?0.24223875632456182"></script>
<script defer src="//play.pokemonshowdown.com/data/pokedex.js?0.38839984266356864"></script>
<script defer src="//play.pokemonshowdown.com/data/moves.js?0.21866028504024015"></script>
<script defer src="//play.pokemonshowdown.com/data/abilities.js?0.2005157953846628"></script>
<script defer src="//play.pokemonshowdown.com/data/items.js?0.9894211263848525"></script>
<script defer src="//play.pokemonshowdown.com/data/teambuilder-tables.js?0.6008791140282215"></script>
<script defer src="//play.pokemonshowdown.com/js/battle-tooltips.js?0.7580118955022959"></script>
<script defer src="//play.pokemonshowdown.com/js/battle.js?0.6057722274234274"></script>

<script defer src="js/utils.js?e31f9a17"></script>
<script defer src="js/replays-battle.js?7008c182"></script>

<!-- don't scrape this data! just add .json or .log after the URL!
Full API docs: https://github.com/smogon/pokemon-showdown-client/blob/master/WEB-API.md -->
<script type="text/plain" class="log" id="replaylog-smogtours-gen3ou-800211">
|inactive|Battle timer is ON: inactive players will automatically lose when time's up.
|t:|1729385920
|gametype|singles
|player|p1|stuckkkk|swimmer|
|player|p2|TreinerOrenge|#dpppliii|
|teamsize|p1|6
|teamsize|p2|6
|gen|3
|tier|[Gen 3] OU
|rule|Sleep Clause Mod: Limit one foe put to sleep
|rule|Switch Priority Clause Mod: Faster Pokémon switch first
|rule|Species Clause: Limit one of each Pokémon
|rule|OHKO Clause: OHKO moves are banned
|rule|Evasion Items Clause: Evasion items are banned
|rule|Evasion Moves Clause: Evasion moves are banned
|rule|Endless Battle Clause: Forcing endless battles is banned
|rule|HP Percentage Mod: HP is shown in percentages
|rule|One Boost Passer Clause: Limit one Baton Passer that has a way to boost its stats
|rule|Freeze Clause Mod: Limit one foe frozen
|
|t:|1729385920
|start
|switch|p1a: Transitional Bird|Skarmory, M|100/100
|switch|p2a: Skarmory|Skarmory, M|100/100
|turn|1
|c|☆TreinerOrenge|hf
|c|☆stuckkkk|you too
|
|t:|1729385947
|switch|p2a: Magneton|Magneton|100/100
|move|p1a: Transitional Bird|Spikes|p2a: Magneton
|-sidestart|p2: TreinerOrenge|Spikes
|
|upkeep
|turn|2
|
|t:|1729385962
|move|p2a: Magneton|Thunderbolt|p1a: Transitional Bird
|-supereffective|p1a: Transitional Bird
|-damage|p1a: Transitional Bird|0 fnt
|faint|p1a: Transitional Bird
|
|t:|1729385979
|switch|p1a: Pangaea Girls|Flygon, M|100/100
|
|upkeep
|turn|3
|
|t:|1729385992
|switch|p2a: Skarmory|Skarmory, M|100/100
|move|p1a: Pangaea Girls|Protect||[still]
|-fail|p1a: Pangaea Girls
|
|upkeep
|turn|4
|
|t:|1729386003
|switch|p1a: New Forest|Zapdos|100/100
|move|p2a: Skarmory|Spikes|p1a: New Forest
|-sidestart|p1: stuckkkk|Spikes
|
|upkeep
|turn|5
|
|t:|1729386014
|switch|p2a: Flygon|Flygon, F|100/100
|move|p1a: New Forest|Roar|p2a: Flygon
|drag|p2a: Tyranitar|Tyranitar, F|100/100
|-damage|p2a: Tyranitar|88/100|[from] Spikes
|-weather|Sandstorm|[from] ability: Sand Stream|[of] p2a: Tyranitar
|
|-weather|Sandstorm|[upkeep]
|-damage|p1a: New Forest|94/100|[from] Sandstorm
|-heal|p1a: New Forest|100/100|[from] item: Leftovers
|-heal|p2a: Tyranitar|94/100|[from] item: Leftovers
|upkeep
|turn|6
|
|t:|1729386028
|switch|p1a: Pangaea Girls|Flygon, M|100/100
|move|p2a: Tyranitar|Crunch|p1a: Pangaea Girls
|-damage|p1a: Pangaea Girls|62/100
|
|-weather|Sandstorm|[upkeep]
|-heal|p1a: Pangaea Girls|68/100|[from] item: Leftovers
|-heal|p2a: Tyranitar|100/100|[from] item: Leftovers
|upkeep
|turn|7
|
|t:|1729386042
|switch|p2a: Skarmory|Skarmory, M|100/100
|move|p1a: Pangaea Girls|Protect||[still]
|-fail|p1a: Pangaea Girls
|
|-weather|Sandstorm|[upkeep]
|-heal|p1a: Pangaea Girls|74/100|[from] item: Leftovers
|upkeep
|turn|8
|
|t:|1729386046
|move|p1a: Pangaea Girls|Flamethrower|p2a: Skarmory
|-supereffective|p2a: Skarmory
|-damage|p2a: Skarmory|70/100
|move|p2a: Skarmory|Toxic|p1a: Pangaea Girls
|-status|p1a: Pangaea Girls|tox
|
|-weather|Sandstorm|[upkeep]
|-heal|p1a: Pangaea Girls|80/100 tox|[from] item: Leftovers
|-damage|p1a: Pangaea Girls|74/100 tox|[from] psn
|-heal|p2a: Skarmory|76/100|[from] item: Leftovers
|upkeep
|turn|9
|
|t:|1729386056
|switch|p1a: Into the Deep Time|Gengar, F|100/100
|move|p2a: Skarmory|Protect||[still]
|-fail|p2a: Skarmory
|
|-weather|Sandstorm|[upkeep]
|-damage|p1a: Into the Deep Time|95/100|[from] Sandstorm
|-heal|p1a: Into the Deep Time|100/100|[from] item: Leftovers
|-heal|p2a: Skarmory|82/100|[from] item: Leftovers
|upkeep
|turn|10
|
|t:|1729386061
|move|p2a: Skarmory|Protect|p2a: Skarmory
|-singleturn|p2a: Skarmory|Protect
|move|p1a: Into the Deep Time|Will-O-Wisp|p2a: Skarmory
|-activate|p2a: Skarmory|Protect
|
|-weather|Sandstorm|[upkeep]
|-damage|p1a: Into the Deep Time|95/100|[from] Sandstorm
|-heal|p1a: Into the Deep Time|100/100|[from] item: Leftovers
|-heal|p2a: Skarmory|88/100|[from] item: Leftovers
|upkeep
|turn|11
|
|t:|1729386068
|switch|p2a: Tyranitar|Tyranitar, F|100/100
|-damage|p2a: Tyranitar|88/100|[from] Spikes
|move|p1a: Into the Deep Time|Thunderbolt|p2a: Tyranitar
|-damage|p2a: Tyranitar|65/100
|
|-weather|Sandstorm|[upkeep]
|-damage|p1a: Into the Deep Time|95/100|[from] Sandstorm
|-heal|p1a: Into the Deep Time|100/100|[from] item: Leftovers
|-heal|p2a: Tyranitar|71/100|[from] item: Leftovers
|upkeep
|turn|12
|
|t:|1729386089
|move|p1a: Into the Deep Time|Giga Drain|p2a: Tyranitar
|-supereffective|p2a: Tyranitar
|-crit|p2a: Tyranitar
|-damage|p2a: Tyranitar|17/100
|move|p2a: Tyranitar|Pursuit|p1a: Into the Deep Time
|-supereffective|p1a: Into the Deep Time
|-damage|p1a: Into the Deep Time|58/100
|
|-weather|Sandstorm|[upkeep]
|-damage|p1a: Into the Deep Time|52/100|[from] Sandstorm
|-heal|p1a: Into the Deep Time|58/100|[from] item: Leftovers
|-heal|p2a: Tyranitar|23/100|[from] item: Leftovers
|upkeep
|turn|13
|
|t:|1729386101
|switch|p2a: Magneton|Magneton|100/100
|-damage|p2a: Magneton|88/100|[from] Spikes
|move|p1a: Into the Deep Time|Giga Drain|p2a: Magneton
|-resisted|p2a: Magneton
|-damage|p2a: Magneton|71/100
|-heal|p1a: Into the Deep Time|65/100|[from] drain|[of] p2a: Magneton
|
|-weather|Sandstorm|[upkeep]
|-damage|p1a: Into the Deep Time|59/100|[from] Sandstorm
|-heal|p1a: Into the Deep Time|65/100|[from] item: Leftovers
|upkeep
|turn|14
|
|t:|1729386116
|switch|p1a: Fell in Love|Blissey, F|100/100
|-damage|p1a: Fell in Love|88/100|[from] Spikes
|move|p2a: Magneton|Thunderbolt|p1a: Fell in Love
|-damage|p1a: Fell in Love|67/100
|
|-weather|Sandstorm|[upkeep]
|-damage|p1a: Fell in Love|61/100|[from] Sandstorm
|-heal|p1a: Fell in Love|67/100|[from] item: Leftovers
|upkeep
|turn|15
|
|t:|1729386126
|switch|p2a: Skarmory|Skarmory, M|88/100
|move|p1a: Fell in Love|Soft-Boiled|p1a: Fell in Love
|-heal|p1a: Fell in Love|100/100
|
|-weather|Sandstorm|[upkeep]
|-damage|p1a: Fell in Love|94/100|[from] Sandstorm
|-heal|p2a: Skarmory|94/100|[from] item: Leftovers
|-heal|p1a: Fell in Love|100/100|[from] item: Leftovers
|upkeep
|turn|16
|inactive|stuckkkk has 270 seconds left.
|
|t:|1729386156
|switch|p1a: Into the Deep Time|Gengar, F|65/100
|move|p2a: Skarmory|Spikes|p1a: Into the Deep Time
|-sidestart|p1: stuckkkk|Spikes
|
|-weather|Sandstorm|[upkeep]
|-damage|p1a: Into the Deep Time|59/100|[from] Sandstorm
|-heal|p1a: Into the Deep Time|65/100|[from] item: Leftovers
|-heal|p2a: Skarmory|99/100|[from] item: Leftovers
|upkeep
|turn|17
|
|t:|1729386162
|move|p1a: Into the Deep Time|Will-O-Wisp|p2a: Skarmory
|-status|p2a: Skarmory|brn
|move|p2a: Skarmory|Drill Peck|p1a: Into the Deep Time
|-damage|p1a: Into the Deep Time|43/100
|
|-weather|Sandstorm|[upkeep]
|-damage|p1a: Into the Deep Time|37/100|[from] Sandstorm
|-heal|p1a: Into the Deep Time|43/100|[from] item: Leftovers
|-heal|p2a: Skarmory|100/100 brn|[from] item: Leftovers
|-damage|p2a: Skarmory|88/100 brn|[from] brn
|upkeep
|turn|18
|inactive|stuckkkk has 270 seconds left.
|
|t:|1729386183
|switch|p1a: White Seal|Tyranitar, M|100/100
|-damage|p1a: White Seal|84/100|[from] Spikes
|move|p2a: Skarmory|Drill Peck|p1a: White Seal
|-resisted|p1a: White Seal
|-damage|p1a: White Seal|79/100
|
|-weather|Sandstorm|[upkeep]
|-heal|p2a: Skarmory|94/100 brn|[from] item: Leftovers
|-damage|p2a: Skarmory|82/100 brn|[from] brn
|-heal|p1a: White Seal|86/100|[from] item: Leftovers
|upkeep
|turn|19
|inactive|stuckkkk has 270 seconds left.
|
|t:|1729386200
|move|p2a: Skarmory|Toxic|p1a: White Seal
|-status|p1a: White Seal|tox
|move|p1a: White Seal|Crunch|p2a: Skarmory
|-resisted|p2a: Skarmory
|-damage|p2a: Skarmory|65/100 brn
|
|-weather|Sandstorm|[upkeep]
|-heal|p2a: Skarmory|71/100 brn|[from] item: Leftovers
|-damage|p2a: Skarmory|59/100 brn|[from] brn
|-heal|p1a: White Seal|92/100 tox|[from] item: Leftovers
|-damage|p1a: White Seal|86/100 tox|[from] psn
|upkeep
|turn|20
|
|t:|1729386208
|switch|p2a: Milotic|Milotic, M|100/100
|-damage|p2a: Milotic|88/100|[from] Spikes
|move|p1a: White Seal|Fire Blast|p2a: Milotic
|-resisted|p2a: Milotic
|-damage|p2a: Milotic|75/100
|
|-weather|Sandstorm|[upkeep]
|-damage|p2a: Milotic|69/100|[from] Sandstorm
|-heal|p2a: Milotic|75/100|[from] item: Leftovers
|-heal|p1a: White Seal|92/100 tox|[from] item: Leftovers
|-damage|p1a: White Seal|79/100 tox|[from] psn
|upkeep
|turn|21
|inactive|stuckkkk has 270 seconds left.
|
|t:|1729386215
|switch|p1a: Fell in Love|Blissey, F|100/100
|-damage|p1a: Fell in Love|84/100|[from] Spikes
|move|p2a: Milotic|Surf|p1a: Fell in Love
|-damage|p1a: Fell in Love|72/100
|
|-weather|Sandstorm|[upkeep]
|-damage|p2a: Milotic|69/100|[from] Sandstorm
|-damage|p1a: Fell in Love|65/100|[from] Sandstorm
|-heal|p2a: Milotic|75/100|[from] item: Leftovers
|-heal|p1a: Fell in Love|72/100|[from] item: Leftovers
|upkeep
|turn|22
|inactive|stuckkkk has 270 seconds left.
|
|t:|1729386231
|switch|p2a: Snorlax|Snorlax, M|100/100
|-damage|p2a: Snorlax|88/100|[from] Spikes
|move|p1a: Fell in Love|Toxic|p2a: Snorlax
|-immune|p2a: Snorlax|[from] ability: Immunity
|
|-weather|Sandstorm|[upkeep]
|-damage|p1a: Fell in Love|65/100|[from] Sandstorm
|-damage|p2a: Snorlax|82/100|[from] Sandstorm
|-heal|p1a: Fell in Love|72/100|[from] item: Leftovers
|-heal|p2a: Snorlax|88/100|[from] item: Leftovers
|upkeep
|turn|23
|inactive|stuckkkk has 270 seconds left.
|
|t:|1729386244
|switch|p1a: Into the Deep Time|Gengar, F|43/100
|switch|p2a: Magneton|Magneton|71/100
|-damage|p2a: Magneton|59/100|[from] Spikes
|
|-weather|Sandstorm|[upkeep]
|-damage|p1a: Into the Deep Time|37/100|[from] Sandstorm
|-heal|p1a: Into the Deep Time|43/100|[from] item: Leftovers
|upkeep
|turn|24
|inactive|stuckkkk has 270 seconds left.
|
|t:|1729386271
|switch|p1a: Pangaea Girls|Flygon, M|74/100 tox
|move|p2a: Magneton|Thunderbolt|p1a: Pangaea Girls
|-immune|p1a: Pangaea Girls
|
|-weather|Sandstorm|[upkeep]
|-heal|p1a: Pangaea Girls|80/100 tox|[from] item: Leftovers
|-damage|p1a: Pangaea Girls|74/100 tox|[from] psn
|upkeep
|turn|25
|inactive|stuckkkk has 240 seconds left.
|
|t:|1729386293
|switch|p2a: Skarmory|Skarmory, M|59/100 brn
|move|p1a: Pangaea Girls|Toxic||[still]
|-fail|p1a: Pangaea Girls
|
|-weather|Sandstorm|[upkeep]
|-heal|p1a: Pangaea Girls|80/100 tox|[from] item: Leftovers
|-damage|p1a: Pangaea Girls|68/100 tox|[from] psn
|-heal|p2a: Skarmory|65/100 brn|[from] item: Leftovers
|-damage|p2a: Skarmory|53/100 brn|[from] brn
|upkeep
|turn|26
|inactive|stuckkkk has 240 seconds left.
|
|t:|1729386313
|switch|p1a: New Forest|Zapdos|100/100
|move|p2a: Skarmory|Spikes|p1a: New Forest
|-sidestart|p1: stuckkkk|Spikes
|
|-weather|Sandstorm|[upkeep]
|-damage|p1a: New Forest|94/100|[from] Sandstorm
|-heal|p1a: New Forest|100/100|[from] item: Leftovers
|-heal|p2a: Skarmory|59/100 brn|[from] item: Leftovers
|-damage|p2a: Skarmory|46/100 brn|[from] brn
|upkeep
|turn|27
|inactive|stuckkkk has 240 seconds left.
|
|t:|1729386322
|switch|p2a: Flygon|Flygon, F|100/100
|move|p1a: New Forest|Roar|p2a: Flygon
|drag|p2a: Milotic|Milotic, M|75/100
|-damage|p2a: Milotic|63/100|[from] Spikes
|
|-weather|Sandstorm|[upkeep]
|-damage|p1a: New Forest|94/100|[from] Sandstorm
|-damage|p2a: Milotic|57/100|[from] Sandstorm
|-heal|p1a: New Forest|100/100|[from] item: Leftovers
|-heal|p2a: Milotic|63/100|[from] item: Leftovers
|upkeep
|turn|28
|
|t:|1729386331
|switch|p2a: Flygon|Flygon, F|100/100
|move|p1a: New Forest|Thunderbolt|p2a: Flygon
|-immune|p2a: Flygon
|
|-weather|Sandstorm|[upkeep]
|-damage|p1a: New Forest|94/100|[from] Sandstorm
|-heal|p1a: New Forest|100/100|[from] item: Leftovers
|upkeep
|turn|29
|
|t:|1729386345
|switch|p1a: Pangaea Girls|Flygon, M|68/100 tox
|move|p2a: Flygon|Rock Slide|p1a: Pangaea Girls
|-resisted|p1a: Pangaea Girls
|-damage|p1a: Pangaea Girls|54/100 tox
|
|-weather|Sandstorm|[upkeep]
|-heal|p1a: Pangaea Girls|60/100 tox|[from] item: Leftovers
|-damage|p1a: Pangaea Girls|54/100 tox|[from] psn
|upkeep
|turn|30
|inactive|stuckkkk has 240 seconds left.
|
|t:|1729386360
|switch|p2a: Skarmory|Skarmory, M|46/100 brn
|move|p1a: Pangaea Girls|Flamethrower|p2a: Skarmory
|-supereffective|p2a: Skarmory
|-damage|p2a: Skarmory|16/100 brn
|
|-weather|Sandstorm|[upkeep]
|-heal|p1a: Pangaea Girls|60/100 tox|[from] item: Leftovers
|-damage|p1a: Pangaea Girls|48/100 tox|[from] psn
|-heal|p2a: Skarmory|22/100 brn|[from] item: Leftovers
|-damage|p2a: Skarmory|9/100 brn|[from] brn
|upkeep
|turn|31
|inactive|stuckkkk has 240 seconds left.
|
|t:|1729386395
|switch|p1a: Fell in Love|Blissey, F|72/100
|-damage|p1a: Fell in Love|47/100|[from] Spikes
|move|p2a: Skarmory|Protect||[still]
|-fail|p2a: Skarmory
|
|-weather|Sandstorm|[upkeep]
|-damage|p1a: Fell in Love|41/100|[from] Sandstorm
|-heal|p2a: Skarmory|15/100 brn|[from] item: Leftovers
|-damage|p2a: Skarmory|3/100 brn|[from] brn
|-heal|p1a: Fell in Love|47/100|[from] item: Leftovers
|upkeep
|turn|32
|
|t:|1729386403
|move|p2a: Skarmory|Toxic|p1a: Fell in Love|[miss]
|-miss|p2a: Skarmory|p1a: Fell in Love
|move|p1a: Fell in Love|Soft-Boiled|p1a: Fell in Love
|-heal|p1a: Fell in Love|97/100
|
|-weather|Sandstorm|[upkeep]
|-damage|p1a: Fell in Love|91/100|[from] Sandstorm
|-heal|p2a: Skarmory|9/100 brn|[from] item: Leftovers
|-damage|p2a: Skarmory|0 fnt|[from] brn
|faint|p2a: Skarmory
|-heal|p1a: Fell in Love|97/100|[from] item: Leftovers
|upkeep
|
|t:|1729386407
|switch|p2a: Snorlax|Snorlax, M|88/100
|-damage|p2a: Snorlax|76/100|[from] Spikes
|turn|33
|inactive|stuckkkk has 240 seconds left.
|
|t:|1729386422
|switch|p1a: White Seal|Tyranitar, M|79/100 tox
|-damage|p1a: White Seal|54/100 tox|[from] Spikes
|move|p2a: Snorlax|Curse|p2a: Snorlax
|-unboost|p2a: Snorlax|spe|1
|-boost|p2a: Snorlax|atk|1
|-boost|p2a: Snorlax|def|1
|
|-weather|Sandstorm|[upkeep]
|-damage|p2a: Snorlax|70/100|[from] Sandstorm
|-heal|p1a: White Seal|61/100 tox|[from] item: Leftovers
|-damage|p1a: White Seal|54/100 tox|[from] psn
|-heal|p2a: Snorlax|76/100|[from] item: Leftovers
|upkeep
|turn|34
|
|t:|1729386429
|move|p1a: White Seal|Brick Break|p2a: Snorlax
|-supereffective|p2a: Snorlax
|-damage|p2a: Snorlax|55/100
|move|p2a: Snorlax|Earthquake|p1a: White Seal
|-supereffective|p1a: White Seal
|-crit|p1a: White Seal
|-damage|p1a: White Seal|0 fnt
|faint|p1a: White Seal
|
|t:|1729386456
|switch|p1a: Pangaea Girls|Flygon, M|48/100 tox
|
|-weather|Sandstorm|[upkeep]
|-damage|p2a: Snorlax|49/100|[from] Sandstorm
|-heal|p1a: Pangaea Girls|54/100 tox|[from] item: Leftovers
|-damage|p1a: Pangaea Girls|48/100 tox|[from] psn
|-heal|p2a: Snorlax|55/100|[from] item: Leftovers
|upkeep
|turn|35
|
|t:|1729386460
|move|p1a: Pangaea Girls|Earthquake|p2a: Snorlax
|-damage|p2a: Snorlax|38/100
|move|p2a: Snorlax|Return|p1a: Pangaea Girls
|-damage|p1a: Pangaea Girls|6/100 tox
|
|-weather|Sandstorm|[upkeep]
|-damage|p2a: Snorlax|32/100|[from] Sandstorm
|-heal|p1a: Pangaea Girls|12/100 tox|[from] item: Leftovers
|-damage|p1a: Pangaea Girls|0 fnt|[from] psn
|faint|p1a: Pangaea Girls
|-heal|p2a: Snorlax|38/100|[from] item: Leftovers
|upkeep
|inactive|stuckkkk has 210 seconds left.
|
|t:|1729386485
|switch|p1a: New Forest|Zapdos|100/100
|turn|36
|inactive|stuckkkk has 210 seconds left.
|
|t:|1729386496
|move|p1a: New Forest|Thunderbolt|p2a: Snorlax
|-damage|p2a: Snorlax|19/100
|move|p2a: Snorlax|Return|p1a: New Forest
|-damage|p1a: New Forest|43/100
|
|-weather|Sandstorm|[upkeep]
|-damage|p1a: New Forest|37/100|[from] Sandstorm
|-damage|p2a: Snorlax|13/100|[from] Sandstorm
|-heal|p1a: New Forest|43/100|[from] item: Leftovers
|-heal|p2a: Snorlax|19/100|[from] item: Leftovers
|upkeep
|turn|37
|inactive|stuckkkk has 210 seconds left.
|
|t:|1729386507
|move|p1a: New Forest|Thunderbolt|p2a: Snorlax
|-damage|p2a: Snorlax|1/100
|-status|p2a: Snorlax|par
|move|p2a: Snorlax|Rest|p2a: Snorlax
|-status|p2a: Snorlax|slp|[from] move: Rest
|-heal|p2a: Snorlax|100/100 slp|[silent]
|
|-weather|Sandstorm|[upkeep]
|-damage|p1a: New Forest|37/100|[from] Sandstorm
|-damage|p2a: Snorlax|94/100 slp|[from] Sandstorm
|-heal|p1a: New Forest|43/100|[from] item: Leftovers
|-heal|p2a: Snorlax|100/100 slp|[from] item: Leftovers
|upkeep
|turn|38
|
|t:|1729386515
|cant|p2a: Snorlax|slp
|move|p1a: New Forest|Roar|p2a: Snorlax
|drag|p2a: Milotic|Milotic, M|63/100
|-damage|p2a: Milotic|50/100|[from] Spikes
|
|-weather|Sandstorm|[upkeep]
|-damage|p1a: New Forest|37/100|[from] Sandstorm
|-damage|p2a: Milotic|44/100|[from] Sandstorm
|-heal|p1a: New Forest|43/100|[from] item: Leftovers
|-heal|p2a: Milotic|50/100|[from] item: Leftovers
|upkeep
|turn|39
|
|t:|1729386525
|switch|p2a: Flygon|Flygon, F|100/100
|move|p1a: New Forest|Roar|p2a: Flygon
|drag|p2a: Magneton|Magneton|59/100
|-damage|p2a: Magneton|46/100|[from] Spikes
|
|-weather|Sandstorm|[upkeep]
|-damage|p1a: New Forest|37/100|[from] Sandstorm
|-heal|p1a: New Forest|43/100|[from] item: Leftovers
|upkeep
|turn|40
|
|t:|1729386536
|switch|p1a: Fell in Love|Blissey, F|97/100
|-damage|p1a: Fell in Love|72/100|[from] Spikes
|move|p2a: Magneton|Thunderbolt|p1a: Fell in Love
|-damage|p1a: Fell in Love|50/100
|
|-weather|Sandstorm|[upkeep]
|-damage|p1a: Fell in Love|44/100|[from] Sandstorm
|-heal|p1a: Fell in Love|50/100|[from] item: Leftovers
|upkeep
|turn|41
|inactive|stuckkkk has 210 seconds left.
|
|t:|1729386554
|move|p2a: Magneton|Toxic|p1a: Fell in Love
|-status|p1a: Fell in Love|tox
|move|p1a: Fell in Love|Soft-Boiled|p1a: Fell in Love
|-heal|p1a: Fell in Love|99/100 tox
|
|-weather|Sandstorm|[upkeep]
|-damage|p1a: Fell in Love|94/100 tox|[from] Sandstorm
|-heal|p1a: Fell in Love|99/100 tox|[from] item: Leftovers
|-damage|p1a: Fell in Love|94/100 tox|[from] psn
|upkeep
|turn|42
|
|t:|1729386560
|switch|p2a: Snorlax|Snorlax, M|100/100 slp
|-damage|p2a: Snorlax|88/100 slp|[from] Spikes
|move|p1a: Fell in Love|Seismic Toss|p2a: Snorlax
|-damage|p2a: Snorlax|69/100 slp
|
|-weather|Sandstorm|[upkeep]
|-damage|p1a: Fell in Love|88/100 tox|[from] Sandstorm
|-damage|p2a: Snorlax|63/100 slp|[from] Sandstorm
|-heal|p1a: Fell in Love|94/100 tox|[from] item: Leftovers
|-damage|p1a: Fell in Love|82/100 tox|[from] psn
|-heal|p2a: Snorlax|69/100 slp|[from] item: Leftovers
|upkeep
|turn|43
|
|t:|1729386580
|-curestatus|p1a: Fell in Love|tox|[from] ability: Natural Cure
|switch|p1a: Into the Deep Time|Gengar, F|43/100
|cant|p2a: Snorlax|slp
|
|-weather|Sandstorm|[upkeep]
|-damage|p1a: Into the Deep Time|37/100|[from] Sandstorm
|-damage|p2a: Snorlax|63/100 slp|[from] Sandstorm
|-heal|p1a: Into the Deep Time|43/100|[from] item: Leftovers
|-heal|p2a: Snorlax|69/100 slp|[from] item: Leftovers
|upkeep
|turn|44
|
|t:|1729386586
|switch|p2a: Tyranitar|Tyranitar, F|23/100
|-damage|p2a: Tyranitar|11/100|[from] Spikes
|move|p1a: Into the Deep Time|Thunderbolt|p2a: Tyranitar
|-damage|p2a: Tyranitar|0 fnt
|faint|p2a: Tyranitar
|
|t:|1729386588
|switch|p2a: Magneton|Magneton|46/100
|-damage|p2a: Magneton|34/100|[from] Spikes
|
|-weather|Sandstorm|[upkeep]
|-damage|p1a: Into the Deep Time|37/100|[from] Sandstorm
|-heal|p1a: Into the Deep Time|43/100|[from] item: Leftovers
|upkeep
|turn|45
|
|t:|1729386596
|switch|p1a: Fell in Love|Blissey, F|82/100
|-damage|p1a: Fell in Love|57/100|[from] Spikes
|switch|p2a: Flygon|Flygon, F|100/100
|
|-weather|Sandstorm|[upkeep]
|-damage|p1a: Fell in Love|51/100|[from] Sandstorm
|-heal|p1a: Fell in Love|57/100|[from] item: Leftovers
|upkeep
|turn|46
|
|t:|1729386603
|move|p2a: Flygon|Earthquake|p1a: Fell in Love
|-damage|p1a: Fell in Love|0 fnt
|faint|p1a: Fell in Love
|
|t:|1729386630
|switch|p1a: Into the Deep Time|Gengar, F|43/100
|
|-weather|Sandstorm|[upkeep]
|-damage|p1a: Into the Deep Time|37/100|[from] Sandstorm
|-heal|p1a: Into the Deep Time|43/100|[from] item: Leftovers
|upkeep
|turn|47
|
|t:|1729386636
|switch|p2a: Snorlax|Snorlax, M|69/100 slp
|-damage|p2a: Snorlax|56/100 slp|[from] Spikes
|move|p1a: Into the Deep Time|Will-O-Wisp||[still]
|-fail|p1a: Into the Deep Time
|
|-weather|Sandstorm|[upkeep]
|-damage|p1a: Into the Deep Time|37/100|[from] Sandstorm
|-damage|p2a: Snorlax|50/100 slp|[from] Sandstorm
|-heal|p1a: Into the Deep Time|43/100|[from] item: Leftovers
|-heal|p2a: Snorlax|56/100 slp|[from] item: Leftovers
|upkeep
|turn|48
|inactive|stuckkkk has 210 seconds left.
|
|t:|1729386664
|move|p1a: Into the Deep Time|Thunderbolt|p2a: Snorlax
|-damage|p2a: Snorlax|43/100 slp
|-curestatus|p2a: Snorlax|slp|[msg]
|move|p2a: Snorlax|Rest|p2a: Snorlax
|-status|p2a: Snorlax|slp|[from] move: Rest
|-heal|p2a: Snorlax|100/100 slp|[silent]
|
|-weather|Sandstorm|[upkeep]
|-damage|p1a: Into the Deep Time|37/100|[from] Sandstorm
|-damage|p2a: Snorlax|94/100 slp|[from] Sandstorm
|-heal|p1a: Into the Deep Time|43/100|[from] item: Leftovers
|-heal|p2a: Snorlax|100/100 slp|[from] item: Leftovers
|upkeep
|turn|49
|
|t:|1729386671
|switch|p1a: New Forest|Zapdos|43/100
|cant|p2a: Snorlax|slp
|
|-weather|Sandstorm|[upkeep]
|-damage|p1a: New Forest|37/100|[from] Sandstorm
|-damage|p2a: Snorlax|94/100 slp|[from] Sandstorm
|-heal|p1a: New Forest|43/100|[from] item: Leftovers
|-heal|p2a: Snorlax|100/100 slp|[from] item: Leftovers
|upkeep
|turn|50
|
|t:|1729386675
|cant|p2a: Snorlax|slp
|move|p1a: New Forest|Roar|p2a: Snorlax
|drag|p2a: Milotic|Milotic, M|50/100
|-damage|p2a: Milotic|38/100|[from] Spikes
|
|-weather|Sandstorm|[upkeep]
|-damage|p1a: New Forest|37/100|[from] Sandstorm
|-damage|p2a: Milotic|32/100|[from] Sandstorm
|-heal|p1a: New Forest|43/100|[from] item: Leftovers
|-heal|p2a: Milotic|38/100|[from] item: Leftovers
|upkeep
|turn|51
|
|t:|1729386681
|switch|p2a: Flygon|Flygon, F|100/100
|move|p1a: New Forest|Thunderbolt|p2a: Flygon
|-immune|p2a: Flygon
|
|-weather|Sandstorm|[upkeep]
|-damage|p1a: New Forest|37/100|[from] Sandstorm
|-heal|p1a: New Forest|43/100|[from] item: Leftovers
|upkeep
|turn|52
|
|t:|1729386691
|move|p2a: Flygon|Rock Slide|p1a: New Forest
|-supereffective|p1a: New Forest
|-damage|p1a: New Forest|0 fnt
|faint|p1a: New Forest
|
|t:|1729386694
|switch|p1a: Into the Deep Time|Gengar, F|43/100
|
|-weather|Sandstorm|[upkeep]
|-damage|p1a: Into the Deep Time|37/100|[from] Sandstorm
|-heal|p1a: Into the Deep Time|43/100|[from] item: Leftovers
|upkeep
|turn|53
|inactive|stuckkkk has 240 seconds left.
|
|t:|1729386700
|move|p1a: Into the Deep Time|Giga Drain|p2a: Flygon
|-damage|p2a: Flygon|75/100
|-heal|p1a: Into the Deep Time|56/100|[from] drain|[of] p2a: Flygon
|move|p2a: Flygon|Rock Slide|p1a: Into the Deep Time
|-damage|p1a: Into the Deep Time|0 fnt
|faint|p1a: Into the Deep Time
|
|win|TreinerOrenge
|c|☆TreinerOrenge|gg

</script>
<script type="application/json" class="data" id="replaydata-smogtours-gen3ou-800211">
{"id":"smogtours-gen3ou-800211","format":"[Gen 3] OU","players":["stuckkkk","TreinerOrenge"],"uploadtime":1729386700,"views":140,"formatid":"gen3ou","rating":null,"private":0,"password":null}
</script>

<script defer src="js/replays.js?9d40a366"></script>
