<!DOCTYPE html>
<meta charset="utf-8" />
<meta name="viewport" content="width=device-width" />

<title>[Gen 3] OU: salto vs. Organic Oranges - Replays - Pok&eacute;mon Showdown!</title>

<meta name="description" content="Watch a replay of a Pok&eacute;mon battle between salto and Organic Oranges! Format: [Gen 3] OU; Date: Nov 2, 2024" />
<!--

Hey, you! Looking in the source for the replay log?

You can find them in JSON format, just add `.json` at the end of a replay URL.

https://replay.pokemonshowdown.com/gen7randomdoublesbattle-865046831.json

Or, if you only need the log itself, add `.log` instead:

https://replay.pokemonshowdown.com/gen7randomdoublesbattle-865046831.log

-->

<link rel="stylesheet" href="//pokemonshowdown.com/style/global.css?0.023195364461161105" />
<link rel="stylesheet" href="//play.pokemonshowdown.com/style/font-awesome.css?0.13261647063804238" />
<link rel="stylesheet" href="//play.pokemonshowdown.com/style/battle.css?0.8753245789963631" />
<link rel="stylesheet" href="//play.pokemonshowdown.com/style/utilichart.css?0.8627959624976733" />

<!-- Global site tag (gtag.js) - Google Analytics -->
<script async src="https://www.googletagmanager.com/gtag/js?id=UA-26211653-1"></script>
<script>
  window.dataLayer = window.dataLayer || [];
  function gtag(){dataLayer.push(arguments);}
  gtag('js', new Date());

  gtag('config', 'UA-26211653-1');
</script>
<!-- End Google Analytics -->
<!-- Venatus Ad Manager - Install in <HEAD> of page -->
	<script src="https://hb.vntsm.com/v3/live/ad-manager.min.js" type="text/javascript" data-site-id="642aba63ec9a7b11c3c9c1be" data-mode="scan" async></script>
<!-- / Venatus Ad Manager -->

<style>
	@media (max-width:820px) {
		.battle {
			margin: 0 auto;
		}
		.battle-log {
			margin: 7px auto 0;
			max-width: 640px;
			height: 300px;
			position: static;
		}
	}
	.optgroup {
		display: inline-block;
		line-height: 22px;
		font-size: 10pt;
	}
	.optgroup .button {
		height: 25px;
		padding-top: 0;
		padding-bottom: 0;
	}
	.optgroup button.button {
		padding-left: 12px;
		padding-right: 12px;
	}
	.linklist {
		list-style: none;
		margin: 0.5em 0;
		padding: 0;
	}
	.linklist li {
		padding: 2px 0;
	}
	.sidebar {
		float: left;
		width: 320px;
	}
	.bar-wrapper {
		max-width: 1100px;
		margin: 0 auto;
	}
	.bar-wrapper.has-sidebar {
		max-width: 1430px;
	}
	.mainbar {
		margin: 0;
		padding-right: 1px;
	}
	.mainbar.has-sidebar {
		margin-left: 330px;
	}
	@media (min-width: 1511px) {
		.sidebar {
			width: 400px;
		}
		.bar-wrapper.has-sidebar {
			max-width: 1510px;
		}
		.mainbar.has-sidebar {
			margin-left: 410px;
		}
	}
	.section.first-section {
		margin-top: 9px;
	}
	.blocklink small {
		white-space: normal;
	}
	.button {
		vertical-align: middle;
	}
	.replay-controls {
		padding-top: 10px;
	}
	.replay-controls h1 {
		font-size: 16pt;
		font-weight: normal;
		color: #CCC;
	}
	.pagelink {
		text-align: center;
	}
	.pagelink a {
		width: 150px;
	}
	.textbox, .button {
		font-size: 11pt;
		vertical-align: middle;
	}
	@media (max-width: 450px) {
		.button {
			font-size: 9pt;
		}
	}
</style>

<div>

	<header>
		<div class="nav-wrapper"><ul class="nav">
			<li><a class="button nav-first" href="//pokemonshowdown.com/"><img src="//pokemonshowdown.com/images/pokemonshowdownbeta.png" srcset="//pokemonshowdown.com/images/pokemonshowdownbeta.png 1x, //pokemonshowdown.com/images/pokemonshowdownbeta@2x.png 2x" alt="Pok&eacute;mon Showdown" width="146" height="44" /> Home</a></li>
			<li><a class="button" href="//pokemonshowdown.com/dex/">Pok&eacute;dex</a></li>
			<li><a class="button cur" href="/">Replays</a></li>
			<li><a class="button" href="//pokemonshowdown.com/ladder/">Ladder</a></li>
			<li><a class="button nav-last" href="//pokemonshowdown.com/forums/">Forum</a></li>
			<li><a class="button greenbutton nav-first nav-last" href="//play.pokemonshowdown.com/">Play</a></li>
		</ul></div>
	</header>

	<div class="main" id="main">

		<noscript><section class="section">You need to enable JavaScript to use this page; sorry!</section></noscript>

	</div>

</div>

<script defer nomodule src="//play.pokemonshowdown.com/js/lib/ps-polyfill.js"></script>
<script defer src="//play.pokemonshowdown.com/js/lib/preact.min.js"></script>

<script defer src="//play.pokemonshowdown.com/config/config.js?2bddbc15"></script>
<script defer src="//play.pokemonshowdown.com/js/lib/jquery-1.11.0.min.js"></script>
<script defer src="//play.pokemonshowdown.com/js/lib/html-sanitizer-minified.js"></script>
<script defer src="//play.pokemonshowdown.com/js/battle-sound.js"></script>
<script defer src="//play.pokemonshowdown.com/js/battledata.js?0.7209276989879541"></script>
<script defer src="//play.pokemonshowdown.com/data/pokedex-mini.js?0.6111056340867951"></script>
<script defer src="//play.pokemonshowdown.com/data/pokedex-mini-bw.js?0.3532142036491459"></script>
<script defer src="//play.pokemonshowdown.com/data/graphics.js?0.24223875632456182"></script>
<script defer src="//play.pokemonshowdown.com/data/pokedex.js?0.38839984266356864"></script>
<script defer src="//play.pokemonshowdown.com/data/moves.js?0.21866028504024015"></script>
<script defer src="//play.pokemonshowdown.com/data/abilities.js?0.2005157953846628"></script>
<script defer src="//play.pokemonshowdown.com/data/items.js?0.9894211263848525"></script>
<script defer src="//play.pokemonshowdown.com/data/teambuilder-tables.js?0.6008791140282215"></script>
<script defer src="//play.pokemonshowdown.com/js/battle-tooltips.js?0.7580118955022959"></script>
<script defer src="//play.pokemonshowdown.com/js/battle.js?0.6057722274234274"></script>

<script defer src="js/utils.js?e31f9a17"></script>
<script defer src="js/replays-battle.js?7008c182"></script>

<!-- don't scrape this data! just add .json or .log after the URL!
Full API docs: https://github.com/smogon/pokemon-showdown-client/blob/master/WEB-API.md -->
<script type="text/plain" class="log" id="replaylog-smogtours-gen3ou-803939">
|inactive|Battle timer is ON: inactive players will automatically lose when time's up.
|t:|1730559765
|gametype|singles
|player|p1|salto|grimsley|
|player|p2|Organic Oranges|psychic-gen4|
|teamsize|p1|6
|teamsize|p2|6
|gen|3
|tier|[Gen 3] OU
|rule|Sleep Clause Mod: Limit one foe put to sleep
|rule|Switch Priority Clause Mod: Faster Pokémon switch first
|rule|Species Clause: Limit one of each Pokémon
|rule|OHKO Clause: OHKO moves are banned
|rule|Evasion Items Clause: Evasion items are banned
|rule|Evasion Moves Clause: Evasion moves are banned
|rule|Endless Battle Clause: Forcing endless battles is banned
|rule|HP Percentage Mod: HP is shown in percentages
|rule|One Boost Passer Clause: Limit one Baton Passer that has a way to boost its stats
|rule|Freeze Clause Mod: Limit one foe frozen
|
|t:|1730559765
|start
|switch|p1a: Jolteon|Jolteon, F|100/100
|switch|p2a: Skarmory|Skarmory, F, shiny|100/100
|turn|1
|c|☆salto|good luck
|
|t:|1730559773
|switch|p2a: Dugtrio|Dugtrio, F, shiny|100/100
|move|p1a: Jolteon|Thunder Wave|p2a: Dugtrio
|-immune|p2a: Dugtrio
|
|upkeep
|turn|2
|
|t:|1730559779
|move|p1a: Jolteon|Baton Pass|p1a: Jolteon
|c|☆Organic Oranges|u2
|
|t:|1730559795
|switch|p1a: Zapdos|Zapdos|100/100|[from] Baton Pass
|move|p2a: Dugtrio|Earthquake|p1a: Zapdos
|-immune|p1a: Zapdos
|
|upkeep
|turn|3
|
|t:|1730559802
|switch|p2a: Celebi|Celebi|100/100
|move|p1a: Zapdos|Thunder Wave|p2a: Celebi
|-status|p2a: Celebi|par
|
|upkeep
|turn|4
|
|t:|1730559811
|switch|p1a: Forretress|Forretress, M|100/100
|move|p2a: Celebi|Calm Mind|p2a: Celebi
|-boost|p2a: Celebi|spa|1
|-boost|p2a: Celebi|spd|1
|
|upkeep
|turn|5
|
|t:|1730559826
|move|p1a: Forretress|Hidden Power|p2a: Celebi
|-supereffective|p2a: Celebi
|-damage|p2a: Celebi|26/100 par
|move|p2a: Celebi|Baton Pass|p2a: Celebi
|
|t:|1730559833
|-curestatus|p2a: Celebi|par|[from] ability: Natural Cure
|switch|p2a: Jirachi|Jirachi, shiny|100/100|[from] Baton Pass
|
|upkeep
|turn|6
|
|t:|1730559841
|switch|p1a: Tyranitar|Tyranitar, F|100/100
|-weather|Sandstorm|[from] ability: Sand Stream|[of] p1a: Tyranitar
|move|p2a: Jirachi|Calm Mind|p2a: Jirachi
|-boost|p2a: Jirachi|spa|1
|-boost|p2a: Jirachi|spd|1
|
|-weather|Sandstorm|[upkeep]
|upkeep
|turn|7
|
|t:|1730559849
|move|p2a: Jirachi|Fire Punch|p1a: Tyranitar
|-resisted|p1a: Tyranitar
|-crit|p1a: Tyranitar
|-damage|p1a: Tyranitar|73/100
|move|p1a: Tyranitar|Earthquake|p2a: Jirachi
|-supereffective|p2a: Jirachi
|-damage|p2a: Jirachi|54/100
|
|-weather|Sandstorm|[upkeep]
|-heal|p2a: Jirachi|60/100|[from] item: Leftovers
|-heal|p1a: Tyranitar|79/100|[from] item: Leftovers
|upkeep
|turn|8
|
|t:|1730559860
|move|p2a: Jirachi|Fire Punch|p1a: Tyranitar
|-resisted|p1a: Tyranitar
|-damage|p1a: Tyranitar|65/100
|-status|p1a: Tyranitar|brn
|move|p1a: Tyranitar|Earthquake|p2a: Jirachi
|-supereffective|p2a: Jirachi
|-damage|p2a: Jirachi|36/100
|
|-weather|Sandstorm|[upkeep]
|-heal|p2a: Jirachi|43/100|[from] item: Leftovers
|-heal|p1a: Tyranitar|71/100 brn|[from] item: Leftovers
|-damage|p1a: Tyranitar|58/100 brn|[from] brn
|upkeep
|turn|9
|
|t:|1730559871
|-singleturn|p1a: Tyranitar|move: Focus Punch
|move|p2a: Jirachi|Wish|p2a: Jirachi
|move|p1a: Tyranitar|Focus Punch|p2a: Jirachi
|-damage|p2a: Jirachi|25/100
|
|-weather|Sandstorm|[upkeep]
|-heal|p2a: Jirachi|31/100|[from] item: Leftovers
|-heal|p1a: Tyranitar|65/100 brn|[from] item: Leftovers
|-damage|p1a: Tyranitar|52/100 brn|[from] brn
|upkeep
|turn|10
|
|t:|1730559884
|switch|p1a: Zapdos|Zapdos|100/100
|move|p2a: Jirachi|Calm Mind|p2a: Jirachi
|-boost|p2a: Jirachi|spa|1
|-boost|p2a: Jirachi|spd|1
|
|-heal|p2a: Jirachi|81/100|[from] move: Wish|[wisher] Jirachi
|-weather|Sandstorm|[upkeep]
|-damage|p1a: Zapdos|94/100|[from] Sandstorm
|-heal|p1a: Zapdos|100/100|[from] item: Leftovers
|-heal|p2a: Jirachi|87/100|[from] item: Leftovers
|upkeep
|turn|11
|
|t:|1730559896
|move|p2a: Jirachi|Psychic|p1a: Zapdos
|-damage|p1a: Zapdos|9/100
|move|p1a: Zapdos|Roar|p2a: Jirachi
|drag|p2a: Skarmory|Skarmory, F, shiny|100/100
|
|-weather|Sandstorm|[upkeep]
|-damage|p1a: Zapdos|2/100|[from] Sandstorm
|-heal|p1a: Zapdos|9/100|[from] item: Leftovers
|upkeep
|turn|12
|
|t:|1730559910
|switch|p2a: Celebi|Celebi|26/100
|move|p1a: Zapdos|Thunderbolt|p2a: Celebi
|-resisted|p2a: Celebi
|-damage|p2a: Celebi|7/100
|
|-weather|Sandstorm|[upkeep]
|-damage|p1a: Zapdos|2/100|[from] Sandstorm
|-damage|p2a: Celebi|1/100|[from] Sandstorm
|-heal|p1a: Zapdos|9/100|[from] item: Leftovers
|-heal|p2a: Celebi|7/100|[from] item: Leftovers
|upkeep
|turn|13
|
|t:|1730559921
|move|p1a: Zapdos|Thunderbolt|p2a: Celebi
|-resisted|p2a: Celebi
|-damage|p2a: Celebi|0 fnt
|faint|p2a: Celebi
|
|t:|1730559931
|switch|p2a: Snorlax|Snorlax, M, shiny|100/100
|
|-weather|Sandstorm|[upkeep]
|-damage|p1a: Zapdos|2/100|[from] Sandstorm
|-damage|p2a: Snorlax|94/100|[from] Sandstorm
|-heal|p1a: Zapdos|9/100|[from] item: Leftovers
|-heal|p2a: Snorlax|100/100|[from] item: Leftovers
|upkeep
|turn|14
|
|t:|1730559942
|move|p1a: Zapdos|Thunder Wave|p2a: Snorlax
|-status|p2a: Snorlax|par
|move|p2a: Snorlax|Curse|p2a: Snorlax
|-unboost|p2a: Snorlax|spe|1
|-boost|p2a: Snorlax|atk|1
|-boost|p2a: Snorlax|def|1
|
|-weather|Sandstorm|[upkeep]
|-damage|p1a: Zapdos|2/100|[from] Sandstorm
|-damage|p2a: Snorlax|94/100 par|[from] Sandstorm
|-heal|p1a: Zapdos|9/100|[from] item: Leftovers
|-heal|p2a: Snorlax|100/100 par|[from] item: Leftovers
|upkeep
|turn|15
|
|t:|1730559954
|move|p2a: Snorlax|Return|p1a: Zapdos
|-damage|p1a: Zapdos|0 fnt
|faint|p1a: Zapdos
|
|t:|1730559961
|switch|p1a: Hariyama|Hariyama, M|100/100
|
|-weather|Sandstorm|[upkeep]
|-damage|p1a: Hariyama|94/100|[from] Sandstorm
|-damage|p2a: Snorlax|94/100 par|[from] Sandstorm
|-heal|p1a: Hariyama|100/100|[from] item: Leftovers
|-heal|p2a: Snorlax|100/100 par|[from] item: Leftovers
|upkeep
|turn|16
|
|t:|1730559970
|switch|p2a: Skarmory|Skarmory, F, shiny|100/100
|move|p1a: Hariyama|Cross Chop|p2a: Skarmory
|-damage|p2a: Skarmory|71/100
|
|-weather|Sandstorm|[upkeep]
|-damage|p1a: Hariyama|94/100|[from] Sandstorm
|-heal|p2a: Skarmory|77/100|[from] item: Leftovers
|-heal|p1a: Hariyama|100/100|[from] item: Leftovers
|upkeep
|turn|17
|
|t:|1730559981
|switch|p1a: Forretress|Forretress, M|100/100
|move|p2a: Skarmory|Spikes|p1a: Forretress
|-sidestart|p1: salto|Spikes
|
|-weather|Sandstorm|[upkeep]
|-heal|p2a: Skarmory|83/100|[from] item: Leftovers
|upkeep
|turn|18
|
|t:|1730559994
|switch|p2a: Jirachi|Jirachi, shiny|87/100
|move|p1a: Forretress|Spikes|p2a: Jirachi
|-sidestart|p2: Organic Oranges|Spikes
|
|-weather|Sandstorm|[upkeep]
|-heal|p2a: Jirachi|93/100|[from] item: Leftovers
|upkeep
|turn|19
|
|t:|1730560001
|move|p2a: Jirachi|Calm Mind|p2a: Jirachi
|-boost|p2a: Jirachi|spa|1
|-boost|p2a: Jirachi|spd|1
|move|p1a: Forretress|Earthquake|p2a: Jirachi
|-supereffective|p2a: Jirachi
|-damage|p2a: Jirachi|68/100
|
|-weather|Sandstorm|[upkeep]
|-heal|p2a: Jirachi|75/100|[from] item: Leftovers
|upkeep
|turn|20
|
|t:|1730560010
|move|p2a: Jirachi|Wish|p2a: Jirachi
|move|p1a: Forretress|Earthquake|p2a: Jirachi
|-supereffective|p2a: Jirachi
|-damage|p2a: Jirachi|49/100
|
|-weather|Sandstorm|[upkeep]
|-heal|p2a: Jirachi|55/100|[from] item: Leftovers
|upkeep
|turn|21
|
|t:|1730560017
|switch|p1a: Jolteon|Jolteon, F|100/100
|-damage|p1a: Jolteon|88/100|[from] Spikes
|move|p2a: Jirachi|Calm Mind|p2a: Jirachi
|-boost|p2a: Jirachi|spa|1
|-boost|p2a: Jirachi|spd|1
|
|-heal|p2a: Jirachi|100/100|[from] move: Wish|[wisher] Jirachi
|-weather|Sandstorm|[upkeep]
|-damage|p1a: Jolteon|82/100|[from] Sandstorm
|-heal|p1a: Jolteon|88/100|[from] item: Leftovers
|upkeep
|turn|22
|
|t:|1730560028
|move|p1a: Jolteon|Thunder Wave|p2a: Jirachi
|-status|p2a: Jirachi|par
|move|p2a: Jirachi|Psychic|p1a: Jolteon
|-damage|p1a: Jolteon|18/100
|
|-weather|Sandstorm|[upkeep]
|-damage|p1a: Jolteon|12/100|[from] Sandstorm
|-heal|p1a: Jolteon|18/100|[from] item: Leftovers
|upkeep
|turn|23
|
|t:|1730560039
|switch|p1a: Hariyama|Hariyama, M|100/100
|-damage|p1a: Hariyama|88/100|[from] Spikes
|move|p2a: Jirachi|Psychic|p1a: Hariyama
|-supereffective|p1a: Hariyama
|-damage|p1a: Hariyama|0 fnt
|faint|p1a: Hariyama
|
|t:|1730560041
|switch|p1a: Raikou|Raikou|100/100
|-damage|p1a: Raikou|88/100|[from] Spikes
|
|-weather|Sandstorm|[upkeep]
|-damage|p1a: Raikou|82/100|[from] Sandstorm
|-heal|p1a: Raikou|88/100|[from] item: Leftovers
|upkeep
|turn|24
|
|t:|1730560052
|move|p1a: Raikou|Substitute|p1a: Raikou
|-start|p1a: Raikou|Substitute
|-damage|p1a: Raikou|63/100
|move|p2a: Jirachi|Psychic|p1a: Raikou
|-end|p1a: Raikou|Substitute
|
|-weather|Sandstorm|[upkeep]
|-damage|p1a: Raikou|57/100|[from] Sandstorm
|-heal|p1a: Raikou|63/100|[from] item: Leftovers
|upkeep
|turn|25
|
|t:|1730560060
|move|p1a: Raikou|Substitute|p1a: Raikou
|-start|p1a: Raikou|Substitute
|-damage|p1a: Raikou|38/100
|cant|p2a: Jirachi|par
|
|-weather|Sandstorm|[upkeep]
|-damage|p1a: Raikou|32/100|[from] Sandstorm
|-heal|p1a: Raikou|38/100|[from] item: Leftovers
|upkeep
|turn|26
|
|t:|1730560068
|move|p1a: Raikou|Calm Mind|p1a: Raikou
|-boost|p1a: Raikou|spa|1
|-boost|p1a: Raikou|spd|1
|cant|p2a: Jirachi|par
|
|-weather|Sandstorm|[upkeep]
|-damage|p1a: Raikou|32/100|[from] Sandstorm
|-heal|p1a: Raikou|38/100|[from] item: Leftovers
|upkeep
|turn|27
|
|t:|1730560076
|move|p1a: Raikou|Calm Mind|p1a: Raikou
|-boost|p1a: Raikou|spa|1
|-boost|p1a: Raikou|spd|1
|move|p2a: Jirachi|Psychic|p1a: Raikou
|-end|p1a: Raikou|Substitute
|
|-weather|Sandstorm|[upkeep]
|-damage|p1a: Raikou|32/100|[from] Sandstorm
|-heal|p1a: Raikou|38/100|[from] item: Leftovers
|upkeep
|turn|28
|
|t:|1730560087
|move|p1a: Raikou|Thunderbolt|p2a: Jirachi
|-crit|p2a: Jirachi
|-damage|p2a: Jirachi|0 fnt
|faint|p2a: Jirachi
|
|t:|1730560091
|switch|p2a: Dugtrio|Dugtrio, F, shiny|100/100
|-damage|p2a: Dugtrio|88/100|[from] Spikes
|
|-weather|Sandstorm|[upkeep]
|-damage|p1a: Raikou|32/100|[from] Sandstorm
|-heal|p1a: Raikou|38/100|[from] item: Leftovers
|upkeep
|turn|29
|
|t:|1730560099
|move|p1a: Raikou|Hidden Power|p2a: Dugtrio
|-supereffective|p2a: Dugtrio
|-damage|p2a: Dugtrio|0 fnt
|faint|p2a: Dugtrio
|
|t:|1730560106
|switch|p2a: Snorlax|Snorlax, M, shiny|100/100 par
|-damage|p2a: Snorlax|88/100 par|[from] Spikes
|
|-weather|Sandstorm|[upkeep]
|-damage|p1a: Raikou|32/100|[from] Sandstorm
|-damage|p2a: Snorlax|82/100 par|[from] Sandstorm
|-heal|p1a: Raikou|38/100|[from] item: Leftovers
|-heal|p2a: Snorlax|88/100 par|[from] item: Leftovers
|upkeep
|turn|30
|
|t:|1730560134
|move|p1a: Raikou|Substitute|p1a: Raikou
|-start|p1a: Raikou|Substitute
|-damage|p1a: Raikou|14/100
|move|p2a: Snorlax|Return|p1a: Raikou
|-end|p1a: Raikou|Substitute
|
|-weather|Sandstorm|[upkeep]
|-damage|p1a: Raikou|7/100|[from] Sandstorm
|-damage|p2a: Snorlax|82/100 par|[from] Sandstorm
|-heal|p1a: Raikou|14/100|[from] item: Leftovers
|-heal|p2a: Snorlax|88/100 par|[from] item: Leftovers
|upkeep
|turn|31
|
|t:|1730560144
|move|p1a: Raikou|Thunderbolt|p2a: Snorlax
|-damage|p2a: Snorlax|40/100 par
|move|p2a: Snorlax|Return|p1a: Raikou
|-damage|p1a: Raikou|0 fnt
|faint|p1a: Raikou
|
|t:|1730560149
|switch|p1a: Forretress|Forretress, M|100/100
|-damage|p1a: Forretress|88/100|[from] Spikes
|
|-weather|Sandstorm|[upkeep]
|-damage|p2a: Snorlax|34/100 par|[from] Sandstorm
|-heal|p1a: Forretress|94/100|[from] item: Leftovers
|-heal|p2a: Snorlax|40/100 par|[from] item: Leftovers
|upkeep
|turn|32
|
|t:|1730560159
|move|p1a: Forretress|Rapid Spin|p2a: Snorlax
|-damage|p2a: Snorlax|36/100 par
|-sideend|p1: salto|Spikes|[from] move: Rapid Spin|[of] p1a: Forretress
|cant|p2a: Snorlax|par
|
|-weather|Sandstorm|[upkeep]
|-damage|p2a: Snorlax|30/100 par|[from] Sandstorm
|-heal|p1a: Forretress|100/100|[from] item: Leftovers
|-heal|p2a: Snorlax|36/100 par|[from] item: Leftovers
|upkeep
|turn|33
|
|t:|1730560179
|switch|p1a: Jolteon|Jolteon, F|18/100
|switch|p2a: Skarmory|Skarmory, F, shiny|83/100
|
|-weather|Sandstorm|[upkeep]
|-damage|p1a: Jolteon|12/100|[from] Sandstorm
|-heal|p1a: Jolteon|18/100|[from] item: Leftovers
|-heal|p2a: Skarmory|89/100|[from] item: Leftovers
|upkeep
|turn|34
|
|t:|1730560192
|move|p2a: Skarmory|Protect|p2a: Skarmory
|-singleturn|p2a: Skarmory|Protect
|move|p1a: Jolteon|Thunderbolt|p2a: Skarmory
|-activate|p2a: Skarmory|Protect
|
|-weather|Sandstorm|[upkeep]
|-damage|p1a: Jolteon|12/100|[from] Sandstorm
|-heal|p1a: Jolteon|18/100|[from] item: Leftovers
|-heal|p2a: Skarmory|95/100|[from] item: Leftovers
|upkeep
|turn|35
|
|t:|1730560201
|move|p1a: Jolteon|Thunderbolt|p2a: Skarmory
|-supereffective|p2a: Skarmory
|-damage|p2a: Skarmory|14/100
|move|p2a: Skarmory|Toxic|p1a: Jolteon
|-status|p1a: Jolteon|tox
|
|-weather|Sandstorm|[upkeep]
|-damage|p1a: Jolteon|12/100 tox|[from] Sandstorm
|-heal|p1a: Jolteon|18/100 tox|[from] item: Leftovers
|-damage|p1a: Jolteon|12/100 tox|[from] psn
|-heal|p2a: Skarmory|20/100|[from] item: Leftovers
|upkeep
|turn|36
|
|t:|1730560213
|switch|p1a: Tyranitar|Tyranitar, F|52/100 brn
|move|p2a: Skarmory|Protect||[still]
|-fail|p2a: Skarmory
|
|-weather|Sandstorm|[upkeep]
|-heal|p2a: Skarmory|26/100|[from] item: Leftovers
|-heal|p1a: Tyranitar|58/100 brn|[from] item: Leftovers
|-damage|p1a: Tyranitar|46/100 brn|[from] brn
|upkeep
|turn|37
|c|☆salto|gg
|
|t:|1730560228
|move|p1a: Tyranitar|Rock Slide|p2a: Skarmory
|-damage|p2a: Skarmory|9/100
|move|p2a: Skarmory|Roar|p1a: Tyranitar
|drag|p1a: Forretress|Forretress, M|100/100
|
|-weather|Sandstorm|[upkeep]
|-heal|p2a: Skarmory|15/100|[from] item: Leftovers
|upkeep
|turn|38
|
|t:|1730560237
|switch|p1a: Tyranitar|Tyranitar, F|46/100 brn
|move|p2a: Skarmory|Spikes|p1a: Tyranitar
|-sidestart|p1: salto|Spikes
|
|-weather|Sandstorm|[upkeep]
|-heal|p2a: Skarmory|21/100|[from] item: Leftovers
|-heal|p1a: Tyranitar|52/100 brn|[from] item: Leftovers
|-damage|p1a: Tyranitar|40/100 brn|[from] brn
|upkeep
|turn|39
|
|t:|1730560246
|-singleturn|p1a: Tyranitar|move: Focus Punch
|move|p2a: Skarmory|Protect|p2a: Skarmory
|-singleturn|p2a: Skarmory|Protect
|move|p1a: Tyranitar|Focus Punch|p2a: Skarmory
|-activate|p2a: Skarmory|Protect
|
|-weather|Sandstorm|[upkeep]
|-heal|p2a: Skarmory|27/100|[from] item: Leftovers
|-heal|p1a: Tyranitar|46/100 brn|[from] item: Leftovers
|-damage|p1a: Tyranitar|34/100 brn|[from] brn
|upkeep
|turn|40
|
|t:|1730560260
|-singleturn|p1a: Tyranitar|move: Focus Punch
|move|p2a: Skarmory|Protect||[still]
|-fail|p2a: Skarmory
|move|p1a: Tyranitar|Focus Punch|p2a: Skarmory
|-damage|p2a: Skarmory|3/100
|
|-weather|Sandstorm|[upkeep]
|-heal|p2a: Skarmory|9/100|[from] item: Leftovers
|-heal|p1a: Tyranitar|40/100 brn|[from] item: Leftovers
|-damage|p1a: Tyranitar|27/100 brn|[from] brn
|upkeep
|turn|41
|
|t:|1730560280
|-singleturn|p1a: Tyranitar|move: Focus Punch
|move|p2a: Skarmory|Protect|p2a: Skarmory
|-singleturn|p2a: Skarmory|Protect
|move|p1a: Tyranitar|Focus Punch|p2a: Skarmory
|-activate|p2a: Skarmory|Protect
|
|-weather|Sandstorm|[upkeep]
|-heal|p2a: Skarmory|15/100|[from] item: Leftovers
|-heal|p1a: Tyranitar|34/100 brn|[from] item: Leftovers
|-damage|p1a: Tyranitar|21/100 brn|[from] brn
|upkeep
|turn|42
|
|t:|1730560299
|-singleturn|p1a: Tyranitar|move: Focus Punch
|move|p2a: Skarmory|Protect|p2a: Skarmory
|-singleturn|p2a: Skarmory|Protect
|move|p1a: Tyranitar|Focus Punch|p2a: Skarmory
|-activate|p2a: Skarmory|Protect
|
|-weather|Sandstorm|[upkeep]
|-heal|p2a: Skarmory|21/100|[from] item: Leftovers
|-heal|p1a: Tyranitar|27/100 brn|[from] item: Leftovers
|-damage|p1a: Tyranitar|15/100 brn|[from] brn
|upkeep
|turn|43
|
|t:|1730560312
|-singleturn|p1a: Tyranitar|move: Focus Punch
|move|p2a: Skarmory|Spikes|p1a: Tyranitar
|-sidestart|p1: salto|Spikes
|move|p1a: Tyranitar|Focus Punch|p2a: Skarmory
|-damage|p2a: Skarmory|0 fnt
|faint|p2a: Skarmory
|inactive|Organic Oranges has 270 seconds left.
|
|t:|1730560323
|switch|p2a: Snorlax|Snorlax, M, shiny|36/100 par
|-damage|p2a: Snorlax|23/100 par|[from] Spikes
|
|-weather|Sandstorm|[upkeep]
|-damage|p2a: Snorlax|17/100 par|[from] Sandstorm
|-heal|p1a: Tyranitar|21/100 brn|[from] item: Leftovers
|-damage|p1a: Tyranitar|9/100 brn|[from] brn
|-heal|p2a: Snorlax|23/100 par|[from] item: Leftovers
|upkeep
|turn|44
|inactive|Organic Oranges has 270 seconds left.
|
|t:|1730560334
|-singleturn|p1a: Tyranitar|move: Focus Punch
|cant|p2a: Snorlax|par
|move|p1a: Tyranitar|Focus Punch|p2a: Snorlax
|-supereffective|p2a: Snorlax
|-damage|p2a: Snorlax|0 fnt
|faint|p2a: Snorlax
|inactive|Organic Oranges has 270 seconds left.
|
|t:|1730560340
|switch|p2a: Milotic|Milotic, M, shiny|100/100
|-damage|p2a: Milotic|88/100|[from] Spikes
|
|-weather|Sandstorm|[upkeep]
|-damage|p2a: Milotic|82/100|[from] Sandstorm
|-heal|p2a: Milotic|88/100|[from] item: Leftovers
|-heal|p1a: Tyranitar|15/100 brn|[from] item: Leftovers
|-damage|p1a: Tyranitar|2/100 brn|[from] brn
|upkeep
|turn|45
|inactive|Organic Oranges has 270 seconds left.
|
|t:|1730560358
|move|p2a: Milotic|Surf|p1a: Tyranitar
|-supereffective|p1a: Tyranitar
|-damage|p1a: Tyranitar|0 fnt
|faint|p1a: Tyranitar
|
|t:|1730560361
|switch|p1a: Forretress|Forretress, M|100/100
|-damage|p1a: Forretress|84/100|[from] Spikes
|
|-weather|Sandstorm|[upkeep]
|-damage|p2a: Milotic|82/100|[from] Sandstorm
|-heal|p2a: Milotic|88/100|[from] item: Leftovers
|-heal|p1a: Forretress|90/100|[from] item: Leftovers
|upkeep
|turn|46
|
|t:|1730560370
|move|p2a: Milotic|Surf|p1a: Forretress
|-damage|p1a: Forretress|61/100
|move|p1a: Forretress|Rapid Spin|p2a: Milotic
|-crit|p2a: Milotic
|-damage|p2a: Milotic|81/100
|-sideend|p1: salto|Spikes|[from] move: Rapid Spin|[of] p1a: Forretress
|
|-weather|Sandstorm|[upkeep]
|-damage|p2a: Milotic|75/100|[from] Sandstorm
|-heal|p2a: Milotic|81/100|[from] item: Leftovers
|-heal|p1a: Forretress|67/100|[from] item: Leftovers
|upkeep
|turn|47
|
|t:|1730560381
|move|p2a: Milotic|Surf|p1a: Forretress
|-damage|p1a: Forretress|36/100
|move|p1a: Forretress|Hidden Power|p2a: Milotic
|-damage|p2a: Milotic|66/100
|
|-weather|Sandstorm|[upkeep]
|-damage|p2a: Milotic|60/100|[from] Sandstorm
|-heal|p2a: Milotic|66/100|[from] item: Leftovers
|-heal|p1a: Forretress|42/100|[from] item: Leftovers
|upkeep
|turn|48
|
|t:|1730560392
|move|p2a: Milotic|Surf|p1a: Forretress
|-damage|p1a: Forretress|12/100
|move|p1a: Forretress|Hidden Power|p2a: Milotic
|-damage|p2a: Milotic|49/100
|
|-weather|Sandstorm|[upkeep]
|-damage|p2a: Milotic|43/100|[from] Sandstorm
|-heal|p2a: Milotic|49/100|[from] item: Leftovers
|-heal|p1a: Forretress|19/100|[from] item: Leftovers
|upkeep
|turn|49
|
|t:|1730560402
|move|p2a: Milotic|Recover|p2a: Milotic
|-heal|p2a: Milotic|99/100
|move|p1a: Forretress|Hidden Power|p2a: Milotic
|-damage|p2a: Milotic|82/100
|
|-weather|Sandstorm|[upkeep]
|-damage|p2a: Milotic|76/100|[from] Sandstorm
|-heal|p2a: Milotic|82/100|[from] item: Leftovers
|-heal|p1a: Forretress|25/100|[from] item: Leftovers
|upkeep
|turn|50
|
|t:|1730560413
|move|p2a: Milotic|Surf|p1a: Forretress
|-crit|p1a: Forretress
|-damage|p1a: Forretress|0 fnt
|faint|p1a: Forretress
|
|t:|1730560415
|switch|p1a: Jolteon|Jolteon, F|12/100 tox
|
|-weather|Sandstorm|[upkeep]
|-damage|p1a: Jolteon|5/100 tox|[from] Sandstorm
|-damage|p2a: Milotic|76/100|[from] Sandstorm
|-heal|p1a: Jolteon|12/100 tox|[from] item: Leftovers
|-damage|p1a: Jolteon|5/100 tox|[from] psn
|-heal|p2a: Milotic|82/100|[from] item: Leftovers
|upkeep
|turn|51
|
|t:|1730560424
|move|p1a: Jolteon|Thunderbolt|p2a: Milotic
|-supereffective|p2a: Milotic
|-damage|p2a: Milotic|26/100
|move|p2a: Milotic|Recover|p2a: Milotic
|-heal|p2a: Milotic|76/100
|
|-weather|Sandstorm|[upkeep]
|-damage|p1a: Jolteon|0 fnt|[from] Sandstorm
|-damage|p2a: Milotic|70/100|[from] Sandstorm
|faint|p1a: Jolteon
|
|win|Organic Oranges
|upkeep
|player|p1|

</script>
<script type="application/json" class="data" id="replaydata-smogtours-gen3ou-803939">
{"id":"smogtours-gen3ou-803939","format":"[Gen 3] OU","players":["salto","Organic Oranges"],"uploadtime":1730560424,"views":78,"formatid":"gen3ou","rating":null,"private":0,"password":null}
</script>

<script defer src="js/replays.js?9d40a366"></script>
