<!DOCTYPE html>
<meta charset="utf-8" />
<meta name="viewport" content="width=device-width" />

<title>[Gen 3] OU: 1HPWonder vs. jimothy non-subs - Replays - Pok&eacute;mon Showdown!</title>

<meta name="description" content="Watch a replay of a Pok&eacute;mon battle between 1HPWonder and jimothy non-subs! Format: [Gen 3] OU; Date: Oct 12, 2024" />
<!--

Hey, you! Looking in the source for the replay log?

You can find them in JSON format, just add `.json` at the end of a replay URL.

https://replay.pokemonshowdown.com/gen7randomdoublesbattle-865046831.json

Or, if you only need the log itself, add `.log` instead:

https://replay.pokemonshowdown.com/gen7randomdoublesbattle-865046831.log

-->

<link rel="stylesheet" href="//pokemonshowdown.com/style/global.css?0.023195364461161105" />
<link rel="stylesheet" href="//play.pokemonshowdown.com/style/font-awesome.css?0.13261647063804238" />
<link rel="stylesheet" href="//play.pokemonshowdown.com/style/battle.css?0.8753245789963631" />
<link rel="stylesheet" href="//play.pokemonshowdown.com/style/utilichart.css?0.8627959624976733" />

<!-- Global site tag (gtag.js) - Google Analytics -->
<script async src="https://www.googletagmanager.com/gtag/js?id=UA-26211653-1"></script>
<script>
  window.dataLayer = window.dataLayer || [];
  function gtag(){dataLayer.push(arguments);}
  gtag('js', new Date());

  gtag('config', 'UA-26211653-1');
</script>
<!-- End Google Analytics -->
<!-- Venatus Ad Manager - Install in <HEAD> of page -->
	<script src="https://hb.vntsm.com/v3/live/ad-manager.min.js" type="text/javascript" data-site-id="642aba63ec9a7b11c3c9c1be" data-mode="scan" async></script>
<!-- / Venatus Ad Manager -->

<style>
	@media (max-width:820px) {
		.battle {
			margin: 0 auto;
		}
		.battle-log {
			margin: 7px auto 0;
			max-width: 640px;
			height: 300px;
			position: static;
		}
	}
	.optgroup {
		display: inline-block;
		line-height: 22px;
		font-size: 10pt;
	}
	.optgroup .button {
		height: 25px;
		padding-top: 0;
		padding-bottom: 0;
	}
	.optgroup button.button {
		padding-left: 12px;
		padding-right: 12px;
	}
	.linklist {
		list-style: none;
		margin: 0.5em 0;
		padding: 0;
	}
	.linklist li {
		padding: 2px 0;
	}
	.sidebar {
		float: left;
		width: 320px;
	}
	.bar-wrapper {
		max-width: 1100px;
		margin: 0 auto;
	}
	.bar-wrapper.has-sidebar {
		max-width: 1430px;
	}
	.mainbar {
		margin: 0;
		padding-right: 1px;
	}
	.mainbar.has-sidebar {
		margin-left: 330px;
	}
	@media (min-width: 1511px) {
		.sidebar {
			width: 400px;
		}
		.bar-wrapper.has-sidebar {
			max-width: 1510px;
		}
		.mainbar.has-sidebar {
			margin-left: 410px;
		}
	}
	.section.first-section {
		margin-top: 9px;
	}
	.blocklink small {
		white-space: normal;
	}
	.button {
		vertical-align: middle;
	}
	.replay-controls {
		padding-top: 10px;
	}
	.replay-controls h1 {
		font-size: 16pt;
		font-weight: normal;
		color: #CCC;
	}
	.pagelink {
		text-align: center;
	}
	.pagelink a {
		width: 150px;
	}
	.textbox, .button {
		font-size: 11pt;
		vertical-align: middle;
	}
	@media (max-width: 450px) {
		.button {
			font-size: 9pt;
		}
	}
</style>

<div>

	<header>
		<div class="nav-wrapper"><ul class="nav">
			<li><a class="button nav-first" href="//pokemonshowdown.com/"><img src="//pokemonshowdown.com/images/pokemonshowdownbeta.png" srcset="//pokemonshowdown.com/images/pokemonshowdownbeta.png 1x, //pokemonshowdown.com/images/pokemonshowdownbeta@2x.png 2x" alt="Pok&eacute;mon Showdown" width="146" height="44" /> Home</a></li>
			<li><a class="button" href="//pokemonshowdown.com/dex/">Pok&eacute;dex</a></li>
			<li><a class="button cur" href="/">Replays</a></li>
			<li><a class="button" href="//pokemonshowdown.com/ladder/">Ladder</a></li>
			<li><a class="button nav-last" href="//pokemonshowdown.com/forums/">Forum</a></li>
			<li><a class="button greenbutton nav-first nav-last" href="//play.pokemonshowdown.com/">Play</a></li>
		</ul></div>
	</header>

	<div class="main" id="main">

		<noscript><section class="section">You need to enable JavaScript to use this page; sorry!</section></noscript>

	</div>

</div>

<script defer nomodule src="//play.pokemonshowdown.com/js/lib/ps-polyfill.js"></script>
<script defer src="//play.pokemonshowdown.com/js/lib/preact.min.js"></script>

<script defer src="//play.pokemonshowdown.com/config/config.js?2bddbc15"></script>
<script defer src="//play.pokemonshowdown.com/js/lib/jquery-1.11.0.min.js"></script>
<script defer src="//play.pokemonshowdown.com/js/lib/html-sanitizer-minified.js"></script>
<script defer src="//play.pokemonshowdown.com/js/battle-sound.js"></script>
<script defer src="//play.pokemonshowdown.com/js/battledata.js?0.7209276989879541"></script>
<script defer src="//play.pokemonshowdown.com/data/pokedex-mini.js?0.6111056340867951"></script>
<script defer src="//play.pokemonshowdown.com/data/pokedex-mini-bw.js?0.3532142036491459"></script>
<script defer src="//play.pokemonshowdown.com/data/graphics.js?0.24223875632456182"></script>
<script defer src="//play.pokemonshowdown.com/data/pokedex.js?0.38839984266356864"></script>
<script defer src="//play.pokemonshowdown.com/data/moves.js?0.21866028504024015"></script>
<script defer src="//play.pokemonshowdown.com/data/abilities.js?0.2005157953846628"></script>
<script defer src="//play.pokemonshowdown.com/data/items.js?0.9894211263848525"></script>
<script defer src="//play.pokemonshowdown.com/data/teambuilder-tables.js?0.6008791140282215"></script>
<script defer src="//play.pokemonshowdown.com/js/battle-tooltips.js?0.7580118955022959"></script>
<script defer src="//play.pokemonshowdown.com/js/battle.js?0.6057722274234274"></script>

<script defer src="js/utils.js?e31f9a17"></script>
<script defer src="js/replays-battle.js?7008c182"></script>

<!-- don't scrape this data! just add .json or .log after the URL!
Full API docs: https://github.com/smogon/pokemon-showdown-client/blob/master/WEB-API.md -->
<script type="text/plain" class="log" id="replaylog-smogtours-gen3ou-797656">
|inactive|Battle timer is ON: inactive players will automatically lose when time's up.
|t:|1728757230
|gametype|singles
|player|p1|1HPWonder|169|
|player|p2|jimothy non-subs|2|
|teamsize|p1|6
|teamsize|p2|6
|gen|3
|tier|[Gen 3] OU
|rule|Sleep Clause Mod: Limit one foe put to sleep
|rule|Switch Priority Clause Mod: Faster Pokémon switch first
|rule|Species Clause: Limit one of each Pokémon
|rule|OHKO Clause: OHKO moves are banned
|rule|Evasion Items Clause: Evasion items are banned
|rule|Evasion Moves Clause: Evasion moves are banned
|rule|Endless Battle Clause: Forcing endless battles is banned
|rule|HP Percentage Mod: HP is shown in percentages
|rule|One Boost Passer Clause: Limit one Baton Passer that has a way to boost its stats
|rule|Freeze Clause Mod: Limit one foe frozen
|
|t:|1728757230
|start
|switch|p1a: Suicune|Suicune|100/100
|switch|p2a: mence set #8564|Salamence, M|100/100
|-ability|p2a: mence set #8564|Intimidate|boost
|-unboost|p1a: Suicune|atk|1
|turn|1
|c|☆jimothy non-subs|gl
|c|☆1HPWonder|damn i only know the first 8563 mence sets
|c|☆1HPWonder|gl!
|c|☆jimothy non-subs|this one has five moves
|
|t:|1728757262
|switch|p2a: Blissey|Blissey, F|100/100
|move|p1a: Suicune|Calm Mind|p1a: Suicune
|-boost|p1a: Suicune|spa|1
|-boost|p1a: Suicune|spd|1
|
|upkeep
|turn|2
|
|t:|1728757268
|move|p2a: Blissey|Toxic|p1a: Suicune
|-status|p1a: Suicune|tox
|move|p1a: Suicune|Roar|p2a: Blissey
|drag|p2a: Metagross|Metagross|100/100
|
|-damage|p1a: Suicune|94/100 tox|[from] psn
|upkeep
|turn|3
|
|t:|1728757276
|switch|p2a: Hadeda|Skarmory, M, shiny|100/100
|move|p1a: Suicune|Surf|p2a: Hadeda
|-damage|p2a: Hadeda|42/100
|
|-heal|p1a: Suicune|100/100 tox|[from] item: Leftovers
|-damage|p1a: Suicune|88/100 tox|[from] psn
|-heal|p2a: Hadeda|48/100|[from] item: Leftovers
|upkeep
|turn|4
|
|t:|1728757281
|move|p2a: Hadeda|Protect|p2a: Hadeda
|-singleturn|p2a: Hadeda|Protect
|move|p1a: Suicune|Surf|p2a: Hadeda
|-activate|p2a: Hadeda|Protect
|
|-heal|p1a: Suicune|94/100 tox|[from] item: Leftovers
|-damage|p1a: Suicune|76/100 tox|[from] psn
|-heal|p2a: Hadeda|54/100|[from] item: Leftovers
|upkeep
|turn|5
|
|t:|1728757285
|switch|p2a: Blissey|Blissey, F|100/100
|move|p1a: Suicune|Surf|p2a: Blissey
|-damage|p2a: Blissey|75/100
|
|-heal|p1a: Suicune|82/100 tox|[from] item: Leftovers
|-damage|p1a: Suicune|58/100 tox|[from] psn
|-heal|p2a: Blissey|82/100|[from] item: Leftovers
|upkeep
|turn|6
|
|t:|1728757291
|switch|p1a: Snorlax|Snorlax, M|100/100
|move|p2a: Blissey|Seismic Toss|p1a: Snorlax
|-damage|p1a: Snorlax|79/100
|
|-heal|p2a: Blissey|88/100|[from] item: Leftovers
|-heal|p1a: Snorlax|85/100|[from] item: Leftovers
|upkeep
|turn|7
|
|t:|1728757294
|move|p2a: Blissey|Sing|p1a: Snorlax
|-status|p1a: Snorlax|slp|[from] move: Sing
|cant|p1a: Snorlax|slp
|
|-heal|p2a: Blissey|94/100|[from] item: Leftovers
|-heal|p1a: Snorlax|91/100 slp|[from] item: Leftovers
|upkeep
|turn|8
|
|t:|1728757299
|switch|p2a: Hadeda|Skarmory, M, shiny|54/100
|cant|p1a: Snorlax|slp
|
|-heal|p2a: Hadeda|60/100|[from] item: Leftovers
|-heal|p1a: Snorlax|98/100 slp|[from] item: Leftovers
|upkeep
|turn|9
|
|t:|1728757304
|move|p2a: Hadeda|Spikes|p1a: Snorlax
|-sidestart|p1: 1HPWonder|Spikes
|cant|p1a: Snorlax|slp
|
|-heal|p2a: Hadeda|66/100|[from] item: Leftovers
|-heal|p1a: Snorlax|100/100 slp|[from] item: Leftovers
|upkeep
|turn|10
|
|t:|1728757311
|move|p2a: Hadeda|Spikes|p1a: Snorlax
|-sidestart|p1: 1HPWonder|Spikes
|cant|p1a: Snorlax|slp
|
|-heal|p2a: Hadeda|72/100|[from] item: Leftovers
|upkeep
|turn|11
|
|t:|1728757319
|switch|p1a: Metagross|Metagross|100/100
|-damage|p1a: Metagross|84/100|[from] Spikes
|move|p2a: Hadeda|Taunt|p1a: Metagross
|-start|p1a: Metagross|move: Taunt
|
|-heal|p2a: Hadeda|78/100|[from] item: Leftovers
|upkeep
|turn|12
|
|t:|1728757324
|move|p2a: Hadeda|Protect|p2a: Hadeda
|-singleturn|p2a: Hadeda|Protect
|move|p1a: Metagross|Meteor Mash|p2a: Hadeda
|-activate|p2a: Hadeda|Protect
|
|-end|p1a: Metagross|move: Taunt|[silent]
|-heal|p2a: Hadeda|84/100|[from] item: Leftovers
|upkeep
|turn|13
|
|t:|1728757328
|switch|p2a: Metagross|Metagross|100/100
|move|p1a: Metagross|Meteor Mash|p2a: Metagross
|-resisted|p2a: Metagross
|-damage|p2a: Metagross|66/100
|
|upkeep
|turn|14
|
|t:|1728757334
|switch|p1a: Salamence|Salamence, F|100/100
|-ability|p1a: Salamence|Intimidate|boost
|-fail|p2a: Metagross|unboost|[from] ability: Clear Body|[of] p2a: Metagross
|move|p2a: Metagross|Agility|p2a: Metagross
|-boost|p2a: Metagross|spe|2
|
|upkeep
|turn|15
|
|t:|1728757338
|move|p2a: Metagross|Meteor Mash|p1a: Salamence|[miss]
|-miss|p2a: Metagross|p1a: Salamence
|move|p1a: Salamence|Flamethrower|p2a: Metagross
|-supereffective|p2a: Metagross
|-damage|p2a: Metagross|0 fnt
|faint|p2a: Metagross
|
|t:|1728757357
|switch|p2a: Tyranitar|Tyranitar, F|100/100
|-weather|Sandstorm|[from] ability: Sand Stream|[of] p2a: Tyranitar
|
|-weather|Sandstorm|[upkeep]
|-damage|p1a: Salamence|94/100|[from] Sandstorm
|-heal|p1a: Salamence|100/100|[from] item: Leftovers
|upkeep
|turn|16
|
|t:|1728757361
|move|p1a: Salamence|Brick Break|p2a: Tyranitar
|-supereffective|p2a: Tyranitar
|-damage|p2a: Tyranitar|25/100
|move|p2a: Tyranitar|Ice Beam|p1a: Salamence
|-supereffective|p1a: Salamence
|-damage|p1a: Salamence|0 fnt
|faint|p1a: Salamence
|
|t:|1728757370
|switch|p1a: Snorlax|Snorlax, M|100/100 slp
|-damage|p1a: Snorlax|84/100 slp|[from] Spikes
|
|-weather|Sandstorm|[upkeep]
|-damage|p1a: Snorlax|78/100 slp|[from] Sandstorm
|-heal|p2a: Tyranitar|31/100|[from] item: Leftovers
|-heal|p1a: Snorlax|84/100 slp|[from] item: Leftovers
|upkeep
|turn|17
|
|t:|1728757374
|switch|p2a: Hadeda|Skarmory, M, shiny|84/100
|-curestatus|p1a: Snorlax|slp|[msg]
|move|p1a: Snorlax|Earthquake|p2a: Hadeda
|-immune|p2a: Hadeda
|
|-weather|Sandstorm|[upkeep]
|-damage|p1a: Snorlax|78/100|[from] Sandstorm
|-heal|p2a: Hadeda|90/100|[from] item: Leftovers
|-heal|p1a: Snorlax|84/100|[from] item: Leftovers
|upkeep
|turn|18
|
|t:|1728757379
|switch|p1a: Magneton|Magneton|100/100
|-damage|p1a: Magneton|84/100|[from] Spikes
|move|p2a: Hadeda|Spikes|p1a: Magneton
|-sidestart|p1: 1HPWonder|Spikes
|
|-weather|Sandstorm|[upkeep]
|-heal|p2a: Hadeda|96/100|[from] item: Leftovers
|upkeep
|turn|19
|
|t:|1728757384
|move|p2a: Hadeda|Protect|p2a: Hadeda
|-singleturn|p2a: Hadeda|Protect
|move|p1a: Magneton|Thunderbolt|p2a: Hadeda
|-activate|p2a: Hadeda|Protect
|
|-weather|Sandstorm|[upkeep]
|-heal|p2a: Hadeda|100/100|[from] item: Leftovers
|upkeep
|turn|20
|
|t:|1728757387
|move|p1a: Magneton|Thunderbolt|p2a: Hadeda
|-supereffective|p2a: Hadeda
|-damage|p2a: Hadeda|7/100
|-status|p2a: Hadeda|par
|move|p2a: Hadeda|Roar|p1a: Magneton
|drag|p1a: Heracross|Heracross, F|100/100
|-damage|p1a: Heracross|75/100|[from] Spikes
|
|-weather|Sandstorm|[upkeep]
|-damage|p1a: Heracross|69/100|[from] Sandstorm
|-heal|p2a: Hadeda|13/100 par|[from] item: Leftovers
|upkeep
|turn|21
|
|t:|1728757397
|move|p1a: Heracross|Rock Slide|p2a: Hadeda|[miss]
|-miss|p1a: Heracross|p2a: Hadeda
|move|p2a: Hadeda|Roar|p1a: Heracross
|drag|p1a: Metagross|Metagross|84/100
|-damage|p1a: Metagross|59/100|[from] Spikes
|
|-weather|Sandstorm|[upkeep]
|-heal|p2a: Hadeda|19/100 par|[from] item: Leftovers
|upkeep
|turn|22
|
|t:|1728757401
|cant|p2a: Hadeda|par
|move|p1a: Metagross|Rock Slide|p2a: Hadeda
|-damage|p2a: Hadeda|0 fnt
|faint|p2a: Hadeda
|
|t:|1728757409
|switch|p2a: Claydol|Claydol|100/100
|
|-weather|Sandstorm|[upkeep]
|upkeep
|turn|23
|
|t:|1728757418
|move|p1a: Metagross|Rock Slide|p2a: Claydol
|-resisted|p2a: Claydol
|-damage|p2a: Claydol|79/100
|move|p2a: Claydol|Earthquake|p1a: Metagross
|-supereffective|p1a: Metagross
|-damage|p1a: Metagross|16/100
|
|-weather|Sandstorm|[upkeep]
|-heal|p2a: Claydol|85/100|[from] item: Leftovers
|upkeep
|turn|24
|
|t:|1728757426
|move|p1a: Metagross|Rock Slide|p2a: Claydol
|-resisted|p2a: Claydol
|-damage|p2a: Claydol|65/100
|cant|p2a: Claydol|flinch
|
|-weather|Sandstorm|[upkeep]
|-heal|p2a: Claydol|71/100|[from] item: Leftovers
|upkeep
|turn|25
|
|t:|1728757431
|move|p1a: Metagross|Rock Slide|p2a: Claydol
|-resisted|p2a: Claydol
|-damage|p2a: Claydol|50/100
|move|p2a: Claydol|Earthquake|p1a: Metagross
|-supereffective|p1a: Metagross
|-damage|p1a: Metagross|0 fnt
|faint|p1a: Metagross
|
|t:|1728757440
|switch|p1a: Snorlax|Snorlax, M|84/100
|-damage|p1a: Snorlax|59/100|[from] Spikes
|
|-weather|Sandstorm|[upkeep]
|-damage|p1a: Snorlax|53/100|[from] Sandstorm
|-heal|p2a: Claydol|57/100|[from] item: Leftovers
|-heal|p1a: Snorlax|59/100|[from] item: Leftovers
|upkeep
|turn|26
|
|t:|1728757444
|move|p2a: Claydol|Earthquake|p1a: Snorlax
|-damage|p1a: Snorlax|37/100
|move|p1a: Snorlax|Body Slam|p2a: Claydol
|-damage|p2a: Claydol|12/100
|
|-weather|Sandstorm|[upkeep]
|-damage|p1a: Snorlax|31/100|[from] Sandstorm
|-heal|p2a: Claydol|18/100|[from] item: Leftovers
|-heal|p1a: Snorlax|37/100|[from] item: Leftovers
|upkeep
|turn|27
|
|t:|1728757449
|move|p2a: Claydol|Ice Beam|p1a: Snorlax
|-damage|p1a: Snorlax|28/100
|move|p1a: Snorlax|Body Slam|p2a: Claydol
|-damage|p2a: Claydol|0 fnt
|faint|p2a: Claydol
|
|t:|1728757453
|switch|p2a: mence set #8564|Salamence, M|100/100
|-ability|p2a: mence set #8564|Intimidate|boost
|-unboost|p1a: Snorlax|atk|1
|
|-weather|Sandstorm|[upkeep]
|-damage|p2a: mence set #8564|94/100|[from] Sandstorm
|-damage|p1a: Snorlax|22/100|[from] Sandstorm
|-heal|p2a: mence set #8564|100/100|[from] item: Leftovers
|-heal|p1a: Snorlax|28/100|[from] item: Leftovers
|upkeep
|turn|28
|
|t:|1728757457
|move|p2a: mence set #8564|Brick Break|p1a: Snorlax
|-supereffective|p1a: Snorlax
|-damage|p1a: Snorlax|0 fnt
|faint|p1a: Snorlax
|
|t:|1728757472
|switch|p1a: Suicune|Suicune|58/100 tox
|-damage|p1a: Suicune|34/100 tox|[from] Spikes
|
|-weather|Sandstorm|[upkeep]
|-damage|p2a: mence set #8564|94/100|[from] Sandstorm
|-damage|p1a: Suicune|28/100 tox|[from] Sandstorm
|-heal|p2a: mence set #8564|100/100|[from] item: Leftovers
|-heal|p1a: Suicune|34/100 tox|[from] item: Leftovers
|-damage|p1a: Suicune|28/100 tox|[from] psn
|upkeep
|turn|29
|
|t:|1728757479
|move|p2a: mence set #8564|Brick Break|p1a: Suicune
|-damage|p1a: Suicune|3/100 tox
|move|p1a: Suicune|Ice Beam|p2a: mence set #8564
|-supereffective|p2a: mence set #8564
|-damage|p2a: mence set #8564|0 fnt
|faint|p2a: mence set #8564
|
|t:|1728757486
|switch|p2a: Blissey|Blissey, F|94/100
|
|-weather|Sandstorm|[upkeep]
|-damage|p1a: Suicune|0 fnt|[from] Sandstorm
|-damage|p2a: Blissey|88/100|[from] Sandstorm
|faint|p1a: Suicune
|-heal|p2a: Blissey|94/100|[from] item: Leftovers
|upkeep
|
|t:|1728757494
|switch|p1a: Heracross|Heracross, F|69/100
|-damage|p1a: Heracross|44/100|[from] Spikes
|turn|30
|c|☆jimothy non-subs|i shoulda calc that uh oh
|
|t:|1728757513
|move|p1a: Heracross|Swords Dance|p1a: Heracross
|-boost|p1a: Heracross|atk|2
|move|p2a: Blissey|Sing|p1a: Heracross|[miss]
|-miss|p2a: Blissey|p1a: Heracross
|
|-weather|Sandstorm|[upkeep]
|-damage|p1a: Heracross|38/100|[from] Sandstorm
|-damage|p2a: Blissey|88/100|[from] Sandstorm
|-heal|p2a: Blissey|94/100|[from] item: Leftovers
|upkeep
|turn|31
|
|t:|1728757520
|move|p1a: Heracross|Substitute|p1a: Heracross
|-start|p1a: Heracross|Substitute
|-damage|p1a: Heracross|13/100
|move|p2a: Blissey|Sing|p1a: Heracross|[miss]
|-miss|p2a: Blissey|p1a: Heracross
|
|-weather|Sandstorm|[upkeep]
|-damage|p1a: Heracross|8/100|[from] Sandstorm
|-damage|p2a: Blissey|88/100|[from] Sandstorm
|-enditem|p1a: Heracross|Salac Berry|[eat]
|-boost|p1a: Heracross|spe|1|[from] item: Salac Berry
|-heal|p2a: Blissey|94/100|[from] item: Leftovers
|upkeep
|turn|32
|
|t:|1728757542
|move|p1a: Heracross|Megahorn|p2a: Blissey
|-damage|p2a: Blissey|0 fnt
|faint|p2a: Blissey
|
|t:|1728757545
|switch|p2a: Tyranitar|Tyranitar, F|31/100
|
|-weather|Sandstorm|[upkeep]
|-damage|p1a: Heracross|1/100|[from] Sandstorm
|-heal|p2a: Tyranitar|37/100|[from] item: Leftovers
|upkeep
|turn|33
|
|t:|1728757555
|move|p1a: Heracross|Megahorn|p2a: Tyranitar|[miss]
|-miss|p1a: Heracross|p2a: Tyranitar
|move|p2a: Tyranitar|Pursuit|p1a: Heracross
|-resisted|p1a: Heracross
|-activate|p1a: Heracross|Substitute|[damage]
|
|-weather|Sandstorm|[upkeep]
|-damage|p1a: Heracross|0 fnt|[from] Sandstorm
|faint|p1a: Heracross
|-heal|p2a: Tyranitar|44/100|[from] item: Leftovers
|upkeep
|
|t:|1728757559
|switch|p1a: Magneton|Magneton|84/100
|-damage|p1a: Magneton|59/100|[from] Spikes
|turn|34
|
|t:|1728757563
|move|p1a: Magneton|Thunderbolt|p2a: Tyranitar
|-damage|p2a: Tyranitar|1/100
|move|p2a: Tyranitar|Fire Blast|p1a: Magneton
|-supereffective|p1a: Magneton
|-damage|p1a: Magneton|0 fnt
|faint|p1a: Magneton
|
|win|jimothy non-subs
|c|☆1HPWonder|yooooo
|c|☆jimothy non-subs|woof
|c|☆1HPWonder|the drama
|c|☆1HPWonder|incredible
|c|☆1HPWonder|not even mad ggs
|c|☆1HPWonder|gl in rest of bracket
|c|☆jimothy non-subs|im pulling my hair out man
|c|☆1HPWonder|lol
|c|☆jimothy non-subs|gg
|c|☆1HPWonder|was fun! take care and gl
|c|☆jimothy non-subs|ur name is very fitting
|c|☆1HPWonder|LOL
|c|☆jimothy non-subs|gg !
|c|☆1HPWonder|its supposed to be ME!!!
|c|☆1HPWonder|you should prolly subscribe
|c|☆1HPWonder|for your own safety
|c|☆jimothy non-subs|i like to live dangerously
|c|☆1HPWonder|I can respect that

</script>
<script type="application/json" class="data" id="replaydata-smogtours-gen3ou-797656">
{"id":"smogtours-gen3ou-797656","format":"[Gen 3] OU","players":["1HPWonder","jimothy non-subs"],"uploadtime":1728757563,"views":90,"formatid":"gen3ou","rating":null,"private":0,"password":null}
</script>

<script defer src="js/replays.js?9d40a366"></script>
