<!DOCTYPE html>
<meta charset="utf-8" />
<meta name="viewport" content="width=device-width" />

<title>[Gen 3] OU: blanched vs. Pak - Replays - Pok&eacute;mon Showdown!</title>

<meta name="description" content="Watch a replay of a Pok&eacute;mon battle between blanched and Pak! Format: [Gen 3] OU; Date: Nov 3, 2024" />
<!--

Hey, you! Looking in the source for the replay log?

You can find them in JSON format, just add `.json` at the end of a replay URL.

https://replay.pokemonshowdown.com/gen7randomdoublesbattle-865046831.json

Or, if you only need the log itself, add `.log` instead:

https://replay.pokemonshowdown.com/gen7randomdoublesbattle-865046831.log

-->

<link rel="stylesheet" href="//pokemonshowdown.com/style/global.css?0.023195364461161105" />
<link rel="stylesheet" href="//play.pokemonshowdown.com/style/font-awesome.css?0.13261647063804238" />
<link rel="stylesheet" href="//play.pokemonshowdown.com/style/battle.css?0.8753245789963631" />
<link rel="stylesheet" href="//play.pokemonshowdown.com/style/utilichart.css?0.8627959624976733" />

<!-- Global site tag (gtag.js) - Google Analytics -->
<script async src="https://www.googletagmanager.com/gtag/js?id=UA-26211653-1"></script>
<script>
  window.dataLayer = window.dataLayer || [];
  function gtag(){dataLayer.push(arguments);}
  gtag('js', new Date());

  gtag('config', 'UA-26211653-1');
</script>
<!-- End Google Analytics -->
<!-- Venatus Ad Manager - Install in <HEAD> of page -->
	<script src="https://hb.vntsm.com/v3/live/ad-manager.min.js" type="text/javascript" data-site-id="642aba63ec9a7b11c3c9c1be" data-mode="scan" async></script>
<!-- / Venatus Ad Manager -->

<style>
	@media (max-width:820px) {
		.battle {
			margin: 0 auto;
		}
		.battle-log {
			margin: 7px auto 0;
			max-width: 640px;
			height: 300px;
			position: static;
		}
	}
	.optgroup {
		display: inline-block;
		line-height: 22px;
		font-size: 10pt;
	}
	.optgroup .button {
		height: 25px;
		padding-top: 0;
		padding-bottom: 0;
	}
	.optgroup button.button {
		padding-left: 12px;
		padding-right: 12px;
	}
	.linklist {
		list-style: none;
		margin: 0.5em 0;
		padding: 0;
	}
	.linklist li {
		padding: 2px 0;
	}
	.sidebar {
		float: left;
		width: 320px;
	}
	.bar-wrapper {
		max-width: 1100px;
		margin: 0 auto;
	}
	.bar-wrapper.has-sidebar {
		max-width: 1430px;
	}
	.mainbar {
		margin: 0;
		padding-right: 1px;
	}
	.mainbar.has-sidebar {
		margin-left: 330px;
	}
	@media (min-width: 1511px) {
		.sidebar {
			width: 400px;
		}
		.bar-wrapper.has-sidebar {
			max-width: 1510px;
		}
		.mainbar.has-sidebar {
			margin-left: 410px;
		}
	}
	.section.first-section {
		margin-top: 9px;
	}
	.blocklink small {
		white-space: normal;
	}
	.button {
		vertical-align: middle;
	}
	.replay-controls {
		padding-top: 10px;
	}
	.replay-controls h1 {
		font-size: 16pt;
		font-weight: normal;
		color: #CCC;
	}
	.pagelink {
		text-align: center;
	}
	.pagelink a {
		width: 150px;
	}
	.textbox, .button {
		font-size: 11pt;
		vertical-align: middle;
	}
	@media (max-width: 450px) {
		.button {
			font-size: 9pt;
		}
	}
</style>

<div>

	<header>
		<div class="nav-wrapper"><ul class="nav">
			<li><a class="button nav-first" href="//pokemonshowdown.com/"><img src="//pokemonshowdown.com/images/pokemonshowdownbeta.png" srcset="//pokemonshowdown.com/images/pokemonshowdownbeta.png 1x, //pokemonshowdown.com/images/pokemonshowdownbeta@2x.png 2x" alt="Pok&eacute;mon Showdown" width="146" height="44" /> Home</a></li>
			<li><a class="button" href="//pokemonshowdown.com/dex/">Pok&eacute;dex</a></li>
			<li><a class="button cur" href="/">Replays</a></li>
			<li><a class="button" href="//pokemonshowdown.com/ladder/">Ladder</a></li>
			<li><a class="button nav-last" href="//pokemonshowdown.com/forums/">Forum</a></li>
			<li><a class="button greenbutton nav-first nav-last" href="//play.pokemonshowdown.com/">Play</a></li>
		</ul></div>
	</header>

	<div class="main" id="main">

		<noscript><section class="section">You need to enable JavaScript to use this page; sorry!</section></noscript>

	</div>

</div>

<script defer nomodule src="//play.pokemonshowdown.com/js/lib/ps-polyfill.js"></script>
<script defer src="//play.pokemonshowdown.com/js/lib/preact.min.js"></script>

<script defer src="//play.pokemonshowdown.com/config/config.js?2bddbc15"></script>
<script defer src="//play.pokemonshowdown.com/js/lib/jquery-1.11.0.min.js"></script>
<script defer src="//play.pokemonshowdown.com/js/lib/html-sanitizer-minified.js"></script>
<script defer src="//play.pokemonshowdown.com/js/battle-sound.js"></script>
<script defer src="//play.pokemonshowdown.com/js/battledata.js?0.7209276989879541"></script>
<script defer src="//play.pokemonshowdown.com/data/pokedex-mini.js?0.6111056340867951"></script>
<script defer src="//play.pokemonshowdown.com/data/pokedex-mini-bw.js?0.3532142036491459"></script>
<script defer src="//play.pokemonshowdown.com/data/graphics.js?0.24223875632456182"></script>
<script defer src="//play.pokemonshowdown.com/data/pokedex.js?0.38839984266356864"></script>
<script defer src="//play.pokemonshowdown.com/data/moves.js?0.21866028504024015"></script>
<script defer src="//play.pokemonshowdown.com/data/abilities.js?0.2005157953846628"></script>
<script defer src="//play.pokemonshowdown.com/data/items.js?0.9894211263848525"></script>
<script defer src="//play.pokemonshowdown.com/data/teambuilder-tables.js?0.6008791140282215"></script>
<script defer src="//play.pokemonshowdown.com/js/battle-tooltips.js?0.7580118955022959"></script>
<script defer src="//play.pokemonshowdown.com/js/battle.js?0.6057722274234274"></script>

<script defer src="js/utils.js?e31f9a17"></script>
<script defer src="js/replays-battle.js?7008c182"></script>

<!-- don't scrape this data! just add .json or .log after the URL!
Full API docs: https://github.com/smogon/pokemon-showdown-client/blob/master/WEB-API.md -->
<script type="text/plain" class="log" id="replaylog-smogtours-gen3ou-804501">
|inactive|Battle timer is ON: inactive players will automatically lose when time's up.
|t:|1730661585
|gametype|singles
|player|p1|blanched|#1v1plviiithwackeys|
|player|p2|Pak|#pak|
|teamsize|p1|6
|teamsize|p2|6
|gen|3
|tier|[Gen 3] OU
|rule|Sleep Clause Mod: Limit one foe put to sleep
|rule|Switch Priority Clause Mod: Faster Pokémon switch first
|rule|Species Clause: Limit one of each Pokémon
|rule|OHKO Clause: OHKO moves are banned
|rule|Evasion Items Clause: Evasion items are banned
|rule|Evasion Moves Clause: Evasion moves are banned
|rule|Endless Battle Clause: Forcing endless battles is banned
|rule|HP Percentage Mod: HP is shown in percentages
|rule|One Boost Passer Clause: Limit one Baton Passer that has a way to boost its stats
|rule|Freeze Clause Mod: Limit one foe frozen
|
|t:|1730661585
|start
|switch|p1a: Tyranitar|Tyranitar, F|100/100
|switch|p2a: Heracross|Heracross, F|100/100
|-weather|Sandstorm|[from] ability: Sand Stream|[of] p1a: Tyranitar
|turn|1
|c|☆Pak|hf
|c|☆blanched|hf
|inactive|blanched has 270 seconds left.
|
|t:|1730661632
|move|p2a: Heracross|Megahorn|p1a: Tyranitar
|-supereffective|p1a: Tyranitar
|-damage|p1a: Tyranitar|0 fnt
|faint|p1a: Tyranitar
|
|t:|1730661646
|switch|p1a: Metagross|Metagross|100/100
|
|-weather|Sandstorm|[upkeep]
|-damage|p2a: Heracross|95/100|[from] Sandstorm
|upkeep
|turn|2
|
|t:|1730661664
|move|p2a: Heracross|Megahorn|p1a: Metagross|[miss]
|-miss|p2a: Heracross|p1a: Metagross
|move|p1a: Metagross|Meteor Mash|p2a: Heracross|[miss]
|-miss|p1a: Metagross|p2a: Heracross
|
|-weather|Sandstorm|[upkeep]
|-damage|p2a: Heracross|89/100|[from] Sandstorm
|upkeep
|turn|3
|
|t:|1730661679
|move|p2a: Heracross|Megahorn|p1a: Metagross
|-damage|p1a: Metagross|13/100
|move|p1a: Metagross|Agility|p1a: Metagross
|-boost|p1a: Metagross|spe|2
|
|-weather|Sandstorm|[upkeep]
|-damage|p2a: Heracross|83/100|[from] Sandstorm
|upkeep
|turn|4
|
|t:|1730661685
|switch|p2a: Milotic|Milotic, F|100/100
|move|p1a: Metagross|Meteor Mash|p2a: Milotic
|-resisted|p2a: Milotic
|-damage|p2a: Milotic|80/100
|
|-weather|Sandstorm|[upkeep]
|-damage|p2a: Milotic|74/100|[from] Sandstorm
|-heal|p2a: Milotic|80/100|[from] item: Leftovers
|upkeep
|turn|5
|
|t:|1730661694
|switch|p2a: Magneton|Magneton|100/100
|move|p1a: Metagross|Meteor Mash|p2a: Magneton
|-resisted|p2a: Magneton
|-damage|p2a: Magneton|84/100
|-boost|p1a: Metagross|atk|1
|
|-weather|Sandstorm|[upkeep]
|upkeep
|turn|6
|
|t:|1730661702
|switch|p2a: Flygon|Flygon, F|100/100
|move|p1a: Metagross|Earthquake|p2a: Flygon
|-immune|p2a: Flygon
|
|-weather|Sandstorm|[upkeep]
|upkeep
|turn|7
|
|t:|1730661716
|switch|p2a: Milotic|Milotic, F|80/100
|move|p1a: Metagross|Meteor Mash|p2a: Milotic
|-resisted|p2a: Milotic
|-damage|p2a: Milotic|49/100
|
|-weather|Sandstorm|[upkeep]
|-damage|p2a: Milotic|43/100|[from] Sandstorm
|-heal|p2a: Milotic|49/100|[from] item: Leftovers
|upkeep
|turn|8
|
|t:|1730661742
|move|p1a: Metagross|Earthquake|p2a: Milotic
|-damage|p2a: Milotic|7/100
|move|p2a: Milotic|Recover|p2a: Milotic
|-heal|p2a: Milotic|57/100
|
|-weather|Sandstorm|[upkeep]
|-damage|p2a: Milotic|51/100|[from] Sandstorm
|-heal|p2a: Milotic|57/100|[from] item: Leftovers
|upkeep
|turn|9
|inactive|blanched has 270 seconds left.
|inactive|blanched has 240 seconds left.
|
|t:|1730661791
|move|p1a: Metagross|Earthquake|p2a: Milotic
|-damage|p2a: Milotic|16/100
|move|p2a: Milotic|Recover|p2a: Milotic
|-heal|p2a: Milotic|65/100
|
|-weather|Sandstorm|[upkeep]
|-damage|p2a: Milotic|59/100|[from] Sandstorm
|-heal|p2a: Milotic|65/100|[from] item: Leftovers
|upkeep
|turn|10
|
|t:|1730661798
|move|p1a: Metagross|Explosion|p2a: Milotic
|-damage|p2a: Milotic|0 fnt
|faint|p1a: Metagross
|faint|p2a: Milotic
|
|t:|1730661814
|switch|p1a: Swampert|Swampert, F|100/100
|switch|p2a: Flygon|Flygon, F|100/100
|
|-weather|Sandstorm|[upkeep]
|upkeep
|turn|11
|
|t:|1730661820
|-singleturn|p1a: Swampert|move: Focus Punch
|switch|p2a: Celebi|Celebi|100/100
|move|p1a: Swampert|Focus Punch|p2a: Celebi
|-resisted|p2a: Celebi
|-damage|p2a: Celebi|87/100
|
|-weather|Sandstorm|[upkeep]
|-damage|p2a: Celebi|80/100|[from] Sandstorm
|-heal|p2a: Celebi|87/100|[from] item: Leftovers
|upkeep
|turn|12
|
|t:|1730661826
|switch|p1a: Celebi|Celebi|100/100
|move|p2a: Celebi|Baton Pass|p2a: Celebi
|
|t:|1730661837
|switch|p2a: Heracross|Heracross, F|83/100|[from] Baton Pass
|
|-weather|Sandstorm|[upkeep]
|-damage|p2a: Heracross|77/100|[from] Sandstorm
|-damage|p1a: Celebi|94/100|[from] Sandstorm
|-heal|p1a: Celebi|100/100|[from] item: Leftovers
|upkeep
|turn|13
|inactive|blanched has 270 seconds left.
|
|t:|1730661846
|switch|p1a: Magneton|Magneton|100/100
|move|p2a: Heracross|Megahorn|p1a: Magneton
|-resisted|p1a: Magneton
|-damage|p1a: Magneton|32/100
|
|-weather|Sandstorm|[upkeep]
|-damage|p2a: Heracross|71/100|[from] Sandstorm
|upkeep
|turn|14
|
|t:|1730661853
|move|p2a: Heracross|Megahorn|p1a: Magneton
|-resisted|p1a: Magneton
|-damage|p1a: Magneton|0 fnt
|faint|p1a: Magneton
|
|t:|1730661857
|switch|p1a: Aerodactyl|Aerodactyl, F|100/100
|
|-weather|Sandstorm|[upkeep]
|-damage|p2a: Heracross|65/100|[from] Sandstorm
|upkeep
|turn|15
|
|t:|1730661878
|switch|p1a: Celebi|Celebi|100/100
|switch|p2a: Celebi|Celebi|87/100
|
|-weather|Sandstorm|[upkeep]
|-damage|p1a: Celebi|94/100|[from] Sandstorm
|-damage|p2a: Celebi|80/100|[from] Sandstorm
|-heal|p1a: Celebi|100/100|[from] item: Leftovers
|-heal|p2a: Celebi|87/100|[from] item: Leftovers
|upkeep
|turn|16
|
|t:|1730661901
|move|p1a: Celebi|Swords Dance|p1a: Celebi
|-boost|p1a: Celebi|atk|2
|move|p2a: Celebi|Baton Pass|p2a: Celebi
|
|t:|1730661912
|switch|p2a: Heracross|Heracross, F|65/100|[from] Baton Pass
|
|-weather|Sandstorm|[upkeep]
|-damage|p2a: Heracross|59/100|[from] Sandstorm
|-damage|p1a: Celebi|94/100|[from] Sandstorm
|-heal|p1a: Celebi|100/100|[from] item: Leftovers
|upkeep
|turn|17
|
|t:|1730661919
|switch|p1a: Aerodactyl|Aerodactyl, F|100/100
|move|p2a: Heracross|Megahorn|p1a: Aerodactyl
|-resisted|p1a: Aerodactyl
|-damage|p1a: Aerodactyl|18/100
|
|-weather|Sandstorm|[upkeep]
|-damage|p2a: Heracross|53/100|[from] Sandstorm
|-enditem|p1a: Aerodactyl|Liechi Berry|[eat]
|-boost|p1a: Aerodactyl|atk|1|[from] item: Liechi Berry
|upkeep
|turn|18
|
|t:|1730661927
|switch|p2a: Magneton|Magneton|84/100
|move|p1a: Aerodactyl|Double-Edge|p2a: Magneton
|-resisted|p2a: Magneton
|-damage|p2a: Magneton|51/100
|
|-weather|Sandstorm|[upkeep]
|upkeep
|turn|19
|
|t:|1730661931
|move|p1a: Aerodactyl|Earthquake|p2a: Magneton
|-supereffective|p2a: Magneton
|-damage|p2a: Magneton|0 fnt
|faint|p2a: Magneton
|
|t:|1730661949
|switch|p2a: Tyranitar|Tyranitar, M|100/100
|
|-weather|Sandstorm|[upkeep]
|upkeep
|turn|20
|
|t:|1730661967
|-activate|p1a: Aerodactyl|move: Pursuit
|move|p2a: Tyranitar|Pursuit|p1a: Aerodactyl|[from]Pursuit
|-damage|p1a: Aerodactyl|0 fnt
|faint|p1a: Aerodactyl
|-hint|Previously chosen switches continue in Gen 2-4 after a Pursuit target faints.
|switch|p1a: Swampert|Swampert, F|100/100
|
|-weather|Sandstorm|[upkeep]
|upkeep
|turn|21
|
|t:|1730661983
|switch|p2a: Celebi|Celebi|87/100
|move|p1a: Swampert|Ice Beam|p2a: Celebi
|-supereffective|p2a: Celebi
|-damage|p2a: Celebi|46/100
|
|-weather|Sandstorm|[upkeep]
|-damage|p2a: Celebi|40/100|[from] Sandstorm
|-heal|p2a: Celebi|46/100|[from] item: Leftovers
|upkeep
|turn|22
|
|t:|1730661992
|move|p2a: Celebi|Recover|p2a: Celebi
|-heal|p2a: Celebi|96/100
|move|p1a: Swampert|Ice Beam|p2a: Celebi
|-supereffective|p2a: Celebi
|-damage|p2a: Celebi|56/100
|
|-weather|Sandstorm|[upkeep]
|-damage|p2a: Celebi|50/100|[from] Sandstorm
|-heal|p2a: Celebi|56/100|[from] item: Leftovers
|upkeep
|turn|23
|
|t:|1730662003
|switch|p1a: Celebi|Celebi|100/100
|move|p2a: Celebi|Hidden Power|p1a: Celebi
|-resisted|p1a: Celebi
|-damage|p1a: Celebi|91/100
|
|-weather|Sandstorm|[upkeep]
|-damage|p1a: Celebi|85/100|[from] Sandstorm
|-damage|p2a: Celebi|50/100|[from] Sandstorm
|-heal|p1a: Celebi|91/100|[from] item: Leftovers
|-heal|p2a: Celebi|56/100|[from] item: Leftovers
|upkeep
|turn|24
|
|t:|1730662012
|move|p1a: Celebi|Baton Pass|p1a: Celebi
|
|t:|1730662013
|switch|p1a: Swampert|Swampert, F|100/100|[from] Baton Pass
|move|p2a: Celebi|Baton Pass|p2a: Celebi
|
|t:|1730662022
|switch|p2a: Tyranitar|Tyranitar, M|100/100|[from] Baton Pass
|
|-weather|Sandstorm|[upkeep]
|upkeep
|turn|25
|c|+allce|is this the thwackeys avi 
|c|+allce|i saw waylaid using it too
|c|☆blanched|ye
|
|t:|1730662040
|move|p1a: Swampert|Earthquake|p2a: Tyranitar
|-supereffective|p2a: Tyranitar
|-damage|p2a: Tyranitar|42/100
|move|p2a: Tyranitar|Hidden Power|p1a: Swampert
|-supereffective|p1a: Swampert
|-damage|p1a: Swampert|0 fnt
|faint|p1a: Swampert
|c|+allce|why the fuck is there a chi yu dude
|
|t:|1730662047
|switch|p1a: Celebi|Celebi|91/100
|
|-weather|Sandstorm|[upkeep]
|-damage|p1a: Celebi|85/100|[from] Sandstorm
|-heal|p1a: Celebi|91/100|[from] item: Leftovers
|-heal|p2a: Tyranitar|48/100|[from] item: Leftovers
|upkeep
|turn|26
|c|+allce|that's not a thwackey
|c|☆blanched|you had to be there
|c|☆blanched|+thwackey is ugly asf
|c|+allce|wrong
|
|t:|1730662060
|move|p1a: Celebi|Leech Seed|p2a: Tyranitar
|-start|p2a: Tyranitar|move: Leech Seed
|move|p2a: Tyranitar|Crunch|p1a: Celebi
|-supereffective|p1a: Celebi
|-damage|p1a: Celebi|34/100
|
|-weather|Sandstorm|[upkeep]
|-damage|p1a: Celebi|27/100|[from] Sandstorm
|-heal|p1a: Celebi|34/100|[from] item: Leftovers
|-heal|p2a: Tyranitar|54/100|[from] item: Leftovers
|-damage|p2a: Tyranitar|42/100|[from] Leech Seed|[of] p1a: Celebi
|-heal|p1a: Celebi|46/100|[silent]
|upkeep
|turn|27
|c|+allce|it has aura
|
|t:|1730662068
|move|p1a: Celebi|Recover|p1a: Celebi
|-heal|p1a: Celebi|96/100
|move|p2a: Tyranitar|Crunch|p1a: Celebi
|-supereffective|p1a: Celebi
|-damage|p1a: Celebi|41/100
|
|-weather|Sandstorm|[upkeep]
|-damage|p1a: Celebi|35/100|[from] Sandstorm
|-heal|p1a: Celebi|41/100|[from] item: Leftovers
|-heal|p2a: Tyranitar|48/100|[from] item: Leftovers
|-damage|p2a: Tyranitar|36/100|[from] Leech Seed|[of] p1a: Celebi
|-heal|p1a: Celebi|53/100|[silent]
|upkeep
|turn|28
|
|t:|1730662073
|switch|p2a: Flygon|Flygon, F|100/100
|move|p1a: Celebi|Recover|p1a: Celebi
|-heal|p1a: Celebi|100/100
|
|-weather|Sandstorm|[upkeep]
|-damage|p1a: Celebi|94/100|[from] Sandstorm
|-heal|p1a: Celebi|100/100|[from] item: Leftovers
|upkeep
|turn|29
|c|+allce|i get it tho i have an avi from pupl moo moo milkers that has hisuian zorua 
|
|t:|1730662081
|move|p2a: Flygon|Hidden Power|p1a: Celebi
|-supereffective|p1a: Celebi
|-damage|p1a: Celebi|10/100
|move|p1a: Celebi|Leech Seed|p2a: Flygon
|-start|p2a: Flygon|move: Leech Seed
|
|-weather|Sandstorm|[upkeep]
|-damage|p1a: Celebi|4/100|[from] Sandstorm
|-damage|p2a: Flygon|88/100|[from] Leech Seed|[of] p1a: Celebi
|-heal|p1a: Celebi|13/100|[silent]
|-heal|p1a: Celebi|20/100|[from] item: Leftovers
|upkeep
|turn|30
|
|t:|1730662085
|move|p2a: Flygon|Hidden Power|p1a: Celebi
|-supereffective|p1a: Celebi
|-damage|p1a: Celebi|0 fnt
|faint|p1a: Celebi
|
|win|Pak
|c|☆blanched|moo moo milkers
|c|☆blanched|gg
|c|☆Pak|gg
|player|p2|
|player|p1|

</script>
<script type="application/json" class="data" id="replaydata-smogtours-gen3ou-804501">
{"id":"smogtours-gen3ou-804501","format":"[Gen 3] OU","players":["blanched","Pak"],"uploadtime":1730662085,"views":78,"formatid":"gen3ou","rating":null,"private":0,"password":null}
</script>

<script defer src="js/replays.js?9d40a366"></script>
