<!DOCTYPE html>
<meta charset="utf-8" />
<meta name="viewport" content="width=device-width" />

<title>[Gen 3] OU: bdicap vs. JoeFlint - Replays - Pok&eacute;mon Showdown!</title>

<meta name="description" content="Watch a replay of a Pok&eacute;mon battle between bdicap and JoeFlint! Format: [Gen 3] OU; Date: Oct 14, 2024" />
<!--

Hey, you! Looking in the source for the replay log?

You can find them in JSON format, just add `.json` at the end of a replay URL.

https://replay.pokemonshowdown.com/gen7randomdoublesbattle-865046831.json

Or, if you only need the log itself, add `.log` instead:

https://replay.pokemonshowdown.com/gen7randomdoublesbattle-865046831.log

-->

<link rel="stylesheet" href="//pokemonshowdown.com/style/global.css?0.023195364461161105" />
<link rel="stylesheet" href="//play.pokemonshowdown.com/style/font-awesome.css?0.13261647063804238" />
<link rel="stylesheet" href="//play.pokemonshowdown.com/style/battle.css?0.8753245789963631" />
<link rel="stylesheet" href="//play.pokemonshowdown.com/style/utilichart.css?0.8627959624976733" />

<!-- Global site tag (gtag.js) - Google Analytics -->
<script async src="https://www.googletagmanager.com/gtag/js?id=UA-26211653-1"></script>
<script>
  window.dataLayer = window.dataLayer || [];
  function gtag(){dataLayer.push(arguments);}
  gtag('js', new Date());

  gtag('config', 'UA-26211653-1');
</script>
<!-- End Google Analytics -->
<!-- Venatus Ad Manager - Install in <HEAD> of page -->
	<script src="https://hb.vntsm.com/v3/live/ad-manager.min.js" type="text/javascript" data-site-id="642aba63ec9a7b11c3c9c1be" data-mode="scan" async></script>
<!-- / Venatus Ad Manager -->

<style>
	@media (max-width:820px) {
		.battle {
			margin: 0 auto;
		}
		.battle-log {
			margin: 7px auto 0;
			max-width: 640px;
			height: 300px;
			position: static;
		}
	}
	.optgroup {
		display: inline-block;
		line-height: 22px;
		font-size: 10pt;
	}
	.optgroup .button {
		height: 25px;
		padding-top: 0;
		padding-bottom: 0;
	}
	.optgroup button.button {
		padding-left: 12px;
		padding-right: 12px;
	}
	.linklist {
		list-style: none;
		margin: 0.5em 0;
		padding: 0;
	}
	.linklist li {
		padding: 2px 0;
	}
	.sidebar {
		float: left;
		width: 320px;
	}
	.bar-wrapper {
		max-width: 1100px;
		margin: 0 auto;
	}
	.bar-wrapper.has-sidebar {
		max-width: 1430px;
	}
	.mainbar {
		margin: 0;
		padding-right: 1px;
	}
	.mainbar.has-sidebar {
		margin-left: 330px;
	}
	@media (min-width: 1511px) {
		.sidebar {
			width: 400px;
		}
		.bar-wrapper.has-sidebar {
			max-width: 1510px;
		}
		.mainbar.has-sidebar {
			margin-left: 410px;
		}
	}
	.section.first-section {
		margin-top: 9px;
	}
	.blocklink small {
		white-space: normal;
	}
	.button {
		vertical-align: middle;
	}
	.replay-controls {
		padding-top: 10px;
	}
	.replay-controls h1 {
		font-size: 16pt;
		font-weight: normal;
		color: #CCC;
	}
	.pagelink {
		text-align: center;
	}
	.pagelink a {
		width: 150px;
	}
	.textbox, .button {
		font-size: 11pt;
		vertical-align: middle;
	}
	@media (max-width: 450px) {
		.button {
			font-size: 9pt;
		}
	}
</style>

<div>

	<header>
		<div class="nav-wrapper"><ul class="nav">
			<li><a class="button nav-first" href="//pokemonshowdown.com/"><img src="//pokemonshowdown.com/images/pokemonshowdownbeta.png" srcset="//pokemonshowdown.com/images/pokemonshowdownbeta.png 1x, //pokemonshowdown.com/images/pokemonshowdownbeta@2x.png 2x" alt="Pok&eacute;mon Showdown" width="146" height="44" /> Home</a></li>
			<li><a class="button" href="//pokemonshowdown.com/dex/">Pok&eacute;dex</a></li>
			<li><a class="button cur" href="/">Replays</a></li>
			<li><a class="button" href="//pokemonshowdown.com/ladder/">Ladder</a></li>
			<li><a class="button nav-last" href="//pokemonshowdown.com/forums/">Forum</a></li>
			<li><a class="button greenbutton nav-first nav-last" href="//play.pokemonshowdown.com/">Play</a></li>
		</ul></div>
	</header>

	<div class="main" id="main">

		<noscript><section class="section">You need to enable JavaScript to use this page; sorry!</section></noscript>

	</div>

</div>

<script defer nomodule src="//play.pokemonshowdown.com/js/lib/ps-polyfill.js"></script>
<script defer src="//play.pokemonshowdown.com/js/lib/preact.min.js"></script>

<script defer src="//play.pokemonshowdown.com/config/config.js?2bddbc15"></script>
<script defer src="//play.pokemonshowdown.com/js/lib/jquery-1.11.0.min.js"></script>
<script defer src="//play.pokemonshowdown.com/js/lib/html-sanitizer-minified.js"></script>
<script defer src="//play.pokemonshowdown.com/js/battle-sound.js"></script>
<script defer src="//play.pokemonshowdown.com/js/battledata.js?0.7209276989879541"></script>
<script defer src="//play.pokemonshowdown.com/data/pokedex-mini.js?0.6111056340867951"></script>
<script defer src="//play.pokemonshowdown.com/data/pokedex-mini-bw.js?0.3532142036491459"></script>
<script defer src="//play.pokemonshowdown.com/data/graphics.js?0.24223875632456182"></script>
<script defer src="//play.pokemonshowdown.com/data/pokedex.js?0.38839984266356864"></script>
<script defer src="//play.pokemonshowdown.com/data/moves.js?0.21866028504024015"></script>
<script defer src="//play.pokemonshowdown.com/data/abilities.js?0.2005157953846628"></script>
<script defer src="//play.pokemonshowdown.com/data/items.js?0.9894211263848525"></script>
<script defer src="//play.pokemonshowdown.com/data/teambuilder-tables.js?0.6008791140282215"></script>
<script defer src="//play.pokemonshowdown.com/js/battle-tooltips.js?0.7580118955022959"></script>
<script defer src="//play.pokemonshowdown.com/js/battle.js?0.6057722274234274"></script>

<script defer src="js/utils.js?e31f9a17"></script>
<script defer src="js/replays-battle.js?7008c182"></script>

<!-- don't scrape this data! just add .json or .log after the URL!
Full API docs: https://github.com/smogon/pokemon-showdown-client/blob/master/WEB-API.md -->
<script type="text/plain" class="log" id="replaylog-smogtours-gen3ou-798546">
|inactive|Battle timer is ON: inactive players will automatically lose when time's up.
|t:|1728866060
|gametype|singles
|player|p1|bdicap|1|
|player|p2|JoeFlint|1|
|teamsize|p1|6
|teamsize|p2|6
|gen|3
|tier|[Gen 3] OU
|rule|Sleep Clause Mod: Limit one foe put to sleep
|rule|Switch Priority Clause Mod: Faster Pokémon switch first
|rule|Species Clause: Limit one of each Pokémon
|rule|OHKO Clause: OHKO moves are banned
|rule|Evasion Items Clause: Evasion items are banned
|rule|Evasion Moves Clause: Evasion moves are banned
|rule|Endless Battle Clause: Forcing endless battles is banned
|rule|HP Percentage Mod: HP is shown in percentages
|rule|One Boost Passer Clause: Limit one Baton Passer that has a way to boost its stats
|rule|Freeze Clause Mod: Limit one foe frozen
|
|t:|1728866060
|start
|switch|p1a: Camerupt|Camerupt, F|100/100
|switch|p2a: Tyranitar|Tyranitar, F|100/100
|-weather|Sandstorm|[from] ability: Sand Stream|[of] p2a: Tyranitar
|turn|1
|
|t:|1728866077
|switch|p1a: Salamence|Salamence, M|100/100
|-ability|p1a: Salamence|Intimidate|boost
|-unboost|p2a: Tyranitar|atk|1
|move|p2a: Tyranitar|Earthquake|p1a: Salamence
|-immune|p1a: Salamence
|
|-weather|Sandstorm|[upkeep]
|-damage|p1a: Salamence|94/100|[from] Sandstorm
|-heal|p1a: Salamence|100/100|[from] item: Leftovers
|upkeep
|turn|2
|
|t:|1728866093
|switch|p1a: Suicune|Suicune|100/100
|switch|p2a: Zapdos|Zapdos|100/100
|
|-weather|Sandstorm|[upkeep]
|-damage|p2a: Zapdos|94/100|[from] Sandstorm
|-damage|p1a: Suicune|94/100|[from] Sandstorm
|-heal|p2a: Zapdos|100/100|[from] item: Leftovers
|-heal|p1a: Suicune|100/100|[from] item: Leftovers
|upkeep
|turn|3
|
|t:|1728866100
|switch|p1a: Camerupt|Camerupt, F|100/100
|move|p2a: Zapdos|Thunder Wave|p1a: Camerupt
|-immune|p1a: Camerupt
|
|-weather|Sandstorm|[upkeep]
|-damage|p2a: Zapdos|94/100|[from] Sandstorm
|-heal|p2a: Zapdos|100/100|[from] item: Leftovers
|upkeep
|turn|4
|
|t:|1728866104
|move|p2a: Zapdos|Baton Pass|p2a: Zapdos
|
|t:|1728866106
|switch|p2a: Dugtrio|Dugtrio, M|100/100|[from] Baton Pass
|move|p1a: Camerupt|Fire Blast|p2a: Dugtrio
|-damage|p2a: Dugtrio|17/100
|
|-weather|Sandstorm|[upkeep]
|upkeep
|turn|5
|
|t:|1728866110
|move|p2a: Dugtrio|Earthquake|p1a: Camerupt
|-supereffective|p1a: Camerupt
|-damage|p1a: Camerupt|0 fnt
|faint|p1a: Camerupt
|
|t:|1728866122
|switch|p1a: Salamence|Salamence, M|100/100
|-ability|p1a: Salamence|Intimidate|boost
|-unboost|p2a: Dugtrio|atk|1
|
|-weather|Sandstorm|[upkeep]
|-damage|p1a: Salamence|94/100|[from] Sandstorm
|-heal|p1a: Salamence|100/100|[from] item: Leftovers
|upkeep
|turn|6
|
|t:|1728866133
|switch|p2a: Swampert|Swampert, M, shiny|100/100
|move|p1a: Salamence|Dragon Claw|p2a: Swampert
|-damage|p2a: Swampert|65/100
|
|-weather|Sandstorm|[upkeep]
|-damage|p1a: Salamence|94/100|[from] Sandstorm
|-heal|p1a: Salamence|100/100|[from] item: Leftovers
|-heal|p2a: Swampert|71/100|[from] item: Leftovers
|upkeep
|turn|7
|
|t:|1728866156
|switch|p1a: Snorlax|Snorlax, M|100/100
|switch|p2a: Venusaur|Venusaur, M|100/100
|
|-weather|Sandstorm|[upkeep]
|-damage|p2a: Venusaur|95/100|[from] Sandstorm
|-damage|p1a: Snorlax|94/100|[from] Sandstorm
|-heal|p2a: Venusaur|100/100|[from] item: Leftovers
|-heal|p1a: Snorlax|100/100|[from] item: Leftovers
|upkeep
|turn|8
|
|t:|1728866164
|move|p2a: Venusaur|Leech Seed|p1a: Snorlax
|-start|p1a: Snorlax|move: Leech Seed
|move|p1a: Snorlax|Body Slam|p2a: Venusaur
|-damage|p2a: Venusaur|50/100
|
|-weather|Sandstorm|[upkeep]
|-damage|p2a: Venusaur|44/100|[from] Sandstorm
|-damage|p1a: Snorlax|94/100|[from] Sandstorm
|-heal|p2a: Venusaur|50/100|[from] item: Leftovers
|-heal|p1a: Snorlax|100/100|[from] item: Leftovers
|-damage|p1a: Snorlax|88/100|[from] Leech Seed|[of] p2a: Venusaur
|-heal|p2a: Venusaur|70/100|[silent]
|upkeep
|turn|9
|
|t:|1728866172
|move|p2a: Venusaur|Sleep Powder|p1a: Snorlax
|-status|p1a: Snorlax|slp|[from] move: Sleep Powder
|cant|p1a: Snorlax|slp
|
|-weather|Sandstorm|[upkeep]
|-damage|p2a: Venusaur|64/100|[from] Sandstorm
|-damage|p1a: Snorlax|82/100 slp|[from] Sandstorm
|-heal|p2a: Venusaur|70/100|[from] item: Leftovers
|-heal|p1a: Snorlax|88/100 slp|[from] item: Leftovers
|-damage|p1a: Snorlax|76/100 slp|[from] Leech Seed|[of] p2a: Venusaur
|-heal|p2a: Venusaur|90/100|[silent]
|upkeep
|turn|10
|inactive|bdicap has 270 seconds left.
|
|t:|1728866206
|switch|p2a: Tyranitar|Tyranitar, F|100/100
|switch|p1a: Salamence|Salamence, M|100/100
|-ability|p1a: Salamence|Intimidate|boost
|-unboost|p2a: Tyranitar|atk|1
|
|-weather|Sandstorm|[upkeep]
|-damage|p1a: Salamence|94/100|[from] Sandstorm
|-heal|p1a: Salamence|100/100|[from] item: Leftovers
|upkeep
|turn|11
|
|t:|1728866215
|switch|p2a: Zapdos|Zapdos|100/100
|move|p1a: Salamence|Brick Break|p2a: Zapdos
|-resisted|p2a: Zapdos
|-damage|p2a: Zapdos|88/100
|
|-weather|Sandstorm|[upkeep]
|-damage|p1a: Salamence|94/100|[from] Sandstorm
|-damage|p2a: Zapdos|81/100|[from] Sandstorm
|-heal|p1a: Salamence|100/100|[from] item: Leftovers
|-heal|p2a: Zapdos|88/100|[from] item: Leftovers
|upkeep
|turn|12
|
|t:|1728866223
|switch|p1a: Snorlax|Snorlax, M|76/100 slp
|move|p2a: Zapdos|Thunder Wave||[still]
|-fail|p2a: Zapdos
|
|-weather|Sandstorm|[upkeep]
|-damage|p2a: Zapdos|81/100|[from] Sandstorm
|-damage|p1a: Snorlax|70/100 slp|[from] Sandstorm
|-heal|p2a: Zapdos|88/100|[from] item: Leftovers
|-heal|p1a: Snorlax|76/100 slp|[from] item: Leftovers
|upkeep
|turn|13
|
|t:|1728866228
|move|p2a: Zapdos|Baton Pass|p2a: Zapdos
|
|t:|1728866232
|switch|p2a: Gengar|Gengar, F|100/100|[from] Baton Pass
|-curestatus|p1a: Snorlax|slp|[msg]
|move|p1a: Snorlax|Body Slam|p2a: Gengar
|-immune|p2a: Gengar
|
|-weather|Sandstorm|[upkeep]
|-damage|p2a: Gengar|94/100|[from] Sandstorm
|-damage|p1a: Snorlax|70/100|[from] Sandstorm
|-heal|p2a: Gengar|100/100|[from] item: Leftovers
|-heal|p1a: Snorlax|76/100|[from] item: Leftovers
|upkeep
|turn|14
|
|t:|1728866250
|switch|p1a: Suicune|Suicune|100/100
|move|p2a: Gengar|Will-O-Wisp|p1a: Suicune
|-status|p1a: Suicune|brn
|
|-weather|Sandstorm|[upkeep]
|-damage|p2a: Gengar|94/100|[from] Sandstorm
|-damage|p1a: Suicune|94/100 brn|[from] Sandstorm
|-heal|p2a: Gengar|100/100|[from] item: Leftovers
|-heal|p1a: Suicune|100/100 brn|[from] item: Leftovers
|-damage|p1a: Suicune|88/100 brn|[from] brn
|upkeep
|turn|15
|
|t:|1728866255
|move|p2a: Gengar|Thunderbolt|p1a: Suicune
|-supereffective|p1a: Suicune
|-damage|p1a: Suicune|48/100 brn
|move|p1a: Suicune|Calm Mind|p1a: Suicune
|-boost|p1a: Suicune|spa|1
|-boost|p1a: Suicune|spd|1
|
|-weather|Sandstorm|[upkeep]
|-damage|p2a: Gengar|94/100|[from] Sandstorm
|-damage|p1a: Suicune|42/100 brn|[from] Sandstorm
|-heal|p2a: Gengar|100/100|[from] item: Leftovers
|-heal|p1a: Suicune|48/100 brn|[from] item: Leftovers
|-damage|p1a: Suicune|36/100 brn|[from] brn
|upkeep
|turn|16
|
|t:|1728866260
|move|p2a: Gengar|Thunderbolt|p1a: Suicune
|-supereffective|p1a: Suicune
|-damage|p1a: Suicune|5/100 brn
|move|p1a: Suicune|Rest|p1a: Suicune
|-status|p1a: Suicune|slp|[from] move: Rest
|-heal|p1a: Suicune|100/100 slp|[silent]
|
|-weather|Sandstorm|[upkeep]
|-damage|p2a: Gengar|94/100|[from] Sandstorm
|-damage|p1a: Suicune|94/100 slp|[from] Sandstorm
|-heal|p2a: Gengar|100/100|[from] item: Leftovers
|-heal|p1a: Suicune|100/100 slp|[from] item: Leftovers
|upkeep
|turn|17
|
|t:|1728866279
|move|p2a: Gengar|Thunderbolt|p1a: Suicune
|-supereffective|p1a: Suicune
|-damage|p1a: Suicune|71/100 slp
|cant|p1a: Suicune|slp
|move|p1a: Suicune|Sleep Talk|p1a: Suicune
|move|p1a: Suicune|Surf|p2a: Gengar|[from]Sleep Talk
|-damage|p2a: Gengar|48/100
|
|-weather|Sandstorm|[upkeep]
|-damage|p2a: Gengar|42/100|[from] Sandstorm
|-damage|p1a: Suicune|65/100 slp|[from] Sandstorm
|-heal|p2a: Gengar|48/100|[from] item: Leftovers
|-heal|p1a: Suicune|71/100 slp|[from] item: Leftovers
|upkeep
|turn|18
|
|t:|1728866286
|move|p2a: Gengar|Thunderbolt|p1a: Suicune
|-supereffective|p1a: Suicune
|-damage|p1a: Suicune|43/100 slp
|cant|p1a: Suicune|slp
|move|p1a: Suicune|Sleep Talk|p1a: Suicune
|move|p1a: Suicune|Calm Mind|p1a: Suicune|[from]Sleep Talk
|-boost|p1a: Suicune|spa|1
|-boost|p1a: Suicune|spd|1
|
|-weather|Sandstorm|[upkeep]
|-damage|p2a: Gengar|42/100|[from] Sandstorm
|-damage|p1a: Suicune|37/100 slp|[from] Sandstorm
|-heal|p2a: Gengar|48/100|[from] item: Leftovers
|-heal|p1a: Suicune|43/100 slp|[from] item: Leftovers
|upkeep
|turn|19
|
|t:|1728866297
|switch|p2a: Venusaur|Venusaur, M|90/100
|-curestatus|p1a: Suicune|slp|[msg]
|move|p1a: Suicune|Rest|p1a: Suicune
|-status|p1a: Suicune|slp|[from] move: Rest
|-heal|p1a: Suicune|100/100 slp|[silent]
|
|-weather|Sandstorm|[upkeep]
|-damage|p2a: Venusaur|84/100|[from] Sandstorm
|-damage|p1a: Suicune|94/100 slp|[from] Sandstorm
|-heal|p2a: Venusaur|90/100|[from] item: Leftovers
|-heal|p1a: Suicune|100/100 slp|[from] item: Leftovers
|upkeep
|turn|20
|
|t:|1728866304
|move|p2a: Venusaur|Leech Seed|p1a: Suicune
|-start|p1a: Suicune|move: Leech Seed
|cant|p1a: Suicune|slp
|move|p1a: Suicune|Sleep Talk|p1a: Suicune
|move|p1a: Suicune|Surf|p2a: Venusaur|[from]Sleep Talk
|-resisted|p2a: Venusaur
|-damage|p2a: Venusaur|57/100
|
|-weather|Sandstorm|[upkeep]
|-damage|p2a: Venusaur|51/100|[from] Sandstorm
|-damage|p1a: Suicune|94/100 slp|[from] Sandstorm
|-heal|p2a: Venusaur|57/100|[from] item: Leftovers
|-heal|p1a: Suicune|100/100 slp|[from] item: Leftovers
|-damage|p1a: Suicune|88/100 slp|[from] Leech Seed|[of] p2a: Venusaur
|-heal|p2a: Venusaur|73/100|[silent]
|upkeep
|turn|21
|
|t:|1728866311
|move|p2a: Venusaur|Giga Drain|p1a: Suicune
|-supereffective|p1a: Suicune
|-damage|p1a: Suicune|68/100 slp
|-heal|p2a: Venusaur|86/100|[from] drain|[of] p1a: Suicune
|cant|p1a: Suicune|slp
|move|p1a: Suicune|Sleep Talk|p1a: Suicune
|move|p1a: Suicune|Calm Mind|p1a: Suicune|[from]Sleep Talk
|-boost|p1a: Suicune|spa|1
|-boost|p1a: Suicune|spd|1
|
|-weather|Sandstorm|[upkeep]
|-damage|p2a: Venusaur|80/100|[from] Sandstorm
|-damage|p1a: Suicune|62/100 slp|[from] Sandstorm
|-heal|p2a: Venusaur|86/100|[from] item: Leftovers
|-heal|p1a: Suicune|68/100 slp|[from] item: Leftovers
|-damage|p1a: Suicune|56/100 slp|[from] Leech Seed|[of] p2a: Venusaur
|-heal|p2a: Venusaur|100/100|[silent]
|upkeep
|turn|22
|
|t:|1728866321
|move|p2a: Venusaur|Giga Drain|p1a: Suicune
|-supereffective|p1a: Suicune
|-damage|p1a: Suicune|39/100 slp
|-curestatus|p1a: Suicune|slp|[msg]
|move|p1a: Suicune|Calm Mind|p1a: Suicune
|-boost|p1a: Suicune|spa|1
|-boost|p1a: Suicune|spd|1
|
|-weather|Sandstorm|[upkeep]
|-damage|p2a: Venusaur|95/100|[from] Sandstorm
|-damage|p1a: Suicune|33/100|[from] Sandstorm
|-heal|p2a: Venusaur|100/100|[from] item: Leftovers
|-heal|p1a: Suicune|39/100|[from] item: Leftovers
|-damage|p1a: Suicune|27/100|[from] Leech Seed|[of] p2a: Venusaur
|upkeep
|turn|23
|
|t:|1728866325
|move|p2a: Venusaur|Sleep Powder|p1a: Suicune|[miss]
|-miss|p2a: Venusaur|p1a: Suicune
|move|p1a: Suicune|Rest|p1a: Suicune
|-status|p1a: Suicune|slp|[from] move: Rest
|-heal|p1a: Suicune|100/100 slp|[silent]
|
|-weather|Sandstorm|[upkeep]
|-damage|p2a: Venusaur|95/100|[from] Sandstorm
|-damage|p1a: Suicune|94/100 slp|[from] Sandstorm
|-heal|p2a: Venusaur|100/100|[from] item: Leftovers
|-heal|p1a: Suicune|100/100 slp|[from] item: Leftovers
|-damage|p1a: Suicune|88/100 slp|[from] Leech Seed|[of] p2a: Venusaur
|upkeep
|turn|24
|
|t:|1728866329
|move|p2a: Venusaur|Giga Drain|p1a: Suicune
|-supereffective|p1a: Suicune
|-damage|p1a: Suicune|75/100 slp
|cant|p1a: Suicune|slp
|move|p1a: Suicune|Sleep Talk|p1a: Suicune
|move|p1a: Suicune|Rest|p1a: Suicune|[from]Sleep Talk
|
|-weather|Sandstorm|[upkeep]
|-damage|p2a: Venusaur|95/100|[from] Sandstorm
|-damage|p1a: Suicune|69/100 slp|[from] Sandstorm
|-heal|p2a: Venusaur|100/100|[from] item: Leftovers
|-heal|p1a: Suicune|75/100 slp|[from] item: Leftovers
|-damage|p1a: Suicune|62/100 slp|[from] Leech Seed|[of] p2a: Venusaur
|upkeep
|turn|25
|
|t:|1728866339
|move|p2a: Venusaur|Giga Drain|p1a: Suicune
|-supereffective|p1a: Suicune
|-damage|p1a: Suicune|50/100 slp
|cant|p1a: Suicune|slp
|move|p1a: Suicune|Sleep Talk|p1a: Suicune
|move|p1a: Suicune|Calm Mind|p1a: Suicune|[from]Sleep Talk
|-boost|p1a: Suicune|spa|1
|-boost|p1a: Suicune|spd|1
|
|-weather|Sandstorm|[upkeep]
|-damage|p2a: Venusaur|95/100|[from] Sandstorm
|-damage|p1a: Suicune|44/100 slp|[from] Sandstorm
|-heal|p2a: Venusaur|100/100|[from] item: Leftovers
|-heal|p1a: Suicune|50/100 slp|[from] item: Leftovers
|-damage|p1a: Suicune|38/100 slp|[from] Leech Seed|[of] p2a: Venusaur
|upkeep
|turn|26
|
|t:|1728866354
|switch|p2a: Zapdos|Zapdos|88/100
|-curestatus|p1a: Suicune|slp|[msg]
|move|p1a: Suicune|Rest|p1a: Suicune
|-status|p1a: Suicune|slp|[from] move: Rest
|-heal|p1a: Suicune|100/100 slp|[silent]
|
|-weather|Sandstorm|[upkeep]
|-damage|p2a: Zapdos|81/100|[from] Sandstorm
|-damage|p1a: Suicune|94/100 slp|[from] Sandstorm
|-heal|p2a: Zapdos|88/100|[from] item: Leftovers
|-heal|p1a: Suicune|100/100 slp|[from] item: Leftovers
|-damage|p1a: Suicune|88/100 slp|[from] Leech Seed|[of] p2a: Zapdos
|-heal|p2a: Zapdos|100/100|[silent]
|upkeep
|turn|27
|
|t:|1728866359
|move|p2a: Zapdos|Thunderbolt|p1a: Suicune
|-supereffective|p1a: Suicune
|-damage|p1a: Suicune|67/100 slp
|cant|p1a: Suicune|slp
|move|p1a: Suicune|Sleep Talk|p1a: Suicune
|move|p1a: Suicune|Surf|p2a: Zapdos|[from]Sleep Talk
|-damage|p2a: Zapdos|0 fnt
|faint|p2a: Zapdos
|
|t:|1728866368
|switch|p2a: Dugtrio|Dugtrio, M|17/100
|
|-weather|Sandstorm|[upkeep]
|-damage|p1a: Suicune|61/100 slp|[from] Sandstorm
|-heal|p1a: Suicune|67/100 slp|[from] item: Leftovers
|-damage|p1a: Suicune|54/100 slp|[from] Leech Seed|[of] p2a: Dugtrio
|-heal|p2a: Dugtrio|41/100|[silent]
|upkeep
|turn|28
|
|t:|1728866372
|move|p2a: Dugtrio|Earthquake|p1a: Suicune
|-damage|p1a: Suicune|24/100 slp
|cant|p1a: Suicune|slp
|move|p1a: Suicune|Sleep Talk|p1a: Suicune
|move|p1a: Suicune|Surf|p2a: Dugtrio|[from]Sleep Talk
|-supereffective|p2a: Dugtrio
|-damage|p2a: Dugtrio|0 fnt
|faint|p2a: Dugtrio
|
|t:|1728866383
|switch|p2a: Gengar|Gengar, F|48/100
|
|-weather|Sandstorm|[upkeep]
|-damage|p2a: Gengar|42/100|[from] Sandstorm
|-damage|p1a: Suicune|18/100 slp|[from] Sandstorm
|-heal|p2a: Gengar|48/100|[from] item: Leftovers
|-heal|p1a: Suicune|24/100 slp|[from] item: Leftovers
|-damage|p1a: Suicune|12/100 slp|[from] Leech Seed|[of] p2a: Gengar
|-heal|p2a: Gengar|64/100|[silent]
|upkeep
|turn|29
|c|☆bdicap|one lucky suicune o_o
|
|t:|1728866393
|move|p2a: Gengar|Thunderbolt|p1a: Suicune
|-supereffective|p1a: Suicune
|-damage|p1a: Suicune|0 fnt
|faint|p1a: Suicune
|
|t:|1728866419
|switch|p1a: Metagross|Metagross|100/100
|
|-weather|Sandstorm|[upkeep]
|-damage|p2a: Gengar|57/100|[from] Sandstorm
|-heal|p2a: Gengar|64/100|[from] item: Leftovers
|upkeep
|turn|30
|
|t:|1728866426
|move|p2a: Gengar|Will-O-Wisp|p1a: Metagross
|-status|p1a: Metagross|brn
|-enditem|p1a: Metagross|Lum Berry|[eat]
|-curestatus|p1a: Metagross|brn|[msg]
|move|p1a: Metagross|Meteor Mash|p2a: Gengar
|-damage|p2a: Gengar|0 fnt
|faint|p2a: Gengar
|
|t:|1728866432
|switch|p2a: Swampert|Swampert, M, shiny|71/100
|
|-weather|Sandstorm|[upkeep]
|-heal|p2a: Swampert|77/100|[from] item: Leftovers
|upkeep
|turn|31
|
|t:|1728866440
|move|p1a: Metagross|Agility|p1a: Metagross
|-boost|p1a: Metagross|spe|2
|move|p2a: Swampert|Ice Beam|p1a: Metagross
|-resisted|p1a: Metagross
|-damage|p1a: Metagross|90/100
|
|-weather|Sandstorm|[upkeep]
|-heal|p2a: Swampert|83/100|[from] item: Leftovers
|upkeep
|turn|32
|
|t:|1728866447
|move|p1a: Metagross|Earthquake|p2a: Swampert
|-damage|p2a: Swampert|52/100
|move|p2a: Swampert|Earthquake|p1a: Metagross
|-supereffective|p1a: Metagross
|-damage|p1a: Metagross|26/100
|
|-weather|Sandstorm|[upkeep]
|-heal|p2a: Swampert|59/100|[from] item: Leftovers
|upkeep
|turn|33
|
|t:|1728866457
|move|p1a: Metagross|Explosion|p2a: Swampert
|-damage|p2a: Swampert|0 fnt
|faint|p1a: Metagross
|faint|p2a: Swampert
|inactive|bdicap has 270 seconds left.
|
|t:|1728866489
|switch|p1a: Salamence|Salamence, M|100/100
|switch|p2a: Venusaur|Venusaur, M|100/100
|-ability|p1a: Salamence|Intimidate|boost
|-unboost|p2a: Venusaur|atk|1
|
|-weather|Sandstorm|[upkeep]
|-damage|p1a: Salamence|94/100|[from] Sandstorm
|-damage|p2a: Venusaur|95/100|[from] Sandstorm
|-heal|p1a: Salamence|100/100|[from] item: Leftovers
|-heal|p2a: Venusaur|100/100|[from] item: Leftovers
|upkeep
|turn|34
|
|t:|1728866494
|move|p1a: Salamence|Fire Blast|p2a: Venusaur
|-supereffective|p2a: Venusaur
|-damage|p2a: Venusaur|17/100
|move|p2a: Venusaur|Sleep Powder|p1a: Salamence
|-status|p1a: Salamence|slp|[from] move: Sleep Powder
|
|-weather|Sandstorm|[upkeep]
|-damage|p1a: Salamence|94/100 slp|[from] Sandstorm
|-damage|p2a: Venusaur|11/100|[from] Sandstorm
|-heal|p1a: Salamence|100/100 slp|[from] item: Leftovers
|-heal|p2a: Venusaur|17/100|[from] item: Leftovers
|upkeep
|turn|35
|
|t:|1728866502
|switch|p1a: Aerodactyl|Aerodactyl, F|100/100
|move|p2a: Venusaur|Leech Seed|p1a: Aerodactyl
|-start|p1a: Aerodactyl|move: Leech Seed
|
|-weather|Sandstorm|[upkeep]
|-damage|p2a: Venusaur|11/100|[from] Sandstorm
|-damage|p1a: Aerodactyl|88/100|[from] Leech Seed|[of] p2a: Venusaur
|-heal|p2a: Venusaur|23/100|[silent]
|-heal|p2a: Venusaur|29/100|[from] item: Leftovers
|upkeep
|turn|36
|
|t:|1728866508
|move|p1a: Aerodactyl|Rock Slide|p2a: Venusaur
|-damage|p2a: Venusaur|0 fnt
|faint|p2a: Venusaur
|
|t:|1728866509
|switch|p2a: Tyranitar|Tyranitar, F|100/100
|
|-weather|Sandstorm|[upkeep]
|-damage|p1a: Aerodactyl|76/100|[from] Leech Seed|[of] p2a: Tyranitar
|upkeep
|turn|37
|
|t:|1728866514
|switch|p1a: Salamence|Salamence, M|100/100 slp
|-ability|p1a: Salamence|Intimidate|boost
|-unboost|p2a: Tyranitar|atk|1
|move|p2a: Tyranitar|Double-Edge|p1a: Salamence
|-damage|p1a: Salamence|44/100 slp
|-damage|p2a: Tyranitar|82/100|[from] Recoil|[of] p1a: Salamence
|
|-weather|Sandstorm|[upkeep]
|-damage|p1a: Salamence|38/100 slp|[from] Sandstorm
|-heal|p1a: Salamence|44/100 slp|[from] item: Leftovers
|upkeep
|turn|38
|
|t:|1728866519
|switch|p1a: Snorlax|Snorlax, M|76/100
|move|p2a: Tyranitar|Double-Edge|p1a: Snorlax
|-damage|p1a: Snorlax|39/100
|-damage|p2a: Tyranitar|65/100|[from] Recoil|[of] p1a: Snorlax
|
|-weather|Sandstorm|[upkeep]
|-damage|p1a: Snorlax|33/100|[from] Sandstorm
|-heal|p1a: Snorlax|39/100|[from] item: Leftovers
|upkeep
|turn|39
|
|t:|1728866523
|switch|p1a: Salamence|Salamence, M|44/100 slp
|-ability|p1a: Salamence|Intimidate|boost
|-unboost|p2a: Tyranitar|atk|1
|move|p2a: Tyranitar|Double-Edge|p1a: Salamence
|-damage|p1a: Salamence|7/100 slp
|-damage|p2a: Tyranitar|53/100|[from] Recoil|[of] p1a: Salamence
|
|-weather|Sandstorm|[upkeep]
|-damage|p1a: Salamence|1/100 slp|[from] Sandstorm
|-heal|p1a: Salamence|7/100 slp|[from] item: Leftovers
|upkeep
|turn|40
|
|t:|1728866526
|switch|p1a: Snorlax|Snorlax, M|39/100
|move|p2a: Tyranitar|Double-Edge|p1a: Snorlax
|-damage|p1a: Snorlax|10/100
|-damage|p2a: Tyranitar|40/100|[from] Recoil|[of] p1a: Snorlax
|
|-weather|Sandstorm|[upkeep]
|-damage|p1a: Snorlax|4/100|[from] Sandstorm
|-heal|p1a: Snorlax|10/100|[from] item: Leftovers
|upkeep
|turn|41
|
|t:|1728866528
|switch|p1a: Salamence|Salamence, M|7/100 slp
|-ability|p1a: Salamence|Intimidate|boost
|-unboost|p2a: Tyranitar|atk|1
|move|p2a: Tyranitar|Double-Edge|p1a: Salamence
|-damage|p1a: Salamence|0 fnt
|-damage|p2a: Tyranitar|38/100|[from] Recoil|[of] p1a: Salamence
|faint|p1a: Salamence
|
|t:|1728866530
|switch|p1a: Aerodactyl|Aerodactyl, F|76/100
|
|-weather|Sandstorm|[upkeep]
|upkeep
|turn|42
|
|t:|1728866532
|move|p1a: Aerodactyl|Earthquake|p2a: Tyranitar
|-supereffective|p2a: Tyranitar
|-damage|p2a: Tyranitar|0 fnt
|faint|p2a: Tyranitar
|
|win|bdicap
|c|☆bdicap|gg
|c|☆JoeFlint|GG
|player|p1|
|player|p1|bdicap|1|

</script>
<script type="application/json" class="data" id="replaydata-smogtours-gen3ou-798546">
{"id":"smogtours-gen3ou-798546","format":"[Gen 3] OU","players":["bdicap","JoeFlint"],"uploadtime":1728866532,"views":110,"formatid":"gen3ou","rating":null,"private":0,"password":null}
</script>

<script defer src="js/replays.js?9d40a366"></script>
