<!DOCTYPE html>
<meta charset="utf-8" />
<meta name="viewport" content="width=device-width" />

<title>[Gen 3] OU: Precure Moonlight vs. Girls See Ghosts - Replays - Pok&eacute;mon Showdown!</title>

<meta name="description" content="Watch a replay of a Pok&eacute;mon battle between Precure Moonlight and Girls See Ghosts! Format: [Gen 3] OU; Date: Oct 14, 2024" />
<!--

Hey, you! Looking in the source for the replay log?

You can find them in JSON format, just add `.json` at the end of a replay URL.

https://replay.pokemonshowdown.com/gen7randomdoublesbattle-865046831.json

Or, if you only need the log itself, add `.log` instead:

https://replay.pokemonshowdown.com/gen7randomdoublesbattle-865046831.log

-->

<link rel="stylesheet" href="//pokemonshowdown.com/style/global.css?0.767286132409787" />
<link rel="stylesheet" href="//play.pokemonshowdown.com/style/font-awesome.css?0.9266228007934947" />
<link rel="stylesheet" href="//play.pokemonshowdown.com/style/battle.css?0.7924700842790926" />
<link rel="stylesheet" href="//play.pokemonshowdown.com/style/utilichart.css?0.8777417872839479" />

<!-- Global site tag (gtag.js) - Google Analytics -->
<script async src="https://www.googletagmanager.com/gtag/js?id=UA-26211653-1"></script>
<script>
  window.dataLayer = window.dataLayer || [];
  function gtag(){dataLayer.push(arguments);}
  gtag('js', new Date());

  gtag('config', 'UA-26211653-1');
</script>
<!-- End Google Analytics -->
<!-- Venatus Ad Manager - Install in <HEAD> of page -->
	<script src="https://hb.vntsm.com/v3/live/ad-manager.min.js" type="text/javascript" data-site-id="642aba63ec9a7b11c3c9c1be" data-mode="scan" async></script>
<!-- / Venatus Ad Manager -->

<style>
	@media (max-width:820px) {
		.battle {
			margin: 0 auto;
		}
		.battle-log {
			margin: 7px auto 0;
			max-width: 640px;
			height: 300px;
			position: static;
		}
	}
	.optgroup {
		display: inline-block;
		line-height: 22px;
		font-size: 10pt;
	}
	.optgroup .button {
		height: 25px;
		padding-top: 0;
		padding-bottom: 0;
	}
	.optgroup button.button {
		padding-left: 12px;
		padding-right: 12px;
	}
	.linklist {
		list-style: none;
		margin: 0.5em 0;
		padding: 0;
	}
	.linklist li {
		padding: 2px 0;
	}
	.sidebar {
		float: left;
		width: 320px;
	}
	.bar-wrapper {
		max-width: 1100px;
		margin: 0 auto;
	}
	.bar-wrapper.has-sidebar {
		max-width: 1430px;
	}
	.mainbar {
		margin: 0;
		padding-right: 1px;
	}
	.mainbar.has-sidebar {
		margin-left: 330px;
	}
	@media (min-width: 1511px) {
		.sidebar {
			width: 400px;
		}
		.bar-wrapper.has-sidebar {
			max-width: 1510px;
		}
		.mainbar.has-sidebar {
			margin-left: 410px;
		}
	}
	.section.first-section {
		margin-top: 9px;
	}
	.blocklink small {
		white-space: normal;
	}
	.button {
		vertical-align: middle;
	}
	.replay-controls {
		padding-top: 10px;
	}
	.replay-controls h1 {
		font-size: 16pt;
		font-weight: normal;
		color: #CCC;
	}
	.pagelink {
		text-align: center;
	}
	.pagelink a {
		width: 150px;
	}
	.textbox, .button {
		font-size: 11pt;
		vertical-align: middle;
	}
	@media (max-width: 450px) {
		.button {
			font-size: 9pt;
		}
	}
</style>

<div>

	<header>
		<div class="nav-wrapper"><ul class="nav">
			<li><a class="button nav-first" href="//pokemonshowdown.com/"><img src="//pokemonshowdown.com/images/pokemonshowdownbeta.png" srcset="//pokemonshowdown.com/images/pokemonshowdownbeta.png 1x, //pokemonshowdown.com/images/pokemonshowdownbeta@2x.png 2x" alt="Pok&eacute;mon Showdown" width="146" height="44" /> Home</a></li>
			<li><a class="button" href="//pokemonshowdown.com/dex/">Pok&eacute;dex</a></li>
			<li><a class="button cur" href="/">Replays</a></li>
			<li><a class="button" href="//pokemonshowdown.com/ladder/">Ladder</a></li>
			<li><a class="button nav-last" href="//pokemonshowdown.com/forums/">Forum</a></li>
			<li><a class="button greenbutton nav-first nav-last" href="//play.pokemonshowdown.com/">Play</a></li>
		</ul></div>
	</header>

	<div class="main" id="main">

		<noscript><section class="section">You need to enable JavaScript to use this page; sorry!</section></noscript>

	</div>

</div>

<script defer nomodule src="//play.pokemonshowdown.com/js/lib/ps-polyfill.js"></script>
<script defer src="//play.pokemonshowdown.com/js/lib/preact.min.js"></script>

<script defer src="//play.pokemonshowdown.com/config/config.js?6dec07f6"></script>
<script defer src="//play.pokemonshowdown.com/js/lib/jquery-1.11.0.min.js"></script>
<script defer src="//play.pokemonshowdown.com/js/lib/html-sanitizer-minified.js"></script>
<script defer src="//play.pokemonshowdown.com/js/battle-sound.js"></script>
<script defer src="//play.pokemonshowdown.com/js/battledata.js?0.6315294753075389"></script>
<script defer src="//play.pokemonshowdown.com/data/pokedex-mini.js?0.7603743185311358"></script>
<script defer src="//play.pokemonshowdown.com/data/pokedex-mini-bw.js?0.030888842834281283"></script>
<script defer src="//play.pokemonshowdown.com/data/graphics.js?0.05593094747507488"></script>
<script defer src="//play.pokemonshowdown.com/data/pokedex.js?0.47064822249611904"></script>
<script defer src="//play.pokemonshowdown.com/data/moves.js?0.8583693120512459"></script>
<script defer src="//play.pokemonshowdown.com/data/abilities.js?0.16017181182386842"></script>
<script defer src="//play.pokemonshowdown.com/data/items.js?0.4163379185673943"></script>
<script defer src="//play.pokemonshowdown.com/data/teambuilder-tables.js?0.31075597372830477"></script>
<script defer src="//play.pokemonshowdown.com/js/battle-tooltips.js?0.6536193500708172"></script>
<script defer src="//play.pokemonshowdown.com/js/battle.js?0.1916591943277901"></script>

<script defer src="js/utils.js?e31f9a17"></script>
<script defer src="js/replays-battle.js?7008c182"></script>

<!-- don't scrape this data! just add .json or .log after the URL!
Full API docs: https://github.com/smogon/pokemon-showdown-client/blob/master/WEB-API.md -->
<script type="text/plain" class="log" id="replaylog-smogtours-gen3ou-798693">
|inactive|Battle timer is ON: inactive players will automatically lose when time's up.
|t:|1728929799
|gametype|singles
|player|p1|Precure Moonlight|miku-ground|
|player|p2|Girls See Ghosts|phoebe-gen6|
|teamsize|p1|6
|teamsize|p2|6
|gen|3
|tier|[Gen 3] OU
|rule|Sleep Clause Mod: Limit one foe put to sleep
|rule|Switch Priority Clause Mod: Faster Pokémon switch first
|rule|Species Clause: Limit one of each Pokémon
|rule|OHKO Clause: OHKO moves are banned
|rule|Evasion Items Clause: Evasion items are banned
|rule|Evasion Moves Clause: Evasion moves are banned
|rule|Endless Battle Clause: Forcing endless battles is banned
|rule|HP Percentage Mod: HP is shown in percentages
|rule|One Boost Passer Clause: Limit one Baton Passer that has a way to boost its stats
|rule|Freeze Clause Mod: Limit one foe frozen
|
|t:|1728929799
|start
|switch|p1a: Vaporeon|Vaporeon, F, shiny|100/100
|switch|p2a: BeWhereverUAre|Flygon, F|100/100
|turn|1
|c|☆Girls See Ghosts|glhf
|c|☆Precure Moonlight|hf
|
|t:|1728929827
|switch|p2a: Aquamarine|Celebi|100/100
|move|p1a: Vaporeon|Substitute|p1a: Vaporeon
|-start|p1a: Vaporeon|Substitute
|-damage|p1a: Vaporeon|76/100
|
|upkeep
|turn|2
|
|t:|1728929833
|move|p1a: Vaporeon|Baton Pass|p1a: Vaporeon
|
|t:|1728929839
|switch|p1a: Smeargle|Smeargle, F, shiny|100/100|[from] Baton Pass
|move|p2a: Aquamarine|Hidden Power|p1a: Smeargle
|-end|p1a: Smeargle|Substitute
|
|upkeep
|turn|3
|
|t:|1728929849
|move|p1a: Smeargle|Spore|p2a: Aquamarine
|-status|p2a: Aquamarine|slp|[from] move: Spore
|cant|p2a: Aquamarine|slp
|
|upkeep
|turn|4
|
|t:|1728929860
|-curestatus|p2a: Aquamarine|slp|[from] ability: Natural Cure
|switch|p2a: BeWhereverUAre|Flygon, F|100/100
|move|p1a: Smeargle|Spikes|p2a: BeWhereverUAre
|-sidestart|p2: Girls See Ghosts|Spikes
|
|upkeep
|turn|5
|
|t:|1728929887
|switch|p1a: Gengar|Gengar, F, shiny|100/100
|move|p2a: BeWhereverUAre|Earthquake|p1a: Gengar
|-immune|p1a: Gengar
|
|upkeep
|turn|6
|
|t:|1728929897
|switch|p1a: Smeargle|Smeargle, F, shiny|100/100
|switch|p2a: Familiar|Tyranitar, F|100/100
|-damage|p2a: Familiar|88/100|[from] Spikes
|-weather|Sandstorm|[from] ability: Sand Stream|[of] p2a: Familiar
|
|-weather|Sandstorm|[upkeep]
|-damage|p1a: Smeargle|95/100|[from] Sandstorm
|-heal|p2a: Familiar|94/100|[from] item: Leftovers
|upkeep
|turn|7
|
|t:|1728929906
|switch|p2a: Topaz|Magneton|100/100
|-damage|p2a: Topaz|88/100|[from] Spikes
|move|p1a: Smeargle|Spore|p2a: Topaz
|-status|p2a: Topaz|slp|[from] move: Spore
|
|-weather|Sandstorm|[upkeep]
|-damage|p1a: Smeargle|89/100|[from] Sandstorm
|upkeep
|turn|8
|
|t:|1728929932
|switch|p2a: BeWhereverUAre|Flygon, F|100/100
|move|p1a: Smeargle|Spikes|p2a: BeWhereverUAre
|-sidestart|p2: Girls See Ghosts|Spikes
|
|-weather|Sandstorm|[upkeep]
|-damage|p1a: Smeargle|83/100|[from] Sandstorm
|upkeep
|turn|9
|
|t:|1728929939
|switch|p1a: Vaporeon|Vaporeon, F, shiny|76/100
|move|p2a: BeWhereverUAre|Rock Slide|p1a: Vaporeon
|-damage|p1a: Vaporeon|35/100
|
|-weather|Sandstorm|[upkeep]
|-damage|p1a: Vaporeon|29/100|[from] Sandstorm
|upkeep
|turn|10
|
|t:|1728929969
|move|p2a: BeWhereverUAre|Rock Slide|p1a: Vaporeon
|-damage|p1a: Vaporeon|0 fnt
|faint|p1a: Vaporeon
|inactive|Precure Moonlight has 270 seconds left.
|inactive|Precure Moonlight has 240 seconds left.
|inactive|Precure Moonlight has 210 seconds left.
|
|t:|1728930047
|switch|p1a: Metagross|Metagross, shiny|100/100
|
|-weather|Sandstorm|[upkeep]
|upkeep
|turn|11
|inactive|Precure Moonlight has 210 seconds left.
|
|t:|1728930065
|switch|p2a: Escapism|Skarmory, F|100/100
|move|p1a: Metagross|Hidden Power|p2a: Escapism
|-resisted|p2a: Escapism
|-damage|p2a: Escapism|96/100
|
|-weather|Sandstorm|[upkeep]
|-heal|p2a: Escapism|100/100|[from] item: Leftovers
|upkeep
|turn|12
|
|t:|1728930073
|move|p1a: Metagross|Thunder Punch|p2a: Escapism
|-supereffective|p2a: Escapism
|-damage|p2a: Escapism|57/100
|move|p2a: Escapism|Spikes|p1a: Metagross
|-sidestart|p1: Precure Moonlight|Spikes
|
|-weather|Sandstorm|[upkeep]
|-heal|p2a: Escapism|63/100|[from] item: Leftovers
|upkeep
|turn|13
|inactive|Precure Moonlight has 210 seconds left.
|
|t:|1728930082
|move|p2a: Escapism|Protect|p2a: Escapism
|-singleturn|p2a: Escapism|Protect
|move|p1a: Metagross|Thunder Punch|p2a: Escapism
|-activate|p2a: Escapism|Protect
|
|-weather|Sandstorm|[upkeep]
|-heal|p2a: Escapism|69/100|[from] item: Leftovers
|upkeep
|turn|14
|
|t:|1728930103
|switch|p2a: Aquamarine|Celebi|100/100
|-damage|p2a: Aquamarine|84/100|[from] Spikes
|move|p1a: Metagross|Thunder Punch|p2a: Aquamarine
|-resisted|p2a: Aquamarine
|-crit|p2a: Aquamarine
|-damage|p2a: Aquamarine|68/100
|
|-weather|Sandstorm|[upkeep]
|-damage|p2a: Aquamarine|61/100|[from] Sandstorm
|-heal|p2a: Aquamarine|68/100|[from] item: Leftovers
|upkeep
|turn|15
|inactive|Precure Moonlight has 210 seconds left.
|
|t:|1728930124
|switch|p1a: Aerodactyl|Aerodactyl, F, shiny|100/100
|move|p2a: Aquamarine|Leech Seed|p1a: Aerodactyl
|-start|p1a: Aerodactyl|move: Leech Seed
|
|-weather|Sandstorm|[upkeep]
|-damage|p2a: Aquamarine|61/100|[from] Sandstorm
|-damage|p1a: Aerodactyl|88/100|[from] Leech Seed|[of] p2a: Aquamarine
|-heal|p2a: Aquamarine|71/100|[silent]
|-heal|p2a: Aquamarine|77/100|[from] item: Leftovers
|upkeep
|turn|16
|inactive|Precure Moonlight has 210 seconds left.
|inactive|Girls See Ghosts has 270 seconds left.
|
|t:|1728930152
|switch|p2a: I'm Still Here|Milotic, F|100/100
|-damage|p2a: I'm Still Here|84/100|[from] Spikes
|move|p1a: Aerodactyl|Rock Slide|p2a: I'm Still Here
|-damage|p2a: I'm Still Here|48/100
|
|-weather|Sandstorm|[upkeep]
|-damage|p2a: I'm Still Here|42/100|[from] Sandstorm
|-damage|p1a: Aerodactyl|76/100|[from] Leech Seed|[of] p2a: I'm Still Here
|-heal|p2a: I'm Still Here|52/100|[silent]
|-heal|p2a: I'm Still Here|58/100|[from] item: Leftovers
|upkeep
|turn|17
|inactive|Precure Moonlight has 210 seconds left.
|
|t:|1728930175
|switch|p1a: Smeargle|Smeargle, F, shiny|83/100
|-damage|p1a: Smeargle|70/100|[from] Spikes
|move|p2a: I'm Still Here|Surf|p1a: Smeargle
|-damage|p1a: Smeargle|9/100
|
|-weather|Sandstorm|[upkeep]
|-damage|p1a: Smeargle|3/100|[from] Sandstorm
|-damage|p2a: I'm Still Here|52/100|[from] Sandstorm
|-enditem|p1a: Smeargle|Salac Berry|[eat]
|-boost|p1a: Smeargle|spe|1|[from] item: Salac Berry
|-heal|p2a: I'm Still Here|58/100|[from] item: Leftovers
|upkeep
|turn|18
|
|t:|1728930188
|move|p1a: Smeargle|Spikes|p2a: I'm Still Here
|-sidestart|p2: Girls See Ghosts|Spikes
|move|p2a: I'm Still Here|Surf|p1a: Smeargle
|-damage|p1a: Smeargle|0 fnt
|faint|p1a: Smeargle
|
|t:|1728930197
|switch|p1a: Gengar|Gengar, F, shiny|100/100
|
|-weather|Sandstorm|[upkeep]
|-damage|p1a: Gengar|94/100|[from] Sandstorm
|-damage|p2a: I'm Still Here|52/100|[from] Sandstorm
|-heal|p1a: Gengar|100/100|[from] item: Leftovers
|-heal|p2a: I'm Still Here|58/100|[from] item: Leftovers
|upkeep
|turn|19
|
|t:|1728930217
|move|p1a: Gengar|Ice Punch|p2a: I'm Still Here
|-resisted|p2a: I'm Still Here
|-damage|p2a: I'm Still Here|49/100
|move|p2a: I'm Still Here|Surf|p1a: Gengar
|-damage|p1a: Gengar|47/100
|
|-weather|Sandstorm|[upkeep]
|-damage|p1a: Gengar|41/100|[from] Sandstorm
|-damage|p2a: I'm Still Here|43/100|[from] Sandstorm
|-heal|p1a: Gengar|47/100|[from] item: Leftovers
|-heal|p2a: I'm Still Here|49/100|[from] item: Leftovers
|upkeep
|turn|20
|
|t:|1728930235
|switch|p1a: Metagross|Metagross, shiny|100/100
|-damage|p1a: Metagross|88/100|[from] Spikes
|move|p2a: I'm Still Here|Recover|p2a: I'm Still Here
|-heal|p2a: I'm Still Here|99/100
|
|-weather|Sandstorm|[upkeep]
|-damage|p2a: I'm Still Here|93/100|[from] Sandstorm
|-heal|p1a: Metagross|94/100|[from] item: Leftovers
|-heal|p2a: I'm Still Here|99/100|[from] item: Leftovers
|upkeep
|turn|21
|inactive|Precure Moonlight has 180 seconds left.
|
|t:|1728930254
|move|p1a: Metagross|Thunder Punch|p2a: I'm Still Here
|-supereffective|p2a: I'm Still Here
|-damage|p2a: I'm Still Here|68/100
|move|p2a: I'm Still Here|Surf|p1a: Metagross
|-damage|p1a: Metagross|45/100
|
|-weather|Sandstorm|[upkeep]
|-damage|p2a: I'm Still Here|62/100|[from] Sandstorm
|-heal|p1a: Metagross|51/100|[from] item: Leftovers
|-heal|p2a: I'm Still Here|68/100|[from] item: Leftovers
|upkeep
|turn|22
|inactive|Precure Moonlight has 180 seconds left.
|
|t:|1728930265
|move|p1a: Metagross|Explosion|p2a: I'm Still Here
|-damage|p2a: I'm Still Here|0 fnt
|faint|p1a: Metagross
|faint|p2a: I'm Still Here
|inactive|Precure Moonlight has 180 seconds left.
|
|t:|1728930284
|switch|p1a: Aerodactyl|Aerodactyl, F, shiny|76/100
|switch|p2a: Escapism|Skarmory, F|69/100
|
|-weather|Sandstorm|[upkeep]
|-heal|p2a: Escapism|75/100|[from] item: Leftovers
|upkeep
|turn|23
|
|t:|1728930293
|switch|p1a: Gengar|Gengar, F, shiny|47/100
|move|p2a: Escapism|Protect||[still]
|-fail|p2a: Escapism
|
|-weather|Sandstorm|[upkeep]
|-damage|p1a: Gengar|41/100|[from] Sandstorm
|-heal|p1a: Gengar|47/100|[from] item: Leftovers
|-heal|p2a: Escapism|81/100|[from] item: Leftovers
|upkeep
|turn|24
|
|t:|1728930302
|move|p2a: Escapism|Protect|p2a: Escapism
|-singleturn|p2a: Escapism|Protect
|move|p1a: Gengar|Fire Punch|p2a: Escapism
|-activate|p2a: Escapism|Protect
|
|-weather|Sandstorm|[upkeep]
|-damage|p1a: Gengar|41/100|[from] Sandstorm
|-heal|p1a: Gengar|47/100|[from] item: Leftovers
|-heal|p2a: Escapism|87/100|[from] item: Leftovers
|upkeep
|turn|25
|
|t:|1728930311
|switch|p2a: Topaz|Magneton|88/100 slp
|-damage|p2a: Topaz|63/100 slp|[from] Spikes
|move|p1a: Gengar|Fire Punch|p2a: Topaz
|-supereffective|p2a: Topaz
|-damage|p2a: Topaz|0 fnt
|faint|p2a: Topaz
|
|t:|1728930314
|switch|p2a: Familiar|Tyranitar, F|94/100
|-damage|p2a: Familiar|69/100|[from] Spikes
|
|-weather|Sandstorm|[upkeep]
|-damage|p1a: Gengar|41/100|[from] Sandstorm
|-heal|p1a: Gengar|47/100|[from] item: Leftovers
|-heal|p2a: Familiar|76/100|[from] item: Leftovers
|upkeep
|turn|26
|
|t:|1728930337
|move|p1a: Gengar|Hidden Power|p2a: Familiar
|-supereffective|p2a: Familiar
|-damage|p2a: Familiar|38/100
|move|p2a: Familiar|Pursuit|p1a: Gengar
|-supereffective|p1a: Gengar
|-damage|p1a: Gengar|0 fnt
|faint|p1a: Gengar
|inactive|Precure Moonlight has 180 seconds left.
|
|t:|1728930367
|switch|p1a: Aerodactyl|Aerodactyl, F, shiny|76/100
|
|-weather|Sandstorm|[upkeep]
|-heal|p2a: Familiar|44/100|[from] item: Leftovers
|upkeep
|turn|27
|
|t:|1728930373
|move|p1a: Aerodactyl|Hidden Power|p2a: Familiar
|-supereffective|p2a: Familiar
|-damage|p2a: Familiar|0 fnt
|faint|p2a: Familiar
|
|t:|1728930396
|switch|p2a: BeWhereverUAre|Flygon, F|100/100
|
|-weather|Sandstorm|[upkeep]
|upkeep
|turn|28
|
|t:|1728930401
|move|p1a: Aerodactyl|Hidden Power|p2a: BeWhereverUAre
|-crit|p2a: BeWhereverUAre
|-damage|p2a: BeWhereverUAre|10/100
|move|p2a: BeWhereverUAre|Rock Slide|p1a: Aerodactyl|[miss]
|-miss|p2a: BeWhereverUAre|p1a: Aerodactyl
|
|-weather|Sandstorm|[upkeep]
|upkeep
|turn|29
|c|☆Precure Moonlight|mb
|
|t:|1728930409
|switch|p2a: Escapism|Skarmory, F|87/100
|move|p1a: Aerodactyl|Hidden Power|p2a: Escapism
|-resisted|p2a: Escapism
|-damage|p2a: Escapism|82/100
|
|-weather|Sandstorm|[upkeep]
|-heal|p2a: Escapism|88/100|[from] item: Leftovers
|upkeep
|turn|30
|
|t:|1728930419
|switch|p1a: Tyranitar|Tyranitar, F, shiny|100/100
|-damage|p1a: Tyranitar|88/100|[from] Spikes
|move|p2a: Escapism|Drill Peck|p1a: Tyranitar
|-resisted|p1a: Tyranitar
|-damage|p1a: Tyranitar|79/100
|
|-weather|Sandstorm|[upkeep]
|-heal|p2a: Escapism|94/100|[from] item: Leftovers
|upkeep
|turn|31
|inactive|Precure Moonlight has 210 seconds left.
|
|t:|1728930436
|move|p1a: Tyranitar|Rock Slide|p2a: Escapism
|-damage|p2a: Escapism|66/100
|move|p2a: Escapism|Roar|p1a: Tyranitar
|drag|p1a: Aerodactyl|Aerodactyl, F, shiny|76/100
|
|-weather|Sandstorm|[upkeep]
|-heal|p2a: Escapism|72/100|[from] item: Leftovers
|upkeep
|turn|32
|
|t:|1728930446
|move|p2a: Escapism|Protect|p2a: Escapism
|-singleturn|p2a: Escapism|Protect
|move|p1a: Aerodactyl|Rock Slide|p2a: Escapism
|-activate|p2a: Escapism|Protect
|
|-weather|Sandstorm|[upkeep]
|-heal|p2a: Escapism|78/100|[from] item: Leftovers
|upkeep
|turn|33
|inactive|Girls See Ghosts has 270 seconds left.
|inactive|Girls See Ghosts has 240 seconds left.
|inactive|Girls See Ghosts has 210 seconds left.
|
|t:|1728930551
|move|p1a: Aerodactyl|Rock Slide|p2a: Escapism|[miss]
|-miss|p1a: Aerodactyl|p2a: Escapism
|move|p2a: Escapism|Roar|p1a: Aerodactyl
|drag|p1a: Tyranitar|Tyranitar, F, shiny|79/100
|-damage|p1a: Tyranitar|67/100|[from] Spikes
|
|-weather|Sandstorm|[upkeep]
|-heal|p2a: Escapism|84/100|[from] item: Leftovers
|upkeep
|turn|34
|inactive|Precure Moonlight has 210 seconds left.
|inactive|Girls See Ghosts has 180 seconds left.
|inactive|Girls See Ghosts has 150 seconds left.
|
|t:|1728930611
|move|p1a: Tyranitar|Rock Slide|p2a: Escapism
|-damage|p2a: Escapism|53/100
|move|p2a: Escapism|Drill Peck|p1a: Tyranitar
|-resisted|p1a: Tyranitar
|-damage|p1a: Tyranitar|59/100
|
|-weather|Sandstorm|[upkeep]
|-heal|p2a: Escapism|59/100|[from] item: Leftovers
|upkeep
|turn|35
|inactive|Precure Moonlight has 210 seconds left.
|inactive|Girls See Ghosts has 150 seconds left.
|
|t:|1728930633
|move|p2a: Escapism|Protect|p2a: Escapism
|-singleturn|p2a: Escapism|Protect
|move|p1a: Tyranitar|Dragon Dance|p1a: Tyranitar
|-boost|p1a: Tyranitar|atk|1
|-boost|p1a: Tyranitar|spe|1
|
|-weather|Sandstorm|[upkeep]
|-heal|p2a: Escapism|65/100|[from] item: Leftovers
|upkeep
|turn|36
|
|t:|1728930647
|move|p1a: Tyranitar|Rock Slide|p2a: Escapism
|-damage|p2a: Escapism|22/100
|cant|p2a: Escapism|flinch
|
|-weather|Sandstorm|[upkeep]
|-heal|p2a: Escapism|28/100|[from] item: Leftovers
|upkeep
|turn|37
|
|t:|1728930658
|move|p2a: Escapism|Protect|p2a: Escapism
|-singleturn|p2a: Escapism|Protect
|move|p1a: Tyranitar|Rock Slide|p2a: Escapism
|-activate|p2a: Escapism|Protect
|
|-weather|Sandstorm|[upkeep]
|-heal|p2a: Escapism|34/100|[from] item: Leftovers
|upkeep
|turn|38
|inactive|Precure Moonlight has 210 seconds left.
|
|t:|1728930665
|switch|p2a: BeWhereverUAre|Flygon, F|10/100
|move|p1a: Tyranitar|Rock Slide|p2a: BeWhereverUAre
|-resisted|p2a: BeWhereverUAre
|-damage|p2a: BeWhereverUAre|0 fnt
|faint|p2a: BeWhereverUAre
|
|t:|1728930668
|switch|p2a: Escapism|Skarmory, F|34/100
|
|-weather|Sandstorm|[upkeep]
|-heal|p2a: Escapism|40/100|[from] item: Leftovers
|upkeep
|turn|39
|inactive|Precure Moonlight has 210 seconds left.
|
|t:|1728930684
|move|p1a: Tyranitar|Dragon Dance|p1a: Tyranitar
|-boost|p1a: Tyranitar|atk|1
|-boost|p1a: Tyranitar|spe|1
|move|p2a: Escapism|Roar|p1a: Tyranitar
|drag|p1a: Aerodactyl|Aerodactyl, F, shiny|76/100
|
|-weather|Sandstorm|[upkeep]
|-heal|p2a: Escapism|46/100|[from] item: Leftovers
|upkeep
|turn|40
|inactive|Girls See Ghosts has 180 seconds left.
|
|t:|1728930692
|move|p2a: Escapism|Protect|p2a: Escapism
|-singleturn|p2a: Escapism|Protect
|move|p1a: Aerodactyl|Rock Slide|p2a: Escapism
|-activate|p2a: Escapism|Protect
|
|-weather|Sandstorm|[upkeep]
|-heal|p2a: Escapism|52/100|[from] item: Leftovers
|upkeep
|turn|41
|inactive|Girls See Ghosts has 180 seconds left.
|
|t:|1728930711
|move|p1a: Aerodactyl|Rock Slide|p2a: Escapism
|-damage|p2a: Escapism|10/100
|cant|p2a: Escapism|flinch
|
|-weather|Sandstorm|[upkeep]
|-heal|p2a: Escapism|16/100|[from] item: Leftovers
|upkeep
|turn|42
|
|t:|1728930717
|move|p2a: Escapism|Protect|p2a: Escapism
|-singleturn|p2a: Escapism|Protect
|move|p1a: Aerodactyl|Rock Slide|p2a: Escapism
|-activate|p2a: Escapism|Protect
|
|-weather|Sandstorm|[upkeep]
|-heal|p2a: Escapism|22/100|[from] item: Leftovers
|upkeep
|turn|43
|
|t:|1728930724
|move|p1a: Aerodactyl|Rock Slide|p2a: Escapism
|-damage|p2a: Escapism|0 fnt
|faint|p2a: Escapism
|
|t:|1728930726
|switch|p2a: Aquamarine|Celebi|77/100
|-damage|p2a: Aquamarine|52/100|[from] Spikes
|
|-weather|Sandstorm|[upkeep]
|-damage|p2a: Aquamarine|46/100|[from] Sandstorm
|-heal|p2a: Aquamarine|52/100|[from] item: Leftovers
|upkeep
|turn|44
|inactive|Precure Moonlight has 240 seconds left.
|
|t:|1728930733
|move|p1a: Aerodactyl|Rock Slide|p2a: Aquamarine
|-damage|p2a: Aquamarine|13/100
|move|p2a: Aquamarine|Recover|p2a: Aquamarine
|-heal|p2a: Aquamarine|63/100
|
|-weather|Sandstorm|[upkeep]
|-damage|p2a: Aquamarine|56/100|[from] Sandstorm
|-heal|p2a: Aquamarine|63/100|[from] item: Leftovers
|upkeep
|turn|45
|inactive|Precure Moonlight has 240 seconds left.
|
|t:|1728930746
|switch|p1a: Tyranitar|Tyranitar, F, shiny|59/100
|-damage|p1a: Tyranitar|46/100|[from] Spikes
|move|p2a: Aquamarine|Recover|p2a: Aquamarine
|-heal|p2a: Aquamarine|100/100
|
|-weather|Sandstorm|[upkeep]
|-damage|p2a: Aquamarine|94/100|[from] Sandstorm
|-heal|p2a: Aquamarine|100/100|[from] item: Leftovers
|upkeep
|turn|46
|
|t:|1728930755
|move|p2a: Aquamarine|Hidden Power|p1a: Tyranitar
|-supereffective|p1a: Tyranitar
|-damage|p1a: Tyranitar|11/100
|move|p1a: Tyranitar|Hidden Power|p2a: Aquamarine
|-supereffective|p2a: Aquamarine
|-damage|p2a: Aquamarine|22/100
|
|-weather|Sandstorm|[upkeep]
|-damage|p2a: Aquamarine|16/100|[from] Sandstorm
|-heal|p2a: Aquamarine|22/100|[from] item: Leftovers
|upkeep
|turn|47
|
|t:|1728930764
|move|p2a: Aquamarine|Hidden Power|p1a: Tyranitar
|-supereffective|p1a: Tyranitar
|-damage|p1a: Tyranitar|0 fnt
|faint|p1a: Tyranitar
|
|t:|1728930768
|switch|p1a: Aerodactyl|Aerodactyl, F, shiny|76/100
|
|-weather|Sandstorm|[upkeep]
|-damage|p2a: Aquamarine|16/100|[from] Sandstorm
|-heal|p2a: Aquamarine|22/100|[from] item: Leftovers
|upkeep
|turn|48
|
|t:|1728930774
|move|p1a: Aerodactyl|Hidden Power|p2a: Aquamarine
|-supereffective|p2a: Aquamarine
|-damage|p2a: Aquamarine|0 fnt
|faint|p2a: Aquamarine
|
|win|Precure Moonlight
|c|☆Girls See Ghosts|gg
|c|☆Precure Moonlight|gg

</script>
<script type="application/json" class="data" id="replaydata-smogtours-gen3ou-798693">
{"id":"smogtours-gen3ou-798693","format":"[Gen 3] OU","players":["Precure Moonlight","Girls See Ghosts"],"uploadtime":1728930774,"views":93,"formatid":"gen3ou","rating":null,"private":0,"password":null}
</script>

<script defer src="js/replays.js?9d40a366"></script>
