<!DOCTYPE html>
<meta charset="utf-8" />
<meta name="viewport" content="width=device-width" />

<title>[Gen 3] OU: Kvist vs. gaboelpro777 - Replays - Pok&eacute;mon Showdown!</title>

<meta name="description" content="Watch a replay of a Pok&eacute;mon battle between Kvist and gaboelpro777! Format: [Gen 3] OU; Date: Oct 13, 2024" />
<!--

Hey, you! Looking in the source for the replay log?

You can find them in JSON format, just add `.json` at the end of a replay URL.

https://replay.pokemonshowdown.com/gen7randomdoublesbattle-865046831.json

Or, if you only need the log itself, add `.log` instead:

https://replay.pokemonshowdown.com/gen7randomdoublesbattle-865046831.log

-->

<link rel="stylesheet" href="//pokemonshowdown.com/style/global.css?0.767286132409787" />
<link rel="stylesheet" href="//play.pokemonshowdown.com/style/font-awesome.css?0.9266228007934947" />
<link rel="stylesheet" href="//play.pokemonshowdown.com/style/battle.css?0.7924700842790926" />
<link rel="stylesheet" href="//play.pokemonshowdown.com/style/utilichart.css?0.8777417872839479" />

<!-- Global site tag (gtag.js) - Google Analytics -->
<script async src="https://www.googletagmanager.com/gtag/js?id=UA-26211653-1"></script>
<script>
  window.dataLayer = window.dataLayer || [];
  function gtag(){dataLayer.push(arguments);}
  gtag('js', new Date());

  gtag('config', 'UA-26211653-1');
</script>
<!-- End Google Analytics -->
<!-- Venatus Ad Manager - Install in <HEAD> of page -->
	<script src="https://hb.vntsm.com/v3/live/ad-manager.min.js" type="text/javascript" data-site-id="642aba63ec9a7b11c3c9c1be" data-mode="scan" async></script>
<!-- / Venatus Ad Manager -->

<style>
	@media (max-width:820px) {
		.battle {
			margin: 0 auto;
		}
		.battle-log {
			margin: 7px auto 0;
			max-width: 640px;
			height: 300px;
			position: static;
		}
	}
	.optgroup {
		display: inline-block;
		line-height: 22px;
		font-size: 10pt;
	}
	.optgroup .button {
		height: 25px;
		padding-top: 0;
		padding-bottom: 0;
	}
	.optgroup button.button {
		padding-left: 12px;
		padding-right: 12px;
	}
	.linklist {
		list-style: none;
		margin: 0.5em 0;
		padding: 0;
	}
	.linklist li {
		padding: 2px 0;
	}
	.sidebar {
		float: left;
		width: 320px;
	}
	.bar-wrapper {
		max-width: 1100px;
		margin: 0 auto;
	}
	.bar-wrapper.has-sidebar {
		max-width: 1430px;
	}
	.mainbar {
		margin: 0;
		padding-right: 1px;
	}
	.mainbar.has-sidebar {
		margin-left: 330px;
	}
	@media (min-width: 1511px) {
		.sidebar {
			width: 400px;
		}
		.bar-wrapper.has-sidebar {
			max-width: 1510px;
		}
		.mainbar.has-sidebar {
			margin-left: 410px;
		}
	}
	.section.first-section {
		margin-top: 9px;
	}
	.blocklink small {
		white-space: normal;
	}
	.button {
		vertical-align: middle;
	}
	.replay-controls {
		padding-top: 10px;
	}
	.replay-controls h1 {
		font-size: 16pt;
		font-weight: normal;
		color: #CCC;
	}
	.pagelink {
		text-align: center;
	}
	.pagelink a {
		width: 150px;
	}
	.textbox, .button {
		font-size: 11pt;
		vertical-align: middle;
	}
	@media (max-width: 450px) {
		.button {
			font-size: 9pt;
		}
	}
</style>

<div>

	<header>
		<div class="nav-wrapper"><ul class="nav">
			<li><a class="button nav-first" href="//pokemonshowdown.com/"><img src="//pokemonshowdown.com/images/pokemonshowdownbeta.png" srcset="//pokemonshowdown.com/images/pokemonshowdownbeta.png 1x, //pokemonshowdown.com/images/pokemonshowdownbeta@2x.png 2x" alt="Pok&eacute;mon Showdown" width="146" height="44" /> Home</a></li>
			<li><a class="button" href="//pokemonshowdown.com/dex/">Pok&eacute;dex</a></li>
			<li><a class="button cur" href="/">Replays</a></li>
			<li><a class="button" href="//pokemonshowdown.com/ladder/">Ladder</a></li>
			<li><a class="button nav-last" href="//pokemonshowdown.com/forums/">Forum</a></li>
			<li><a class="button greenbutton nav-first nav-last" href="//play.pokemonshowdown.com/">Play</a></li>
		</ul></div>
	</header>

	<div class="main" id="main">

		<noscript><section class="section">You need to enable JavaScript to use this page; sorry!</section></noscript>

	</div>

</div>

<script defer nomodule src="//play.pokemonshowdown.com/js/lib/ps-polyfill.js"></script>
<script defer src="//play.pokemonshowdown.com/js/lib/preact.min.js"></script>

<script defer src="//play.pokemonshowdown.com/config/config.js?6dec07f6"></script>
<script defer src="//play.pokemonshowdown.com/js/lib/jquery-1.11.0.min.js"></script>
<script defer src="//play.pokemonshowdown.com/js/lib/html-sanitizer-minified.js"></script>
<script defer src="//play.pokemonshowdown.com/js/battle-sound.js"></script>
<script defer src="//play.pokemonshowdown.com/js/battledata.js?0.6315294753075389"></script>
<script defer src="//play.pokemonshowdown.com/data/pokedex-mini.js?0.7603743185311358"></script>
<script defer src="//play.pokemonshowdown.com/data/pokedex-mini-bw.js?0.030888842834281283"></script>
<script defer src="//play.pokemonshowdown.com/data/graphics.js?0.05593094747507488"></script>
<script defer src="//play.pokemonshowdown.com/data/pokedex.js?0.47064822249611904"></script>
<script defer src="//play.pokemonshowdown.com/data/moves.js?0.8583693120512459"></script>
<script defer src="//play.pokemonshowdown.com/data/abilities.js?0.16017181182386842"></script>
<script defer src="//play.pokemonshowdown.com/data/items.js?0.4163379185673943"></script>
<script defer src="//play.pokemonshowdown.com/data/teambuilder-tables.js?0.31075597372830477"></script>
<script defer src="//play.pokemonshowdown.com/js/battle-tooltips.js?0.6536193500708172"></script>
<script defer src="//play.pokemonshowdown.com/js/battle.js?0.1916591943277901"></script>

<script defer src="js/utils.js?e31f9a17"></script>
<script defer src="js/replays-battle.js?7008c182"></script>

<!-- don't scrape this data! just add .json or .log after the URL!
Full API docs: https://github.com/smogon/pokemon-showdown-client/blob/master/WEB-API.md -->
<script type="text/plain" class="log" id="replaylog-smogtours-gen3ou-798468">
|inactive|Battle timer is ON: inactive players will automatically lose when time's up.
|t:|1728857470
|gametype|singles
|player|p1|Kvist|102|
|player|p2|gaboelpro777|169|
|teamsize|p1|6
|teamsize|p2|6
|gen|3
|tier|[Gen 3] OU
|rule|Sleep Clause Mod: Limit one foe put to sleep
|rule|Switch Priority Clause Mod: Faster Pokémon switch first
|rule|Species Clause: Limit one of each Pokémon
|rule|OHKO Clause: OHKO moves are banned
|rule|Evasion Items Clause: Evasion items are banned
|rule|Evasion Moves Clause: Evasion moves are banned
|rule|Endless Battle Clause: Forcing endless battles is banned
|rule|HP Percentage Mod: HP is shown in percentages
|rule|One Boost Passer Clause: Limit one Baton Passer that has a way to boost its stats
|rule|Freeze Clause Mod: Limit one foe frozen
|
|t:|1728857470
|start
|switch|p1a: Tyranitar|Tyranitar, F|100/100
|switch|p2a: Mass Breaker|Tyranitar, M|100/100
|-weather|Sandstorm|[from] ability: Sand Stream|[of] p1a: Tyranitar
|turn|1
|
|t:|1728857487
|move|p1a: Tyranitar|Brick Break|p2a: Mass Breaker
|-supereffective|p2a: Mass Breaker
|-damage|p2a: Mass Breaker|31/100
|move|p2a: Mass Breaker|Earthquake|p1a: Tyranitar
|-supereffective|p1a: Tyranitar
|-damage|p1a: Tyranitar|34/100
|
|-weather|Sandstorm|[upkeep]
|upkeep
|turn|2
|
|t:|1728857505
|switch|p2a: Nightmare Dive|Zapdos|100/100
|move|p1a: Tyranitar|Brick Break|p2a: Nightmare Dive
|-resisted|p2a: Nightmare Dive
|-damage|p2a: Nightmare Dive|87/100
|
|-weather|Sandstorm|[upkeep]
|-damage|p2a: Nightmare Dive|81/100|[from] Sandstorm
|-heal|p2a: Nightmare Dive|87/100|[from] item: Leftovers
|upkeep
|turn|3
|
|t:|1728857513
|switch|p1a: Blissey|Blissey, F|100/100
|move|p2a: Nightmare Dive|Substitute|p2a: Nightmare Dive
|-start|p2a: Nightmare Dive|Substitute
|-damage|p2a: Nightmare Dive|62/100
|
|-weather|Sandstorm|[upkeep]
|-damage|p2a: Nightmare Dive|56/100|[from] Sandstorm
|-damage|p1a: Blissey|94/100|[from] Sandstorm
|-heal|p2a: Nightmare Dive|62/100|[from] item: Leftovers
|-heal|p1a: Blissey|100/100|[from] item: Leftovers
|upkeep
|turn|4
|
|t:|1728857522
|move|p2a: Nightmare Dive|Baton Pass|p2a: Nightmare Dive
|
|t:|1728857524
|switch|p2a: Mass Breaker|Tyranitar, M|31/100|[from] Baton Pass
|move|p1a: Blissey|Ice Beam|p2a: Mass Breaker
|-crit|p2a: Mass Breaker
|-end|p2a: Mass Breaker|Substitute
|
|-weather|Sandstorm|[upkeep]
|-damage|p1a: Blissey|94/100|[from] Sandstorm
|-heal|p1a: Blissey|100/100|[from] item: Leftovers
|upkeep
|turn|5
|
|t:|1728857536
|switch|p1a: Swampert|Swampert, M|100/100
|move|p2a: Mass Breaker|Rock Slide|p1a: Swampert|[miss]
|-miss|p2a: Mass Breaker|p1a: Swampert
|
|-weather|Sandstorm|[upkeep]
|upkeep
|turn|6
|
|t:|1728857564
|switch|p2a: Diablo Vortex|Forretress, F|100/100
|move|p1a: Swampert|Hydro Pump|p2a: Diablo Vortex
|-damage|p2a: Diablo Vortex|65/100
|
|-weather|Sandstorm|[upkeep]
|-heal|p2a: Diablo Vortex|71/100|[from] item: Leftovers
|upkeep
|turn|7
|
|t:|1728857570
|switch|p1a: Charizard|Charizard, M, shiny|100/100
|move|p2a: Diablo Vortex|Spikes|p1a: Charizard
|-sidestart|p1: Kvist|Spikes
|
|-weather|Sandstorm|[upkeep]
|-damage|p1a: Charizard|94/100|[from] Sandstorm
|-heal|p1a: Charizard|100/100|[from] item: Leftovers
|-heal|p2a: Diablo Vortex|77/100|[from] item: Leftovers
|upkeep
|turn|8
|
|t:|1728857580
|switch|p2a: Nightmare Dive|Zapdos|62/100
|move|p1a: Charizard|Fire Blast|p2a: Nightmare Dive
|-damage|p2a: Nightmare Dive|0 fnt
|faint|p2a: Nightmare Dive
|
|t:|1728857586
|switch|p2a: Take A Chance|Aerodactyl, F|100/100
|
|-weather|Sandstorm|[upkeep]
|-damage|p1a: Charizard|94/100|[from] Sandstorm
|-heal|p1a: Charizard|100/100|[from] item: Leftovers
|upkeep
|turn|9
|
|t:|1728857599
|switch|p1a: Swampert|Swampert, M|100/100
|-damage|p1a: Swampert|88/100|[from] Spikes
|move|p2a: Take A Chance|Double-Edge|p1a: Swampert
|-damage|p1a: Swampert|51/100
|
|-weather|Sandstorm|[upkeep]
|-heal|p1a: Swampert|57/100|[from] item: Leftovers
|upkeep
|turn|10
|
|t:|1728857608
|switch|p2a: Soul Manipulation|Blissey, F|100/100
|move|p1a: Swampert|Hydro Pump|p2a: Soul Manipulation
|-damage|p2a: Soul Manipulation|87/100
|
|-weather|Sandstorm|[upkeep]
|-damage|p2a: Soul Manipulation|81/100|[from] Sandstorm
|-heal|p2a: Soul Manipulation|87/100|[from] item: Leftovers
|-heal|p1a: Swampert|63/100|[from] item: Leftovers
|upkeep
|turn|11
|
|t:|1728857619
|move|p1a: Swampert|Protect|p1a: Swampert
|-singleturn|p1a: Swampert|Protect
|move|p2a: Soul Manipulation|Ice Beam|p1a: Swampert
|-activate|p1a: Swampert|Protect
|
|-weather|Sandstorm|[upkeep]
|-damage|p2a: Soul Manipulation|81/100|[from] Sandstorm
|-heal|p2a: Soul Manipulation|87/100|[from] item: Leftovers
|-heal|p1a: Swampert|69/100|[from] item: Leftovers
|upkeep
|turn|12
|
|t:|1728857640
|switch|p1a: Blissey|Blissey, F|100/100
|-damage|p1a: Blissey|88/100|[from] Spikes
|move|p2a: Soul Manipulation|Ice Beam|p1a: Blissey
|-damage|p1a: Blissey|79/100
|
|-weather|Sandstorm|[upkeep]
|-damage|p1a: Blissey|73/100|[from] Sandstorm
|-damage|p2a: Soul Manipulation|81/100|[from] Sandstorm
|-heal|p1a: Blissey|79/100|[from] item: Leftovers
|-heal|p2a: Soul Manipulation|87/100|[from] item: Leftovers
|upkeep
|turn|13
|
|t:|1728857659
|move|p1a: Blissey|Ice Beam|p2a: Soul Manipulation
|-crit|p2a: Soul Manipulation
|-damage|p2a: Soul Manipulation|66/100
|move|p2a: Soul Manipulation|Ice Beam|p1a: Blissey
|-damage|p1a: Blissey|69/100
|
|-weather|Sandstorm|[upkeep]
|-damage|p1a: Blissey|63/100|[from] Sandstorm
|-damage|p2a: Soul Manipulation|60/100|[from] Sandstorm
|-heal|p1a: Blissey|69/100|[from] item: Leftovers
|-heal|p2a: Soul Manipulation|66/100|[from] item: Leftovers
|upkeep
|turn|14
|
|t:|1728857668
|switch|p2a: Diablo Vortex|Forretress, F|77/100
|move|p1a: Blissey|Toxic|p2a: Diablo Vortex
|-immune|p2a: Diablo Vortex
|
|-weather|Sandstorm|[upkeep]
|-damage|p1a: Blissey|63/100|[from] Sandstorm
|-heal|p1a: Blissey|69/100|[from] item: Leftovers
|-heal|p2a: Diablo Vortex|84/100|[from] item: Leftovers
|upkeep
|turn|15
|
|t:|1728857679
|switch|p1a: Gengar|Gengar, M, shiny|100/100
|switch|p2a: Take A Chance|Aerodactyl, F|100/100
|
|-weather|Sandstorm|[upkeep]
|-damage|p1a: Gengar|94/100|[from] Sandstorm
|-heal|p1a: Gengar|100/100|[from] item: Leftovers
|upkeep
|turn|16
|
|t:|1728857688
|switch|p2a: Scales of Horror|Swampert, F|100/100
|switch|p1a: Skarmory|Skarmory, M|100/100
|
|-weather|Sandstorm|[upkeep]
|upkeep
|turn|17
|
|t:|1728857699
|move|p1a: Skarmory|Spikes|p2a: Scales of Horror
|-sidestart|p2: gaboelpro777|Spikes
|move|p2a: Scales of Horror|Surf|p1a: Skarmory
|-damage|p1a: Skarmory|72/100
|
|-weather|Sandstorm|[upkeep]
|-heal|p1a: Skarmory|78/100|[from] item: Leftovers
|upkeep
|turn|18
|
|t:|1728857706
|switch|p2a: Diablo Vortex|Forretress, F|84/100
|-damage|p2a: Diablo Vortex|71/100|[from] Spikes
|move|p1a: Skarmory|Spikes|p2a: Diablo Vortex
|-sidestart|p2: gaboelpro777|Spikes
|
|-weather|Sandstorm|[upkeep]
|-heal|p1a: Skarmory|84/100|[from] item: Leftovers
|-heal|p2a: Diablo Vortex|77/100|[from] item: Leftovers
|upkeep
|turn|19
|
|t:|1728857716
|move|p1a: Skarmory|Protect|p1a: Skarmory
|-singleturn|p1a: Skarmory|Protect
|move|p2a: Diablo Vortex|Spikes|p1a: Skarmory
|-sidestart|p1: Kvist|Spikes
|
|-weather|Sandstorm|[upkeep]
|-heal|p1a: Skarmory|90/100|[from] item: Leftovers
|-heal|p2a: Diablo Vortex|84/100|[from] item: Leftovers
|upkeep
|turn|20
|
|t:|1728857728
|move|p2a: Diablo Vortex|Hidden Power|p1a: Skarmory
|-resisted|p1a: Skarmory
|-damage|p1a: Skarmory|84/100
|move|p1a: Skarmory|Roar|p2a: Diablo Vortex
|drag|p2a: Scales of Horror|Swampert, F|100/100
|-damage|p2a: Scales of Horror|84/100|[from] Spikes
|
|-weather|Sandstorm|[upkeep]
|-heal|p1a: Skarmory|90/100|[from] item: Leftovers
|-heal|p2a: Scales of Horror|90/100|[from] item: Leftovers
|upkeep
|turn|21
|
|t:|1728857742
|move|p1a: Skarmory|Toxic|p2a: Scales of Horror|[miss]
|-miss|p1a: Skarmory|p2a: Scales of Horror
|move|p2a: Scales of Horror|Surf|p1a: Skarmory
|-damage|p1a: Skarmory|64/100
|
|-weather|Sandstorm|[upkeep]
|-heal|p1a: Skarmory|70/100|[from] item: Leftovers
|-heal|p2a: Scales of Horror|96/100|[from] item: Leftovers
|upkeep
|turn|22
|
|t:|1728857750
|move|p1a: Skarmory|Protect|p1a: Skarmory
|-singleturn|p1a: Skarmory|Protect
|move|p2a: Scales of Horror|Surf|p1a: Skarmory
|-activate|p1a: Skarmory|Protect
|
|-weather|Sandstorm|[upkeep]
|-heal|p1a: Skarmory|76/100|[from] item: Leftovers
|-heal|p2a: Scales of Horror|100/100|[from] item: Leftovers
|upkeep
|turn|23
|
|t:|1728857755
|move|p1a: Skarmory|Toxic|p2a: Scales of Horror
|-status|p2a: Scales of Horror|tox
|move|p2a: Scales of Horror|Surf|p1a: Skarmory
|-damage|p1a: Skarmory|50/100
|
|-weather|Sandstorm|[upkeep]
|-heal|p1a: Skarmory|56/100|[from] item: Leftovers
|-damage|p2a: Scales of Horror|94/100 tox|[from] psn
|upkeep
|turn|24
|
|t:|1728857762
|move|p2a: Scales of Horror|Refresh|p2a: Scales of Horror
|-curestatus|p2a: Scales of Horror|tox|[msg]
|move|p1a: Skarmory|Roar|p2a: Scales of Horror
|drag|p2a: Take A Chance|Aerodactyl, F|100/100
|
|-weather|Sandstorm|[upkeep]
|-heal|p1a: Skarmory|62/100|[from] item: Leftovers
|upkeep
|turn|25
|
|t:|1728857770
|move|p1a: Skarmory|Protect|p1a: Skarmory
|-singleturn|p1a: Skarmory|Protect
|move|p2a: Take A Chance|Rock Slide|p1a: Skarmory
|-activate|p1a: Skarmory|Protect
|
|-weather|Sandstorm|[upkeep]
|-heal|p1a: Skarmory|68/100|[from] item: Leftovers
|upkeep
|turn|26
|
|t:|1728857780
|switch|p1a: Swampert|Swampert, M|69/100
|-damage|p1a: Swampert|53/100|[from] Spikes
|move|p2a: Take A Chance|Rock Slide|p1a: Swampert
|-resisted|p1a: Swampert
|-damage|p1a: Swampert|36/100
|
|-weather|Sandstorm|[upkeep]
|-heal|p1a: Swampert|43/100|[from] item: Leftovers
|upkeep
|turn|27
|
|t:|1728857796
|switch|p2a: Soul Manipulation|Blissey, F|66/100
|-damage|p2a: Soul Manipulation|49/100|[from] Spikes
|move|p1a: Swampert|Ice Beam|p2a: Soul Manipulation
|-damage|p2a: Soul Manipulation|42/100
|-status|p2a: Soul Manipulation|frz
|
|-weather|Sandstorm|[upkeep]
|-damage|p2a: Soul Manipulation|36/100 frz|[from] Sandstorm
|-heal|p2a: Soul Manipulation|42/100 frz|[from] item: Leftovers
|-heal|p1a: Swampert|49/100|[from] item: Leftovers
|upkeep
|turn|28
|
|t:|1728857813
|-curestatus|p2a: Soul Manipulation|frz|[from] ability: Natural Cure
|switch|p2a: Scales of Horror|Swampert, F|94/100
|-damage|p2a: Scales of Horror|78/100|[from] Spikes
|switch|p1a: Charizard|Charizard, M, shiny|100/100
|
|-weather|Sandstorm|[upkeep]
|-damage|p1a: Charizard|94/100|[from] Sandstorm
|-heal|p1a: Charizard|100/100|[from] item: Leftovers
|-heal|p2a: Scales of Horror|84/100|[from] item: Leftovers
|upkeep
|turn|29
|inactive|gaboelpro777 has 270 seconds left.
|
|t:|1728857849
|move|p1a: Charizard|Hidden Power|p2a: Scales of Horror
|-supereffective|p2a: Scales of Horror
|-damage|p2a: Scales of Horror|0 fnt
|faint|p2a: Scales of Horror
|
|t:|1728857864
|switch|p2a: Take A Chance|Aerodactyl, F|100/100
|
|-weather|Sandstorm|[upkeep]
|-damage|p1a: Charizard|94/100|[from] Sandstorm
|-heal|p1a: Charizard|100/100|[from] item: Leftovers
|upkeep
|turn|30
|
|t:|1728857877
|switch|p1a: Skarmory|Skarmory, M|68/100
|move|p2a: Take A Chance|Rock Slide|p1a: Skarmory
|-damage|p1a: Skarmory|29/100
|
|-weather|Sandstorm|[upkeep]
|-heal|p1a: Skarmory|35/100|[from] item: Leftovers
|upkeep
|turn|31
|
|t:|1728857883
|move|p1a: Skarmory|Protect|p1a: Skarmory
|-singleturn|p1a: Skarmory|Protect
|move|p2a: Take A Chance|Rock Slide|p1a: Skarmory
|-activate|p1a: Skarmory|Protect
|
|-weather|Sandstorm|[upkeep]
|-heal|p1a: Skarmory|41/100|[from] item: Leftovers
|upkeep
|turn|32
|
|t:|1728857891
|switch|p2a: Diablo Vortex|Forretress, F|84/100
|-damage|p2a: Diablo Vortex|67/100|[from] Spikes
|move|p1a: Skarmory|Toxic|p2a: Diablo Vortex
|-immune|p2a: Diablo Vortex
|
|-weather|Sandstorm|[upkeep]
|-heal|p1a: Skarmory|47/100|[from] item: Leftovers
|-heal|p2a: Diablo Vortex|74/100|[from] item: Leftovers
|upkeep
|turn|33
|
|t:|1728857898
|switch|p1a: Charizard|Charizard, M, shiny|100/100
|move|p2a: Diablo Vortex|Spikes|p1a: Charizard
|-sidestart|p1: Kvist|Spikes
|
|-weather|Sandstorm|[upkeep]
|-damage|p1a: Charizard|94/100|[from] Sandstorm
|-heal|p1a: Charizard|100/100|[from] item: Leftovers
|-heal|p2a: Diablo Vortex|80/100|[from] item: Leftovers
|upkeep
|turn|34
|inactive|gaboelpro777 has 270 seconds left.
|
|t:|1728857917
|move|p1a: Charizard|Fire Blast|p2a: Diablo Vortex
|-supereffective|p2a: Diablo Vortex
|-damage|p2a: Diablo Vortex|0 fnt
|faint|p2a: Diablo Vortex
|
|t:|1728857920
|switch|p2a: Take A Chance|Aerodactyl, F|100/100
|
|-weather|Sandstorm|[upkeep]
|-damage|p1a: Charizard|94/100|[from] Sandstorm
|-heal|p1a: Charizard|100/100|[from] item: Leftovers
|upkeep
|turn|35
|
|t:|1728857928
|move|p2a: Take A Chance|Rock Slide|p1a: Charizard
|-supereffective|p1a: Charizard
|-damage|p1a: Charizard|0 fnt
|faint|p1a: Charizard
|
|t:|1728857940
|switch|p1a: Gengar|Gengar, M, shiny|100/100
|
|-weather|Sandstorm|[upkeep]
|-damage|p1a: Gengar|94/100|[from] Sandstorm
|-heal|p1a: Gengar|100/100|[from] item: Leftovers
|upkeep
|turn|36
|
|t:|1728857950
|switch|p2a: Mass Breaker|Tyranitar, M|31/100
|-damage|p2a: Mass Breaker|14/100|[from] Spikes
|move|p1a: Gengar|Thunderbolt|p2a: Mass Breaker
|-damage|p2a: Mass Breaker|0 fnt
|faint|p2a: Mass Breaker
|
|t:|1728857955
|switch|p2a: Soul Manipulation|Blissey, F|42/100
|-damage|p2a: Soul Manipulation|25/100|[from] Spikes
|
|-weather|Sandstorm|[upkeep]
|-damage|p1a: Gengar|94/100|[from] Sandstorm
|-damage|p2a: Soul Manipulation|19/100|[from] Sandstorm
|-heal|p1a: Gengar|100/100|[from] item: Leftovers
|-heal|p2a: Soul Manipulation|25/100|[from] item: Leftovers
|upkeep
|turn|37
|
|t:|1728857965
|move|p1a: Gengar|Explosion|p2a: Soul Manipulation
|-crit|p2a: Soul Manipulation
|-damage|p2a: Soul Manipulation|0 fnt
|faint|p1a: Gengar
|faint|p2a: Soul Manipulation
|
|t:|1728857968
|switch|p1a: Skarmory|Skarmory, M|47/100
|switch|p2a: Take A Chance|Aerodactyl, F|100/100
|
|-weather|Sandstorm|[upkeep]
|-heal|p1a: Skarmory|53/100|[from] item: Leftovers
|upkeep
|turn|38
|
|t:|1728857971
|move|p1a: Skarmory|Protect|p1a: Skarmory
|-singleturn|p1a: Skarmory|Protect
|move|p2a: Take A Chance|Rock Slide|p1a: Skarmory
|-activate|p1a: Skarmory|Protect
|
|-weather|Sandstorm|[upkeep]
|-heal|p1a: Skarmory|59/100|[from] item: Leftovers
|upkeep
|turn|39
|
|t:|1728857975
|move|p2a: Take A Chance|Rock Slide|p1a: Skarmory
|-damage|p1a: Skarmory|19/100
|cant|p1a: Skarmory|flinch
|
|-weather|Sandstorm|[upkeep]
|-heal|p1a: Skarmory|25/100|[from] item: Leftovers
|upkeep
|turn|40
|
|t:|1728857979
|move|p1a: Skarmory|Protect|p1a: Skarmory
|-singleturn|p1a: Skarmory|Protect
|move|p2a: Take A Chance|Rock Slide|p1a: Skarmory
|-activate|p1a: Skarmory|Protect
|
|-weather|Sandstorm|[upkeep]
|-heal|p1a: Skarmory|31/100|[from] item: Leftovers
|upkeep
|turn|41
|
|t:|1728857991
|switch|p1a: Tyranitar|Tyranitar, F|34/100
|-damage|p1a: Tyranitar|9/100|[from] Spikes
|move|p2a: Take A Chance|Rock Slide|p1a: Tyranitar
|-damage|p1a: Tyranitar|0 fnt
|faint|p1a: Tyranitar
|
|t:|1728857995
|switch|p1a: Skarmory|Skarmory, M|31/100
|
|-weather|Sandstorm|[upkeep]
|-heal|p1a: Skarmory|37/100|[from] item: Leftovers
|upkeep
|turn|42
|
|t:|1728857999
|move|p1a: Skarmory|Protect|p1a: Skarmory
|-singleturn|p1a: Skarmory|Protect
|move|p2a: Take A Chance|Rock Slide|p1a: Skarmory
|-activate|p1a: Skarmory|Protect
|
|-weather|Sandstorm|[upkeep]
|-heal|p1a: Skarmory|43/100|[from] item: Leftovers
|upkeep
|turn|43
|
|t:|1728858004
|move|p2a: Take A Chance|Rock Slide|p1a: Skarmory|[miss]
|-miss|p2a: Take A Chance|p1a: Skarmory
|move|p1a: Skarmory|Toxic|p2a: Take A Chance
|-status|p2a: Take A Chance|tox
|
|-weather|Sandstorm|[upkeep]
|-damage|p2a: Take A Chance|95/100 tox|[from] psn
|-heal|p1a: Skarmory|49/100|[from] item: Leftovers
|upkeep
|turn|44
|
|t:|1728858010
|move|p1a: Skarmory|Protect|p1a: Skarmory
|-singleturn|p1a: Skarmory|Protect
|move|p2a: Take A Chance|Rock Slide|p1a: Skarmory
|-activate|p1a: Skarmory|Protect
|
|-weather|Sandstorm|[upkeep]
|-damage|p2a: Take A Chance|83/100 tox|[from] psn
|-heal|p1a: Skarmory|55/100|[from] item: Leftovers
|upkeep
|turn|45
|
|t:|1728858022
|switch|p1a: Blissey|Blissey, F|69/100
|-damage|p1a: Blissey|44/100|[from] Spikes
|move|p2a: Take A Chance|Rock Slide|p1a: Blissey
|-damage|p1a: Blissey|0 fnt
|faint|p1a: Blissey
|
|t:|1728858024
|switch|p1a: Skarmory|Skarmory, M|55/100
|
|-weather|Sandstorm|[upkeep]
|-damage|p2a: Take A Chance|65/100 tox|[from] psn
|-heal|p1a: Skarmory|61/100|[from] item: Leftovers
|upkeep
|turn|46
|
|t:|1728858028
|move|p1a: Skarmory|Protect|p1a: Skarmory
|-singleturn|p1a: Skarmory|Protect
|move|p2a: Take A Chance|Rock Slide|p1a: Skarmory
|-activate|p1a: Skarmory|Protect
|
|-weather|Sandstorm|[upkeep]
|-damage|p2a: Take A Chance|41/100 tox|[from] psn
|-heal|p1a: Skarmory|67/100|[from] item: Leftovers
|upkeep
|turn|47
|
|t:|1728858033
|move|p2a: Take A Chance|Rock Slide|p1a: Skarmory
|-damage|p1a: Skarmory|31/100
|move|p1a: Skarmory|Toxic|p2a: Take A Chance
|-fail|p2a: Take A Chance|tox
|
|-weather|Sandstorm|[upkeep]
|-damage|p2a: Take A Chance|11/100 tox|[from] psn
|-heal|p1a: Skarmory|37/100|[from] item: Leftovers
|upkeep
|turn|48
|
|t:|1728858037
|move|p1a: Skarmory|Protect|p1a: Skarmory
|-singleturn|p1a: Skarmory|Protect
|move|p2a: Take A Chance|Rock Slide|p1a: Skarmory
|-activate|p1a: Skarmory|Protect
|
|-weather|Sandstorm|[upkeep]
|-damage|p2a: Take A Chance|0 fnt|[from] psn
|faint|p2a: Take A Chance
|
|win|Kvist
|upkeep
|c|☆Kvist|gg
|c|☆gaboelpro777|gg

</script>
<script type="application/json" class="data" id="replaydata-smogtours-gen3ou-798468">
{"id":"smogtours-gen3ou-798468","format":"[Gen 3] OU","players":["Kvist","gaboelpro777"],"uploadtime":1728858037,"views":76,"formatid":"gen3ou","rating":null,"private":0,"password":null}
</script>

<script defer src="js/replays.js?9d40a366"></script>
