<!DOCTYPE html>
<meta charset="utf-8" />
<meta name="viewport" content="width=device-width" />

<title>[Gen 3] OU: GreenCatKid vs. GoldThe1andOnly - Replays - Pok&eacute;mon Showdown!</title>

<meta name="description" content="Watch a replay of a Pok&eacute;mon battle between GreenCatKid and GoldThe1andOnly! Format: [Gen 3] OU; Date: Oct 1, 2024" />
<!--

Hey, you! Looking in the source for the replay log?

You can find them in JSON format, just add `.json` at the end of a replay URL.

https://replay.pokemonshowdown.com/gen7randomdoublesbattle-865046831.json

Or, if you only need the log itself, add `.log` instead:

https://replay.pokemonshowdown.com/gen7randomdoublesbattle-865046831.log

-->

<link rel="stylesheet" href="//pokemonshowdown.com/style/global.css?0.767286132409787" />
<link rel="stylesheet" href="//play.pokemonshowdown.com/style/font-awesome.css?0.9266228007934947" />
<link rel="stylesheet" href="//play.pokemonshowdown.com/style/battle.css?0.7924700842790926" />
<link rel="stylesheet" href="//play.pokemonshowdown.com/style/utilichart.css?0.8777417872839479" />

<!-- Global site tag (gtag.js) - Google Analytics -->
<script async src="https://www.googletagmanager.com/gtag/js?id=UA-26211653-1"></script>
<script>
  window.dataLayer = window.dataLayer || [];
  function gtag(){dataLayer.push(arguments);}
  gtag('js', new Date());

  gtag('config', 'UA-26211653-1');
</script>
<!-- End Google Analytics -->
<!-- Venatus Ad Manager - Install in <HEAD> of page -->
	<script src="https://hb.vntsm.com/v3/live/ad-manager.min.js" type="text/javascript" data-site-id="642aba63ec9a7b11c3c9c1be" data-mode="scan" async></script>
<!-- / Venatus Ad Manager -->

<style>
	@media (max-width:820px) {
		.battle {
			margin: 0 auto;
		}
		.battle-log {
			margin: 7px auto 0;
			max-width: 640px;
			height: 300px;
			position: static;
		}
	}
	.optgroup {
		display: inline-block;
		line-height: 22px;
		font-size: 10pt;
	}
	.optgroup .button {
		height: 25px;
		padding-top: 0;
		padding-bottom: 0;
	}
	.optgroup button.button {
		padding-left: 12px;
		padding-right: 12px;
	}
	.linklist {
		list-style: none;
		margin: 0.5em 0;
		padding: 0;
	}
	.linklist li {
		padding: 2px 0;
	}
	.sidebar {
		float: left;
		width: 320px;
	}
	.bar-wrapper {
		max-width: 1100px;
		margin: 0 auto;
	}
	.bar-wrapper.has-sidebar {
		max-width: 1430px;
	}
	.mainbar {
		margin: 0;
		padding-right: 1px;
	}
	.mainbar.has-sidebar {
		margin-left: 330px;
	}
	@media (min-width: 1511px) {
		.sidebar {
			width: 400px;
		}
		.bar-wrapper.has-sidebar {
			max-width: 1510px;
		}
		.mainbar.has-sidebar {
			margin-left: 410px;
		}
	}
	.section.first-section {
		margin-top: 9px;
	}
	.blocklink small {
		white-space: normal;
	}
	.button {
		vertical-align: middle;
	}
	.replay-controls {
		padding-top: 10px;
	}
	.replay-controls h1 {
		font-size: 16pt;
		font-weight: normal;
		color: #CCC;
	}
	.pagelink {
		text-align: center;
	}
	.pagelink a {
		width: 150px;
	}
	.textbox, .button {
		font-size: 11pt;
		vertical-align: middle;
	}
	@media (max-width: 450px) {
		.button {
			font-size: 9pt;
		}
	}
</style>

<div>

	<header>
		<div class="nav-wrapper"><ul class="nav">
			<li><a class="button nav-first" href="//pokemonshowdown.com/"><img src="//pokemonshowdown.com/images/pokemonshowdownbeta.png" srcset="//pokemonshowdown.com/images/pokemonshowdownbeta.png 1x, //pokemonshowdown.com/images/pokemonshowdownbeta@2x.png 2x" alt="Pok&eacute;mon Showdown" width="146" height="44" /> Home</a></li>
			<li><a class="button" href="//pokemonshowdown.com/dex/">Pok&eacute;dex</a></li>
			<li><a class="button cur" href="/">Replays</a></li>
			<li><a class="button" href="//pokemonshowdown.com/ladder/">Ladder</a></li>
			<li><a class="button nav-last" href="//pokemonshowdown.com/forums/">Forum</a></li>
			<li><a class="button greenbutton nav-first nav-last" href="//play.pokemonshowdown.com/">Play</a></li>
		</ul></div>
	</header>

	<div class="main" id="main">

		<noscript><section class="section">You need to enable JavaScript to use this page; sorry!</section></noscript>

	</div>

</div>

<script defer nomodule src="//play.pokemonshowdown.com/js/lib/ps-polyfill.js"></script>
<script defer src="//play.pokemonshowdown.com/js/lib/preact.min.js"></script>

<script defer src="//play.pokemonshowdown.com/config/config.js?6dec07f6"></script>
<script defer src="//play.pokemonshowdown.com/js/lib/jquery-1.11.0.min.js"></script>
<script defer src="//play.pokemonshowdown.com/js/lib/html-sanitizer-minified.js"></script>
<script defer src="//play.pokemonshowdown.com/js/battle-sound.js"></script>
<script defer src="//play.pokemonshowdown.com/js/battledata.js?0.6315294753075389"></script>
<script defer src="//play.pokemonshowdown.com/data/pokedex-mini.js?0.7603743185311358"></script>
<script defer src="//play.pokemonshowdown.com/data/pokedex-mini-bw.js?0.030888842834281283"></script>
<script defer src="//play.pokemonshowdown.com/data/graphics.js?0.05593094747507488"></script>
<script defer src="//play.pokemonshowdown.com/data/pokedex.js?0.47064822249611904"></script>
<script defer src="//play.pokemonshowdown.com/data/moves.js?0.8583693120512459"></script>
<script defer src="//play.pokemonshowdown.com/data/abilities.js?0.16017181182386842"></script>
<script defer src="//play.pokemonshowdown.com/data/items.js?0.4163379185673943"></script>
<script defer src="//play.pokemonshowdown.com/data/teambuilder-tables.js?0.31075597372830477"></script>
<script defer src="//play.pokemonshowdown.com/js/battle-tooltips.js?0.6536193500708172"></script>
<script defer src="//play.pokemonshowdown.com/js/battle.js?0.1916591943277901"></script>

<script defer src="js/utils.js?e31f9a17"></script>
<script defer src="js/replays-battle.js?7008c182"></script>

<!-- don't scrape this data! just add .json or .log after the URL!
Full API docs: https://github.com/smogon/pokemon-showdown-client/blob/master/WEB-API.md -->
<script type="text/plain" class="log" id="replaylog-smogtours-gen3ou-793789">
|inactive|Battle timer is ON: inactive players will automatically lose when time's up.
|t:|1727804374
|gametype|singles
|player|p1|GreenCatKid|fisherman-gen4|
|player|p2|GoldThe1andOnly|elesa-masters|
|teamsize|p1|6
|teamsize|p2|6
|gen|3
|tier|[Gen 3] OU
|rule|Sleep Clause Mod: Limit one foe put to sleep
|rule|Switch Priority Clause Mod: Faster Pokémon switch first
|rule|Species Clause: Limit one of each Pokémon
|rule|OHKO Clause: OHKO moves are banned
|rule|Evasion Items Clause: Evasion items are banned
|rule|Evasion Moves Clause: Evasion moves are banned
|rule|Endless Battle Clause: Forcing endless battles is banned
|rule|HP Percentage Mod: HP is shown in percentages
|rule|One Boost Passer Clause: Limit one Baton Passer that has a way to boost its stats
|rule|Freeze Clause Mod: Limit one foe frozen
|
|t:|1727804374
|start
|switch|p1a: Serious Sam 2 HD|Skarmory, F|100/100
|switch|p2a: Mario|Metagross|100/100
|turn|1
|inactive|GreenCatKid also wants the timer to be on.
|inactive|GreenCatKid has 270 seconds left.
|inactive|GoldThe1andOnly has 270 seconds left.
|inactive|GoldThe1andOnly has 240 seconds left.
|
|t:|1727804454
|switch|p2a: Toads|Magneton|100/100
|move|p1a: Serious Sam 2 HD|Spikes|p2a: Toads
|-sidestart|p2: GoldThe1andOnly|Spikes
|
|upkeep
|turn|2
|
|t:|1727804463
|move|p2a: Toads|Thunderbolt|p1a: Serious Sam 2 HD
|-supereffective|p1a: Serious Sam 2 HD
|-damage|p1a: Serious Sam 2 HD|25/100
|move|p1a: Serious Sam 2 HD|Roar|p2a: Toads
|drag|p2a: Unagi|Gyarados, F|100/100
|-ability|p2a: Unagi|Intimidate|boost
|-unboost|p1a: Serious Sam 2 HD|atk|1
|
|-heal|p1a: Serious Sam 2 HD|31/100|[from] item: Leftovers
|upkeep
|turn|3
|inactive|GreenCatKid has 270 seconds left.
|
|t:|1727804500
|switch|p2a: Toads|Magneton|100/100
|-damage|p2a: Toads|88/100|[from] Spikes
|switch|p1a: 3 Amigos|Dugtrio, F|100/100
|
|-heal|p2a: Toads|94/100|[from] item: Leftovers
|upkeep
|turn|4
|
|t:|1727804506
|move|p1a: 3 Amigos|Earthquake|p2a: Toads
|-supereffective|p2a: Toads
|-damage|p2a: Toads|0 fnt
|faint|p2a: Toads
|inactive|GoldThe1andOnly has 270 seconds left.
|
|t:|1727804546
|switch|p2a: Peach|Milotic, F|100/100
|-damage|p2a: Peach|88/100|[from] Spikes
|
|-heal|p2a: Peach|94/100|[from] item: Leftovers
|upkeep
|turn|5
|
|t:|1727804560
|switch|p1a: Momo|Blissey, F|100/100
|move|p2a: Peach|Hypnosis|p1a: Momo
|-status|p1a: Momo|slp|[from] move: Hypnosis
|
|-heal|p2a: Peach|99/100|[from] item: Leftovers
|upkeep
|turn|6
|inactive|GoldThe1andOnly has 240 seconds left.
|
|t:|1727804585
|switch|p2a: Mario|Metagross|100/100
|-damage|p2a: Mario|88/100|[from] Spikes
|cant|p1a: Momo|slp
|
|-heal|p2a: Mario|94/100|[from] item: Leftovers
|upkeep
|turn|7
|inactive|GoldThe1andOnly has 240 seconds left.
|inactive|GreenCatKid has 270 seconds left.
|
|t:|1727804627
|-curestatus|p1a: Momo|slp|[from] ability: Natural Cure
|switch|p1a: Serious Sam 2 HD|Skarmory, F|31/100
|move|p2a: Mario|Agility|p2a: Mario
|-boost|p2a: Mario|spe|2
|
|-heal|p2a: Mario|100/100|[from] item: Leftovers
|-heal|p1a: Serious Sam 2 HD|37/100|[from] item: Leftovers
|upkeep
|turn|8
|inactive|GoldThe1andOnly has 240 seconds left.
|inactive|GreenCatKid has 240 seconds left.
|
|t:|1727804664
|move|p2a: Mario|Meteor Mash|p1a: Serious Sam 2 HD
|-resisted|p1a: Serious Sam 2 HD
|-damage|p1a: Serious Sam 2 HD|15/100
|move|p1a: Serious Sam 2 HD|Roar|p2a: Mario
|drag|p2a: Buzzy Beetle|Heracross, F|100/100
|-damage|p2a: Buzzy Beetle|88/100|[from] Spikes
|
|-heal|p2a: Buzzy Beetle|94/100|[from] item: Leftovers
|-heal|p1a: Serious Sam 2 HD|21/100|[from] item: Leftovers
|upkeep
|turn|9
|inactive|GreenCatKid has 210 seconds left.
|
|t:|1727804697
|switch|p2a: Peach|Milotic, F|99/100
|-damage|p2a: Peach|88/100|[from] Spikes
|switch|p1a: 3 Amigos|Dugtrio, F|100/100
|
|-heal|p2a: Peach|94/100|[from] item: Leftovers
|upkeep
|turn|10
|inactive|GreenCatKid has 210 seconds left.
|
|t:|1727804715
|switch|p1a: Cocomelon|Claydol|100/100
|move|p2a: Peach|Hypnosis|p1a: Cocomelon
|-status|p1a: Cocomelon|slp|[from] move: Hypnosis
|
|-heal|p2a: Peach|99/100|[from] item: Leftovers
|upkeep
|turn|11
|inactive|GreenCatKid has 210 seconds left.
|
|t:|1727804726
|switch|p2a: Unagi|Gyarados, F|100/100
|-ability|p2a: Unagi|Intimidate|boost
|-unboost|p1a: Cocomelon|atk|1
|switch|p1a: Momo|Blissey, F|100/100
|
|upkeep
|turn|12
|inactive|GreenCatKid has 210 seconds left.
|
|t:|1727804744
|switch|p2a: Luigi|Celebi|100/100
|-damage|p2a: Luigi|88/100|[from] Spikes
|switch|p1a: Miku|Milotic, M|100/100
|
|-heal|p2a: Luigi|94/100|[from] item: Leftovers
|upkeep
|turn|13
|inactive|GoldThe1andOnly has 210 seconds left.
|
|t:|1727804776
|switch|p1a: Serious Sam 2 HD|Skarmory, F|21/100
|move|p2a: Luigi|Baton Pass|p2a: Luigi
|inactive|GoldThe1andOnly has 210 seconds left.
|
|t:|1727804792
|switch|p2a: Peach|Milotic, F|99/100|[from] Baton Pass
|-damage|p2a: Peach|88/100|[from] Spikes
|
|-heal|p2a: Peach|94/100|[from] item: Leftovers
|-heal|p1a: Serious Sam 2 HD|27/100|[from] item: Leftovers
|upkeep
|turn|14
|
|t:|1727804798
|move|p1a: Serious Sam 2 HD|Protect|p1a: Serious Sam 2 HD
|-singleturn|p1a: Serious Sam 2 HD|Protect
|move|p2a: Peach|Surf|p1a: Serious Sam 2 HD
|-activate|p1a: Serious Sam 2 HD|Protect
|
|-heal|p2a: Peach|99/100|[from] item: Leftovers
|-heal|p1a: Serious Sam 2 HD|33/100|[from] item: Leftovers
|upkeep
|turn|15
|inactive|GoldThe1andOnly has 210 seconds left.
|inactive|GoldThe1andOnly has 180 seconds left.
|inactive|GreenCatKid has 180 seconds left.
|
|t:|1727804852
|switch|p2a: Mario|Metagross|100/100
|-damage|p2a: Mario|88/100|[from] Spikes
|switch|p1a: Momo|Blissey, F|100/100
|
|-heal|p2a: Mario|94/100|[from] item: Leftovers
|upkeep
|turn|16
|inactive|GoldThe1andOnly has 180 seconds left.
|
|t:|1727804879
|switch|p1a: Serious Sam 2 HD|Skarmory, F|33/100
|move|p2a: Mario|Meteor Mash|p1a: Serious Sam 2 HD
|-resisted|p1a: Serious Sam 2 HD
|-damage|p1a: Serious Sam 2 HD|10/100
|
|-heal|p2a: Mario|100/100|[from] item: Leftovers
|-heal|p1a: Serious Sam 2 HD|16/100|[from] item: Leftovers
|upkeep
|turn|17
|
|t:|1727804902
|move|p1a: Serious Sam 2 HD|Protect|p1a: Serious Sam 2 HD
|-singleturn|p1a: Serious Sam 2 HD|Protect
|move|p2a: Mario|Agility|p2a: Mario
|-boost|p2a: Mario|spe|2
|
|-heal|p1a: Serious Sam 2 HD|22/100|[from] item: Leftovers
|upkeep
|turn|18
|
|t:|1727804914
|switch|p1a: Miku|Milotic, M|100/100
|move|p2a: Mario|Meteor Mash|p1a: Miku
|-resisted|p1a: Miku
|-damage|p1a: Miku|80/100
|
|-heal|p1a: Miku|86/100|[from] item: Leftovers
|upkeep
|turn|19
|
|t:|1727804921
|move|p2a: Mario|Explosion|p1a: Miku
|-damage|p1a: Miku|0 fnt
|faint|p2a: Mario
|faint|p1a: Miku
|inactive|GoldThe1andOnly has 180 seconds left.
|
|t:|1727804945
|switch|p2a: Unagi|Gyarados, F|100/100
|switch|p1a: Serious Sam 2 HD|Skarmory, F|22/100
|-ability|p2a: Unagi|Intimidate|boost
|-unboost|p1a: Serious Sam 2 HD|atk|1
|
|-heal|p1a: Serious Sam 2 HD|28/100|[from] item: Leftovers
|upkeep
|turn|20
|
|t:|1727804959
|switch|p1a: Gojeera|Tyranitar, F|100/100
|-weather|Sandstorm|[from] ability: Sand Stream|[of] p1a: Gojeera
|move|p2a: Unagi|Dragon Dance|p2a: Unagi
|-boost|p2a: Unagi|atk|1
|-boost|p2a: Unagi|spe|1
|
|-weather|Sandstorm|[upkeep]
|-damage|p2a: Unagi|94/100|[from] Sandstorm
|-heal|p2a: Unagi|100/100|[from] item: Leftovers
|upkeep
|turn|21
|inactive|GreenCatKid has 150 seconds left.
|
|t:|1727804994
|move|p2a: Unagi|Earthquake|p1a: Gojeera
|-supereffective|p1a: Gojeera
|-damage|p1a: Gojeera|6/100
|move|p1a: Gojeera|Rock Slide|p2a: Unagi
|-supereffective|p2a: Unagi
|-damage|p2a: Unagi|4/100
|
|-weather|Sandstorm|[upkeep]
|-damage|p2a: Unagi|0 fnt|[from] Sandstorm
|faint|p2a: Unagi
|upkeep
|inactive|GoldThe1andOnly has 180 seconds left.
|inactive|GoldThe1andOnly has 150 seconds left.
|
|t:|1727805054
|switch|p2a: Peach|Milotic, F|99/100
|-damage|p2a: Peach|87/100|[from] Spikes
|turn|22
|inactive|GreenCatKid has 150 seconds left.
|
|t:|1727805076
|switch|p1a: Momo|Blissey, F|100/100
|move|p2a: Peach|Surf|p1a: Momo
|-damage|p1a: Momo|86/100
|
|-weather|Sandstorm|[upkeep]
|-damage|p2a: Peach|81/100|[from] Sandstorm
|-damage|p1a: Momo|80/100|[from] Sandstorm
|-heal|p2a: Peach|87/100|[from] item: Leftovers
|-heal|p1a: Momo|86/100|[from] item: Leftovers
|upkeep
|turn|23
|
|t:|1727805098
|move|p2a: Peach|Ice Beam|p1a: Momo
|-damage|p1a: Momo|77/100
|move|p1a: Momo|Seismic Toss|p2a: Peach
|-damage|p2a: Peach|62/100
|
|-weather|Sandstorm|[upkeep]
|-damage|p2a: Peach|56/100|[from] Sandstorm
|-damage|p1a: Momo|71/100|[from] Sandstorm
|-heal|p2a: Peach|62/100|[from] item: Leftovers
|-heal|p1a: Momo|77/100|[from] item: Leftovers
|upkeep
|turn|24
|
|t:|1727805109
|move|p2a: Peach|Ice Beam|p1a: Momo
|-damage|p1a: Momo|68/100
|move|p1a: Momo|Seismic Toss|p2a: Peach
|-damage|p2a: Peach|36/100
|
|-weather|Sandstorm|[upkeep]
|-damage|p2a: Peach|30/100|[from] Sandstorm
|-damage|p1a: Momo|62/100|[from] Sandstorm
|-heal|p2a: Peach|36/100|[from] item: Leftovers
|-heal|p1a: Momo|68/100|[from] item: Leftovers
|upkeep
|turn|25
|
|t:|1727805114
|move|p2a: Peach|Recover|p2a: Peach
|-heal|p2a: Peach|86/100
|move|p1a: Momo|Toxic|p2a: Peach|[miss]
|-miss|p1a: Momo|p2a: Peach
|
|-weather|Sandstorm|[upkeep]
|-damage|p2a: Peach|80/100|[from] Sandstorm
|-damage|p1a: Momo|62/100|[from] Sandstorm
|-heal|p2a: Peach|86/100|[from] item: Leftovers
|-heal|p1a: Momo|68/100|[from] item: Leftovers
|upkeep
|turn|26
|inactive|GoldThe1andOnly has 180 seconds left.
|
|t:|1727805124
|move|p2a: Peach|Ice Beam|p1a: Momo
|-damage|p1a: Momo|59/100
|move|p1a: Momo|Soft-Boiled|p1a: Momo
|-heal|p1a: Momo|100/100
|
|-weather|Sandstorm|[upkeep]
|-damage|p2a: Peach|80/100|[from] Sandstorm
|-damage|p1a: Momo|94/100|[from] Sandstorm
|-heal|p2a: Peach|86/100|[from] item: Leftovers
|-heal|p1a: Momo|100/100|[from] item: Leftovers
|upkeep
|turn|27
|inactive|GoldThe1andOnly has 180 seconds left.
|
|t:|1727805149
|switch|p2a: Luigi|Celebi|94/100
|-damage|p2a: Luigi|82/100|[from] Spikes
|move|p1a: Momo|Toxic|p2a: Luigi
|-status|p2a: Luigi|tox
|
|-weather|Sandstorm|[upkeep]
|-damage|p2a: Luigi|76/100 tox|[from] Sandstorm
|-damage|p1a: Momo|94/100|[from] Sandstorm
|-heal|p2a: Luigi|82/100 tox|[from] item: Leftovers
|-damage|p2a: Luigi|76/100 tox|[from] psn
|-heal|p1a: Momo|100/100|[from] item: Leftovers
|upkeep
|turn|28
|inactive|GreenCatKid has 120 seconds left.
|
|t:|1727805177
|switch|p1a: Gojeera|Tyranitar, F|6/100
|move|p2a: Luigi|Baton Pass|p2a: Luigi
|
|t:|1727805182
|-curestatus|p2a: Luigi|tox|[from] ability: Natural Cure
|switch|p2a: Peach|Milotic, F|86/100|[from] Baton Pass
|-damage|p2a: Peach|74/100|[from] Spikes
|
|-weather|Sandstorm|[upkeep]
|-damage|p2a: Peach|68/100|[from] Sandstorm
|-heal|p2a: Peach|74/100|[from] item: Leftovers
|upkeep
|turn|29
|
|t:|1727805185
|switch|p1a: Momo|Blissey, F|100/100
|move|p2a: Peach|Ice Beam|p1a: Momo
|-damage|p1a: Momo|91/100
|
|-weather|Sandstorm|[upkeep]
|-damage|p2a: Peach|68/100|[from] Sandstorm
|-damage|p1a: Momo|85/100|[from] Sandstorm
|-heal|p2a: Peach|74/100|[from] item: Leftovers
|-heal|p1a: Momo|91/100|[from] item: Leftovers
|upkeep
|turn|30
|
|t:|1727805190
|move|p2a: Peach|Recover|p2a: Peach
|-heal|p2a: Peach|100/100
|move|p1a: Momo|Toxic|p2a: Peach
|-status|p2a: Peach|tox
|
|-weather|Sandstorm|[upkeep]
|-damage|p2a: Peach|94/100 tox|[from] Sandstorm
|-damage|p1a: Momo|85/100|[from] Sandstorm
|-heal|p2a: Peach|100/100 tox|[from] item: Leftovers
|-damage|p2a: Peach|94/100 tox|[from] psn
|-heal|p1a: Momo|91/100|[from] item: Leftovers
|upkeep
|turn|31
|inactive|GreenCatKid has 150 seconds left.
|
|t:|1727805199
|switch|p2a: Luigi|Celebi|76/100
|-damage|p2a: Luigi|63/100|[from] Spikes
|move|p1a: Momo|Seismic Toss|p2a: Luigi
|-damage|p2a: Luigi|38/100
|
|-weather|Sandstorm|[upkeep]
|-damage|p2a: Luigi|32/100|[from] Sandstorm
|-damage|p1a: Momo|85/100|[from] Sandstorm
|-heal|p2a: Luigi|38/100|[from] item: Leftovers
|-heal|p1a: Momo|91/100|[from] item: Leftovers
|upkeep
|turn|32
|inactive|GreenCatKid has 150 seconds left.
|
|t:|1727805211
|move|p2a: Luigi|Recover|p2a: Luigi
|-heal|p2a: Luigi|88/100
|move|p1a: Momo|Ice Beam|p2a: Luigi
|-supereffective|p2a: Luigi
|-damage|p2a: Luigi|51/100
|
|-weather|Sandstorm|[upkeep]
|-damage|p2a: Luigi|45/100|[from] Sandstorm
|-damage|p1a: Momo|85/100|[from] Sandstorm
|-heal|p2a: Luigi|51/100|[from] item: Leftovers
|-heal|p1a: Momo|91/100|[from] item: Leftovers
|upkeep
|turn|33
|inactive|GreenCatKid has 150 seconds left.
|
|t:|1727805222
|move|p2a: Luigi|Recover|p2a: Luigi
|-heal|p2a: Luigi|100/100
|move|p1a: Momo|Toxic|p2a: Luigi|[miss]
|-miss|p1a: Momo|p2a: Luigi
|
|-weather|Sandstorm|[upkeep]
|-damage|p2a: Luigi|94/100|[from] Sandstorm
|-damage|p1a: Momo|85/100|[from] Sandstorm
|-heal|p2a: Luigi|100/100|[from] item: Leftovers
|-heal|p1a: Momo|91/100|[from] item: Leftovers
|upkeep
|turn|34
|
|t:|1727805235
|move|p2a: Luigi|Swords Dance|p2a: Luigi
|-boost|p2a: Luigi|atk|2
|move|p1a: Momo|Toxic|p2a: Luigi
|-status|p2a: Luigi|tox
|
|-weather|Sandstorm|[upkeep]
|-damage|p2a: Luigi|94/100 tox|[from] Sandstorm
|-damage|p1a: Momo|85/100|[from] Sandstorm
|-heal|p2a: Luigi|100/100 tox|[from] item: Leftovers
|-damage|p2a: Luigi|94/100 tox|[from] psn
|-heal|p1a: Momo|91/100|[from] item: Leftovers
|upkeep
|turn|35
|inactive|GreenCatKid has 150 seconds left.
|
|t:|1727805261
|move|p2a: Luigi|Baton Pass|p2a: Luigi
|
|t:|1727805263
|-curestatus|p2a: Luigi|tox|[from] ability: Natural Cure
|switch|p2a: Peach|Milotic, F|94/100 tox|[from] Baton Pass
|-damage|p2a: Peach|82/100 tox|[from] Spikes
|move|p1a: Momo|Toxic|p2a: Peach|[miss]
|-miss|p1a: Momo|p2a: Peach
|
|-weather|Sandstorm|[upkeep]
|-damage|p2a: Peach|76/100 tox|[from] Sandstorm
|-damage|p1a: Momo|85/100|[from] Sandstorm
|-heal|p2a: Peach|82/100 tox|[from] item: Leftovers
|-damage|p2a: Peach|76/100 tox|[from] psn
|-heal|p1a: Momo|91/100|[from] item: Leftovers
|upkeep
|turn|36
|inactive|GreenCatKid has 150 seconds left.
|
|t:|1727805269
|move|p2a: Peach|Ice Beam|p1a: Momo
|-damage|p1a: Momo|82/100
|move|p1a: Momo|Seismic Toss|p2a: Peach
|-damage|p2a: Peach|50/100 tox
|
|-weather|Sandstorm|[upkeep]
|-damage|p2a: Peach|44/100 tox|[from] Sandstorm
|-damage|p1a: Momo|76/100|[from] Sandstorm
|-heal|p2a: Peach|50/100 tox|[from] item: Leftovers
|-damage|p2a: Peach|38/100 tox|[from] psn
|-heal|p1a: Momo|82/100|[from] item: Leftovers
|upkeep
|turn|37
|
|t:|1727805277
|move|p2a: Peach|Recover|p2a: Peach
|-heal|p2a: Peach|88/100 tox
|move|p1a: Momo|Seismic Toss|p2a: Peach
|-damage|p2a: Peach|63/100 tox
|
|-weather|Sandstorm|[upkeep]
|-damage|p2a: Peach|56/100 tox|[from] Sandstorm
|-damage|p1a: Momo|76/100|[from] Sandstorm
|-heal|p2a: Peach|63/100 tox|[from] item: Leftovers
|-damage|p2a: Peach|44/100 tox|[from] psn
|-heal|p1a: Momo|82/100|[from] item: Leftovers
|upkeep
|turn|38
|
|t:|1727805283
|switch|p2a: Luigi|Celebi|94/100
|-damage|p2a: Luigi|82/100|[from] Spikes
|move|p1a: Momo|Seismic Toss|p2a: Luigi
|-damage|p2a: Luigi|57/100
|
|-weather|Sandstorm|[upkeep]
|-damage|p2a: Luigi|51/100|[from] Sandstorm
|-damage|p1a: Momo|76/100|[from] Sandstorm
|-heal|p2a: Luigi|57/100|[from] item: Leftovers
|-heal|p1a: Momo|82/100|[from] item: Leftovers
|upkeep
|turn|39
|
|t:|1727805300
|move|p2a: Luigi|Recover|p2a: Luigi
|-heal|p2a: Luigi|100/100
|move|p1a: Momo|Toxic|p2a: Luigi
|-status|p2a: Luigi|tox
|
|-weather|Sandstorm|[upkeep]
|-damage|p2a: Luigi|94/100 tox|[from] Sandstorm
|-damage|p1a: Momo|76/100|[from] Sandstorm
|-heal|p2a: Luigi|100/100 tox|[from] item: Leftovers
|-damage|p2a: Luigi|94/100 tox|[from] psn
|-heal|p1a: Momo|82/100|[from] item: Leftovers
|upkeep
|turn|40
|
|t:|1727805311
|move|p2a: Luigi|Baton Pass|p2a: Luigi
|inactive|GoldThe1andOnly has 240 seconds left.
|
|t:|1727805347
|-curestatus|p2a: Luigi|tox|[from] ability: Natural Cure
|switch|p2a: Peach|Milotic, F|44/100 tox|[from] Baton Pass
|-damage|p2a: Peach|32/100 tox|[from] Spikes
|move|p1a: Momo|Ice Beam|p2a: Peach
|-resisted|p2a: Peach
|-damage|p2a: Peach|24/100 tox
|
|-weather|Sandstorm|[upkeep]
|-damage|p2a: Peach|18/100 tox|[from] Sandstorm
|-damage|p1a: Momo|76/100|[from] Sandstorm
|-heal|p2a: Peach|24/100 tox|[from] item: Leftovers
|-damage|p2a: Peach|18/100 tox|[from] psn
|-heal|p1a: Momo|82/100|[from] item: Leftovers
|upkeep
|turn|41
|
|t:|1727805354
|move|p2a: Peach|Recover|p2a: Peach
|-heal|p2a: Peach|68/100 tox
|move|p1a: Momo|Seismic Toss|p2a: Peach
|-damage|p2a: Peach|43/100 tox
|
|-weather|Sandstorm|[upkeep]
|-damage|p2a: Peach|37/100 tox|[from] Sandstorm
|-damage|p1a: Momo|76/100|[from] Sandstorm
|-heal|p2a: Peach|43/100 tox|[from] item: Leftovers
|-damage|p2a: Peach|31/100 tox|[from] psn
|-heal|p1a: Momo|82/100|[from] item: Leftovers
|upkeep
|turn|42
|
|t:|1727805360
|move|p2a: Peach|Recover|p2a: Peach
|-heal|p2a: Peach|80/100 tox
|move|p1a: Momo|Seismic Toss|p2a: Peach
|-damage|p2a: Peach|55/100 tox
|
|-weather|Sandstorm|[upkeep]
|-damage|p2a: Peach|49/100 tox|[from] Sandstorm
|-damage|p1a: Momo|76/100|[from] Sandstorm
|-heal|p2a: Peach|55/100 tox|[from] item: Leftovers
|-damage|p2a: Peach|37/100 tox|[from] psn
|-heal|p1a: Momo|82/100|[from] item: Leftovers
|upkeep
|turn|43
|inactive|GreenCatKid has 180 seconds left.
|
|t:|1727805367
|move|p2a: Peach|Recover|p2a: Peach
|-heal|p2a: Peach|87/100 tox
|move|p1a: Momo|Seismic Toss|p2a: Peach
|-damage|p2a: Peach|61/100 tox
|
|-weather|Sandstorm|[upkeep]
|-damage|p2a: Peach|55/100 tox|[from] Sandstorm
|-damage|p1a: Momo|76/100|[from] Sandstorm
|-heal|p2a: Peach|61/100 tox|[from] item: Leftovers
|-damage|p2a: Peach|37/100 tox|[from] psn
|-heal|p1a: Momo|82/100|[from] item: Leftovers
|upkeep
|turn|44
|inactive|GreenCatKid has 180 seconds left.
|
|t:|1727805378
|switch|p2a: Luigi|Celebi|94/100
|-damage|p2a: Luigi|82/100|[from] Spikes
|move|p1a: Momo|Seismic Toss|p2a: Luigi
|-damage|p2a: Luigi|57/100
|
|-weather|Sandstorm|[upkeep]
|-damage|p2a: Luigi|51/100|[from] Sandstorm
|-damage|p1a: Momo|76/100|[from] Sandstorm
|-heal|p2a: Luigi|57/100|[from] item: Leftovers
|-heal|p1a: Momo|82/100|[from] item: Leftovers
|upkeep
|turn|45
|inactive|GreenCatKid has 180 seconds left.
|
|t:|1727805391
|move|p2a: Luigi|Recover|p2a: Luigi
|-heal|p2a: Luigi|100/100
|move|p1a: Momo|Ice Beam|p2a: Luigi
|-supereffective|p2a: Luigi
|-damage|p2a: Luigi|63/100
|
|-weather|Sandstorm|[upkeep]
|-damage|p2a: Luigi|57/100|[from] Sandstorm
|-damage|p1a: Momo|76/100|[from] Sandstorm
|-heal|p2a: Luigi|63/100|[from] item: Leftovers
|-heal|p1a: Momo|82/100|[from] item: Leftovers
|upkeep
|turn|46
|inactive|GreenCatKid has 180 seconds left.
|
|t:|1727805422
|move|p2a: Luigi|Recover|p2a: Luigi
|-heal|p2a: Luigi|100/100
|move|p1a: Momo|Seismic Toss|p2a: Luigi
|-damage|p2a: Luigi|76/100
|
|-weather|Sandstorm|[upkeep]
|-damage|p2a: Luigi|69/100|[from] Sandstorm
|-damage|p1a: Momo|76/100|[from] Sandstorm
|-heal|p2a: Luigi|76/100|[from] item: Leftovers
|-heal|p1a: Momo|82/100|[from] item: Leftovers
|upkeep
|turn|47
|inactive|GoldThe1andOnly has 270 seconds left.
|
|t:|1727805448
|move|p2a: Luigi|Swords Dance|p2a: Luigi
|-boost|p2a: Luigi|atk|2
|move|p1a: Momo|Seismic Toss|p2a: Luigi
|-damage|p2a: Luigi|51/100
|
|-weather|Sandstorm|[upkeep]
|-damage|p2a: Luigi|44/100|[from] Sandstorm
|-damage|p1a: Momo|76/100|[from] Sandstorm
|-heal|p2a: Luigi|51/100|[from] item: Leftovers
|-heal|p1a: Momo|82/100|[from] item: Leftovers
|upkeep
|turn|48
|inactive|GreenCatKid has 150 seconds left.
|
|t:|1727805479
|move|p2a: Luigi|Recover|p2a: Luigi
|-heal|p2a: Luigi|100/100
|move|p1a: Momo|Seismic Toss|p2a: Luigi
|-damage|p2a: Luigi|76/100
|
|-weather|Sandstorm|[upkeep]
|-damage|p2a: Luigi|69/100|[from] Sandstorm
|-damage|p1a: Momo|76/100|[from] Sandstorm
|-heal|p2a: Luigi|76/100|[from] item: Leftovers
|-heal|p1a: Momo|82/100|[from] item: Leftovers
|upkeep
|turn|49
|inactive|GreenCatKid has 150 seconds left.
|
|t:|1727805489
|move|p2a: Luigi|Hidden Power|p1a: Momo
|-damage|p1a: Momo|53/100
|move|p1a: Momo|Seismic Toss|p2a: Luigi
|-damage|p2a: Luigi|51/100
|
|-weather|Sandstorm|[upkeep]
|-damage|p2a: Luigi|44/100|[from] Sandstorm
|-damage|p1a: Momo|47/100|[from] Sandstorm
|-heal|p2a: Luigi|51/100|[from] item: Leftovers
|-heal|p1a: Momo|53/100|[from] item: Leftovers
|upkeep
|turn|50
|inactive|GreenCatKid has 150 seconds left.
|
|t:|1727805521
|move|p2a: Luigi|Recover|p2a: Luigi
|-heal|p2a: Luigi|100/100
|move|p1a: Momo|Soft-Boiled|p1a: Momo
|-heal|p1a: Momo|100/100
|
|-weather|Sandstorm|[upkeep]
|-damage|p2a: Luigi|94/100|[from] Sandstorm
|-damage|p1a: Momo|94/100|[from] Sandstorm
|-heal|p2a: Luigi|100/100|[from] item: Leftovers
|-heal|p1a: Momo|100/100|[from] item: Leftovers
|upkeep
|turn|51
|
|t:|1727805530
|switch|p1a: Serious Sam 2 HD|Skarmory, F|28/100
|move|p2a: Luigi|Swords Dance|p2a: Luigi
|-boost|p2a: Luigi|atk|2
|
|-weather|Sandstorm|[upkeep]
|-damage|p2a: Luigi|94/100|[from] Sandstorm
|-heal|p2a: Luigi|100/100|[from] item: Leftovers
|-heal|p1a: Serious Sam 2 HD|34/100|[from] item: Leftovers
|upkeep
|turn|52
|
|t:|1727805554
|move|p2a: Luigi|Hidden Power|p1a: Serious Sam 2 HD
|-damage|p1a: Serious Sam 2 HD|0 fnt
|faint|p1a: Serious Sam 2 HD
|
|t:|1727805561
|switch|p1a: Momo|Blissey, F|100/100
|
|-weather|Sandstorm|[upkeep]
|-damage|p2a: Luigi|94/100|[from] Sandstorm
|-damage|p1a: Momo|94/100|[from] Sandstorm
|-heal|p2a: Luigi|100/100|[from] item: Leftovers
|-heal|p1a: Momo|100/100|[from] item: Leftovers
|upkeep
|turn|53
|inactive|GoldThe1andOnly has 270 seconds left.
|
|t:|1727805594
|move|p2a: Luigi|Swords Dance|p2a: Luigi
|-boost|p2a: Luigi|atk|2
|move|p1a: Momo|Toxic|p2a: Luigi
|-status|p2a: Luigi|tox
|
|-weather|Sandstorm|[upkeep]
|-damage|p2a: Luigi|94/100 tox|[from] Sandstorm
|-damage|p1a: Momo|94/100|[from] Sandstorm
|-heal|p2a: Luigi|100/100 tox|[from] item: Leftovers
|-damage|p2a: Luigi|94/100 tox|[from] psn
|-heal|p1a: Momo|100/100|[from] item: Leftovers
|upkeep
|turn|54
|
|t:|1727805609
|move|p2a: Luigi|Baton Pass|p2a: Luigi
|
|t:|1727805620
|-curestatus|p2a: Luigi|tox|[from] ability: Natural Cure
|switch|p2a: Buzzy Beetle|Heracross, F|94/100|[from] Baton Pass
|-damage|p2a: Buzzy Beetle|82/100|[from] Spikes
|move|p1a: Momo|Ice Beam|p2a: Buzzy Beetle
|-damage|p2a: Buzzy Beetle|61/100
|
|-weather|Sandstorm|[upkeep]
|-damage|p2a: Buzzy Beetle|55/100|[from] Sandstorm
|-damage|p1a: Momo|94/100|[from] Sandstorm
|-heal|p2a: Buzzy Beetle|61/100|[from] item: Leftovers
|-heal|p1a: Momo|100/100|[from] item: Leftovers
|upkeep
|turn|55
|
|t:|1727805629
|switch|p1a: Gojeera|Tyranitar, F|6/100
|move|p2a: Buzzy Beetle|Brick Break|p1a: Gojeera
|-supereffective|p1a: Gojeera
|-damage|p1a: Gojeera|0 fnt
|faint|p1a: Gojeera
|
|t:|1727805633
|switch|p1a: 3 Amigos|Dugtrio, F|100/100
|
|-weather|Sandstorm|[upkeep]
|-damage|p2a: Buzzy Beetle|55/100|[from] Sandstorm
|-heal|p2a: Buzzy Beetle|61/100|[from] item: Leftovers
|upkeep
|turn|56
|
|t:|1727805646
|move|p1a: 3 Amigos|Aerial Ace|p2a: Buzzy Beetle
|-supereffective|p2a: Buzzy Beetle
|-damage|p2a: Buzzy Beetle|0 fnt
|faint|p2a: Buzzy Beetle
|
|t:|1727805648
|switch|p2a: Luigi|Celebi|94/100
|-damage|p2a: Luigi|82/100|[from] Spikes
|
|-weather|Sandstorm|[upkeep]
|-damage|p2a: Luigi|76/100|[from] Sandstorm
|-heal|p2a: Luigi|82/100|[from] item: Leftovers
|upkeep
|turn|57
|
|t:|1727805657
|switch|p1a: Momo|Blissey, F|100/100
|move|p2a: Luigi|Swords Dance|p2a: Luigi
|-boost|p2a: Luigi|atk|2
|
|-weather|Sandstorm|[upkeep]
|-damage|p2a: Luigi|76/100|[from] Sandstorm
|-damage|p1a: Momo|94/100|[from] Sandstorm
|-heal|p2a: Luigi|82/100|[from] item: Leftovers
|-heal|p1a: Momo|100/100|[from] item: Leftovers
|upkeep
|turn|58
|
|t:|1727805675
|switch|p1a: 3 Amigos|Dugtrio, F|100/100
|move|p2a: Luigi|Swords Dance|p2a: Luigi
|-boost|p2a: Luigi|atk|2
|
|-weather|Sandstorm|[upkeep]
|-damage|p2a: Luigi|76/100|[from] Sandstorm
|-heal|p2a: Luigi|82/100|[from] item: Leftovers
|upkeep
|turn|59
|
|t:|1727805680
|move|p1a: 3 Amigos|Hidden Power|p2a: Luigi
|-supereffective|p2a: Luigi
|-damage|p2a: Luigi|0 fnt
|faint|p2a: Luigi
|c|☆GoldThe1andOnly|gg
|
|t:|1727805685
|switch|p2a: Peach|Milotic, F|37/100 tox
|-damage|p2a: Peach|24/100 tox|[from] Spikes
|
|-weather|Sandstorm|[upkeep]
|-damage|p2a: Peach|18/100 tox|[from] Sandstorm
|-heal|p2a: Peach|24/100 tox|[from] item: Leftovers
|-damage|p2a: Peach|18/100 tox|[from] psn
|upkeep
|turn|60
|
|t:|1727805688
|move|p1a: 3 Amigos|Hidden Power|p2a: Peach
|-damage|p2a: Peach|5/100 tox
|move|p2a: Peach|Recover|p2a: Peach
|-heal|p2a: Peach|55/100 tox
|
|-weather|Sandstorm|[upkeep]
|-damage|p2a: Peach|49/100 tox|[from] Sandstorm
|-heal|p2a: Peach|55/100 tox|[from] item: Leftovers
|-damage|p2a: Peach|43/100 tox|[from] psn
|upkeep
|turn|61
|
|t:|1727805692
|move|p1a: 3 Amigos|Hidden Power|p2a: Peach
|-damage|p2a: Peach|29/100 tox
|move|p2a: Peach|Surf|p1a: 3 Amigos
|-supereffective|p1a: 3 Amigos
|-damage|p1a: 3 Amigos|0 fnt
|faint|p1a: 3 Amigos
|
|t:|1727805694
|switch|p1a: Momo|Blissey, F|100/100
|
|-weather|Sandstorm|[upkeep]
|-damage|p2a: Peach|23/100 tox|[from] Sandstorm
|-damage|p1a: Momo|94/100|[from] Sandstorm
|-heal|p2a: Peach|29/100 tox|[from] item: Leftovers
|-damage|p2a: Peach|10/100 tox|[from] psn
|-heal|p1a: Momo|100/100|[from] item: Leftovers
|upkeep
|turn|62
|
|t:|1727805697
|move|p2a: Peach|Hypnosis|p1a: Momo|[miss]
|-miss|p2a: Peach|p1a: Momo
|move|p1a: Momo|Seismic Toss|p2a: Peach
|-damage|p2a: Peach|0 fnt
|faint|p2a: Peach
|
|win|GreenCatKid
|c|☆GreenCatKid|ggwp

</script>
<script type="application/json" class="data" id="replaydata-smogtours-gen3ou-793789">
{"id":"smogtours-gen3ou-793789","format":"[Gen 3] OU","players":["GreenCatKid","GoldThe1andOnly"],"uploadtime":1727805697,"views":113,"formatid":"gen3ou","rating":null,"private":0,"password":null}
</script>

<script defer src="js/replays.js?9d40a366"></script>
