<!DOCTYPE html>
<meta charset="utf-8" />
<meta name="viewport" content="width=device-width" />

<title>[Gen 3] OU: no more bad dreams vs. lax - Replays - Pok&eacute;mon Showdown!</title>

<meta name="description" content="Watch a replay of a Pok&eacute;mon battle between no more bad dreams and lax! Format: [Gen 3] OU; Date: Nov 3, 2024" />
<!--

Hey, you! Looking in the source for the replay log?

You can find them in JSON format, just add `.json` at the end of a replay URL.

https://replay.pokemonshowdown.com/gen7randomdoublesbattle-865046831.json

Or, if you only need the log itself, add `.log` instead:

https://replay.pokemonshowdown.com/gen7randomdoublesbattle-865046831.log

-->

<link rel="stylesheet" href="//pokemonshowdown.com/style/global.css?0.023195364461161105" />
<link rel="stylesheet" href="//play.pokemonshowdown.com/style/font-awesome.css?0.13261647063804238" />
<link rel="stylesheet" href="//play.pokemonshowdown.com/style/battle.css?0.8753245789963631" />
<link rel="stylesheet" href="//play.pokemonshowdown.com/style/utilichart.css?0.8627959624976733" />

<!-- Global site tag (gtag.js) - Google Analytics -->
<script async src="https://www.googletagmanager.com/gtag/js?id=UA-26211653-1"></script>
<script>
  window.dataLayer = window.dataLayer || [];
  function gtag(){dataLayer.push(arguments);}
  gtag('js', new Date());

  gtag('config', 'UA-26211653-1');
</script>
<!-- End Google Analytics -->
<!-- Venatus Ad Manager - Install in <HEAD> of page -->
	<script src="https://hb.vntsm.com/v3/live/ad-manager.min.js" type="text/javascript" data-site-id="642aba63ec9a7b11c3c9c1be" data-mode="scan" async></script>
<!-- / Venatus Ad Manager -->

<style>
	@media (max-width:820px) {
		.battle {
			margin: 0 auto;
		}
		.battle-log {
			margin: 7px auto 0;
			max-width: 640px;
			height: 300px;
			position: static;
		}
	}
	.optgroup {
		display: inline-block;
		line-height: 22px;
		font-size: 10pt;
	}
	.optgroup .button {
		height: 25px;
		padding-top: 0;
		padding-bottom: 0;
	}
	.optgroup button.button {
		padding-left: 12px;
		padding-right: 12px;
	}
	.linklist {
		list-style: none;
		margin: 0.5em 0;
		padding: 0;
	}
	.linklist li {
		padding: 2px 0;
	}
	.sidebar {
		float: left;
		width: 320px;
	}
	.bar-wrapper {
		max-width: 1100px;
		margin: 0 auto;
	}
	.bar-wrapper.has-sidebar {
		max-width: 1430px;
	}
	.mainbar {
		margin: 0;
		padding-right: 1px;
	}
	.mainbar.has-sidebar {
		margin-left: 330px;
	}
	@media (min-width: 1511px) {
		.sidebar {
			width: 400px;
		}
		.bar-wrapper.has-sidebar {
			max-width: 1510px;
		}
		.mainbar.has-sidebar {
			margin-left: 410px;
		}
	}
	.section.first-section {
		margin-top: 9px;
	}
	.blocklink small {
		white-space: normal;
	}
	.button {
		vertical-align: middle;
	}
	.replay-controls {
		padding-top: 10px;
	}
	.replay-controls h1 {
		font-size: 16pt;
		font-weight: normal;
		color: #CCC;
	}
	.pagelink {
		text-align: center;
	}
	.pagelink a {
		width: 150px;
	}
	.textbox, .button {
		font-size: 11pt;
		vertical-align: middle;
	}
	@media (max-width: 450px) {
		.button {
			font-size: 9pt;
		}
	}
</style>

<div>

	<header>
		<div class="nav-wrapper"><ul class="nav">
			<li><a class="button nav-first" href="//pokemonshowdown.com/"><img src="//pokemonshowdown.com/images/pokemonshowdownbeta.png" srcset="//pokemonshowdown.com/images/pokemonshowdownbeta.png 1x, //pokemonshowdown.com/images/pokemonshowdownbeta@2x.png 2x" alt="Pok&eacute;mon Showdown" width="146" height="44" /> Home</a></li>
			<li><a class="button" href="//pokemonshowdown.com/dex/">Pok&eacute;dex</a></li>
			<li><a class="button cur" href="/">Replays</a></li>
			<li><a class="button" href="//pokemonshowdown.com/ladder/">Ladder</a></li>
			<li><a class="button nav-last" href="//pokemonshowdown.com/forums/">Forum</a></li>
			<li><a class="button greenbutton nav-first nav-last" href="//play.pokemonshowdown.com/">Play</a></li>
		</ul></div>
	</header>

	<div class="main" id="main">

		<noscript><section class="section">You need to enable JavaScript to use this page; sorry!</section></noscript>

	</div>

</div>

<script defer nomodule src="//play.pokemonshowdown.com/js/lib/ps-polyfill.js"></script>
<script defer src="//play.pokemonshowdown.com/js/lib/preact.min.js"></script>

<script defer src="//play.pokemonshowdown.com/config/config.js?2bddbc15"></script>
<script defer src="//play.pokemonshowdown.com/js/lib/jquery-1.11.0.min.js"></script>
<script defer src="//play.pokemonshowdown.com/js/lib/html-sanitizer-minified.js"></script>
<script defer src="//play.pokemonshowdown.com/js/battle-sound.js"></script>
<script defer src="//play.pokemonshowdown.com/js/battledata.js?0.7209276989879541"></script>
<script defer src="//play.pokemonshowdown.com/data/pokedex-mini.js?0.6111056340867951"></script>
<script defer src="//play.pokemonshowdown.com/data/pokedex-mini-bw.js?0.3532142036491459"></script>
<script defer src="//play.pokemonshowdown.com/data/graphics.js?0.24223875632456182"></script>
<script defer src="//play.pokemonshowdown.com/data/pokedex.js?0.38839984266356864"></script>
<script defer src="//play.pokemonshowdown.com/data/moves.js?0.21866028504024015"></script>
<script defer src="//play.pokemonshowdown.com/data/abilities.js?0.2005157953846628"></script>
<script defer src="//play.pokemonshowdown.com/data/items.js?0.9894211263848525"></script>
<script defer src="//play.pokemonshowdown.com/data/teambuilder-tables.js?0.6008791140282215"></script>
<script defer src="//play.pokemonshowdown.com/js/battle-tooltips.js?0.7580118955022959"></script>
<script defer src="//play.pokemonshowdown.com/js/battle.js?0.6057722274234274"></script>

<script defer src="js/utils.js?e31f9a17"></script>
<script defer src="js/replays-battle.js?7008c182"></script>

<!-- don't scrape this data! just add .json or .log after the URL!
Full API docs: https://github.com/smogon/pokemon-showdown-client/blob/master/WEB-API.md -->
<script type="text/plain" class="log" id="replaylog-smogtours-gen3ou-804413">
|inactive|Battle timer is ON: inactive players will automatically lose when time's up.
|t:|1730654252
|gametype|singles
|player|p1|no more bad dreams|skullgruntf|
|player|p2|lax|#lax|
|teamsize|p1|6
|teamsize|p2|6
|gen|3
|tier|[Gen 3] OU
|rule|Sleep Clause Mod: Limit one foe put to sleep
|rule|Switch Priority Clause Mod: Faster Pokémon switch first
|rule|Species Clause: Limit one of each Pokémon
|rule|OHKO Clause: OHKO moves are banned
|rule|Evasion Items Clause: Evasion items are banned
|rule|Evasion Moves Clause: Evasion moves are banned
|rule|Endless Battle Clause: Forcing endless battles is banned
|rule|HP Percentage Mod: HP is shown in percentages
|rule|One Boost Passer Clause: Limit one Baton Passer that has a way to boost its stats
|rule|Freeze Clause Mod: Limit one foe frozen
|
|t:|1730654252
|start
|switch|p1a: BKCdroning time|Hariyama, F|100/100
|switch|p2a: Dugtrio|Dugtrio, M|100/100
|turn|1
|c|☆no more bad dreams|hf
|c|☆lax|u2
|c|+Fakes|best adv player lax
|c|+Fakes|*-*
|inactive|lax has 270 seconds left.
|
|t:|1730654309
|move|p2a: Dugtrio|Earthquake|p1a: BKCdroning time
|-damage|p1a: BKCdroning time|54/100
|move|p1a: BKCdroning time|Brick Break|p2a: Dugtrio
|-damage|p2a: Dugtrio|18/100
|
|-heal|p1a: BKCdroning time|60/100|[from] item: Leftovers
|upkeep
|turn|2
|
|t:|1730654330
|switch|p2a: Forretress|Forretress, M|100/100
|move|p1a: BKCdroning time|Brick Break|p2a: Forretress
|-damage|p2a: Forretress|73/100
|
|-heal|p1a: BKCdroning time|66/100|[from] item: Leftovers
|-heal|p2a: Forretress|79/100|[from] item: Leftovers
|upkeep
|turn|3
|
|t:|1730654333
|move|p1a: BKCdroning time|Knock Off|p2a: Forretress
|-resisted|p2a: Forretress
|-damage|p2a: Forretress|78/100
|-enditem|p2a: Forretress|Leftovers|[from] move: Knock Off|[of] p1a: BKCdroning time
|-hint|In Gens 3-4, Knock Off only makes the target's item unusable; it cannot obtain a new item.
|move|p2a: Forretress|Spikes|p1a: BKCdroning time
|-sidestart|p1: no more bad dreams|Spikes
|
|-heal|p1a: BKCdroning time|72/100|[from] item: Leftovers
|upkeep
|turn|4
|
|t:|1730654337
|-singleturn|p1a: BKCdroning time|move: Focus Punch
|move|p2a: Forretress|Spikes|p1a: BKCdroning time
|-sidestart|p1: no more bad dreams|Spikes
|move|p1a: BKCdroning time|Focus Punch|p2a: Forretress
|-damage|p2a: Forretress|28/100
|
|-heal|p1a: BKCdroning time|78/100|[from] item: Leftovers
|upkeep
|turn|5
|
|t:|1730654342
|switch|p2a: Claydol|Claydol|100/100
|move|p1a: BKCdroning time|Brick Break|p2a: Claydol
|-resisted|p2a: Claydol
|-damage|p2a: Claydol|86/100
|
|-heal|p2a: Claydol|92/100|[from] item: Leftovers
|-heal|p1a: BKCdroning time|84/100|[from] item: Leftovers
|upkeep
|turn|6
|
|t:|1730654345
|move|p2a: Claydol|Psychic|p1a: BKCdroning time
|-supereffective|p1a: BKCdroning time
|-damage|p1a: BKCdroning time|43/100
|move|p1a: BKCdroning time|Knock Off|p2a: Claydol
|-supereffective|p2a: Claydol
|-damage|p2a: Claydol|87/100
|-enditem|p2a: Claydol|Leftovers|[from] move: Knock Off|[of] p1a: BKCdroning time
|
|-heal|p1a: BKCdroning time|49/100|[from] item: Leftovers
|upkeep
|turn|7
|
|t:|1730654349
|switch|p1a: Forretress|Forretress, F|100/100
|-damage|p1a: Forretress|84/100|[from] Spikes
|move|p2a: Claydol|Psychic|p1a: Forretress
|-resisted|p1a: Forretress
|-damage|p1a: Forretress|72/100
|
|-heal|p1a: Forretress|78/100|[from] item: Leftovers
|upkeep
|turn|8
|
|t:|1730654351
|move|p2a: Claydol|Explosion|p1a: Forretress
|-resisted|p1a: Forretress
|-damage|p1a: Forretress|39/100
|faint|p2a: Claydol
|inactive|lax has 270 seconds left.
|
|t:|1730654395
|switch|p2a: Dugtrio|Dugtrio, M|18/100
|
|-heal|p1a: Forretress|45/100|[from] item: Leftovers
|upkeep
|turn|9
|
|t:|1730654397
|move|p2a: Dugtrio|Earthquake|p1a: Forretress
|-damage|p1a: Forretress|4/100
|move|p1a: Forretress|Hidden Power|p2a: Dugtrio
|-damage|p2a: Dugtrio|0 fnt
|faint|p2a: Dugtrio
|inactive|lax has 270 seconds left.
|
|t:|1730654405
|switch|p2a: Suicune|Suicune|100/100
|
|-heal|p1a: Forretress|10/100|[from] item: Leftovers
|upkeep
|turn|10
|
|t:|1730654407
|move|p2a: Suicune|Surf|p1a: Forretress
|-damage|p1a: Forretress|0 fnt
|faint|p1a: Forretress
|
|t:|1730654411
|switch|p1a: Jirachi|Jirachi|100/100
|-damage|p1a: Jirachi|84/100|[from] Spikes
|
|-heal|p1a: Jirachi|90/100|[from] item: Leftovers
|upkeep
|turn|11
|
|t:|1730654414
|switch|p2a: Blissey|Blissey, F|100/100
|move|p1a: Jirachi|Toxic|p2a: Blissey
|-status|p2a: Blissey|tox
|
|-heal|p1a: Jirachi|96/100|[from] item: Leftovers
|-damage|p2a: Blissey|94/100 tox|[from] psn
|upkeep
|turn|12
|c|+Fakes|god damn it lax
|c|+Fakes|that wasnt the move 
|
|t:|1730654421
|move|p1a: Jirachi|Wish|p1a: Jirachi
|move|p2a: Blissey|Thunder Wave|p1a: Jirachi
|-status|p1a: Jirachi|par
|
|-heal|p2a: Blissey|100/100 tox|[from] item: Leftovers
|-damage|p2a: Blissey|88/100 tox|[from] psn
|-heal|p1a: Jirachi|100/100 par|[from] item: Leftovers
|upkeep
|turn|13
|
|t:|1730654435
|move|p2a: Blissey|Thunder Wave|p1a: Jirachi
|-fail|p1a: Jirachi|par
|move|p1a: Jirachi|Toxic|p2a: Blissey
|-fail|p2a: Blissey|tox
|
|-heal|p2a: Blissey|94/100 tox|[from] item: Leftovers
|-damage|p2a: Blissey|76/100 tox|[from] psn
|upkeep
|turn|14
|
|t:|1730654442
|-curestatus|p2a: Blissey|tox|[from] ability: Natural Cure
|switch|p2a: Snorlax|Snorlax, M|100/100
|move|p1a: Jirachi|Wish|p1a: Jirachi
|
|upkeep
|turn|15
|
|t:|1730654450
|switch|p1a: Tyranitar|Tyranitar, M|100/100
|-damage|p1a: Tyranitar|84/100|[from] Spikes
|-weather|Sandstorm|[from] ability: Sand Stream|[of] p1a: Tyranitar
|move|p2a: Snorlax|Curse|p2a: Snorlax
|-unboost|p2a: Snorlax|spe|1
|-boost|p2a: Snorlax|atk|1
|-boost|p2a: Snorlax|def|1
|
|-heal|p1a: Tyranitar|100/100|[from] move: Wish|[wisher] Jirachi
|-weather|Sandstorm|[upkeep]
|-damage|p2a: Snorlax|94/100|[from] Sandstorm
|-heal|p2a: Snorlax|100/100|[from] item: Leftovers
|upkeep
|turn|16
|
|t:|1730654455
|move|p1a: Tyranitar|Crunch|p2a: Snorlax
|-damage|p2a: Snorlax|81/100
|move|p2a: Snorlax|Curse|p2a: Snorlax
|-unboost|p2a: Snorlax|spe|1
|-boost|p2a: Snorlax|atk|1
|-boost|p2a: Snorlax|def|1
|
|-weather|Sandstorm|[upkeep]
|-damage|p2a: Snorlax|75/100|[from] Sandstorm
|-heal|p2a: Snorlax|81/100|[from] item: Leftovers
|upkeep
|turn|17
|
|t:|1730654460
|move|p2a: Snorlax|Return|p1a: Tyranitar
|-resisted|p1a: Tyranitar
|-damage|p1a: Tyranitar|69/100
|move|p1a: Tyranitar|Roar|p2a: Snorlax
|drag|p2a: Blissey|Blissey, F|76/100
|
|-weather|Sandstorm|[upkeep]
|-damage|p2a: Blissey|70/100|[from] Sandstorm
|-heal|p1a: Tyranitar|75/100|[from] item: Leftovers
|-heal|p2a: Blissey|76/100|[from] item: Leftovers
|upkeep
|turn|18
|
|t:|1730654467
|switch|p1a: Jirachi|Jirachi|100/100 par
|-damage|p1a: Jirachi|84/100 par|[from] Spikes
|move|p2a: Blissey|Seismic Toss|p1a: Jirachi
|-damage|p1a: Jirachi|59/100 par
|
|-weather|Sandstorm|[upkeep]
|-damage|p2a: Blissey|70/100|[from] Sandstorm
|-heal|p2a: Blissey|76/100|[from] item: Leftovers
|-heal|p1a: Jirachi|65/100 par|[from] item: Leftovers
|upkeep
|turn|19
|
|t:|1730654470
|move|p2a: Blissey|Seismic Toss|p1a: Jirachi
|-damage|p1a: Jirachi|41/100 par
|move|p1a: Jirachi|Wish|p1a: Jirachi
|
|-weather|Sandstorm|[upkeep]
|-damage|p2a: Blissey|70/100|[from] Sandstorm
|-heal|p2a: Blissey|76/100|[from] item: Leftovers
|-heal|p1a: Jirachi|47/100 par|[from] item: Leftovers
|upkeep
|turn|20
|
|t:|1730654473
|switch|p2a: Snorlax|Snorlax, M|81/100
|switch|p1a: BKCdroning time|Hariyama, F|49/100
|-damage|p1a: BKCdroning time|32/100|[from] Spikes
|
|-heal|p1a: BKCdroning time|82/100|[from] move: Wish|[wisher] Jirachi
|-weather|Sandstorm|[upkeep]
|-damage|p1a: BKCdroning time|76/100|[from] Sandstorm
|-damage|p2a: Snorlax|75/100|[from] Sandstorm
|-heal|p1a: BKCdroning time|82/100|[from] item: Leftovers
|-heal|p2a: Snorlax|81/100|[from] item: Leftovers
|upkeep
|turn|21
|
|t:|1730654478
|switch|p2a: Forretress|Forretress, M|28/100
|move|p1a: BKCdroning time|Brick Break|p2a: Forretress
|-damage|p2a: Forretress|2/100
|
|-weather|Sandstorm|[upkeep]
|-damage|p1a: BKCdroning time|76/100|[from] Sandstorm
|-heal|p1a: BKCdroning time|82/100|[from] item: Leftovers
|upkeep
|turn|22
|
|t:|1730654479
|move|p1a: BKCdroning time|Brick Break|p2a: Forretress
|-damage|p2a: Forretress|0 fnt
|faint|p2a: Forretress
|
|t:|1730654481
|switch|p2a: Suicune|Suicune|100/100
|
|-weather|Sandstorm|[upkeep]
|-damage|p2a: Suicune|94/100|[from] Sandstorm
|-damage|p1a: BKCdroning time|76/100|[from] Sandstorm
|-heal|p2a: Suicune|100/100|[from] item: Leftovers
|-heal|p1a: BKCdroning time|82/100|[from] item: Leftovers
|upkeep
|turn|23
|
|t:|1730654483
|move|p2a: Suicune|Calm Mind|p2a: Suicune
|-boost|p2a: Suicune|spa|1
|-boost|p2a: Suicune|spd|1
|move|p1a: BKCdroning time|Knock Off|p2a: Suicune
|-damage|p2a: Suicune|99/100
|-enditem|p2a: Suicune|Leftovers|[from] move: Knock Off|[of] p1a: BKCdroning time
|
|-weather|Sandstorm|[upkeep]
|-damage|p2a: Suicune|93/100|[from] Sandstorm
|-damage|p1a: BKCdroning time|76/100|[from] Sandstorm
|-heal|p1a: BKCdroning time|82/100|[from] item: Leftovers
|upkeep
|turn|24
|
|t:|1730654488
|switch|p1a: Blissey|Blissey, F|100/100
|-damage|p1a: Blissey|84/100|[from] Spikes
|move|p2a: Suicune|Surf|p1a: Blissey
|-damage|p1a: Blissey|65/100
|
|-weather|Sandstorm|[upkeep]
|-damage|p2a: Suicune|87/100|[from] Sandstorm
|-damage|p1a: Blissey|59/100|[from] Sandstorm
|-heal|p1a: Blissey|65/100|[from] item: Leftovers
|upkeep
|turn|25
|
|t:|1730654496
|switch|p2a: Snorlax|Snorlax, M|81/100
|move|p1a: Blissey|Aromatherapy|p1a: Blissey
|-cureteam|p1a: Blissey|[from] move: Aromatherapy
|
|-weather|Sandstorm|[upkeep]
|-damage|p1a: Blissey|59/100|[from] Sandstorm
|-damage|p2a: Snorlax|75/100|[from] Sandstorm
|-heal|p1a: Blissey|65/100|[from] item: Leftovers
|-heal|p2a: Snorlax|81/100|[from] item: Leftovers
|upkeep
|turn|26
|
|t:|1730654501
|switch|p1a: BKCdroning time|Hariyama, F|82/100
|-damage|p1a: BKCdroning time|66/100|[from] Spikes
|move|p2a: Snorlax|Return|p1a: BKCdroning time
|-damage|p1a: BKCdroning time|29/100
|
|-weather|Sandstorm|[upkeep]
|-damage|p1a: BKCdroning time|23/100|[from] Sandstorm
|-damage|p2a: Snorlax|75/100|[from] Sandstorm
|-heal|p1a: BKCdroning time|29/100|[from] item: Leftovers
|-heal|p2a: Snorlax|81/100|[from] item: Leftovers
|upkeep
|turn|27
|c|+Fakes|laaaaaaaaaaaaaaaaaaaaaaaaaax cmon 
|
|t:|1730654505
|switch|p2a: Suicune|Suicune|87/100
|move|p1a: BKCdroning time|Brick Break|p2a: Suicune
|-damage|p2a: Suicune|67/100
|
|-weather|Sandstorm|[upkeep]
|-damage|p2a: Suicune|61/100|[from] Sandstorm
|-damage|p1a: BKCdroning time|23/100|[from] Sandstorm
|-heal|p1a: BKCdroning time|29/100|[from] item: Leftovers
|upkeep
|turn|28
|c|☆lax|..
|c|☆lax|stop yappin lmao
|c|☆lax|it's truly not my fault u got smoked by mind in classic 3-0
|c|☆lax|go somewhere else
|c|+Fakes|lets fucking go *-*
|inactive|lax has 270 seconds left.
|
|t:|1730654538
|switch|p1a: Blissey|Blissey, F|65/100
|-damage|p1a: Blissey|48/100|[from] Spikes
|move|p2a: Suicune|Surf|p1a: Blissey
|-damage|p1a: Blissey|35/100
|
|-weather|Sandstorm|[upkeep]
|-damage|p2a: Suicune|54/100|[from] Sandstorm
|-damage|p1a: Blissey|29/100|[from] Sandstorm
|-heal|p1a: Blissey|35/100|[from] item: Leftovers
|upkeep
|turn|29
|c|+Fakes|i wasnt 3-0d either 
|c|+Fakes|-.-
|
|t:|1730654544
|switch|p2a: Snorlax|Snorlax, M|81/100
|move|p1a: Blissey|Soft-Boiled|p1a: Blissey
|-heal|p1a: Blissey|85/100
|
|-weather|Sandstorm|[upkeep]
|-damage|p1a: Blissey|79/100|[from] Sandstorm
|-damage|p2a: Snorlax|75/100|[from] Sandstorm
|-heal|p1a: Blissey|85/100|[from] item: Leftovers
|-heal|p2a: Snorlax|81/100|[from] item: Leftovers
|upkeep
|turn|30
|c|☆lax|you were basically 3-0d lol
|c|☆lax|lost to someone with 1/30th of your experience
|
|t:|1730654554
|switch|p1a: Jirachi|Jirachi|47/100
|-damage|p1a: Jirachi|30/100|[from] Spikes
|move|p2a: Snorlax|Curse|p2a: Snorlax
|-unboost|p2a: Snorlax|spe|1
|-boost|p2a: Snorlax|atk|1
|-boost|p2a: Snorlax|def|1
|
|-weather|Sandstorm|[upkeep]
|-damage|p2a: Snorlax|75/100|[from] Sandstorm
|-heal|p1a: Jirachi|36/100|[from] item: Leftovers
|-heal|p2a: Snorlax|81/100|[from] item: Leftovers
|upkeep
|turn|31
|
|t:|1730654558
|move|p1a: Jirachi|Wish|p1a: Jirachi
|move|p2a: Snorlax|Curse|p2a: Snorlax
|-unboost|p2a: Snorlax|spe|1
|-boost|p2a: Snorlax|atk|1
|-boost|p2a: Snorlax|def|1
|
|-weather|Sandstorm|[upkeep]
|-damage|p2a: Snorlax|75/100|[from] Sandstorm
|-heal|p1a: Jirachi|43/100|[from] item: Leftovers
|-heal|p2a: Snorlax|81/100|[from] item: Leftovers
|upkeep
|turn|32
|
|t:|1730654562
|move|p1a: Jirachi|Fire Punch|p2a: Snorlax
|-crit|p2a: Snorlax
|-damage|p2a: Snorlax|72/100
|-status|p2a: Snorlax|brn
|move|p2a: Snorlax|Return|p1a: Jirachi
|-resisted|p1a: Jirachi
|-damage|p1a: Jirachi|30/100
|
|-heal|p1a: Jirachi|80/100|[from] move: Wish|[wisher] Jirachi
|-weather|Sandstorm|[upkeep]
|-damage|p2a: Snorlax|66/100 brn|[from] Sandstorm
|-heal|p1a: Jirachi|86/100|[from] item: Leftovers
|-heal|p2a: Snorlax|72/100 brn|[from] item: Leftovers
|-damage|p2a: Snorlax|60/100 brn|[from] brn
|upkeep
|turn|33
|
|t:|1730654570
|switch|p1a: Tyranitar|Tyranitar, M|75/100
|-damage|p1a: Tyranitar|58/100|[from] Spikes
|move|p2a: Snorlax|Rest|p2a: Snorlax
|-status|p2a: Snorlax|slp|[from] move: Rest
|-heal|p2a: Snorlax|100/100 slp|[silent]
|
|-weather|Sandstorm|[upkeep]
|-damage|p2a: Snorlax|94/100 slp|[from] Sandstorm
|-heal|p1a: Tyranitar|64/100|[from] item: Leftovers
|-heal|p2a: Snorlax|100/100 slp|[from] item: Leftovers
|upkeep
|turn|34
|
|t:|1730654574
|switch|p2a: Blissey|Blissey, F|76/100
|move|p1a: Tyranitar|Crunch|p2a: Blissey
|-damage|p2a: Blissey|62/100
|
|-weather|Sandstorm|[upkeep]
|-damage|p2a: Blissey|56/100|[from] Sandstorm
|-heal|p1a: Tyranitar|71/100|[from] item: Leftovers
|-heal|p2a: Blissey|62/100|[from] item: Leftovers
|upkeep
|turn|35
|c|+Fakes|yea nice supporting a pido 
|
|t:|1730654581
|switch|p1a: Jirachi|Jirachi|86/100
|-damage|p1a: Jirachi|69/100|[from] Spikes
|move|p2a: Blissey|Aromatherapy|p2a: Blissey
|-cureteam|p2a: Blissey|[from] move: Aromatherapy
|
|-weather|Sandstorm|[upkeep]
|-damage|p2a: Blissey|56/100|[from] Sandstorm
|-heal|p1a: Jirachi|75/100|[from] item: Leftovers
|-heal|p2a: Blissey|62/100|[from] item: Leftovers
|upkeep
|turn|36
|c|☆lax|you can't throw that word around
|c|☆lax|nice evasion of a word
|c|+Fakes|oh i can 
|c|+Fakes|u saw the screens
|inactive|lax has 270 seconds left.
|c|☆lax|yeah you can?
|c|☆lax|where's your proof
|
|t:|1730654635
|move|p1a: Jirachi|Wish|p1a: Jirachi
|move|p2a: Blissey|Thunder Wave|p1a: Jirachi
|-status|p1a: Jirachi|par
|
|-weather|Sandstorm|[upkeep]
|-damage|p2a: Blissey|56/100|[from] Sandstorm
|-heal|p2a: Blissey|62/100|[from] item: Leftovers
|-heal|p1a: Jirachi|82/100 par|[from] item: Leftovers
|upkeep
|turn|37
|c|+Fakes|dude the screens were posted in the discord you saw them 
|
|t:|1730654647
|move|p2a: Blissey|Soft-Boiled|p2a: Blissey
|-heal|p2a: Blissey|100/100
|move|p1a: Jirachi|Toxic|p2a: Blissey
|-status|p2a: Blissey|tox
|
|-heal|p1a: Jirachi|100/100 par|[from] move: Wish|[wisher] Jirachi
|-weather|Sandstorm|[upkeep]
|-damage|p2a: Blissey|94/100 tox|[from] Sandstorm
|-heal|p2a: Blissey|100/100 tox|[from] item: Leftovers
|-damage|p2a: Blissey|94/100 tox|[from] psn
|upkeep
|turn|38
|
|t:|1730654655
|-curestatus|p2a: Blissey|tox|[from] ability: Natural Cure
|switch|p2a: Suicune|Suicune|54/100
|cant|p1a: Jirachi|par
|
|-weather|Sandstorm|[upkeep]
|-damage|p2a: Suicune|48/100|[from] Sandstorm
|upkeep
|turn|39
|c|~Finchinator|/log Fakes was muted by Finchinator for 7 minutes. (don't filter evade. if you have a report, send it to staff)
|c|☆lax|lmao racism has been defeated
|c|☆lax|bye fakes
|inactive|lax has 240 seconds left.
|
|t:|1730654687
|move|p1a: Jirachi|Toxic|p2a: Suicune
|-status|p2a: Suicune|tox
|move|p2a: Suicune|Roar|p1a: Jirachi
|drag|p1a: Blissey|Blissey, F|85/100
|-damage|p1a: Blissey|68/100|[from] Spikes
|
|-weather|Sandstorm|[upkeep]
|-damage|p2a: Suicune|42/100 tox|[from] Sandstorm
|-damage|p1a: Blissey|62/100|[from] Sandstorm
|-damage|p2a: Suicune|36/100 tox|[from] psn
|-heal|p1a: Blissey|68/100|[from] item: Leftovers
|upkeep
|turn|40
|c|~Finchinator|you dudes should just ignore each other 
|
|t:|1730654697
|move|p2a: Suicune|Rest|p2a: Suicune
|-status|p2a: Suicune|slp|[from] move: Rest
|-heal|p2a: Suicune|100/100 slp|[silent]
|move|p1a: Blissey|Seismic Toss|p2a: Suicune
|-damage|p2a: Suicune|76/100 slp
|
|-weather|Sandstorm|[upkeep]
|-damage|p2a: Suicune|70/100 slp|[from] Sandstorm
|-damage|p1a: Blissey|62/100|[from] Sandstorm
|-heal|p1a: Blissey|68/100|[from] item: Leftovers
|upkeep
|turn|41
|c|~Finchinator|it is not worth either of your time
|c|☆lax|my bad
|c|☆lax|he's really upset he got 3-0d by mind
|
|t:|1730654709
|switch|p2a: Snorlax|Snorlax, M|100/100
|switch|p1a: Jirachi|Jirachi|100/100 par
|-damage|p1a: Jirachi|84/100 par|[from] Spikes
|
|-weather|Sandstorm|[upkeep]
|-damage|p2a: Snorlax|94/100|[from] Sandstorm
|-heal|p2a: Snorlax|100/100|[from] item: Leftovers
|-heal|p1a: Jirachi|90/100 par|[from] item: Leftovers
|upkeep
|turn|42
|
|t:|1730654716
|switch|p2a: Blissey|Blissey, F|94/100
|move|p1a: Jirachi|Wish|p1a: Jirachi
|
|-weather|Sandstorm|[upkeep]
|-damage|p2a: Blissey|88/100|[from] Sandstorm
|-heal|p2a: Blissey|94/100|[from] item: Leftovers
|-heal|p1a: Jirachi|96/100 par|[from] item: Leftovers
|upkeep
|turn|43
|
|t:|1730654720
|move|p2a: Blissey|Aromatherapy|p2a: Blissey
|-cureteam|p2a: Blissey|[from] move: Aromatherapy
|move|p1a: Jirachi|Toxic|p2a: Blissey
|-status|p2a: Blissey|tox
|
|-heal|p1a: Jirachi|100/100 par|[from] move: Wish|[wisher] Jirachi
|-weather|Sandstorm|[upkeep]
|-damage|p2a: Blissey|88/100 tox|[from] Sandstorm
|-heal|p2a: Blissey|94/100 tox|[from] item: Leftovers
|-damage|p2a: Blissey|88/100 tox|[from] psn
|upkeep
|turn|44
|
|t:|1730654726
|move|p2a: Blissey|Aromatherapy|p2a: Blissey
|-cureteam|p2a: Blissey|[from] move: Aromatherapy
|cant|p1a: Jirachi|par
|
|-weather|Sandstorm|[upkeep]
|-damage|p2a: Blissey|82/100|[from] Sandstorm
|-heal|p2a: Blissey|88/100|[from] item: Leftovers
|upkeep
|turn|45
|
|t:|1730654730
|move|p2a: Blissey|Seismic Toss|p1a: Jirachi
|-damage|p1a: Jirachi|76/100 par
|move|p1a: Jirachi|Wish|p1a: Jirachi
|
|-weather|Sandstorm|[upkeep]
|-damage|p2a: Blissey|82/100|[from] Sandstorm
|-heal|p2a: Blissey|88/100|[from] item: Leftovers
|-heal|p1a: Jirachi|82/100 par|[from] item: Leftovers
|upkeep
|turn|46
|
|t:|1730654735
|move|p2a: Blissey|Seismic Toss|p1a: Jirachi
|-damage|p1a: Jirachi|57/100 par
|move|p1a: Jirachi|Toxic|p2a: Blissey
|-status|p2a: Blissey|tox
|
|-heal|p1a: Jirachi|100/100 par|[from] move: Wish|[wisher] Jirachi
|-weather|Sandstorm|[upkeep]
|-damage|p2a: Blissey|82/100 tox|[from] Sandstorm
|-heal|p2a: Blissey|88/100 tox|[from] item: Leftovers
|-damage|p2a: Blissey|82/100 tox|[from] psn
|upkeep
|turn|47
|inactive|lax has 270 seconds left.
|
|t:|1730654778
|-curestatus|p2a: Blissey|tox|[from] ability: Natural Cure
|switch|p2a: Suicune|Suicune|70/100
|move|p1a: Jirachi|Wish|p1a: Jirachi
|
|-weather|Sandstorm|[upkeep]
|-damage|p2a: Suicune|63/100|[from] Sandstorm
|upkeep
|turn|48
|
|t:|1730654796
|move|p2a: Suicune|Calm Mind|p2a: Suicune
|-boost|p2a: Suicune|spa|1
|-boost|p2a: Suicune|spd|1
|cant|p1a: Jirachi|par
|
|-weather|Sandstorm|[upkeep]
|-damage|p2a: Suicune|57/100|[from] Sandstorm
|upkeep
|turn|49
|
|t:|1730654801
|move|p2a: Suicune|Surf|p1a: Jirachi
|-damage|p1a: Jirachi|64/100 par
|move|p1a: Jirachi|Toxic|p2a: Suicune|[miss]
|-miss|p1a: Jirachi|p2a: Suicune
|
|-weather|Sandstorm|[upkeep]
|-damage|p2a: Suicune|51/100|[from] Sandstorm
|-heal|p1a: Jirachi|70/100 par|[from] item: Leftovers
|upkeep
|turn|50
|
|t:|1730654804
|move|p2a: Suicune|Surf|p1a: Jirachi
|-damage|p1a: Jirachi|32/100 par
|move|p1a: Jirachi|Toxic|p2a: Suicune
|-status|p2a: Suicune|tox
|
|-weather|Sandstorm|[upkeep]
|-damage|p2a: Suicune|45/100 tox|[from] Sandstorm
|-damage|p2a: Suicune|39/100 tox|[from] psn
|-heal|p1a: Jirachi|38/100 par|[from] item: Leftovers
|upkeep
|turn|51
|
|t:|1730654811
|move|p2a: Suicune|Surf|p1a: Jirachi
|-damage|p1a: Jirachi|1/100 par
|move|p1a: Jirachi|Wish|p1a: Jirachi
|
|-weather|Sandstorm|[upkeep]
|-damage|p2a: Suicune|32/100 tox|[from] Sandstorm
|-damage|p2a: Suicune|20/100 tox|[from] psn
|-heal|p1a: Jirachi|7/100 par|[from] item: Leftovers
|upkeep
|turn|52
|
|t:|1730654820
|move|p2a: Suicune|Surf|p1a: Jirachi
|-damage|p1a: Jirachi|0 fnt
|faint|p1a: Jirachi
|
|t:|1730654822
|switch|p1a: BKCdroning time|Hariyama, F|29/100
|-damage|p1a: BKCdroning time|13/100|[from] Spikes
|
|-heal|p1a: BKCdroning time|63/100|[from] move: Wish|[wisher] Jirachi
|-weather|Sandstorm|[upkeep]
|-damage|p2a: Suicune|14/100 tox|[from] Sandstorm
|-damage|p1a: BKCdroning time|57/100|[from] Sandstorm
|-damage|p2a: Suicune|0 fnt|[from] psn
|faint|p2a: Suicune
|-heal|p1a: BKCdroning time|63/100|[from] item: Leftovers
|upkeep
|
|t:|1730654826
|switch|p2a: Blissey|Blissey, F|82/100
|turn|53
|
|t:|1730654833
|move|p2a: Blissey|Thunder Wave|p1a: BKCdroning time
|-status|p1a: BKCdroning time|par
|move|p1a: BKCdroning time|Brick Break|p2a: Blissey
|-supereffective|p2a: Blissey
|-damage|p2a: Blissey|0 fnt
|faint|p2a: Blissey
|
|t:|1730654835
|switch|p2a: Snorlax|Snorlax, M|100/100
|
|-weather|Sandstorm|[upkeep]
|-damage|p2a: Snorlax|94/100|[from] Sandstorm
|-damage|p1a: BKCdroning time|57/100 par|[from] Sandstorm
|-heal|p2a: Snorlax|100/100|[from] item: Leftovers
|-heal|p1a: BKCdroning time|63/100 par|[from] item: Leftovers
|upkeep
|turn|54
|inactive|lax has 270 seconds left.
|
|t:|1730654884
|move|p2a: Snorlax|Curse|p2a: Snorlax
|-unboost|p2a: Snorlax|spe|1
|-boost|p2a: Snorlax|atk|1
|-boost|p2a: Snorlax|def|1
|move|p1a: BKCdroning time|Brick Break|p2a: Snorlax
|-supereffective|p2a: Snorlax
|-damage|p2a: Snorlax|44/100
|
|-weather|Sandstorm|[upkeep]
|-damage|p2a: Snorlax|38/100|[from] Sandstorm
|-damage|p1a: BKCdroning time|57/100 par|[from] Sandstorm
|-heal|p2a: Snorlax|44/100|[from] item: Leftovers
|-heal|p1a: BKCdroning time|63/100 par|[from] item: Leftovers
|upkeep
|turn|55
|
|t:|1730654888
|switch|p1a: Salamence|Salamence, M|100/100
|-ability|p1a: Salamence|Intimidate|boost
|-unboost|p2a: Snorlax|atk|1
|move|p2a: Snorlax|Return|p1a: Salamence
|-damage|p1a: Salamence|54/100
|
|-weather|Sandstorm|[upkeep]
|-damage|p1a: Salamence|48/100|[from] Sandstorm
|-damage|p2a: Snorlax|38/100|[from] Sandstorm
|-heal|p1a: Salamence|54/100|[from] item: Leftovers
|-heal|p2a: Snorlax|44/100|[from] item: Leftovers
|upkeep
|turn|56
|
|t:|1730654893
|move|p1a: Salamence|Dragon Claw|p2a: Snorlax
|-damage|p2a: Snorlax|23/100
|move|p2a: Snorlax|Rest|p2a: Snorlax
|-status|p2a: Snorlax|slp|[from] move: Rest
|-heal|p2a: Snorlax|100/100 slp|[silent]
|
|-weather|Sandstorm|[upkeep]
|-damage|p1a: Salamence|48/100|[from] Sandstorm
|-damage|p2a: Snorlax|94/100 slp|[from] Sandstorm
|-heal|p1a: Salamence|54/100|[from] item: Leftovers
|-heal|p2a: Snorlax|100/100 slp|[from] item: Leftovers
|upkeep
|turn|57
|
|t:|1730654896
|switch|p1a: BKCdroning time|Hariyama, F|63/100 par
|-damage|p1a: BKCdroning time|46/100 par|[from] Spikes
|cant|p2a: Snorlax|slp
|
|-weather|Sandstorm|[upkeep]
|-damage|p2a: Snorlax|94/100 slp|[from] Sandstorm
|-damage|p1a: BKCdroning time|40/100 par|[from] Sandstorm
|-heal|p2a: Snorlax|100/100 slp|[from] item: Leftovers
|-heal|p1a: BKCdroning time|46/100 par|[from] item: Leftovers
|upkeep
|turn|58
|
|t:|1730654897
|-singleturn|p1a: BKCdroning time|move: Focus Punch
|cant|p2a: Snorlax|slp
|move|p1a: BKCdroning time|Focus Punch|p2a: Snorlax
|-supereffective|p2a: Snorlax
|-damage|p2a: Snorlax|0 fnt
|faint|p2a: Snorlax
|
|win|no more bad dreams
|c|☆lax|gg
|c|☆no more bad dreams|gg

</script>
<script type="application/json" class="data" id="replaydata-smogtours-gen3ou-804413">
{"id":"smogtours-gen3ou-804413","format":"[Gen 3] OU","players":["no more bad dreams","lax"],"uploadtime":1730654897,"views":72,"formatid":"gen3ou","rating":null,"private":0,"password":null}
</script>

<script defer src="js/replays.js?9d40a366"></script>
