<!DOCTYPE html>
<meta charset="utf-8" />
<meta name="viewport" content="width=device-width" />

<title>[Gen 3] OU: moistmania vs. brotha dog - Replays - Pok&eacute;mon Showdown!</title>

<meta name="description" content="Watch a replay of a Pok&eacute;mon battle between moistmania and brotha dog! Format: [Gen 3] OU; Date: Oct 13, 2024" />
<!--

Hey, you! Looking in the source for the replay log?

You can find them in JSON format, just add `.json` at the end of a replay URL.

https://replay.pokemonshowdown.com/gen7randomdoublesbattle-865046831.json

Or, if you only need the log itself, add `.log` instead:

https://replay.pokemonshowdown.com/gen7randomdoublesbattle-865046831.log

-->

<link rel="stylesheet" href="//pokemonshowdown.com/style/global.css?0.767286132409787" />
<link rel="stylesheet" href="//play.pokemonshowdown.com/style/font-awesome.css?0.9266228007934947" />
<link rel="stylesheet" href="//play.pokemonshowdown.com/style/battle.css?0.7924700842790926" />
<link rel="stylesheet" href="//play.pokemonshowdown.com/style/utilichart.css?0.8777417872839479" />

<!-- Global site tag (gtag.js) - Google Analytics -->
<script async src="https://www.googletagmanager.com/gtag/js?id=UA-26211653-1"></script>
<script>
  window.dataLayer = window.dataLayer || [];
  function gtag(){dataLayer.push(arguments);}
  gtag('js', new Date());

  gtag('config', 'UA-26211653-1');
</script>
<!-- End Google Analytics -->
<!-- Venatus Ad Manager - Install in <HEAD> of page -->
	<script src="https://hb.vntsm.com/v3/live/ad-manager.min.js" type="text/javascript" data-site-id="642aba63ec9a7b11c3c9c1be" data-mode="scan" async></script>
<!-- / Venatus Ad Manager -->

<style>
	@media (max-width:820px) {
		.battle {
			margin: 0 auto;
		}
		.battle-log {
			margin: 7px auto 0;
			max-width: 640px;
			height: 300px;
			position: static;
		}
	}
	.optgroup {
		display: inline-block;
		line-height: 22px;
		font-size: 10pt;
	}
	.optgroup .button {
		height: 25px;
		padding-top: 0;
		padding-bottom: 0;
	}
	.optgroup button.button {
		padding-left: 12px;
		padding-right: 12px;
	}
	.linklist {
		list-style: none;
		margin: 0.5em 0;
		padding: 0;
	}
	.linklist li {
		padding: 2px 0;
	}
	.sidebar {
		float: left;
		width: 320px;
	}
	.bar-wrapper {
		max-width: 1100px;
		margin: 0 auto;
	}
	.bar-wrapper.has-sidebar {
		max-width: 1430px;
	}
	.mainbar {
		margin: 0;
		padding-right: 1px;
	}
	.mainbar.has-sidebar {
		margin-left: 330px;
	}
	@media (min-width: 1511px) {
		.sidebar {
			width: 400px;
		}
		.bar-wrapper.has-sidebar {
			max-width: 1510px;
		}
		.mainbar.has-sidebar {
			margin-left: 410px;
		}
	}
	.section.first-section {
		margin-top: 9px;
	}
	.blocklink small {
		white-space: normal;
	}
	.button {
		vertical-align: middle;
	}
	.replay-controls {
		padding-top: 10px;
	}
	.replay-controls h1 {
		font-size: 16pt;
		font-weight: normal;
		color: #CCC;
	}
	.pagelink {
		text-align: center;
	}
	.pagelink a {
		width: 150px;
	}
	.textbox, .button {
		font-size: 11pt;
		vertical-align: middle;
	}
	@media (max-width: 450px) {
		.button {
			font-size: 9pt;
		}
	}
</style>

<div>

	<header>
		<div class="nav-wrapper"><ul class="nav">
			<li><a class="button nav-first" href="//pokemonshowdown.com/"><img src="//pokemonshowdown.com/images/pokemonshowdownbeta.png" srcset="//pokemonshowdown.com/images/pokemonshowdownbeta.png 1x, //pokemonshowdown.com/images/pokemonshowdownbeta@2x.png 2x" alt="Pok&eacute;mon Showdown" width="146" height="44" /> Home</a></li>
			<li><a class="button" href="//pokemonshowdown.com/dex/">Pok&eacute;dex</a></li>
			<li><a class="button cur" href="/">Replays</a></li>
			<li><a class="button" href="//pokemonshowdown.com/ladder/">Ladder</a></li>
			<li><a class="button nav-last" href="//pokemonshowdown.com/forums/">Forum</a></li>
			<li><a class="button greenbutton nav-first nav-last" href="//play.pokemonshowdown.com/">Play</a></li>
		</ul></div>
	</header>

	<div class="main" id="main">

		<noscript><section class="section">You need to enable JavaScript to use this page; sorry!</section></noscript>

	</div>

</div>

<script defer nomodule src="//play.pokemonshowdown.com/js/lib/ps-polyfill.js"></script>
<script defer src="//play.pokemonshowdown.com/js/lib/preact.min.js"></script>

<script defer src="//play.pokemonshowdown.com/config/config.js?6dec07f6"></script>
<script defer src="//play.pokemonshowdown.com/js/lib/jquery-1.11.0.min.js"></script>
<script defer src="//play.pokemonshowdown.com/js/lib/html-sanitizer-minified.js"></script>
<script defer src="//play.pokemonshowdown.com/js/battle-sound.js"></script>
<script defer src="//play.pokemonshowdown.com/js/battledata.js?0.6315294753075389"></script>
<script defer src="//play.pokemonshowdown.com/data/pokedex-mini.js?0.7603743185311358"></script>
<script defer src="//play.pokemonshowdown.com/data/pokedex-mini-bw.js?0.030888842834281283"></script>
<script defer src="//play.pokemonshowdown.com/data/graphics.js?0.05593094747507488"></script>
<script defer src="//play.pokemonshowdown.com/data/pokedex.js?0.47064822249611904"></script>
<script defer src="//play.pokemonshowdown.com/data/moves.js?0.8583693120512459"></script>
<script defer src="//play.pokemonshowdown.com/data/abilities.js?0.16017181182386842"></script>
<script defer src="//play.pokemonshowdown.com/data/items.js?0.4163379185673943"></script>
<script defer src="//play.pokemonshowdown.com/data/teambuilder-tables.js?0.31075597372830477"></script>
<script defer src="//play.pokemonshowdown.com/js/battle-tooltips.js?0.6536193500708172"></script>
<script defer src="//play.pokemonshowdown.com/js/battle.js?0.1916591943277901"></script>

<script defer src="js/utils.js?e31f9a17"></script>
<script defer src="js/replays-battle.js?7008c182"></script>

<!-- don't scrape this data! just add .json or .log after the URL!
Full API docs: https://github.com/smogon/pokemon-showdown-client/blob/master/WEB-API.md -->
<script type="text/plain" class="log" id="replaylog-smogtours-gen3ou-798522">
|inactive|Battle timer is ON: inactive players will automatically lose when time's up.
|t:|1728862203
|gametype|singles
|player|p1|moistmania|backersf|
|player|p2|brotha dog|cynthia-masters|
|teamsize|p1|6
|teamsize|p2|6
|gen|3
|tier|[Gen 3] OU
|rule|Sleep Clause Mod: Limit one foe put to sleep
|rule|Switch Priority Clause Mod: Faster Pokémon switch first
|rule|Species Clause: Limit one of each Pokémon
|rule|OHKO Clause: OHKO moves are banned
|rule|Evasion Items Clause: Evasion items are banned
|rule|Evasion Moves Clause: Evasion moves are banned
|rule|Endless Battle Clause: Forcing endless battles is banned
|rule|HP Percentage Mod: HP is shown in percentages
|rule|One Boost Passer Clause: Limit one Baton Passer that has a way to boost its stats
|rule|Freeze Clause Mod: Limit one foe frozen
|
|t:|1728862203
|start
|switch|p1a: Hariyama|Hariyama, F|100/100
|switch|p2a: Metagross|Metagross|100/100
|turn|1
|inactive|brotha dog also wants the timer to be on.
|
|t:|1728862230
|switch|p1a: Skarmory|Skarmory, M|100/100
|move|p2a: Metagross|Meteor Mash|p1a: Skarmory
|-resisted|p1a: Skarmory
|-damage|p1a: Skarmory|80/100
|-boost|p2a: Metagross|atk|1
|
|-heal|p1a: Skarmory|86/100|[from] item: Leftovers
|upkeep
|turn|2
|
|t:|1728862242
|switch|p2a: Magneton|Magneton|100/100
|move|p1a: Skarmory|Protect||[still]
|-fail|p1a: Skarmory
|
|-heal|p1a: Skarmory|92/100|[from] item: Leftovers
|upkeep
|turn|3
|
|t:|1728862246
|move|p1a: Skarmory|Protect|p1a: Skarmory
|-singleturn|p1a: Skarmory|Protect
|move|p2a: Magneton|Thunderbolt|p1a: Skarmory
|-activate|p1a: Skarmory|Protect
|
|-heal|p1a: Skarmory|98/100|[from] item: Leftovers
|upkeep
|turn|4
|
|t:|1728862247
|move|p2a: Magneton|Thunderbolt|p1a: Skarmory
|-supereffective|p1a: Skarmory
|-damage|p1a: Skarmory|0 fnt
|faint|p1a: Skarmory
|
|t:|1728862257
|switch|p1a: Hariyama|Hariyama, F|100/100
|
|upkeep
|turn|5
|
|t:|1728862263
|switch|p2a: Celebi|Celebi|100/100
|move|p1a: Hariyama|Brick Break|p2a: Celebi
|-resisted|p2a: Celebi
|-damage|p2a: Celebi|82/100
|
|-heal|p2a: Celebi|89/100|[from] item: Leftovers
|upkeep
|turn|6
|inactive|moistmania has 270 seconds left.
|
|t:|1728862313
|switch|p1a: Jirachi|Jirachi|100/100
|move|p2a: Celebi|Swords Dance|p2a: Celebi
|-boost|p2a: Celebi|atk|2
|
|-heal|p2a: Celebi|95/100|[from] item: Leftovers
|upkeep
|turn|7
|
|t:|1728862327
|move|p2a: Celebi|Baton Pass|p2a: Celebi
|
|t:|1728862335
|switch|p2a: Snorlax|Snorlax, F|100/100|[from] Baton Pass
|move|p1a: Jirachi|Body Slam|p2a: Snorlax
|-damage|p2a: Snorlax|85/100
|
|-heal|p2a: Snorlax|92/100|[from] item: Leftovers
|upkeep
|turn|8
|inactive|moistmania has 240 seconds left.
|inactive|moistmania has 210 seconds left.
|
|t:|1728862394
|switch|p1a: Hariyama|Hariyama, F|100/100
|move|p2a: Snorlax|Curse|p2a: Snorlax
|-unboost|p2a: Snorlax|spe|1
|-boost|p2a: Snorlax|atk|1
|-boost|p2a: Snorlax|def|1
|
|-heal|p2a: Snorlax|98/100|[from] item: Leftovers
|upkeep
|turn|9
|
|t:|1728862401
|move|p1a: Hariyama|Brick Break|p2a: Snorlax
|-supereffective|p2a: Snorlax
|-damage|p2a: Snorlax|51/100
|move|p2a: Snorlax|Double-Edge|p1a: Hariyama
|-damage|p1a: Hariyama|0 fnt
|-damage|p2a: Snorlax|21/100|[from] Recoil|[of] p1a: Hariyama
|faint|p1a: Hariyama
|inactive|moistmania has 210 seconds left.
|
|t:|1728862422
|switch|p1a: Aerodactyl|Aerodactyl, M|100/100
|
|-heal|p2a: Snorlax|27/100|[from] item: Leftovers
|upkeep
|turn|10
|
|t:|1728862438
|switch|p2a: Metagross|Metagross|100/100
|move|p1a: Aerodactyl|Earthquake|p2a: Metagross
|-supereffective|p2a: Metagross
|-damage|p2a: Metagross|29/100
|
|-heal|p2a: Metagross|35/100|[from] item: Leftovers
|upkeep
|turn|11
|
|t:|1728862453
|switch|p1a: Jirachi|Jirachi|100/100
|switch|p2a: Salamence|Salamence, F|100/100
|-ability|p2a: Salamence|Intimidate|boost
|-unboost|p1a: Jirachi|atk|1
|
|upkeep
|turn|12
|inactive|moistmania has 180 seconds left.
|
|t:|1728862484
|switch|p2a: Magneton|Magneton|100/100
|switch|p1a: Starmie|Starmie|100/100
|
|upkeep
|turn|13
|inactive|moistmania has 180 seconds left.
|
|t:|1728862514
|switch|p1a: Celebi|Celebi|100/100
|move|p2a: Magneton|Thunderbolt|p1a: Celebi
|-resisted|p1a: Celebi
|-damage|p1a: Celebi|78/100
|-status|p1a: Celebi|par
|
|-heal|p1a: Celebi|84/100 par|[from] item: Leftovers
|upkeep
|turn|14
|
|t:|1728862531
|switch|p2a: Celebi|Celebi|95/100
|-curestatus|p1a: Celebi|par|[from] ability: Natural Cure
|switch|p1a: Starmie|Starmie|100/100
|
|-heal|p2a: Celebi|100/100|[from] item: Leftovers
|upkeep
|turn|15
|inactive|moistmania has 150 seconds left.
|
|t:|1728862561
|switch|p1a: Celebi|Celebi|84/100
|move|p2a: Celebi|Swords Dance|p2a: Celebi
|-boost|p2a: Celebi|atk|2
|
|-heal|p1a: Celebi|91/100|[from] item: Leftovers
|upkeep
|turn|16
|
|t:|1728862582
|move|p2a: Celebi|Swords Dance|p2a: Celebi
|-boost|p2a: Celebi|atk|2
|move|p1a: Celebi|Substitute|p1a: Celebi
|-start|p1a: Celebi|Substitute
|-damage|p1a: Celebi|66/100
|
|-heal|p1a: Celebi|72/100|[from] item: Leftovers
|upkeep
|turn|17
|
|t:|1728862586
|move|p2a: Celebi|Hidden Power|p1a: Celebi
|-end|p1a: Celebi|Substitute
|move|p1a: Celebi|Baton Pass|p1a: Celebi
|
|t:|1728862594
|switch|p1a: Aerodactyl|Aerodactyl, M|100/100|[from] Baton Pass
|
|upkeep
|turn|18
|
|t:|1728862598
|move|p1a: Aerodactyl|Hidden Power|p2a: Celebi
|-supereffective|p2a: Celebi
|-crit|p2a: Celebi
|-damage|p2a: Celebi|0 fnt
|faint|p2a: Celebi
|
|t:|1728862617
|switch|p2a: Magneton|Magneton|100/100
|
|upkeep
|turn|19
|inactive|moistmania has 180 seconds left.
|
|t:|1728862625
|switch|p1a: Celebi|Celebi|72/100
|move|p2a: Magneton|Hidden Power|p1a: Celebi
|-supereffective|p1a: Celebi
|-damage|p1a: Celebi|29/100
|
|-heal|p1a: Celebi|35/100|[from] item: Leftovers
|upkeep
|turn|20
|
|t:|1728862633
|move|p1a: Celebi|Recover|p1a: Celebi
|-heal|p1a: Celebi|85/100
|move|p2a: Magneton|Hidden Power|p1a: Celebi
|-supereffective|p1a: Celebi
|-damage|p1a: Celebi|48/100
|
|-heal|p1a: Celebi|54/100|[from] item: Leftovers
|upkeep
|turn|21
|
|t:|1728862642
|switch|p2a: Salamence|Salamence, F|100/100
|-ability|p2a: Salamence|Intimidate|boost
|-unboost|p1a: Celebi|atk|1
|move|p1a: Celebi|Leech Seed|p2a: Salamence|[miss]
|-miss|p1a: Celebi|p2a: Salamence
|
|-heal|p1a: Celebi|60/100|[from] item: Leftovers
|upkeep
|turn|22
|inactive|brotha dog has 270 seconds left.
|
|t:|1728862693
|switch|p1a: Starmie|Starmie|100/100
|move|p2a: Salamence|Hidden Power|p1a: Starmie
|-damage|p1a: Starmie|55/100
|
|-heal|p1a: Starmie|61/100|[from] item: Leftovers
|upkeep
|turn|23
|inactive|moistmania has 180 seconds left.
|inactive|brotha dog has 240 seconds left.
|
|t:|1728862729
|switch|p2a: Snorlax|Snorlax, F|27/100
|move|p1a: Starmie|Thunder Wave|p2a: Snorlax
|-status|p2a: Snorlax|par
|
|-heal|p1a: Starmie|67/100|[from] item: Leftovers
|-heal|p2a: Snorlax|33/100 par|[from] item: Leftovers
|upkeep
|turn|24
|inactive|brotha dog has 240 seconds left.
|inactive|moistmania has 150 seconds left.
|
|t:|1728862757
|move|p1a: Starmie|Surf|p2a: Snorlax
|-crit|p2a: Snorlax
|-damage|p2a: Snorlax|0 fnt
|faint|p2a: Snorlax
|
|t:|1728862768
|switch|p2a: Magneton|Magneton|100/100
|
|-heal|p1a: Starmie|73/100|[from] item: Leftovers
|upkeep
|turn|25
|inactive|moistmania has 150 seconds left.
|
|t:|1728862804
|switch|p1a: Celebi|Celebi|60/100
|move|p2a: Magneton|Thunder Wave|p1a: Celebi
|-status|p1a: Celebi|par
|
|-heal|p1a: Celebi|67/100 par|[from] item: Leftovers
|upkeep
|turn|26
|inactive|moistmania has 120 seconds left.
|inactive|brotha dog has 240 seconds left.
|
|t:|1728862840
|-curestatus|p1a: Celebi|par|[from] ability: Natural Cure
|switch|p1a: Starmie|Starmie|73/100
|move|p2a: Magneton|Thunderbolt|p1a: Starmie
|-supereffective|p1a: Starmie
|-damage|p1a: Starmie|0 fnt
|faint|p1a: Starmie
|
|t:|1728862845
|switch|p1a: Celebi|Celebi|67/100
|
|-heal|p1a: Celebi|73/100|[from] item: Leftovers
|upkeep
|turn|27
|inactive|brotha dog has 240 seconds left.
|inactive|moistmania has 90 seconds left.
|
|t:|1728862869
|move|p1a: Celebi|Substitute|p1a: Celebi
|-start|p1a: Celebi|Substitute
|-damage|p1a: Celebi|48/100
|move|p2a: Magneton|Hidden Power|p1a: Celebi
|-supereffective|p1a: Celebi
|-end|p1a: Celebi|Substitute
|
|-heal|p1a: Celebi|54/100|[from] item: Leftovers
|upkeep
|turn|28
|inactive|brotha dog has 240 seconds left.
|
|t:|1728862898
|move|p1a: Celebi|Baton Pass|p1a: Celebi
|
|t:|1728862903
|switch|p1a: Aerodactyl|Aerodactyl, M|100/100|[from] Baton Pass
|move|p2a: Magneton|Thunder Wave|p1a: Aerodactyl
|-status|p1a: Aerodactyl|par
|
|upkeep
|turn|29
|
|t:|1728862911
|move|p2a: Magneton|Thunderbolt|p1a: Aerodactyl
|-supereffective|p1a: Aerodactyl
|-damage|p1a: Aerodactyl|0 fnt
|faint|p1a: Aerodactyl
|
|t:|1728862915
|switch|p1a: Celebi|Celebi|54/100
|
|-heal|p1a: Celebi|60/100|[from] item: Leftovers
|upkeep
|turn|30
|
|t:|1728862920
|move|p1a: Celebi|Substitute|p1a: Celebi
|-start|p1a: Celebi|Substitute
|-damage|p1a: Celebi|35/100
|move|p2a: Magneton|Hidden Power|p1a: Celebi
|-supereffective|p1a: Celebi
|-end|p1a: Celebi|Substitute
|
|-heal|p1a: Celebi|41/100|[from] item: Leftovers
|upkeep
|turn|31
|
|t:|1728862925
|move|p1a: Celebi|Substitute|p1a: Celebi
|-start|p1a: Celebi|Substitute
|-damage|p1a: Celebi|16/100
|move|p2a: Magneton|Thunder Wave||[still]
|-fail|p2a: Magneton
|
|-heal|p1a: Celebi|23/100|[from] item: Leftovers
|upkeep
|turn|32
|
|t:|1728862928
|move|p1a: Celebi|Leech Seed|p2a: Magneton
|-start|p2a: Magneton|move: Leech Seed
|move|p2a: Magneton|Hidden Power|p1a: Celebi
|-supereffective|p1a: Celebi
|-end|p1a: Celebi|Substitute
|
|-heal|p1a: Celebi|29/100|[from] item: Leftovers
|-damage|p2a: Magneton|88/100|[from] Leech Seed|[of] p1a: Celebi
|-heal|p1a: Celebi|36/100|[silent]
|upkeep
|turn|33
|
|t:|1728862935
|switch|p2a: Salamence|Salamence, F|100/100
|-ability|p2a: Salamence|Intimidate|boost
|-unboost|p1a: Celebi|atk|1
|move|p1a: Celebi|Recover|p1a: Celebi
|-heal|p1a: Celebi|86/100
|
|-heal|p1a: Celebi|92/100|[from] item: Leftovers
|upkeep
|turn|34
|inactive|brotha dog has 270 seconds left.
|
|t:|1728862953
|switch|p1a: Jirachi|Jirachi|100/100
|move|p2a: Salamence|Hidden Power|p1a: Jirachi
|-resisted|p1a: Jirachi
|-damage|p1a: Jirachi|83/100
|
|-heal|p1a: Jirachi|89/100|[from] item: Leftovers
|upkeep
|turn|35
|inactive|moistmania has 150 seconds left.
|inactive|brotha dog has 270 seconds left.
|
|t:|1728862969
|switch|p2a: Metagross|Metagross|35/100
|move|p1a: Jirachi|Body Slam|p2a: Metagross
|-resisted|p2a: Metagross
|-damage|p2a: Metagross|28/100
|-status|p2a: Metagross|par
|
|-heal|p1a: Jirachi|95/100|[from] item: Leftovers
|-heal|p2a: Metagross|34/100 par|[from] item: Leftovers
|upkeep
|turn|36
|inactive|brotha dog has 270 seconds left.
|
|t:|1728862976
|move|p1a: Jirachi|Fire Punch|p2a: Metagross
|-supereffective|p2a: Metagross
|-damage|p2a: Metagross|0 fnt
|faint|p2a: Metagross
|
|t:|1728862978
|switch|p2a: Magneton|Magneton|88/100
|
|-heal|p1a: Jirachi|100/100|[from] item: Leftovers
|upkeep
|turn|37
|
|t:|1728862987
|move|p2a: Magneton|Thunder Wave|p1a: Jirachi
|-status|p1a: Jirachi|par
|move|p1a: Jirachi|Fire Punch|p2a: Magneton
|-supereffective|p2a: Magneton
|-damage|p2a: Magneton|19/100
|
|upkeep
|turn|38
|
|t:|1728863000
|move|p2a: Magneton|Thunderbolt|p1a: Jirachi
|-damage|p1a: Jirachi|65/100 par
|move|p1a: Jirachi|Fire Punch|p2a: Magneton
|-supereffective|p2a: Magneton
|-damage|p2a: Magneton|0 fnt
|faint|p2a: Magneton
|inactive|brotha dog has 270 seconds left.
|
|t:|1728863025
|switch|p2a: Salamence|Salamence, F|100/100
|-ability|p2a: Salamence|Intimidate|boost
|-unboost|p1a: Jirachi|atk|1
|
|-heal|p1a: Jirachi|71/100 par|[from] item: Leftovers
|upkeep
|turn|39
|
|t:|1728863029
|move|p2a: Salamence|Earthquake|p1a: Jirachi
|-supereffective|p1a: Jirachi
|-damage|p1a: Jirachi|13/100 par
|move|p1a: Jirachi|Body Slam|p2a: Salamence
|-damage|p2a: Salamence|84/100
|-status|p2a: Salamence|par
|
|-heal|p2a: Salamence|91/100 par|[from] item: Leftovers
|-heal|p1a: Jirachi|20/100 par|[from] item: Leftovers
|upkeep
|turn|40
|
|t:|1728863037
|cant|p2a: Salamence|par
|move|p1a: Jirachi|Wish|p1a: Jirachi
|
|-heal|p2a: Salamence|97/100 par|[from] item: Leftovers
|-heal|p1a: Jirachi|26/100 par|[from] item: Leftovers
|upkeep
|turn|41
|
|t:|1728863044
|switch|p1a: Celebi|Celebi|92/100
|cant|p2a: Salamence|par
|
|-heal|p1a: Celebi|100/100|[from] move: Wish|[wisher] Jirachi
|-heal|p2a: Salamence|100/100 par|[from] item: Leftovers
|upkeep
|turn|42
|
|t:|1728863049
|move|p1a: Celebi|Leech Seed|p2a: Salamence
|-start|p2a: Salamence|move: Leech Seed
|move|p2a: Salamence|Dragon Dance|p2a: Salamence
|-boost|p2a: Salamence|atk|1
|-boost|p2a: Salamence|spe|1
|
|-damage|p2a: Salamence|88/100 par|[from] Leech Seed|[of] p1a: Celebi
|upkeep
|turn|43
|inactive|moistmania has 210 seconds left.
|
|t:|1728863056
|move|p1a: Celebi|Substitute|p1a: Celebi
|-start|p1a: Celebi|Substitute
|-damage|p1a: Celebi|75/100
|move|p2a: Salamence|Hidden Power|p1a: Celebi
|-supereffective|p1a: Celebi
|-end|p1a: Celebi|Substitute
|
|-heal|p1a: Celebi|82/100|[from] item: Leftovers
|-heal|p2a: Salamence|94/100 par|[from] item: Leftovers
|-damage|p2a: Salamence|82/100 par|[from] Leech Seed|[of] p1a: Celebi
|-heal|p1a: Celebi|92/100|[silent]
|upkeep
|turn|44
|
|t:|1728863066
|move|p1a: Celebi|Substitute|p1a: Celebi
|-start|p1a: Celebi|Substitute
|-damage|p1a: Celebi|67/100
|move|p2a: Salamence|Hidden Power|p1a: Celebi
|-supereffective|p1a: Celebi
|-end|p1a: Celebi|Substitute
|
|-heal|p1a: Celebi|73/100|[from] item: Leftovers
|-heal|p2a: Salamence|88/100 par|[from] item: Leftovers
|-damage|p2a: Salamence|75/100 par|[from] Leech Seed|[of] p1a: Celebi
|-heal|p1a: Celebi|83/100|[silent]
|upkeep
|turn|45
|
|t:|1728863070
|switch|p2a: Claydol|Claydol|100/100
|move|p1a: Celebi|Substitute|p1a: Celebi
|-start|p1a: Celebi|Substitute
|-damage|p1a: Celebi|58/100
|
|-heal|p1a: Celebi|64/100|[from] item: Leftovers
|upkeep
|turn|46
|inactive|moistmania has 210 seconds left.
|
|t:|1728863105
|move|p2a: Claydol|Ice Beam|p1a: Celebi
|-supereffective|p1a: Celebi
|-activate|p1a: Celebi|Substitute|[damage]
|move|p1a: Celebi|Baton Pass|p1a: Celebi
|
|t:|1728863109
|switch|p1a: Jirachi|Jirachi|26/100 par|[from] Baton Pass
|
|-heal|p1a: Jirachi|32/100 par|[from] item: Leftovers
|upkeep
|turn|47
|
|t:|1728863118
|move|p2a: Claydol|Earthquake|p1a: Jirachi
|-supereffective|p1a: Jirachi
|-end|p1a: Jirachi|Substitute
|move|p1a: Jirachi|Body Slam|p2a: Claydol
|-crit|p2a: Claydol
|-damage|p2a: Claydol|52/100
|
|-heal|p2a: Claydol|58/100|[from] item: Leftovers
|-heal|p1a: Jirachi|38/100 par|[from] item: Leftovers
|upkeep
|turn|48
|inactive|moistmania has 210 seconds left.
|
|t:|1728863155
|switch|p1a: Celebi|Celebi|64/100
|move|p2a: Claydol|Earthquake|p1a: Celebi
|-resisted|p1a: Celebi
|-damage|p1a: Celebi|52/100
|
|-heal|p2a: Claydol|64/100|[from] item: Leftovers
|-heal|p1a: Celebi|58/100|[from] item: Leftovers
|upkeep
|turn|49
|
|t:|1728863160
|move|p2a: Claydol|Ice Beam|p1a: Celebi
|-supereffective|p1a: Celebi
|-damage|p1a: Celebi|37/100
|move|p1a: Celebi|Substitute|p1a: Celebi
|-start|p1a: Celebi|Substitute
|-damage|p1a: Celebi|12/100
|
|-heal|p2a: Claydol|70/100|[from] item: Leftovers
|-heal|p1a: Celebi|18/100|[from] item: Leftovers
|upkeep
|turn|50
|
|t:|1728863166
|move|p2a: Claydol|Ice Beam|p1a: Celebi
|-supereffective|p1a: Celebi
|-activate|p1a: Celebi|Substitute|[damage]
|move|p1a: Celebi|Recover|p1a: Celebi
|-heal|p1a: Celebi|68/100
|
|-heal|p2a: Claydol|76/100|[from] item: Leftovers
|-heal|p1a: Celebi|74/100|[from] item: Leftovers
|upkeep
|turn|51
|
|t:|1728863174
|move|p2a: Claydol|Ice Beam|p1a: Celebi
|-supereffective|p1a: Celebi
|-crit|p1a: Celebi
|-end|p1a: Celebi|Substitute
|move|p1a: Celebi|Substitute|p1a: Celebi
|-start|p1a: Celebi|Substitute
|-damage|p1a: Celebi|49/100
|
|-heal|p2a: Claydol|83/100|[from] item: Leftovers
|-heal|p1a: Celebi|55/100|[from] item: Leftovers
|upkeep
|turn|52
|
|t:|1728863180
|move|p2a: Claydol|Ice Beam|p1a: Celebi
|-supereffective|p1a: Celebi
|-activate|p1a: Celebi|Substitute|[damage]
|move|p1a: Celebi|Recover|p1a: Celebi
|-heal|p1a: Celebi|100/100
|
|-heal|p2a: Claydol|89/100|[from] item: Leftovers
|upkeep
|turn|53
|
|t:|1728863186
|move|p2a: Claydol|Ice Beam|p1a: Celebi
|-supereffective|p1a: Celebi
|-end|p1a: Celebi|Substitute
|move|p1a: Celebi|Leech Seed|p2a: Claydol
|-start|p2a: Claydol|move: Leech Seed
|
|-heal|p2a: Claydol|95/100|[from] item: Leftovers
|-damage|p2a: Claydol|83/100|[from] Leech Seed|[of] p1a: Celebi
|upkeep
|turn|54
|
|t:|1728863195
|switch|p2a: Salamence|Salamence, F|75/100 par
|-ability|p2a: Salamence|Intimidate|boost
|-unboost|p1a: Celebi|atk|1
|move|p1a: Celebi|Substitute|p1a: Celebi
|-start|p1a: Celebi|Substitute
|-damage|p1a: Celebi|75/100
|
|-heal|p1a: Celebi|82/100|[from] item: Leftovers
|-heal|p2a: Salamence|81/100 par|[from] item: Leftovers
|upkeep
|turn|55
|inactive|moistmania has 240 seconds left.
|
|t:|1728863204
|switch|p2a: Claydol|Claydol|83/100
|move|p1a: Celebi|Leech Seed|p2a: Claydol
|-start|p2a: Claydol|move: Leech Seed
|
|-heal|p2a: Claydol|89/100|[from] item: Leftovers
|-damage|p2a: Claydol|76/100|[from] Leech Seed|[of] p1a: Celebi
|-heal|p1a: Celebi|90/100|[silent]
|-heal|p1a: Celebi|96/100|[from] item: Leftovers
|upkeep
|turn|56
|
|t:|1728863214
|switch|p2a: Salamence|Salamence, F|81/100 par
|move|p1a: Celebi|Baton Pass|p1a: Celebi
|
|t:|1728863216
|switch|p1a: Jirachi|Jirachi|38/100 par|[from] Baton Pass
|
|-heal|p2a: Salamence|88/100 par|[from] item: Leftovers
|-heal|p1a: Jirachi|44/100 par|[from] item: Leftovers
|upkeep
|turn|57
|inactive|moistmania has 240 seconds left.
|
|t:|1728863243
|cant|p2a: Salamence|par
|cant|p1a: Jirachi|par
|
|-heal|p2a: Salamence|94/100 par|[from] item: Leftovers
|-heal|p1a: Jirachi|50/100 par|[from] item: Leftovers
|upkeep
|turn|58
|
|t:|1728863246
|move|p2a: Salamence|Earthquake|p1a: Jirachi
|-supereffective|p1a: Jirachi
|-end|p1a: Jirachi|Substitute
|cant|p1a: Jirachi|par
|
|-heal|p2a: Salamence|99/100 par|[from] item: Leftovers
|-heal|p1a: Jirachi|57/100 par|[from] item: Leftovers
|upkeep
|turn|59
|inactive|moistmania has 240 seconds left.
|
|t:|1728863263
|move|p2a: Salamence|Hidden Power|p1a: Jirachi
|-resisted|p1a: Jirachi
|-damage|p1a: Jirachi|40/100 par
|move|p1a: Jirachi|Body Slam|p2a: Salamence
|-damage|p2a: Salamence|82/100 par
|
|-heal|p2a: Salamence|88/100 par|[from] item: Leftovers
|-heal|p1a: Jirachi|47/100 par|[from] item: Leftovers
|upkeep
|turn|60
|
|t:|1728863269
|switch|p1a: Celebi|Celebi|96/100
|move|p2a: Salamence|Earthquake|p1a: Celebi
|-resisted|p1a: Celebi
|-damage|p1a: Celebi|83/100
|
|-heal|p1a: Celebi|89/100|[from] item: Leftovers
|-heal|p2a: Salamence|94/100 par|[from] item: Leftovers
|upkeep
|turn|61
|
|t:|1728863278
|move|p1a: Celebi|Leech Seed|p2a: Salamence
|-start|p2a: Salamence|move: Leech Seed
|move|p2a: Salamence|Hidden Power|p1a: Celebi
|-supereffective|p1a: Celebi
|-damage|p1a: Celebi|33/100
|
|-heal|p1a: Celebi|39/100|[from] item: Leftovers
|-heal|p2a: Salamence|99/100 par|[from] item: Leftovers
|-damage|p2a: Salamence|88/100 par|[from] Leech Seed|[of] p1a: Celebi
|-heal|p1a: Celebi|50/100|[silent]
|upkeep
|turn|62
|
|t:|1728863284
|switch|p2a: Claydol|Claydol|76/100
|move|p1a: Celebi|Recover|p1a: Celebi
|-heal|p1a: Celebi|99/100
|
|-heal|p2a: Claydol|83/100|[from] item: Leftovers
|-heal|p1a: Celebi|100/100|[from] item: Leftovers
|upkeep
|turn|63
|
|t:|1728863293
|move|p2a: Claydol|Ice Beam|p1a: Celebi
|-supereffective|p1a: Celebi
|-damage|p1a: Celebi|79/100
|move|p1a: Celebi|Substitute|p1a: Celebi
|-start|p1a: Celebi|Substitute
|-damage|p1a: Celebi|54/100
|
|-heal|p2a: Claydol|89/100|[from] item: Leftovers
|-heal|p1a: Celebi|60/100|[from] item: Leftovers
|upkeep
|turn|64
|inactive|moistmania has 270 seconds left.
|
|t:|1728863311
|move|p2a: Claydol|Ice Beam|p1a: Celebi
|-supereffective|p1a: Celebi
|-activate|p1a: Celebi|Substitute|[damage]
|move|p1a: Celebi|Leech Seed|p2a: Claydol
|-start|p2a: Claydol|move: Leech Seed
|
|-heal|p2a: Claydol|95/100|[from] item: Leftovers
|-damage|p2a: Claydol|83/100|[from] Leech Seed|[of] p1a: Celebi
|-heal|p1a: Celebi|68/100|[silent]
|-heal|p1a: Celebi|75/100|[from] item: Leftovers
|upkeep
|turn|65
|
|t:|1728863332
|switch|p2a: Salamence|Salamence, F|88/100 par
|move|p1a: Celebi|Leech Seed|p2a: Salamence
|-start|p2a: Salamence|move: Leech Seed
|
|-heal|p1a: Celebi|81/100|[from] item: Leftovers
|-heal|p2a: Salamence|94/100 par|[from] item: Leftovers
|-damage|p2a: Salamence|81/100 par|[from] Leech Seed|[of] p1a: Celebi
|-heal|p1a: Celebi|91/100|[silent]
|upkeep
|turn|66
|
|t:|1728863342
|switch|p2a: Claydol|Claydol|83/100
|move|p1a: Celebi|Baton Pass|p1a: Celebi
|
|t:|1728863344
|switch|p1a: Jirachi|Jirachi|47/100 par|[from] Baton Pass
|
|-heal|p2a: Claydol|89/100|[from] item: Leftovers
|-heal|p1a: Jirachi|53/100 par|[from] item: Leftovers
|upkeep
|turn|67
|
|t:|1728863348
|move|p2a: Claydol|Earthquake|p1a: Jirachi
|-supereffective|p1a: Jirachi
|-end|p1a: Jirachi|Substitute
|cant|p1a: Jirachi|par
|
|-heal|p2a: Claydol|95/100|[from] item: Leftovers
|-heal|p1a: Jirachi|59/100 par|[from] item: Leftovers
|upkeep
|turn|68
|inactive|moistmania has 270 seconds left.
|
|t:|1728863362
|move|p2a: Claydol|Ice Beam|p1a: Jirachi
|-resisted|p1a: Jirachi
|-damage|p1a: Jirachi|54/100 par
|cant|p1a: Jirachi|par
|
|-heal|p2a: Claydol|100/100|[from] item: Leftovers
|-heal|p1a: Jirachi|60/100 par|[from] item: Leftovers
|upkeep
|turn|69
|
|t:|1728863367
|move|p2a: Claydol|Earthquake|p1a: Jirachi
|-supereffective|p1a: Jirachi
|-damage|p1a: Jirachi|2/100 par
|move|p1a: Jirachi|Fire Punch|p2a: Claydol
|-crit|p2a: Claydol
|-damage|p2a: Claydol|65/100
|
|-heal|p2a: Claydol|71/100|[from] item: Leftovers
|-heal|p1a: Jirachi|8/100 par|[from] item: Leftovers
|upkeep
|turn|70
|
|t:|1728863375
|move|p2a: Claydol|Earthquake|p1a: Jirachi
|-supereffective|p1a: Jirachi
|-damage|p1a: Jirachi|0 fnt
|faint|p1a: Jirachi
|
|t:|1728863377
|switch|p1a: Celebi|Celebi|91/100
|
|-heal|p2a: Claydol|77/100|[from] item: Leftovers
|-heal|p1a: Celebi|97/100|[from] item: Leftovers
|upkeep
|turn|71
|
|t:|1728863383
|move|p2a: Claydol|Ice Beam|p1a: Celebi
|-supereffective|p1a: Celebi
|-damage|p1a: Celebi|72/100
|move|p1a: Celebi|Leech Seed|p2a: Claydol
|-start|p2a: Claydol|move: Leech Seed
|
|-heal|p2a: Claydol|83/100|[from] item: Leftovers
|-damage|p2a: Claydol|71/100|[from] Leech Seed|[of] p1a: Celebi
|-heal|p1a: Celebi|80/100|[silent]
|-heal|p1a: Celebi|86/100|[from] item: Leftovers
|upkeep
|turn|72
|
|t:|1728863391
|switch|p2a: Salamence|Salamence, F|81/100 par
|-ability|p2a: Salamence|Intimidate|boost
|-unboost|p1a: Celebi|atk|1
|move|p1a: Celebi|Leech Seed|p2a: Salamence
|-start|p2a: Salamence|move: Leech Seed
|
|-heal|p1a: Celebi|93/100|[from] item: Leftovers
|-heal|p2a: Salamence|88/100 par|[from] item: Leftovers
|-damage|p2a: Salamence|75/100 par|[from] Leech Seed|[of] p1a: Celebi
|-heal|p1a: Celebi|100/100|[silent]
|upkeep
|turn|73
|
|t:|1728863399
|switch|p2a: Claydol|Claydol|71/100
|move|p1a: Celebi|Substitute|p1a: Celebi
|-start|p1a: Celebi|Substitute
|-damage|p1a: Celebi|75/100
|
|-heal|p2a: Claydol|77/100|[from] item: Leftovers
|-heal|p1a: Celebi|82/100|[from] item: Leftovers
|upkeep
|turn|74
|
|t:|1728863404
|move|p2a: Claydol|Ice Beam|p1a: Celebi
|-supereffective|p1a: Celebi
|-activate|p1a: Celebi|Substitute|[damage]
|move|p1a: Celebi|Leech Seed|p2a: Claydol|[miss]
|-miss|p1a: Celebi|p2a: Claydol
|
|-heal|p2a: Claydol|83/100|[from] item: Leftovers
|-heal|p1a: Celebi|88/100|[from] item: Leftovers
|upkeep
|turn|75
|
|t:|1728863408
|move|p2a: Claydol|Ice Beam|p1a: Celebi
|-supereffective|p1a: Celebi
|-end|p1a: Celebi|Substitute
|move|p1a: Celebi|Leech Seed|p2a: Claydol
|-start|p2a: Claydol|move: Leech Seed
|
|-heal|p2a: Claydol|89/100|[from] item: Leftovers
|-damage|p2a: Claydol|77/100|[from] Leech Seed|[of] p1a: Celebi
|-heal|p1a: Celebi|96/100|[silent]
|-heal|p1a: Celebi|100/100|[from] item: Leftovers
|upkeep
|turn|76
|
|t:|1728863412
|switch|p2a: Salamence|Salamence, F|75/100 par
|-ability|p2a: Salamence|Intimidate|boost
|-unboost|p1a: Celebi|atk|1
|move|p1a: Celebi|Baton Pass||[still]
|-fail|p1a: Celebi
|
|-heal|p2a: Salamence|81/100 par|[from] item: Leftovers
|upkeep
|turn|77
|
|t:|1728863417
|move|p1a: Celebi|Leech Seed|p2a: Salamence
|-start|p2a: Salamence|move: Leech Seed
|cant|p2a: Salamence|par
|
|-heal|p2a: Salamence|87/100 par|[from] item: Leftovers
|-damage|p2a: Salamence|75/100 par|[from] Leech Seed|[of] p1a: Celebi
|upkeep
|turn|78
|
|t:|1728863421
|switch|p2a: Claydol|Claydol|77/100
|move|p1a: Celebi|Baton Pass||[still]
|-fail|p1a: Celebi
|
|-heal|p2a: Claydol|83/100|[from] item: Leftovers
|upkeep
|turn|79
|
|t:|1728863425
|move|p2a: Claydol|Ice Beam|p1a: Celebi
|-supereffective|p1a: Celebi
|-damage|p1a: Celebi|78/100
|move|p1a: Celebi|Leech Seed|p2a: Claydol|[miss]
|-miss|p1a: Celebi|p2a: Claydol
|
|-heal|p2a: Claydol|89/100|[from] item: Leftovers
|-heal|p1a: Celebi|84/100|[from] item: Leftovers
|upkeep
|turn|80
|
|t:|1728863435
|move|p2a: Claydol|Ice Beam|p1a: Celebi
|-supereffective|p1a: Celebi
|-damage|p1a: Celebi|62/100
|move|p1a: Celebi|Baton Pass||[still]
|-fail|p1a: Celebi
|
|-heal|p2a: Claydol|96/100|[from] item: Leftovers
|-heal|p1a: Celebi|68/100|[from] item: Leftovers
|upkeep
|turn|81
|c|☆moistmania|gg
|
|t:|1728863442
|move|p2a: Claydol|Ice Beam|p1a: Celebi
|-supereffective|p1a: Celebi
|-damage|p1a: Celebi|44/100
|move|p1a: Celebi|Baton Pass||[still]
|-fail|p1a: Celebi
|
|-heal|p2a: Claydol|100/100|[from] item: Leftovers
|-heal|p1a: Celebi|50/100|[from] item: Leftovers
|upkeep
|turn|82
|
|t:|1728863449
|move|p2a: Claydol|Explosion|p1a: Celebi
|-damage|p1a: Celebi|0 fnt
|faint|p2a: Claydol
|faint|p1a: Celebi
|
|win|brotha dog
|player|p1|

</script>
<script type="application/json" class="data" id="replaydata-smogtours-gen3ou-798522">
{"id":"smogtours-gen3ou-798522","format":"[Gen 3] OU","players":["moistmania","brotha dog"],"uploadtime":1728863449,"views":93,"formatid":"gen3ou","rating":null,"private":0,"password":null}
</script>

<script defer src="js/replays.js?9d40a366"></script>
