<!DOCTYPE html>
<meta charset="utf-8" />
<meta name="viewport" content="width=device-width" />

<title>[Gen 3] OU: dajib vs. keeping it icy - Replays - Pok&eacute;mon Showdown!</title>

<meta name="description" content="Watch a replay of a Pok&eacute;mon battle between dajib and keeping it icy! Format: [Gen 3] OU; Date: Oct 15, 2024" />
<!--

Hey, you! Looking in the source for the replay log?

You can find them in JSON format, just add `.json` at the end of a replay URL.

https://replay.pokemonshowdown.com/gen7randomdoublesbattle-865046831.json

Or, if you only need the log itself, add `.log` instead:

https://replay.pokemonshowdown.com/gen7randomdoublesbattle-865046831.log

-->

<link rel="stylesheet" href="//pokemonshowdown.com/style/global.css?0.023195364461161105" />
<link rel="stylesheet" href="//play.pokemonshowdown.com/style/font-awesome.css?0.13261647063804238" />
<link rel="stylesheet" href="//play.pokemonshowdown.com/style/battle.css?0.8753245789963631" />
<link rel="stylesheet" href="//play.pokemonshowdown.com/style/utilichart.css?0.8627959624976733" />

<!-- Global site tag (gtag.js) - Google Analytics -->
<script async src="https://www.googletagmanager.com/gtag/js?id=UA-26211653-1"></script>
<script>
  window.dataLayer = window.dataLayer || [];
  function gtag(){dataLayer.push(arguments);}
  gtag('js', new Date());

  gtag('config', 'UA-26211653-1');
</script>
<!-- End Google Analytics -->
<!-- Venatus Ad Manager - Install in <HEAD> of page -->
	<script src="https://hb.vntsm.com/v3/live/ad-manager.min.js" type="text/javascript" data-site-id="642aba63ec9a7b11c3c9c1be" data-mode="scan" async></script>
<!-- / Venatus Ad Manager -->

<style>
	@media (max-width:820px) {
		.battle {
			margin: 0 auto;
		}
		.battle-log {
			margin: 7px auto 0;
			max-width: 640px;
			height: 300px;
			position: static;
		}
	}
	.optgroup {
		display: inline-block;
		line-height: 22px;
		font-size: 10pt;
	}
	.optgroup .button {
		height: 25px;
		padding-top: 0;
		padding-bottom: 0;
	}
	.optgroup button.button {
		padding-left: 12px;
		padding-right: 12px;
	}
	.linklist {
		list-style: none;
		margin: 0.5em 0;
		padding: 0;
	}
	.linklist li {
		padding: 2px 0;
	}
	.sidebar {
		float: left;
		width: 320px;
	}
	.bar-wrapper {
		max-width: 1100px;
		margin: 0 auto;
	}
	.bar-wrapper.has-sidebar {
		max-width: 1430px;
	}
	.mainbar {
		margin: 0;
		padding-right: 1px;
	}
	.mainbar.has-sidebar {
		margin-left: 330px;
	}
	@media (min-width: 1511px) {
		.sidebar {
			width: 400px;
		}
		.bar-wrapper.has-sidebar {
			max-width: 1510px;
		}
		.mainbar.has-sidebar {
			margin-left: 410px;
		}
	}
	.section.first-section {
		margin-top: 9px;
	}
	.blocklink small {
		white-space: normal;
	}
	.button {
		vertical-align: middle;
	}
	.replay-controls {
		padding-top: 10px;
	}
	.replay-controls h1 {
		font-size: 16pt;
		font-weight: normal;
		color: #CCC;
	}
	.pagelink {
		text-align: center;
	}
	.pagelink a {
		width: 150px;
	}
	.textbox, .button {
		font-size: 11pt;
		vertical-align: middle;
	}
	@media (max-width: 450px) {
		.button {
			font-size: 9pt;
		}
	}
</style>

<div>

	<header>
		<div class="nav-wrapper"><ul class="nav">
			<li><a class="button nav-first" href="//pokemonshowdown.com/"><img src="//pokemonshowdown.com/images/pokemonshowdownbeta.png" srcset="//pokemonshowdown.com/images/pokemonshowdownbeta.png 1x, //pokemonshowdown.com/images/pokemonshowdownbeta@2x.png 2x" alt="Pok&eacute;mon Showdown" width="146" height="44" /> Home</a></li>
			<li><a class="button" href="//pokemonshowdown.com/dex/">Pok&eacute;dex</a></li>
			<li><a class="button cur" href="/">Replays</a></li>
			<li><a class="button" href="//pokemonshowdown.com/ladder/">Ladder</a></li>
			<li><a class="button nav-last" href="//pokemonshowdown.com/forums/">Forum</a></li>
			<li><a class="button greenbutton nav-first nav-last" href="//play.pokemonshowdown.com/">Play</a></li>
		</ul></div>
	</header>

	<div class="main" id="main">

		<noscript><section class="section">You need to enable JavaScript to use this page; sorry!</section></noscript>

	</div>

</div>

<script defer nomodule src="//play.pokemonshowdown.com/js/lib/ps-polyfill.js"></script>
<script defer src="//play.pokemonshowdown.com/js/lib/preact.min.js"></script>

<script defer src="//play.pokemonshowdown.com/config/config.js?2bddbc15"></script>
<script defer src="//play.pokemonshowdown.com/js/lib/jquery-1.11.0.min.js"></script>
<script defer src="//play.pokemonshowdown.com/js/lib/html-sanitizer-minified.js"></script>
<script defer src="//play.pokemonshowdown.com/js/battle-sound.js"></script>
<script defer src="//play.pokemonshowdown.com/js/battledata.js?0.7209276989879541"></script>
<script defer src="//play.pokemonshowdown.com/data/pokedex-mini.js?0.6111056340867951"></script>
<script defer src="//play.pokemonshowdown.com/data/pokedex-mini-bw.js?0.3532142036491459"></script>
<script defer src="//play.pokemonshowdown.com/data/graphics.js?0.24223875632456182"></script>
<script defer src="//play.pokemonshowdown.com/data/pokedex.js?0.38839984266356864"></script>
<script defer src="//play.pokemonshowdown.com/data/moves.js?0.21866028504024015"></script>
<script defer src="//play.pokemonshowdown.com/data/abilities.js?0.2005157953846628"></script>
<script defer src="//play.pokemonshowdown.com/data/items.js?0.9894211263848525"></script>
<script defer src="//play.pokemonshowdown.com/data/teambuilder-tables.js?0.6008791140282215"></script>
<script defer src="//play.pokemonshowdown.com/js/battle-tooltips.js?0.7580118955022959"></script>
<script defer src="//play.pokemonshowdown.com/js/battle.js?0.6057722274234274"></script>

<script defer src="js/utils.js?e31f9a17"></script>
<script defer src="js/replays-battle.js?7008c182"></script>

<!-- don't scrape this data! just add .json or .log after the URL!
Full API docs: https://github.com/smogon/pokemon-showdown-client/blob/master/WEB-API.md -->
<script type="text/plain" class="log" id="replaylog-smogtours-gen3ou-798838">
|inactive|Battle timer is ON: inactive players will automatically lose when time's up.
|t:|1728950035
|gametype|singles
|player|p1|dajib|266|
|player|p2|keeping it icy|skier-gen2|
|teamsize|p1|6
|teamsize|p2|6
|gen|3
|tier|[Gen 3] OU
|rule|Sleep Clause Mod: Limit one foe put to sleep
|rule|Switch Priority Clause Mod: Faster Pokémon switch first
|rule|Species Clause: Limit one of each Pokémon
|rule|OHKO Clause: OHKO moves are banned
|rule|Evasion Items Clause: Evasion items are banned
|rule|Evasion Moves Clause: Evasion moves are banned
|rule|Endless Battle Clause: Forcing endless battles is banned
|rule|HP Percentage Mod: HP is shown in percentages
|rule|One Boost Passer Clause: Limit one Baton Passer that has a way to boost its stats
|rule|Freeze Clause Mod: Limit one foe frozen
|
|t:|1728950035
|start
|switch|p1a: Tyranitar|Tyranitar, M|100/100
|switch|p2a: Zapdos|Zapdos|100/100
|-weather|Sandstorm|[from] ability: Sand Stream|[of] p1a: Tyranitar
|turn|1
|inactive|dajib has 270 seconds left.
|inactive|keeping it icy has 270 seconds left.
|
|t:|1728950070
|move|p2a: Zapdos|Substitute|p2a: Zapdos
|-start|p2a: Zapdos|Substitute
|-damage|p2a: Zapdos|76/100
|move|p1a: Tyranitar|Rock Slide|p2a: Zapdos
|-supereffective|p2a: Zapdos
|-end|p2a: Zapdos|Substitute
|
|-weather|Sandstorm|[upkeep]
|-damage|p2a: Zapdos|70/100|[from] Sandstorm
|-heal|p2a: Zapdos|76/100|[from] item: Leftovers
|upkeep
|turn|2
|
|t:|1728950075
|move|p2a: Zapdos|Baton Pass|p2a: Zapdos
|
|t:|1728950077
|switch|p2a: Metagross|Metagross|100/100|[from] Baton Pass
|move|p1a: Tyranitar|Crunch|p2a: Metagross
|-damage|p2a: Metagross|64/100
|
|-weather|Sandstorm|[upkeep]
|-heal|p2a: Metagross|70/100|[from] item: Leftovers
|upkeep
|turn|3
|
|t:|1728950083
|switch|p1a: Forretress|Forretress, M|100/100
|move|p2a: Metagross|Meteor Mash|p1a: Forretress
|-resisted|p1a: Forretress
|-damage|p1a: Forretress|81/100
|
|-weather|Sandstorm|[upkeep]
|-heal|p2a: Metagross|76/100|[from] item: Leftovers
|-heal|p1a: Forretress|88/100|[from] item: Leftovers
|upkeep
|turn|4
|inactive|keeping it icy has 270 seconds left.
|
|t:|1728950122
|switch|p2a: Zapdos|Zapdos|76/100
|move|p1a: Forretress|Spikes|p2a: Zapdos
|-sidestart|p2: keeping it icy|Spikes
|
|-weather|Sandstorm|[upkeep]
|-damage|p2a: Zapdos|70/100|[from] Sandstorm
|-heal|p2a: Zapdos|76/100|[from] item: Leftovers
|-heal|p1a: Forretress|94/100|[from] item: Leftovers
|upkeep
|turn|5
|
|t:|1728950129
|switch|p1a: Venusaur|Venusaur, F|100/100
|move|p2a: Zapdos|Substitute|p2a: Zapdos
|-start|p2a: Zapdos|Substitute
|-damage|p2a: Zapdos|51/100
|
|-weather|Sandstorm|[upkeep]
|-damage|p1a: Venusaur|95/100|[from] Sandstorm
|-damage|p2a: Zapdos|45/100|[from] Sandstorm
|-heal|p1a: Venusaur|100/100|[from] item: Leftovers
|-heal|p2a: Zapdos|51/100|[from] item: Leftovers
|upkeep
|turn|6
|
|t:|1728950143
|move|p1a: Venusaur|Hidden Power|p2a: Zapdos
|-activate|p2a: Zapdos|Substitute|[damage]
|move|p2a: Zapdos|Baton Pass|p2a: Zapdos
|inactive|keeping it icy has 270 seconds left.
|
|t:|1728950165
|switch|p2a: Dugtrio|Dugtrio, M|100/100|[from] Baton Pass
|-damage|p2a: Dugtrio|88/100|[from] Spikes
|
|-weather|Sandstorm|[upkeep]
|-damage|p1a: Venusaur|95/100|[from] Sandstorm
|-heal|p1a: Venusaur|100/100|[from] item: Leftovers
|upkeep
|turn|7
|
|t:|1728950168
|move|p2a: Dugtrio|Earthquake|p1a: Venusaur
|-damage|p1a: Venusaur|21/100
|move|p1a: Venusaur|Giga Drain|p2a: Dugtrio
|-supereffective|p2a: Dugtrio
|-end|p2a: Dugtrio|Substitute
|-heal|p1a: Venusaur|24/100|[from] drain|[of] p2a: Dugtrio
|
|-weather|Sandstorm|[upkeep]
|-damage|p1a: Venusaur|18/100|[from] Sandstorm
|-heal|p1a: Venusaur|24/100|[from] item: Leftovers
|upkeep
|turn|8
|
|t:|1728950171
|move|p2a: Dugtrio|Earthquake|p1a: Venusaur
|-damage|p1a: Venusaur|0 fnt
|faint|p1a: Venusaur
|
|t:|1728950176
|switch|p1a: Aerodactyl|Aerodactyl, M|100/100
|
|-weather|Sandstorm|[upkeep]
|upkeep
|turn|9
|
|t:|1728950192
|switch|p2a: Zapdos|Zapdos|51/100
|move|p1a: Aerodactyl|Double-Edge|p2a: Zapdos
|-damage|p2a: Zapdos|0 fnt
|faint|p2a: Zapdos
|inactive|keeping it icy has 270 seconds left.
|
|t:|1728950211
|switch|p2a: Suicune|Suicune|100/100
|-damage|p2a: Suicune|88/100|[from] Spikes
|
|-weather|Sandstorm|[upkeep]
|-damage|p2a: Suicune|82/100|[from] Sandstorm
|-heal|p2a: Suicune|88/100|[from] item: Leftovers
|upkeep
|turn|10
|
|t:|1728950218
|switch|p1a: Forretress|Forretress, M|94/100
|move|p2a: Suicune|Hydro Pump|p1a: Forretress
|-damage|p1a: Forretress|47/100
|
|-weather|Sandstorm|[upkeep]
|-damage|p2a: Suicune|82/100|[from] Sandstorm
|-heal|p2a: Suicune|88/100|[from] item: Leftovers
|-heal|p1a: Forretress|53/100|[from] item: Leftovers
|upkeep
|turn|11
|
|t:|1728950227
|move|p2a: Suicune|Substitute|p2a: Suicune
|-start|p2a: Suicune|Substitute
|-damage|p2a: Suicune|63/100
|move|p1a: Forretress|Explosion|p2a: Suicune
|-end|p2a: Suicune|Substitute
|faint|p1a: Forretress
|
|t:|1728950233
|switch|p1a: Zapdos|Zapdos|100/100
|
|-weather|Sandstorm|[upkeep]
|-damage|p2a: Suicune|57/100|[from] Sandstorm
|-damage|p1a: Zapdos|94/100|[from] Sandstorm
|-heal|p2a: Suicune|63/100|[from] item: Leftovers
|-heal|p1a: Zapdos|100/100|[from] item: Leftovers
|upkeep
|turn|12
|
|t:|1728950250
|move|p2a: Suicune|Calm Mind|p2a: Suicune
|-boost|p2a: Suicune|spa|1
|-boost|p2a: Suicune|spd|1
|move|p1a: Zapdos|Thunderbolt|p2a: Suicune
|-supereffective|p2a: Suicune
|-damage|p2a: Suicune|26/100
|
|-weather|Sandstorm|[upkeep]
|-damage|p2a: Suicune|20/100|[from] Sandstorm
|-damage|p1a: Zapdos|94/100|[from] Sandstorm
|-heal|p2a: Suicune|26/100|[from] item: Leftovers
|-heal|p1a: Zapdos|100/100|[from] item: Leftovers
|upkeep
|turn|13
|
|t:|1728950254
|move|p2a: Suicune|Ice Beam|p1a: Zapdos
|-supereffective|p1a: Zapdos
|-damage|p1a: Zapdos|53/100
|move|p1a: Zapdos|Thunderbolt|p2a: Suicune
|-supereffective|p2a: Suicune
|-damage|p2a: Suicune|0 fnt
|faint|p2a: Suicune
|
|t:|1728950266
|switch|p2a: Regice|Regice|100/100
|-damage|p2a: Regice|88/100|[from] Spikes
|
|-weather|Sandstorm|[upkeep]
|-damage|p1a: Zapdos|47/100|[from] Sandstorm
|-damage|p2a: Regice|82/100|[from] Sandstorm
|-heal|p1a: Zapdos|53/100|[from] item: Leftovers
|-heal|p2a: Regice|88/100|[from] item: Leftovers
|upkeep
|turn|14
|
|t:|1728950271
|switch|p1a: Tyranitar|Tyranitar, M|100/100
|move|p2a: Regice|Ice Beam|p1a: Tyranitar
|-damage|p1a: Tyranitar|63/100
|
|-weather|Sandstorm|[upkeep]
|-damage|p2a: Regice|82/100|[from] Sandstorm
|-heal|p1a: Tyranitar|69/100|[from] item: Leftovers
|-heal|p2a: Regice|88/100|[from] item: Leftovers
|upkeep
|turn|15
|
|t:|1728950280
|switch|p2a: Heracross|Heracross, M|100/100
|-damage|p2a: Heracross|88/100|[from] Spikes
|move|p1a: Tyranitar|Crunch|p2a: Heracross
|-resisted|p2a: Heracross
|-damage|p2a: Heracross|67/100
|-unboost|p2a: Heracross|spd|1
|
|-weather|Sandstorm|[upkeep]
|-damage|p2a: Heracross|61/100|[from] Sandstorm
|-heal|p1a: Tyranitar|75/100|[from] item: Leftovers
|upkeep
|turn|16
|
|t:|1728950300
|move|p2a: Heracross|Megahorn|p1a: Tyranitar
|-supereffective|p1a: Tyranitar
|-damage|p1a: Tyranitar|0 fnt
|faint|p1a: Tyranitar
|
|t:|1728950307
|switch|p1a: Aerodactyl|Aerodactyl, M|100/100
|
|-weather|Sandstorm|[upkeep]
|-damage|p2a: Heracross|55/100|[from] Sandstorm
|upkeep
|turn|17
|
|t:|1728950319
|move|p1a: Aerodactyl|Double-Edge|p2a: Heracross
|-damage|p2a: Heracross|0 fnt
|faint|p2a: Heracross
|
|t:|1728950324
|switch|p2a: Regice|Regice|88/100
|-damage|p2a: Regice|76/100|[from] Spikes
|
|-weather|Sandstorm|[upkeep]
|-damage|p2a: Regice|70/100|[from] Sandstorm
|-heal|p2a: Regice|76/100|[from] item: Leftovers
|upkeep
|turn|18
|
|t:|1728950337
|switch|p1a: Zapdos|Zapdos|53/100
|move|p2a: Regice|Ice Beam|p1a: Zapdos
|-supereffective|p1a: Zapdos
|-damage|p1a: Zapdos|0 fnt
|faint|p1a: Zapdos
|
|t:|1728950338
|switch|p1a: Swampert|Swampert, F|100/100
|
|-weather|Sandstorm|[upkeep]
|-damage|p2a: Regice|70/100|[from] Sandstorm
|-heal|p2a: Regice|76/100|[from] item: Leftovers
|upkeep
|turn|19
|inactive|keeping it icy has 270 seconds left.
|inactive|keeping it icy has 240 seconds left.
|
|t:|1728950401
|switch|p2a: Metagross|Metagross|76/100
|-damage|p2a: Metagross|63/100|[from] Spikes
|move|p1a: Swampert|Earthquake|p2a: Metagross
|-supereffective|p2a: Metagross
|-damage|p2a: Metagross|11/100
|
|-weather|Sandstorm|[upkeep]
|-heal|p2a: Metagross|17/100|[from] item: Leftovers
|upkeep
|turn|20
|
|t:|1728950409
|move|p1a: Swampert|Protect|p1a: Swampert
|-singleturn|p1a: Swampert|Protect
|move|p2a: Metagross|Explosion|p1a: Swampert
|-activate|p1a: Swampert|Protect
|faint|p2a: Metagross
|
|t:|1728950414
|switch|p2a: Dugtrio|Dugtrio, M|88/100
|-damage|p2a: Dugtrio|76/100|[from] Spikes
|
|-weather|Sandstorm|[upkeep]
|upkeep
|turn|21
|
|t:|1728950417
|move|p2a: Dugtrio|Earthquake|p1a: Swampert
|-damage|p1a: Swampert|52/100
|move|p1a: Swampert|Earthquake|p2a: Dugtrio
|-damage|p2a: Dugtrio|0 fnt
|faint|p2a: Dugtrio
|
|t:|1728950420
|switch|p2a: Regice|Regice|76/100
|-damage|p2a: Regice|63/100|[from] Spikes
|
|-weather|Sandstorm|[upkeep]
|-damage|p2a: Regice|57/100|[from] Sandstorm
|-heal|p1a: Swampert|59/100|[from] item: Leftovers
|-heal|p2a: Regice|63/100|[from] item: Leftovers
|upkeep
|turn|22
|
|t:|1728950428
|move|p1a: Swampert|Protect|p1a: Swampert
|-singleturn|p1a: Swampert|Protect
|move|p2a: Regice|Ice Beam|p1a: Swampert
|-activate|p1a: Swampert|Protect
|
|-weather|Sandstorm|[upkeep]
|-damage|p2a: Regice|57/100|[from] Sandstorm
|-heal|p1a: Swampert|65/100|[from] item: Leftovers
|-heal|p2a: Regice|63/100|[from] item: Leftovers
|upkeep
|turn|23
|
|t:|1728950431
|move|p1a: Swampert|Earthquake|p2a: Regice
|-damage|p2a: Regice|34/100
|move|p2a: Regice|Ice Beam|p1a: Swampert
|-damage|p1a: Swampert|32/100
|
|-weather|Sandstorm|[upkeep]
|-damage|p2a: Regice|27/100|[from] Sandstorm
|-heal|p1a: Swampert|38/100|[from] item: Leftovers
|-heal|p2a: Regice|34/100|[from] item: Leftovers
|upkeep
|turn|24
|
|t:|1728950439
|move|p1a: Swampert|Protect|p1a: Swampert
|-singleturn|p1a: Swampert|Protect
|move|p2a: Regice|Ice Beam|p1a: Swampert
|-activate|p1a: Swampert|Protect
|
|-weather|Sandstorm|[upkeep]
|-damage|p2a: Regice|27/100|[from] Sandstorm
|-heal|p1a: Swampert|44/100|[from] item: Leftovers
|-heal|p2a: Regice|34/100|[from] item: Leftovers
|upkeep
|turn|25
|
|t:|1728950441
|move|p1a: Swampert|Earthquake|p2a: Regice
|-damage|p2a: Regice|0 fnt
|faint|p2a: Regice
|
|win|dajib
|c|☆keeping it icy|gg
|c|☆dajib|gg
|player|p1|

</script>
<script type="application/json" class="data" id="replaydata-smogtours-gen3ou-798838">
{"id":"smogtours-gen3ou-798838","format":"[Gen 3] OU","players":["dajib","keeping it icy"],"uploadtime":1728950441,"views":165,"formatid":"gen3ou","rating":null,"private":0,"password":null}
</script>

<script defer src="js/replays.js?9d40a366"></script>
