<!DOCTYPE html>
<meta charset="utf-8" />
<meta name="viewport" content="width=device-width" />

<title>[Gen 3] OU: ratdogrefurnished vs. JoaF - Replays - Pok&eacute;mon Showdown!</title>

<meta name="description" content="Watch a replay of a Pok&eacute;mon battle between ratdogrefurnished and JoaF! Format: [Gen 3] OU; Date: Oct 27, 2024" />
<!--

Hey, you! Looking in the source for the replay log?

You can find them in JSON format, just add `.json` at the end of a replay URL.

https://replay.pokemonshowdown.com/gen7randomdoublesbattle-865046831.json

Or, if you only need the log itself, add `.log` instead:

https://replay.pokemonshowdown.com/gen7randomdoublesbattle-865046831.log

-->

<link rel="stylesheet" href="//pokemonshowdown.com/style/global.css?0.023195364461161105" />
<link rel="stylesheet" href="//play.pokemonshowdown.com/style/font-awesome.css?0.13261647063804238" />
<link rel="stylesheet" href="//play.pokemonshowdown.com/style/battle.css?0.8753245789963631" />
<link rel="stylesheet" href="//play.pokemonshowdown.com/style/utilichart.css?0.8627959624976733" />

<!-- Global site tag (gtag.js) - Google Analytics -->
<script async src="https://www.googletagmanager.com/gtag/js?id=UA-26211653-1"></script>
<script>
  window.dataLayer = window.dataLayer || [];
  function gtag(){dataLayer.push(arguments);}
  gtag('js', new Date());

  gtag('config', 'UA-26211653-1');
</script>
<!-- End Google Analytics -->
<!-- Venatus Ad Manager - Install in <HEAD> of page -->
	<script src="https://hb.vntsm.com/v3/live/ad-manager.min.js" type="text/javascript" data-site-id="642aba63ec9a7b11c3c9c1be" data-mode="scan" async></script>
<!-- / Venatus Ad Manager -->

<style>
	@media (max-width:820px) {
		.battle {
			margin: 0 auto;
		}
		.battle-log {
			margin: 7px auto 0;
			max-width: 640px;
			height: 300px;
			position: static;
		}
	}
	.optgroup {
		display: inline-block;
		line-height: 22px;
		font-size: 10pt;
	}
	.optgroup .button {
		height: 25px;
		padding-top: 0;
		padding-bottom: 0;
	}
	.optgroup button.button {
		padding-left: 12px;
		padding-right: 12px;
	}
	.linklist {
		list-style: none;
		margin: 0.5em 0;
		padding: 0;
	}
	.linklist li {
		padding: 2px 0;
	}
	.sidebar {
		float: left;
		width: 320px;
	}
	.bar-wrapper {
		max-width: 1100px;
		margin: 0 auto;
	}
	.bar-wrapper.has-sidebar {
		max-width: 1430px;
	}
	.mainbar {
		margin: 0;
		padding-right: 1px;
	}
	.mainbar.has-sidebar {
		margin-left: 330px;
	}
	@media (min-width: 1511px) {
		.sidebar {
			width: 400px;
		}
		.bar-wrapper.has-sidebar {
			max-width: 1510px;
		}
		.mainbar.has-sidebar {
			margin-left: 410px;
		}
	}
	.section.first-section {
		margin-top: 9px;
	}
	.blocklink small {
		white-space: normal;
	}
	.button {
		vertical-align: middle;
	}
	.replay-controls {
		padding-top: 10px;
	}
	.replay-controls h1 {
		font-size: 16pt;
		font-weight: normal;
		color: #CCC;
	}
	.pagelink {
		text-align: center;
	}
	.pagelink a {
		width: 150px;
	}
	.textbox, .button {
		font-size: 11pt;
		vertical-align: middle;
	}
	@media (max-width: 450px) {
		.button {
			font-size: 9pt;
		}
	}
</style>

<div>

	<header>
		<div class="nav-wrapper"><ul class="nav">
			<li><a class="button nav-first" href="//pokemonshowdown.com/"><img src="//pokemonshowdown.com/images/pokemonshowdownbeta.png" srcset="//pokemonshowdown.com/images/pokemonshowdownbeta.png 1x, //pokemonshowdown.com/images/pokemonshowdownbeta@2x.png 2x" alt="Pok&eacute;mon Showdown" width="146" height="44" /> Home</a></li>
			<li><a class="button" href="//pokemonshowdown.com/dex/">Pok&eacute;dex</a></li>
			<li><a class="button cur" href="/">Replays</a></li>
			<li><a class="button" href="//pokemonshowdown.com/ladder/">Ladder</a></li>
			<li><a class="button nav-last" href="//pokemonshowdown.com/forums/">Forum</a></li>
			<li><a class="button greenbutton nav-first nav-last" href="//play.pokemonshowdown.com/">Play</a></li>
		</ul></div>
	</header>

	<div class="main" id="main">

		<noscript><section class="section">You need to enable JavaScript to use this page; sorry!</section></noscript>

	</div>

</div>

<script defer nomodule src="//play.pokemonshowdown.com/js/lib/ps-polyfill.js"></script>
<script defer src="//play.pokemonshowdown.com/js/lib/preact.min.js"></script>

<script defer src="//play.pokemonshowdown.com/config/config.js?2bddbc15"></script>
<script defer src="//play.pokemonshowdown.com/js/lib/jquery-1.11.0.min.js"></script>
<script defer src="//play.pokemonshowdown.com/js/lib/html-sanitizer-minified.js"></script>
<script defer src="//play.pokemonshowdown.com/js/battle-sound.js"></script>
<script defer src="//play.pokemonshowdown.com/js/battledata.js?0.7209276989879541"></script>
<script defer src="//play.pokemonshowdown.com/data/pokedex-mini.js?0.6111056340867951"></script>
<script defer src="//play.pokemonshowdown.com/data/pokedex-mini-bw.js?0.3532142036491459"></script>
<script defer src="//play.pokemonshowdown.com/data/graphics.js?0.24223875632456182"></script>
<script defer src="//play.pokemonshowdown.com/data/pokedex.js?0.38839984266356864"></script>
<script defer src="//play.pokemonshowdown.com/data/moves.js?0.21866028504024015"></script>
<script defer src="//play.pokemonshowdown.com/data/abilities.js?0.2005157953846628"></script>
<script defer src="//play.pokemonshowdown.com/data/items.js?0.9894211263848525"></script>
<script defer src="//play.pokemonshowdown.com/data/teambuilder-tables.js?0.6008791140282215"></script>
<script defer src="//play.pokemonshowdown.com/js/battle-tooltips.js?0.7580118955022959"></script>
<script defer src="//play.pokemonshowdown.com/js/battle.js?0.6057722274234274"></script>

<script defer src="js/utils.js?e31f9a17"></script>
<script defer src="js/replays-battle.js?7008c182"></script>

<!-- don't scrape this data! just add .json or .log after the URL!
Full API docs: https://github.com/smogon/pokemon-showdown-client/blob/master/WEB-API.md -->
<script type="text/plain" class="log" id="replaylog-smogtours-gen3ou-802813">
|inactive|Battle timer is ON: inactive players will automatically lose when time's up.
|t:|1730066763
|gametype|singles
|player|p1|ratdogrefurnished|firebreather|
|player|p2|JoaF|169|
|teamsize|p1|6
|teamsize|p2|6
|gen|3
|tier|[Gen 3] OU
|rule|Sleep Clause Mod: Limit one foe put to sleep
|rule|Switch Priority Clause Mod: Faster Pokémon switch first
|rule|Species Clause: Limit one of each Pokémon
|rule|OHKO Clause: OHKO moves are banned
|rule|Evasion Items Clause: Evasion items are banned
|rule|Evasion Moves Clause: Evasion moves are banned
|rule|Endless Battle Clause: Forcing endless battles is banned
|rule|HP Percentage Mod: HP is shown in percentages
|rule|One Boost Passer Clause: Limit one Baton Passer that has a way to boost its stats
|rule|Freeze Clause Mod: Limit one foe frozen
|
|t:|1730066763
|start
|switch|p1a: The Brain|Forretress, F|100/100
|switch|p2a: Skarmory|Skarmory, M|100/100
|turn|1
|
|t:|1730066768
|move|p2a: Skarmory|Taunt|p1a: The Brain
|-start|p1a: The Brain|move: Taunt
|cant|p1a: The Brain|move: Taunt|Spikes
|
|upkeep
|turn|2
|
|t:|1730066771
|move|p2a: Skarmory|Spikes|p1a: The Brain
|-sidestart|p1: ratdogrefurnished|Spikes
|move|p1a: The Brain|Zap Cannon|p2a: Skarmory|[miss]
|-miss|p1a: The Brain|p2a: Skarmory
|
|-end|p1a: The Brain|move: Taunt|[silent]
|upkeep
|turn|3
|
|t:|1730066792
|move|p2a: Skarmory|Taunt|p1a: The Brain
|-start|p1a: The Brain|move: Taunt
|cant|p1a: The Brain|move: Taunt|Spikes
|
|upkeep
|turn|4
|
|t:|1730066795
|move|p2a: Skarmory|Spikes|p1a: The Brain
|-sidestart|p1: ratdogrefurnished|Spikes
|move|p1a: The Brain|Zap Cannon|p2a: Skarmory|[miss]
|-miss|p1a: The Brain|p2a: Skarmory
|
|-end|p1a: The Brain|move: Taunt|[silent]
|upkeep
|turn|5
|
|t:|1730066798
|move|p2a: Skarmory|Taunt|p1a: The Brain
|-start|p1a: The Brain|move: Taunt
|cant|p1a: The Brain|move: Taunt|Spikes
|
|upkeep
|turn|6
|
|t:|1730066813
|switch|p2a: Gengar|Gengar, F|100/100
|move|p1a: The Brain|Zap Cannon|p2a: Gengar
|-damage|p2a: Gengar|77/100
|-status|p2a: Gengar|par
|
|-end|p1a: The Brain|move: Taunt|[silent]
|-heal|p2a: Gengar|83/100 par|[from] item: Leftovers
|upkeep
|turn|7
|
|t:|1730066831
|switch|p1a: The Belly|Blissey, F|100/100
|-damage|p1a: The Belly|84/100|[from] Spikes
|move|p2a: Gengar|Thunderbolt|p1a: The Belly
|-damage|p1a: The Belly|71/100
|
|-heal|p1a: The Belly|77/100|[from] item: Leftovers
|-heal|p2a: Gengar|89/100 par|[from] item: Leftovers
|upkeep
|turn|8
|
|t:|1730066835
|move|p1a: The Belly|Ice Beam|p2a: Gengar
|-crit|p2a: Gengar
|-damage|p2a: Gengar|19/100 par
|cant|p2a: Gengar|par
|
|-heal|p1a: The Belly|83/100|[from] item: Leftovers
|-heal|p2a: Gengar|25/100 par|[from] item: Leftovers
|upkeep
|turn|9
|c|☆ratdogrefurnished|mb
|
|t:|1730066847
|switch|p2a: Regice|Regice|100/100
|move|p1a: The Belly|Ice Beam|p2a: Regice
|-resisted|p2a: Regice
|-damage|p2a: Regice|95/100
|
|-heal|p1a: The Belly|90/100|[from] item: Leftovers
|-heal|p2a: Regice|100/100|[from] item: Leftovers
|upkeep
|turn|10
|
|t:|1730066852
|switch|p1a: The Brain|Forretress, F|100/100
|-damage|p1a: The Brain|84/100|[from] Spikes
|move|p2a: Regice|Thunder Wave|p1a: The Brain
|-status|p1a: The Brain|par
|
|-heal|p1a: The Brain|90/100 par|[from] item: Leftovers
|upkeep
|turn|11
|
|t:|1730066857
|switch|p1a: Come Tuesday|Claydol|100/100
|move|p2a: Regice|Ice Beam|p1a: Come Tuesday
|-supereffective|p1a: Come Tuesday
|-damage|p1a: Come Tuesday|24/100
|
|-heal|p1a: Come Tuesday|30/100|[from] item: Leftovers
|upkeep
|turn|12
|
|t:|1730066879
|switch|p1a: The Brain|Forretress, F|90/100 par
|-damage|p1a: The Brain|73/100 par|[from] Spikes
|switch|p2a: Gengar|Gengar, F|25/100 par
|
|-heal|p2a: Gengar|32/100 par|[from] item: Leftovers
|-heal|p1a: The Brain|80/100 par|[from] item: Leftovers
|upkeep
|turn|13
|
|t:|1730066884
|cant|p2a: Gengar|par
|move|p1a: The Brain|Spikes|p2a: Gengar
|-sidestart|p2: JoaF|Spikes
|
|-heal|p2a: Gengar|38/100 par|[from] item: Leftovers
|-heal|p1a: The Brain|86/100 par|[from] item: Leftovers
|upkeep
|turn|14
|
|t:|1730066888
|move|p2a: Gengar|Thunderbolt|p1a: The Brain
|-damage|p1a: The Brain|53/100 par
|move|p1a: The Brain|Spikes|p2a: Gengar
|-sidestart|p2: JoaF|Spikes
|
|-heal|p2a: Gengar|44/100 par|[from] item: Leftovers
|-heal|p1a: The Brain|60/100 par|[from] item: Leftovers
|upkeep
|turn|15
|
|t:|1730066892
|move|p2a: Gengar|Thunderbolt|p1a: The Brain
|-crit|p1a: The Brain
|-damage|p1a: The Brain|0 fnt
|faint|p1a: The Brain
|
|t:|1730066894
|switch|p1a: Come Tuesday|Claydol|30/100
|
|-heal|p1a: Come Tuesday|36/100|[from] item: Leftovers
|-heal|p2a: Gengar|50/100 par|[from] item: Leftovers
|upkeep
|turn|16
|
|t:|1730066912
|switch|p2a: Skarmory|Skarmory, M|100/100
|move|p1a: Come Tuesday|Psychic|p2a: Skarmory
|-resisted|p2a: Skarmory
|-damage|p2a: Skarmory|87/100
|
|-heal|p2a: Skarmory|93/100|[from] item: Leftovers
|-heal|p1a: Come Tuesday|42/100|[from] item: Leftovers
|upkeep
|turn|17
|
|t:|1730066916
|move|p2a: Skarmory|Toxic|p1a: Come Tuesday
|-status|p1a: Come Tuesday|tox
|move|p1a: Come Tuesday|Rapid Spin|p2a: Skarmory
|-resisted|p2a: Skarmory
|-damage|p2a: Skarmory|92/100
|-sideend|p1: ratdogrefurnished|Spikes|[from] move: Rapid Spin|[of] p1a: Come Tuesday
|
|-heal|p2a: Skarmory|98/100|[from] item: Leftovers
|-heal|p1a: Come Tuesday|49/100 tox|[from] item: Leftovers
|-damage|p1a: Come Tuesday|42/100 tox|[from] psn
|upkeep
|turn|18
|
|t:|1730066922
|switch|p1a: The Arm|Suicune|100/100
|move|p2a: Skarmory|Taunt|p1a: The Arm
|-start|p1a: The Arm|move: Taunt
|
|-heal|p2a: Skarmory|100/100|[from] item: Leftovers
|upkeep
|turn|19
|
|t:|1730066927
|move|p1a: The Arm|Surf|p2a: Skarmory
|-damage|p2a: Skarmory|70/100
|move|p2a: Skarmory|Toxic|p1a: The Arm
|-status|p1a: The Arm|tox
|
|-damage|p1a: The Arm|94/100 tox|[from] psn
|-end|p1a: The Arm|move: Taunt|[silent]
|-heal|p2a: Skarmory|76/100|[from] item: Leftovers
|upkeep
|turn|20
|
|t:|1730066936
|switch|p2a: Regice|Regice|100/100
|-damage|p2a: Regice|84/100|[from] Spikes
|move|p1a: The Arm|Surf|p2a: Regice
|-damage|p2a: Regice|69/100
|
|-heal|p1a: The Arm|100/100 tox|[from] item: Leftovers
|-damage|p1a: The Arm|88/100 tox|[from] psn
|-heal|p2a: Regice|75/100|[from] item: Leftovers
|upkeep
|turn|21
|
|t:|1730066942
|switch|p1a: The Belly|Blissey, F|90/100
|move|p2a: Regice|Thunderbolt|p1a: The Belly
|-damage|p1a: The Belly|78/100
|
|-heal|p1a: The Belly|84/100|[from] item: Leftovers
|-heal|p2a: Regice|82/100|[from] item: Leftovers
|upkeep
|turn|22
|
|t:|1730066955
|switch|p2a: Metagross|Metagross|100/100
|-damage|p2a: Metagross|84/100|[from] Spikes
|move|p1a: The Belly|Aromatherapy|p1a: The Belly
|-cureteam|p1a: The Belly|[from] move: Aromatherapy
|
|-heal|p2a: Metagross|90/100|[from] item: Leftovers
|-heal|p1a: The Belly|90/100|[from] item: Leftovers
|upkeep
|turn|23
|
|t:|1730066961
|switch|p1a: The Soul|Skarmory, M|100/100
|move|p2a: Metagross|Meteor Mash|p1a: The Soul
|-resisted|p1a: The Soul
|-damage|p1a: The Soul|79/100
|
|-heal|p2a: Metagross|96/100|[from] item: Leftovers
|-heal|p1a: The Soul|85/100|[from] item: Leftovers
|upkeep
|turn|24
|
|t:|1730066967
|move|p2a: Metagross|Meteor Mash|p1a: The Soul
|-resisted|p1a: The Soul
|-damage|p1a: The Soul|61/100
|move|p1a: The Soul|Spikes|p2a: Metagross
|-sidestart|p2: JoaF|Spikes
|
|-heal|p2a: Metagross|100/100|[from] item: Leftovers
|-heal|p1a: The Soul|67/100|[from] item: Leftovers
|upkeep
|turn|25
|
|t:|1730066969
|move|p1a: The Soul|Protect|p1a: The Soul
|-singleturn|p1a: The Soul|Protect
|move|p2a: Metagross|Meteor Mash|p1a: The Soul
|-activate|p1a: The Soul|Protect
|
|-heal|p1a: The Soul|73/100|[from] item: Leftovers
|upkeep
|turn|26
|
|t:|1730066972
|move|p2a: Metagross|Meteor Mash|p1a: The Soul
|-resisted|p1a: The Soul
|-damage|p1a: The Soul|50/100
|move|p1a: The Soul|Roar|p2a: Metagross
|drag|p2a: Claydol|Claydol|100/100
|
|-heal|p1a: The Soul|56/100|[from] item: Leftovers
|upkeep
|turn|27
|
|t:|1730066979
|move|p1a: The Soul|Protect|p1a: The Soul
|-singleturn|p1a: The Soul|Protect
|move|p2a: Claydol|Rapid Spin|p1a: The Soul
|-activate|p1a: The Soul|Protect
|
|-heal|p1a: The Soul|62/100|[from] item: Leftovers
|upkeep
|turn|28
|
|t:|1730066984
|move|p2a: Claydol|Psychic|p1a: The Soul
|-resisted|p1a: The Soul
|-damage|p1a: The Soul|53/100
|move|p1a: The Soul|Drill Peck|p2a: Claydol
|-damage|p2a: Claydol|78/100
|
|-heal|p2a: Claydol|84/100|[from] item: Leftovers
|-heal|p1a: The Soul|59/100|[from] item: Leftovers
|upkeep
|turn|29
|
|t:|1730066993
|move|p1a: The Soul|Protect|p1a: The Soul
|-singleturn|p1a: The Soul|Protect
|move|p2a: Claydol|Rapid Spin|p1a: The Soul
|-activate|p1a: The Soul|Protect
|
|-heal|p2a: Claydol|91/100|[from] item: Leftovers
|-heal|p1a: The Soul|65/100|[from] item: Leftovers
|upkeep
|turn|30
|
|t:|1730066997
|switch|p1a: The Arm|Suicune|88/100
|move|p2a: Claydol|Rapid Spin|p1a: The Arm
|-damage|p1a: The Arm|85/100
|-sideend|p2: JoaF|Spikes|[from] move: Rapid Spin|[of] p2a: Claydol
|
|-heal|p1a: The Arm|92/100|[from] item: Leftovers
|-heal|p2a: Claydol|97/100|[from] item: Leftovers
|upkeep
|turn|31
|inactive|JoaF has 270 seconds left.
|
|t:|1730067039
|switch|p2a: Regice|Regice|82/100
|move|p1a: The Arm|Surf|p2a: Regice
|-damage|p2a: Regice|67/100
|
|-heal|p1a: The Arm|98/100|[from] item: Leftovers
|-heal|p2a: Regice|73/100|[from] item: Leftovers
|upkeep
|turn|32
|inactive|JoaF has 270 seconds left.
|
|t:|1730067048
|switch|p2a: Metagross|Metagross|100/100
|move|p1a: The Arm|Surf|p2a: Metagross
|-damage|p2a: Metagross|67/100
|
|-heal|p1a: The Arm|100/100|[from] item: Leftovers
|-heal|p2a: Metagross|73/100|[from] item: Leftovers
|upkeep
|turn|33
|
|t:|1730067065
|switch|p1a: The Soul|Skarmory, M|65/100
|move|p2a: Metagross|Explosion|p1a: The Soul
|-resisted|p1a: The Soul
|-damage|p1a: The Soul|0 fnt
|faint|p2a: Metagross
|faint|p1a: The Soul
|
|t:|1730067071
|switch|p2a: Skarmory|Skarmory, M|76/100
|switch|p1a: The Arm|Suicune|100/100
|
|-heal|p2a: Skarmory|82/100|[from] item: Leftovers
|upkeep
|turn|34
|
|t:|1730067073
|move|p1a: The Arm|Calm Mind|p1a: The Arm
|-boost|p1a: The Arm|spa|1
|-boost|p1a: The Arm|spd|1
|move|p2a: Skarmory|Toxic|p1a: The Arm
|-status|p1a: The Arm|tox
|
|-damage|p1a: The Arm|94/100 tox|[from] psn
|-heal|p2a: Skarmory|88/100|[from] item: Leftovers
|upkeep
|turn|35
|
|t:|1730067077
|move|p2a: Skarmory|Taunt|p1a: The Arm
|-start|p1a: The Arm|move: Taunt
|cant|p1a: The Arm|move: Taunt|Roar
|
|-heal|p1a: The Arm|100/100 tox|[from] item: Leftovers
|-damage|p1a: The Arm|88/100 tox|[from] psn
|-heal|p2a: Skarmory|94/100|[from] item: Leftovers
|upkeep
|turn|36
|
|t:|1730067080
|move|p1a: The Arm|Surf|p2a: Skarmory
|-damage|p2a: Skarmory|51/100
|move|p2a: Skarmory|Spikes|p1a: The Arm
|-sidestart|p1: ratdogrefurnished|Spikes
|
|-heal|p1a: The Arm|94/100 tox|[from] item: Leftovers
|-damage|p1a: The Arm|76/100 tox|[from] psn
|-end|p1a: The Arm|move: Taunt|[silent]
|-heal|p2a: Skarmory|57/100|[from] item: Leftovers
|upkeep
|turn|37
|
|t:|1730067087
|switch|p2a: Regice|Regice|73/100
|move|p1a: The Arm|Surf|p2a: Regice
|-damage|p2a: Regice|50/100
|
|-heal|p1a: The Arm|82/100 tox|[from] item: Leftovers
|-damage|p1a: The Arm|57/100 tox|[from] psn
|-heal|p2a: Regice|57/100|[from] item: Leftovers
|upkeep
|turn|38
|
|t:|1730067091
|move|p1a: The Arm|Rest|p1a: The Arm
|-status|p1a: The Arm|slp|[from] move: Rest
|-heal|p1a: The Arm|100/100 slp|[silent]
|move|p2a: Regice|Thunderbolt|p1a: The Arm
|-supereffective|p1a: The Arm
|-damage|p1a: The Arm|73/100 slp
|
|-heal|p1a: The Arm|79/100 slp|[from] item: Leftovers
|-heal|p2a: Regice|63/100|[from] item: Leftovers
|upkeep
|turn|39
|
|t:|1730067100
|switch|p1a: Come Tuesday|Claydol|42/100
|move|p2a: Regice|Explosion|p1a: Come Tuesday
|-damage|p1a: Come Tuesday|0 fnt
|faint|p2a: Regice
|faint|p1a: Come Tuesday
|
|t:|1730067107
|switch|p1a: The Belly|Blissey, F|90/100
|switch|p2a: Skarmory|Skarmory, M|57/100
|-damage|p1a: The Belly|78/100|[from] Spikes
|
|-heal|p2a: Skarmory|63/100|[from] item: Leftovers
|-heal|p1a: The Belly|84/100|[from] item: Leftovers
|upkeep
|turn|40
|
|t:|1730067110
|move|p2a: Skarmory|Toxic|p1a: The Belly
|-status|p1a: The Belly|tox
|move|p1a: The Belly|Ice Beam|p2a: Skarmory
|-damage|p2a: Skarmory|40/100
|-status|p2a: Skarmory|frz
|
|-heal|p2a: Skarmory|46/100 frz|[from] item: Leftovers
|-heal|p1a: The Belly|90/100 tox|[from] item: Leftovers
|-damage|p1a: The Belly|84/100 tox|[from] psn
|upkeep
|turn|41
|
|t:|1730067127
|switch|p2a: Claydol|Claydol|97/100
|move|p1a: The Belly|Aromatherapy|p1a: The Belly
|-cureteam|p1a: The Belly|[from] move: Aromatherapy
|
|-heal|p2a: Claydol|100/100|[from] item: Leftovers
|-heal|p1a: The Belly|90/100|[from] item: Leftovers
|upkeep
|turn|42
|
|t:|1730067135
|move|p2a: Claydol|Earthquake|p1a: The Belly
|-damage|p1a: The Belly|53/100
|move|p1a: The Belly|Ice Beam|p2a: Claydol
|-supereffective|p2a: Claydol
|-damage|p2a: Claydol|59/100
|
|-heal|p2a: Claydol|65/100|[from] item: Leftovers
|-heal|p1a: The Belly|59/100|[from] item: Leftovers
|upkeep
|turn|43
|
|t:|1730067146
|switch|p1a: The Fingers|Dugtrio, M|100/100
|-damage|p1a: The Fingers|88/100|[from] Spikes
|move|p2a: Claydol|Explosion|p1a: The Fingers
|-damage|p1a: The Fingers|0 fnt
|faint|p2a: Claydol
|faint|p1a: The Fingers
|
|t:|1730067153
|switch|p1a: The Belly|Blissey, F|59/100
|switch|p2a: Gengar|Gengar, F|50/100 par
|-damage|p1a: The Belly|46/100|[from] Spikes
|
|-heal|p1a: The Belly|52/100|[from] item: Leftovers
|-heal|p2a: Gengar|56/100 par|[from] item: Leftovers
|upkeep
|turn|44
|
|t:|1730067156
|move|p1a: The Belly|Soft-Boiled|p1a: The Belly
|-heal|p1a: The Belly|100/100
|move|p2a: Gengar|Explosion|p1a: The Belly
|-damage|p1a: The Belly|35/100
|faint|p2a: Gengar
|
|t:|1730067161
|switch|p2a: Suicune|Suicune|100/100
|
|-heal|p1a: The Belly|41/100|[from] item: Leftovers
|upkeep
|turn|45
|
|t:|1730067165
|move|p2a: Suicune|Calm Mind|p2a: Suicune
|-boost|p2a: Suicune|spa|1
|-boost|p2a: Suicune|spd|1
|move|p1a: The Belly|Seismic Toss|p2a: Suicune
|-damage|p2a: Suicune|72/100
|
|-heal|p2a: Suicune|78/100|[from] item: Leftovers
|-heal|p1a: The Belly|47/100|[from] item: Leftovers
|upkeep
|turn|46
|
|t:|1730067171
|move|p1a: The Belly|Soft-Boiled|p1a: The Belly
|-heal|p1a: The Belly|97/100
|move|p2a: Suicune|Roar|p1a: The Belly
|drag|p1a: The Arm|Suicune|79/100
|-damage|p1a: The Arm|66/100|[from] Spikes
|
|-heal|p2a: Suicune|84/100|[from] item: Leftovers
|-heal|p1a: The Arm|73/100|[from] item: Leftovers
|upkeep
|turn|47
|
|t:|1730067177
|move|p2a: Suicune|Roar|p1a: The Arm
|drag|p1a: The Belly|Blissey, F|97/100
|-damage|p1a: The Belly|85/100|[from] Spikes
|
|-heal|p2a: Suicune|90/100|[from] item: Leftovers
|-heal|p1a: The Belly|91/100|[from] item: Leftovers
|upkeep
|turn|48
|
|t:|1730067181
|move|p2a: Suicune|Surf|p1a: The Belly
|-damage|p1a: The Belly|67/100
|move|p1a: The Belly|Seismic Toss|p2a: Suicune
|-damage|p2a: Suicune|61/100
|
|-heal|p2a: Suicune|67/100|[from] item: Leftovers
|-heal|p1a: The Belly|73/100|[from] item: Leftovers
|upkeep
|turn|49
|
|t:|1730067186
|move|p2a: Suicune|Calm Mind|p2a: Suicune
|-boost|p2a: Suicune|spa|1
|-boost|p2a: Suicune|spd|1
|move|p1a: The Belly|Seismic Toss|p2a: Suicune
|-damage|p2a: Suicune|38/100
|
|-heal|p2a: Suicune|44/100|[from] item: Leftovers
|-heal|p1a: The Belly|80/100|[from] item: Leftovers
|upkeep
|turn|50
|
|t:|1730067189
|move|p2a: Suicune|Surf|p1a: The Belly
|-damage|p1a: The Belly|47/100
|move|p1a: The Belly|Seismic Toss|p2a: Suicune
|-damage|p2a: Suicune|16/100
|
|-heal|p2a: Suicune|22/100|[from] item: Leftovers
|-heal|p1a: The Belly|53/100|[from] item: Leftovers
|upkeep
|turn|51
|
|t:|1730067197
|switch|p1a: The Arm|Suicune|73/100
|-damage|p1a: The Arm|60/100|[from] Spikes
|move|p2a: Suicune|Surf|p1a: The Arm
|-resisted|p1a: The Arm
|-damage|p1a: The Arm|29/100
|
|-heal|p2a: Suicune|28/100|[from] item: Leftovers
|-heal|p1a: The Arm|35/100|[from] item: Leftovers
|upkeep
|turn|52
|
|t:|1730067208
|move|p2a: Suicune|Surf|p1a: The Arm
|-resisted|p1a: The Arm
|-damage|p1a: The Arm|1/100
|move|p1a: The Arm|Rest|p1a: The Arm
|-status|p1a: The Arm|slp|[from] move: Rest
|-heal|p1a: The Arm|100/100 slp|[silent]
|
|-heal|p2a: Suicune|34/100|[from] item: Leftovers
|upkeep
|turn|53
|
|t:|1730067214
|switch|p1a: The Belly|Blissey, F|53/100
|-damage|p1a: The Belly|40/100|[from] Spikes
|move|p2a: Suicune|Calm Mind|p2a: Suicune
|-boost|p2a: Suicune|spa|1
|-boost|p2a: Suicune|spd|1
|
|-heal|p2a: Suicune|40/100|[from] item: Leftovers
|-heal|p1a: The Belly|47/100|[from] item: Leftovers
|upkeep
|turn|54
|
|t:|1730067219
|move|p2a: Suicune|Surf|p1a: The Belly
|-damage|p1a: The Belly|6/100
|move|p1a: The Belly|Soft-Boiled|p1a: The Belly
|-heal|p1a: The Belly|56/100
|
|-heal|p2a: Suicune|46/100|[from] item: Leftovers
|-heal|p1a: The Belly|62/100|[from] item: Leftovers
|upkeep
|turn|55
|
|t:|1730067223
|move|p1a: The Belly|Seismic Toss|p2a: Suicune
|-damage|p2a: Suicune|17/100
|move|p2a: Suicune|Roar|p1a: The Belly
|drag|p1a: The Arm|Suicune|100/100 slp
|-damage|p1a: The Arm|88/100 slp|[from] Spikes
|
|-heal|p2a: Suicune|23/100|[from] item: Leftovers
|-heal|p1a: The Arm|94/100 slp|[from] item: Leftovers
|upkeep
|turn|56
|
|t:|1730067232
|move|p2a: Suicune|Calm Mind|p2a: Suicune
|-boost|p2a: Suicune|spa|1
|-boost|p2a: Suicune|spd|1
|cant|p1a: The Arm|slp
|
|-heal|p2a: Suicune|29/100|[from] item: Leftovers
|-heal|p1a: The Arm|100/100 slp|[from] item: Leftovers
|upkeep
|turn|57
|
|t:|1730067240
|move|p2a: Suicune|Surf|p1a: The Arm
|-resisted|p1a: The Arm
|-damage|p1a: The Arm|53/100 slp
|cant|p1a: The Arm|slp
|
|-heal|p2a: Suicune|35/100|[from] item: Leftovers
|-heal|p1a: The Arm|59/100 slp|[from] item: Leftovers
|upkeep
|turn|58
|
|t:|1730067245
|-curestatus|p1a: The Arm|slp|[msg]
|move|p1a: The Arm|Calm Mind|p1a: The Arm
|-boost|p1a: The Arm|spa|1
|-boost|p1a: The Arm|spd|1
|move|p2a: Suicune|Roar|p1a: The Arm
|drag|p1a: The Belly|Blissey, F|62/100
|-damage|p1a: The Belly|50/100|[from] Spikes
|
|-heal|p2a: Suicune|41/100|[from] item: Leftovers
|-heal|p1a: The Belly|56/100|[from] item: Leftovers
|upkeep
|turn|59
|
|t:|1730067249
|move|p2a: Suicune|Surf|p1a: The Belly
|-damage|p1a: The Belly|2/100
|move|p1a: The Belly|Seismic Toss|p2a: Suicune
|-damage|p2a: Suicune|13/100
|
|-heal|p2a: Suicune|19/100|[from] item: Leftovers
|-heal|p1a: The Belly|8/100|[from] item: Leftovers
|upkeep
|turn|60
|
|t:|1730067253
|move|p2a: Suicune|Surf|p1a: The Belly
|-damage|p1a: The Belly|0 fnt
|faint|p1a: The Belly
|
|t:|1730067256
|switch|p1a: The Arm|Suicune|59/100
|-damage|p1a: The Arm|47/100|[from] Spikes
|
|-heal|p2a: Suicune|25/100|[from] item: Leftovers
|-heal|p1a: The Arm|53/100|[from] item: Leftovers
|upkeep
|turn|61
|
|t:|1730067258
|move|p2a: Suicune|Surf|p1a: The Arm
|-resisted|p1a: The Arm
|-damage|p1a: The Arm|6/100
|move|p1a: The Arm|Calm Mind|p1a: The Arm
|-boost|p1a: The Arm|spa|1
|-boost|p1a: The Arm|spd|1
|
|-heal|p2a: Suicune|31/100|[from] item: Leftovers
|-heal|p1a: The Arm|12/100|[from] item: Leftovers
|upkeep
|turn|62
|
|t:|1730067262
|move|p2a: Suicune|Surf|p1a: The Arm
|-resisted|p1a: The Arm
|-damage|p1a: The Arm|0 fnt
|faint|p1a: The Arm
|
|win|JoaF
|c|☆JoaF|gg
|c|☆ratdogrefurnished|GG

</script>
<script type="application/json" class="data" id="replaydata-smogtours-gen3ou-802813">
{"id":"smogtours-gen3ou-802813","format":"[Gen 3] OU","players":["ratdogrefurnished","JoaF"],"uploadtime":1730067262,"views":98,"formatid":"gen3ou","rating":null,"private":0,"password":null}
</script>

<script defer src="js/replays.js?9d40a366"></script>
