<!DOCTYPE html>
<meta charset="utf-8" />
<meta name="viewport" content="width=device-width" />

<title>[Gen 3] OU: Genexys vs. Calm Stiege - Replays - Pok&eacute;mon Showdown!</title>

<meta name="description" content="Watch a replay of a Pok&eacute;mon battle between Genexys and Calm Stiege! Format: [Gen 3] OU; Date: Oct 4, 2024" />
<!--

Hey, you! Looking in the source for the replay log?

You can find them in JSON format, just add `.json` at the end of a replay URL.

https://replay.pokemonshowdown.com/gen7randomdoublesbattle-865046831.json

Or, if you only need the log itself, add `.log` instead:

https://replay.pokemonshowdown.com/gen7randomdoublesbattle-865046831.log

-->

<link rel="stylesheet" href="//pokemonshowdown.com/style/global.css?0.767286132409787" />
<link rel="stylesheet" href="//play.pokemonshowdown.com/style/font-awesome.css?0.9266228007934947" />
<link rel="stylesheet" href="//play.pokemonshowdown.com/style/battle.css?0.7924700842790926" />
<link rel="stylesheet" href="//play.pokemonshowdown.com/style/utilichart.css?0.8777417872839479" />

<!-- Global site tag (gtag.js) - Google Analytics -->
<script async src="https://www.googletagmanager.com/gtag/js?id=UA-26211653-1"></script>
<script>
  window.dataLayer = window.dataLayer || [];
  function gtag(){dataLayer.push(arguments);}
  gtag('js', new Date());

  gtag('config', 'UA-26211653-1');
</script>
<!-- End Google Analytics -->
<!-- Venatus Ad Manager - Install in <HEAD> of page -->
	<script src="https://hb.vntsm.com/v3/live/ad-manager.min.js" type="text/javascript" data-site-id="642aba63ec9a7b11c3c9c1be" data-mode="scan" async></script>
<!-- / Venatus Ad Manager -->

<style>
	@media (max-width:820px) {
		.battle {
			margin: 0 auto;
		}
		.battle-log {
			margin: 7px auto 0;
			max-width: 640px;
			height: 300px;
			position: static;
		}
	}
	.optgroup {
		display: inline-block;
		line-height: 22px;
		font-size: 10pt;
	}
	.optgroup .button {
		height: 25px;
		padding-top: 0;
		padding-bottom: 0;
	}
	.optgroup button.button {
		padding-left: 12px;
		padding-right: 12px;
	}
	.linklist {
		list-style: none;
		margin: 0.5em 0;
		padding: 0;
	}
	.linklist li {
		padding: 2px 0;
	}
	.sidebar {
		float: left;
		width: 320px;
	}
	.bar-wrapper {
		max-width: 1100px;
		margin: 0 auto;
	}
	.bar-wrapper.has-sidebar {
		max-width: 1430px;
	}
	.mainbar {
		margin: 0;
		padding-right: 1px;
	}
	.mainbar.has-sidebar {
		margin-left: 330px;
	}
	@media (min-width: 1511px) {
		.sidebar {
			width: 400px;
		}
		.bar-wrapper.has-sidebar {
			max-width: 1510px;
		}
		.mainbar.has-sidebar {
			margin-left: 410px;
		}
	}
	.section.first-section {
		margin-top: 9px;
	}
	.blocklink small {
		white-space: normal;
	}
	.button {
		vertical-align: middle;
	}
	.replay-controls {
		padding-top: 10px;
	}
	.replay-controls h1 {
		font-size: 16pt;
		font-weight: normal;
		color: #CCC;
	}
	.pagelink {
		text-align: center;
	}
	.pagelink a {
		width: 150px;
	}
	.textbox, .button {
		font-size: 11pt;
		vertical-align: middle;
	}
	@media (max-width: 450px) {
		.button {
			font-size: 9pt;
		}
	}
</style>

<div>

	<header>
		<div class="nav-wrapper"><ul class="nav">
			<li><a class="button nav-first" href="//pokemonshowdown.com/"><img src="//pokemonshowdown.com/images/pokemonshowdownbeta.png" srcset="//pokemonshowdown.com/images/pokemonshowdownbeta.png 1x, //pokemonshowdown.com/images/pokemonshowdownbeta@2x.png 2x" alt="Pok&eacute;mon Showdown" width="146" height="44" /> Home</a></li>
			<li><a class="button" href="//pokemonshowdown.com/dex/">Pok&eacute;dex</a></li>
			<li><a class="button cur" href="/">Replays</a></li>
			<li><a class="button" href="//pokemonshowdown.com/ladder/">Ladder</a></li>
			<li><a class="button nav-last" href="//pokemonshowdown.com/forums/">Forum</a></li>
			<li><a class="button greenbutton nav-first nav-last" href="//play.pokemonshowdown.com/">Play</a></li>
		</ul></div>
	</header>

	<div class="main" id="main">

		<noscript><section class="section">You need to enable JavaScript to use this page; sorry!</section></noscript>

	</div>

</div>

<script defer nomodule src="//play.pokemonshowdown.com/js/lib/ps-polyfill.js"></script>
<script defer src="//play.pokemonshowdown.com/js/lib/preact.min.js"></script>

<script defer src="//play.pokemonshowdown.com/config/config.js?6dec07f6"></script>
<script defer src="//play.pokemonshowdown.com/js/lib/jquery-1.11.0.min.js"></script>
<script defer src="//play.pokemonshowdown.com/js/lib/html-sanitizer-minified.js"></script>
<script defer src="//play.pokemonshowdown.com/js/battle-sound.js"></script>
<script defer src="//play.pokemonshowdown.com/js/battledata.js?0.6315294753075389"></script>
<script defer src="//play.pokemonshowdown.com/data/pokedex-mini.js?0.7603743185311358"></script>
<script defer src="//play.pokemonshowdown.com/data/pokedex-mini-bw.js?0.030888842834281283"></script>
<script defer src="//play.pokemonshowdown.com/data/graphics.js?0.05593094747507488"></script>
<script defer src="//play.pokemonshowdown.com/data/pokedex.js?0.47064822249611904"></script>
<script defer src="//play.pokemonshowdown.com/data/moves.js?0.8583693120512459"></script>
<script defer src="//play.pokemonshowdown.com/data/abilities.js?0.16017181182386842"></script>
<script defer src="//play.pokemonshowdown.com/data/items.js?0.4163379185673943"></script>
<script defer src="//play.pokemonshowdown.com/data/teambuilder-tables.js?0.31075597372830477"></script>
<script defer src="//play.pokemonshowdown.com/js/battle-tooltips.js?0.6536193500708172"></script>
<script defer src="//play.pokemonshowdown.com/js/battle.js?0.1916591943277901"></script>

<script defer src="js/utils.js?e31f9a17"></script>
<script defer src="js/replays-battle.js?7008c182"></script>

<!-- don't scrape this data! just add .json or .log after the URL!
Full API docs: https://github.com/smogon/pokemon-showdown-client/blob/master/WEB-API.md -->
<script type="text/plain" class="log" id="replaylog-smogtours-gen3ou-794555">
|inactive|Battle timer is ON: inactive players will automatically lose when time's up.
|t:|1728054183
|gametype|singles
|player|p1|Genexys|ghetsis|
|player|p2|Calm Stiege|169|
|teamsize|p1|6
|teamsize|p2|6
|gen|3
|tier|[Gen 3] OU
|rule|Sleep Clause Mod: Limit one foe put to sleep
|rule|Switch Priority Clause Mod: Faster Pokémon switch first
|rule|Species Clause: Limit one of each Pokémon
|rule|OHKO Clause: OHKO moves are banned
|rule|Evasion Items Clause: Evasion items are banned
|rule|Evasion Moves Clause: Evasion moves are banned
|rule|Endless Battle Clause: Forcing endless battles is banned
|rule|HP Percentage Mod: HP is shown in percentages
|rule|One Boost Passer Clause: Limit one Baton Passer that has a way to boost its stats
|rule|Freeze Clause Mod: Limit one foe frozen
|
|t:|1728054183
|start
|switch|p1a: bagonator|Salamence, M, shiny|100/100
|switch|p2a: dodgy|Suicune|100/100
|-ability|p1a: bagonator|Intimidate|boost
|-unboost|p2a: dodgy|atk|1
|turn|1
|c|☆Genexys|glhf
|c|☆Calm Stiege|hfgl
|
|t:|1728054199
|switch|p1a: Hariyama|Hariyama, M|100/100
|move|p2a: dodgy|Substitute|p2a: dodgy
|-start|p2a: dodgy|Substitute
|-damage|p2a: dodgy|76/100
|
|-heal|p2a: dodgy|82/100|[from] item: Leftovers
|upkeep
|turn|2
|
|t:|1728054202
|move|p2a: dodgy|Hydro Pump|p1a: Hariyama
|-damage|p1a: Hariyama|61/100
|move|p1a: Hariyama|Whirlwind|p2a: dodgy
|drag|p2a: relinquished|Claydol|100/100
|
|-heal|p1a: Hariyama|68/100|[from] item: Leftovers
|upkeep
|turn|3
|
|t:|1728054208
|switch|p1a: ILTGMDSWIGH|Skarmory, M|100/100
|move|p2a: relinquished|Psychic|p1a: ILTGMDSWIGH
|-resisted|p1a: ILTGMDSWIGH
|-damage|p1a: ILTGMDSWIGH|87/100
|
|-heal|p1a: ILTGMDSWIGH|93/100|[from] item: Leftovers
|upkeep
|turn|4
|
|t:|1728054212
|switch|p1a: bagonator|Salamence, M, shiny|100/100
|-ability|p1a: bagonator|Intimidate|boost
|-unboost|p2a: relinquished|atk|1
|switch|p2a: the word|Skarmory, F|100/100
|
|upkeep
|turn|5
|
|t:|1728054217
|switch|p1a: Tusk Act 4|Starmie|100/100
|switch|p2a: relinquished|Claydol|100/100
|
|upkeep
|turn|6
|
|t:|1728054224
|move|p1a: Tusk Act 4|Surf|p2a: relinquished
|-supereffective|p2a: relinquished
|-damage|p2a: relinquished|47/100
|move|p2a: relinquished|Hidden Power|p1a: Tusk Act 4
|-supereffective|p1a: Tusk Act 4
|-damage|p1a: Tusk Act 4|57/100
|
|-heal|p1a: Tusk Act 4|63/100|[from] item: Leftovers
|-heal|p2a: relinquished|54/100|[from] item: Leftovers
|upkeep
|turn|7
|
|t:|1728054229
|switch|p2a: cursed|Gengar, F|100/100
|move|p1a: Tusk Act 4|Surf|p2a: cursed
|-damage|p2a: cursed|51/100
|
|-heal|p2a: cursed|57/100|[from] item: Leftovers
|-heal|p1a: Tusk Act 4|70/100|[from] item: Leftovers
|upkeep
|turn|8
|
|t:|1728054233
|switch|p1a: MetaGROSS #OWNED|Metagross, shiny|100/100
|move|p2a: cursed|Thunderbolt|p1a: MetaGROSS #OWNED
|-damage|p1a: MetaGROSS #OWNED|69/100
|-status|p1a: MetaGROSS #OWNED|par
|
|-heal|p2a: cursed|63/100|[from] item: Leftovers
|-heal|p1a: MetaGROSS #OWNED|75/100 par|[from] item: Leftovers
|upkeep
|turn|9
|c|☆Calm Stiege|soz
|
|t:|1728054239
|-activate|p2a: cursed|move: Pursuit
|cant|p1a: MetaGROSS #OWNED|par
|switch|p2a: the word|Skarmory, F|100/100
|
|-heal|p1a: MetaGROSS #OWNED|81/100 par|[from] item: Leftovers
|upkeep
|turn|10
|c|☆Genexys|all good
|c|☆Calm Stiege|oof
|
|t:|1728054245
|switch|p1a: Hariyama|Hariyama, M|68/100
|move|p2a: the word|Spikes|p1a: Hariyama
|-sidestart|p1: Genexys|Spikes
|
|-heal|p1a: Hariyama|74/100|[from] item: Leftovers
|upkeep
|turn|11
|
|t:|1728054251
|switch|p2a: cursed|Gengar, F|63/100
|move|p1a: Hariyama|Knock Off|p2a: cursed
|-supereffective|p2a: cursed
|-damage|p2a: cursed|55/100
|-enditem|p2a: cursed|Leftovers|[from] move: Knock Off|[of] p1a: Hariyama
|-hint|In Gens 3-4, Knock Off only makes the target's item unusable; it cannot obtain a new item.
|
|-heal|p1a: Hariyama|80/100|[from] item: Leftovers
|upkeep
|turn|12
|
|t:|1728054257
|move|p2a: cursed|Thunderbolt|p1a: Hariyama
|-damage|p1a: Hariyama|57/100
|move|p1a: Hariyama|Rock Slide|p2a: cursed
|-damage|p2a: cursed|17/100
|
|-heal|p1a: Hariyama|64/100|[from] item: Leftovers
|upkeep
|turn|13
|
|t:|1728054261
|move|p2a: cursed|Explosion|p1a: Hariyama
|-damage|p1a: Hariyama|0 fnt
|faint|p2a: cursed
|faint|p1a: Hariyama
|
|t:|1728054268
|switch|p2a: old dragon|Aerodactyl, M|100/100
|switch|p1a: ILTGMDSWIGH|Skarmory, M|93/100
|
|-heal|p1a: ILTGMDSWIGH|99/100|[from] item: Leftovers
|upkeep
|turn|14
|
|t:|1728054272
|switch|p2a: the word|Skarmory, F|100/100
|move|p1a: ILTGMDSWIGH|Spikes|p2a: the word
|-sidestart|p2: Calm Stiege|Spikes
|
|-heal|p1a: ILTGMDSWIGH|100/100|[from] item: Leftovers
|upkeep
|turn|15
|
|t:|1728054273
|move|p1a: ILTGMDSWIGH|Taunt|p2a: the word
|-start|p2a: the word|move: Taunt
|cant|p2a: the word|move: Taunt|Spikes
|
|upkeep
|turn|16
|
|t:|1728054275
|switch|p2a: relinquished|Claydol|54/100
|move|p1a: ILTGMDSWIGH|Spikes|p2a: relinquished
|-sidestart|p2: Calm Stiege|Spikes
|
|-heal|p2a: relinquished|60/100|[from] item: Leftovers
|upkeep
|turn|17
|
|t:|1728054277
|move|p1a: ILTGMDSWIGH|Toxic|p2a: relinquished
|-status|p2a: relinquished|tox
|move|p2a: relinquished|Rapid Spin|p1a: ILTGMDSWIGH
|-resisted|p1a: ILTGMDSWIGH
|-damage|p1a: ILTGMDSWIGH|99/100
|-sideend|p2: Calm Stiege|Spikes|[from] move: Rapid Spin|[of] p2a: relinquished
|
|-heal|p1a: ILTGMDSWIGH|100/100|[from] item: Leftovers
|-heal|p2a: relinquished|66/100 tox|[from] item: Leftovers
|-damage|p2a: relinquished|60/100 tox|[from] psn
|upkeep
|turn|18
|
|t:|1728054281
|switch|p2a: Terance|Tyranitar, M|100/100
|-weather|Sandstorm|[from] ability: Sand Stream|[of] p2a: Terance
|move|p1a: ILTGMDSWIGH|Spikes|p2a: Terance
|-sidestart|p2: Calm Stiege|Spikes
|
|-weather|Sandstorm|[upkeep]
|upkeep
|turn|19
|
|t:|1728054285
|move|p1a: ILTGMDSWIGH|Toxic|p2a: Terance
|-status|p2a: Terance|tox
|-enditem|p2a: Terance|Lum Berry|[eat]
|-curestatus|p2a: Terance|tox|[msg]
|move|p2a: Terance|Fire Blast|p1a: ILTGMDSWIGH
|-supereffective|p1a: ILTGMDSWIGH
|-crit|p1a: ILTGMDSWIGH
|-damage|p1a: ILTGMDSWIGH|0 fnt
|faint|p1a: ILTGMDSWIGH
|
|t:|1728054288
|switch|p1a: bagonator|Salamence, M, shiny|100/100
|-ability|p1a: bagonator|Intimidate|boost
|-unboost|p2a: Terance|atk|1
|
|-weather|Sandstorm|[upkeep]
|-damage|p1a: bagonator|94/100|[from] Sandstorm
|upkeep
|turn|20
|
|t:|1728054292
|move|p1a: bagonator|Brick Break|p2a: Terance
|-supereffective|p2a: Terance
|-damage|p2a: Terance|0 fnt
|faint|p2a: Terance
|
|t:|1728054296
|switch|p2a: old dragon|Aerodactyl, M|100/100
|
|-weather|Sandstorm|[upkeep]
|-damage|p1a: bagonator|88/100|[from] Sandstorm
|upkeep
|turn|21
|
|t:|1728054301
|switch|p2a: the word|Skarmory, F|100/100
|switch|p1a: MetaGROSS #OWNED|Metagross, shiny|81/100 par
|-damage|p1a: MetaGROSS #OWNED|68/100 par|[from] Spikes
|
|-weather|Sandstorm|[upkeep]
|-heal|p1a: MetaGROSS #OWNED|74/100 par|[from] item: Leftovers
|upkeep
|turn|22
|
|t:|1728054305
|switch|p1a: Tusk Act 4|Starmie|70/100
|-damage|p1a: Tusk Act 4|57/100|[from] Spikes
|move|p2a: the word|Spikes|p1a: Tusk Act 4
|-sidestart|p1: Genexys|Spikes
|
|-weather|Sandstorm|[upkeep]
|-damage|p1a: Tusk Act 4|51/100|[from] Sandstorm
|-heal|p1a: Tusk Act 4|57/100|[from] item: Leftovers
|upkeep
|turn|23
|
|t:|1728054307
|move|p1a: Tusk Act 4|Rapid Spin|p2a: the word
|-resisted|p2a: the word
|-damage|p2a: the word|99/100
|-sideend|p1: Genexys|Spikes|[from] move: Rapid Spin|[of] p1a: Tusk Act 4
|move|p2a: the word|Toxic|p1a: Tusk Act 4
|-status|p1a: Tusk Act 4|tox
|
|-weather|Sandstorm|[upkeep]
|-damage|p1a: Tusk Act 4|51/100 tox|[from] Sandstorm
|-heal|p1a: Tusk Act 4|57/100 tox|[from] item: Leftovers
|-damage|p1a: Tusk Act 4|51/100 tox|[from] psn
|-heal|p2a: the word|100/100|[from] item: Leftovers
|upkeep
|turn|24
|
|t:|1728054309
|move|p1a: Tusk Act 4|Recover|p1a: Tusk Act 4
|-heal|p1a: Tusk Act 4|100/100 tox
|move|p2a: the word|Spikes|p1a: Tusk Act 4
|-sidestart|p1: Genexys|Spikes
|
|-weather|Sandstorm|[upkeep]
|-damage|p1a: Tusk Act 4|94/100 tox|[from] Sandstorm
|-heal|p1a: Tusk Act 4|100/100 tox|[from] item: Leftovers
|-damage|p1a: Tusk Act 4|88/100 tox|[from] psn
|upkeep
|turn|25
|
|t:|1728054311
|move|p1a: Tusk Act 4|Thunder Wave|p2a: the word
|-status|p2a: the word|par
|move|p2a: the word|Spikes|p1a: Tusk Act 4
|-sidestart|p1: Genexys|Spikes
|
|-weather|Sandstorm|[upkeep]
|-damage|p1a: Tusk Act 4|82/100 tox|[from] Sandstorm
|-heal|p1a: Tusk Act 4|88/100 tox|[from] item: Leftovers
|-damage|p1a: Tusk Act 4|70/100 tox|[from] psn
|upkeep
|turn|26
|
|t:|1728054314
|move|p1a: Tusk Act 4|Rapid Spin|p2a: the word
|-resisted|p2a: the word
|-damage|p2a: the word|99/100 par
|-sideend|p1: Genexys|Spikes|[from] move: Rapid Spin|[of] p1a: Tusk Act 4
|move|p2a: the word|Spikes|p1a: Tusk Act 4
|-sidestart|p1: Genexys|Spikes
|
|-weather|Sandstorm|[upkeep]
|-damage|p1a: Tusk Act 4|63/100 tox|[from] Sandstorm
|-heal|p1a: Tusk Act 4|70/100 tox|[from] item: Leftovers
|-damage|p1a: Tusk Act 4|45/100 tox|[from] psn
|-heal|p2a: the word|100/100 par|[from] item: Leftovers
|upkeep
|turn|27
|
|t:|1728054319
|-curestatus|p1a: Tusk Act 4|tox|[from] ability: Natural Cure
|switch|p1a: Kebab|Blissey, F|100/100
|-damage|p1a: Kebab|88/100|[from] Spikes
|switch|p2a: old dragon|Aerodactyl, M|100/100
|
|-weather|Sandstorm|[upkeep]
|-damage|p1a: Kebab|82/100|[from] Sandstorm
|-heal|p1a: Kebab|88/100|[from] item: Leftovers
|upkeep
|turn|28
|
|t:|1728054323
|move|p2a: old dragon|Rock Slide|p1a: Kebab
|-damage|p1a: Kebab|37/100
|cant|p1a: Kebab|flinch
|
|-weather|Sandstorm|[upkeep]
|-damage|p1a: Kebab|31/100|[from] Sandstorm
|-heal|p1a: Kebab|37/100|[from] item: Leftovers
|upkeep
|turn|29
|
|t:|1728054331
|switch|p1a: MetaGROSS #OWNED|Metagross, shiny|74/100 par
|-damage|p1a: MetaGROSS #OWNED|62/100 par|[from] Spikes
|move|p2a: old dragon|Rock Slide|p1a: MetaGROSS #OWNED
|-resisted|p1a: MetaGROSS #OWNED
|-damage|p1a: MetaGROSS #OWNED|42/100 par
|
|-weather|Sandstorm|[upkeep]
|-heal|p1a: MetaGROSS #OWNED|48/100 par|[from] item: Leftovers
|upkeep
|turn|30
|
|t:|1728054338
|switch|p2a: relinquished|Claydol|60/100 tox
|switch|p1a: Tusk Act 4|Starmie|45/100
|-damage|p1a: Tusk Act 4|33/100|[from] Spikes
|
|-weather|Sandstorm|[upkeep]
|-damage|p1a: Tusk Act 4|26/100|[from] Sandstorm
|-heal|p1a: Tusk Act 4|33/100|[from] item: Leftovers
|-heal|p2a: relinquished|66/100 tox|[from] item: Leftovers
|-damage|p2a: relinquished|60/100 tox|[from] psn
|upkeep
|turn|31
|
|t:|1728054344
|move|p1a: Tusk Act 4|Surf|p2a: relinquished
|-supereffective|p2a: relinquished
|-damage|p2a: relinquished|5/100 tox
|move|p2a: relinquished|Hidden Power|p1a: Tusk Act 4
|-supereffective|p1a: Tusk Act 4
|-damage|p1a: Tusk Act 4|0 fnt
|faint|p1a: Tusk Act 4
|
|t:|1728054353
|switch|p1a: Kebab|Blissey, F|37/100
|-damage|p1a: Kebab|24/100|[from] Spikes
|
|-weather|Sandstorm|[upkeep]
|-damage|p1a: Kebab|18/100|[from] Sandstorm
|-heal|p2a: relinquished|11/100 tox|[from] item: Leftovers
|-damage|p2a: relinquished|0 fnt|[from] psn
|faint|p2a: relinquished
|-heal|p1a: Kebab|24/100|[from] item: Leftovers
|upkeep
|
|t:|1728054359
|switch|p2a: old dragon|Aerodactyl, M|100/100
|turn|32
|
|t:|1728054366
|switch|p1a: bagonator|Salamence, M, shiny|88/100
|-ability|p1a: bagonator|Intimidate|boost
|-unboost|p2a: old dragon|atk|1
|move|p2a: old dragon|Double-Edge|p1a: bagonator
|-damage|p1a: bagonator|42/100
|
|-weather|Sandstorm|[upkeep]
|-damage|p1a: bagonator|36/100|[from] Sandstorm
|upkeep
|turn|33
|c|☆Genexys|ggs
|-message|Genexys forfeited.
|
|win|Calm Stiege
|c|☆Calm Stiege|gg

</script>
<script type="application/json" class="data" id="replaydata-smogtours-gen3ou-794555">
{"id":"smogtours-gen3ou-794555","format":"[Gen 3] OU","players":["Genexys","Calm Stiege"],"uploadtime":1728054375,"views":106,"formatid":"gen3ou","rating":null,"private":0,"password":null}
</script>

<script defer src="js/replays.js?9d40a366"></script>
