<!DOCTYPE html>
<meta charset="utf-8" />
<meta name="viewport" content="width=device-width" />

<title>[Gen 3] OU: pkleech vs. Gonzasaurio 50 - Replays - Pok&eacute;mon Showdown!</title>

<meta name="description" content="Watch a replay of a Pok&eacute;mon battle between pkleech and Gonzasaurio 50! Format: [Gen 3] OU; Date: Oct 15, 2024" />
<!--

Hey, you! Looking in the source for the replay log?

You can find them in JSON format, just add `.json` at the end of a replay URL.

https://replay.pokemonshowdown.com/gen7randomdoublesbattle-865046831.json

Or, if you only need the log itself, add `.log` instead:

https://replay.pokemonshowdown.com/gen7randomdoublesbattle-865046831.log

-->

<link rel="stylesheet" href="//pokemonshowdown.com/style/global.css?0.023195364461161105" />
<link rel="stylesheet" href="//play.pokemonshowdown.com/style/font-awesome.css?0.13261647063804238" />
<link rel="stylesheet" href="//play.pokemonshowdown.com/style/battle.css?0.8753245789963631" />
<link rel="stylesheet" href="//play.pokemonshowdown.com/style/utilichart.css?0.8627959624976733" />

<!-- Global site tag (gtag.js) - Google Analytics -->
<script async src="https://www.googletagmanager.com/gtag/js?id=UA-26211653-1"></script>
<script>
  window.dataLayer = window.dataLayer || [];
  function gtag(){dataLayer.push(arguments);}
  gtag('js', new Date());

  gtag('config', 'UA-26211653-1');
</script>
<!-- End Google Analytics -->
<!-- Venatus Ad Manager - Install in <HEAD> of page -->
	<script src="https://hb.vntsm.com/v3/live/ad-manager.min.js" type="text/javascript" data-site-id="642aba63ec9a7b11c3c9c1be" data-mode="scan" async></script>
<!-- / Venatus Ad Manager -->

<style>
	@media (max-width:820px) {
		.battle {
			margin: 0 auto;
		}
		.battle-log {
			margin: 7px auto 0;
			max-width: 640px;
			height: 300px;
			position: static;
		}
	}
	.optgroup {
		display: inline-block;
		line-height: 22px;
		font-size: 10pt;
	}
	.optgroup .button {
		height: 25px;
		padding-top: 0;
		padding-bottom: 0;
	}
	.optgroup button.button {
		padding-left: 12px;
		padding-right: 12px;
	}
	.linklist {
		list-style: none;
		margin: 0.5em 0;
		padding: 0;
	}
	.linklist li {
		padding: 2px 0;
	}
	.sidebar {
		float: left;
		width: 320px;
	}
	.bar-wrapper {
		max-width: 1100px;
		margin: 0 auto;
	}
	.bar-wrapper.has-sidebar {
		max-width: 1430px;
	}
	.mainbar {
		margin: 0;
		padding-right: 1px;
	}
	.mainbar.has-sidebar {
		margin-left: 330px;
	}
	@media (min-width: 1511px) {
		.sidebar {
			width: 400px;
		}
		.bar-wrapper.has-sidebar {
			max-width: 1510px;
		}
		.mainbar.has-sidebar {
			margin-left: 410px;
		}
	}
	.section.first-section {
		margin-top: 9px;
	}
	.blocklink small {
		white-space: normal;
	}
	.button {
		vertical-align: middle;
	}
	.replay-controls {
		padding-top: 10px;
	}
	.replay-controls h1 {
		font-size: 16pt;
		font-weight: normal;
		color: #CCC;
	}
	.pagelink {
		text-align: center;
	}
	.pagelink a {
		width: 150px;
	}
	.textbox, .button {
		font-size: 11pt;
		vertical-align: middle;
	}
	@media (max-width: 450px) {
		.button {
			font-size: 9pt;
		}
	}
</style>

<div>

	<header>
		<div class="nav-wrapper"><ul class="nav">
			<li><a class="button nav-first" href="//pokemonshowdown.com/"><img src="//pokemonshowdown.com/images/pokemonshowdownbeta.png" srcset="//pokemonshowdown.com/images/pokemonshowdownbeta.png 1x, //pokemonshowdown.com/images/pokemonshowdownbeta@2x.png 2x" alt="Pok&eacute;mon Showdown" width="146" height="44" /> Home</a></li>
			<li><a class="button" href="//pokemonshowdown.com/dex/">Pok&eacute;dex</a></li>
			<li><a class="button cur" href="/">Replays</a></li>
			<li><a class="button" href="//pokemonshowdown.com/ladder/">Ladder</a></li>
			<li><a class="button nav-last" href="//pokemonshowdown.com/forums/">Forum</a></li>
			<li><a class="button greenbutton nav-first nav-last" href="//play.pokemonshowdown.com/">Play</a></li>
		</ul></div>
	</header>

	<div class="main" id="main">

		<noscript><section class="section">You need to enable JavaScript to use this page; sorry!</section></noscript>

	</div>

</div>

<script defer nomodule src="//play.pokemonshowdown.com/js/lib/ps-polyfill.js"></script>
<script defer src="//play.pokemonshowdown.com/js/lib/preact.min.js"></script>

<script defer src="//play.pokemonshowdown.com/config/config.js?2bddbc15"></script>
<script defer src="//play.pokemonshowdown.com/js/lib/jquery-1.11.0.min.js"></script>
<script defer src="//play.pokemonshowdown.com/js/lib/html-sanitizer-minified.js"></script>
<script defer src="//play.pokemonshowdown.com/js/battle-sound.js"></script>
<script defer src="//play.pokemonshowdown.com/js/battledata.js?0.7209276989879541"></script>
<script defer src="//play.pokemonshowdown.com/data/pokedex-mini.js?0.6111056340867951"></script>
<script defer src="//play.pokemonshowdown.com/data/pokedex-mini-bw.js?0.3532142036491459"></script>
<script defer src="//play.pokemonshowdown.com/data/graphics.js?0.24223875632456182"></script>
<script defer src="//play.pokemonshowdown.com/data/pokedex.js?0.38839984266356864"></script>
<script defer src="//play.pokemonshowdown.com/data/moves.js?0.21866028504024015"></script>
<script defer src="//play.pokemonshowdown.com/data/abilities.js?0.2005157953846628"></script>
<script defer src="//play.pokemonshowdown.com/data/items.js?0.9894211263848525"></script>
<script defer src="//play.pokemonshowdown.com/data/teambuilder-tables.js?0.6008791140282215"></script>
<script defer src="//play.pokemonshowdown.com/js/battle-tooltips.js?0.7580118955022959"></script>
<script defer src="//play.pokemonshowdown.com/js/battle.js?0.6057722274234274"></script>

<script defer src="js/utils.js?e31f9a17"></script>
<script defer src="js/replays-battle.js?7008c182"></script>

<!-- don't scrape this data! just add .json or .log after the URL!
Full API docs: https://github.com/smogon/pokemon-showdown-client/blob/master/WEB-API.md -->
<script type="text/plain" class="log" id="replaylog-smogtours-gen3ou-799002">
|inactive|Battle timer is ON: inactive players will automatically lose when time's up.
|t:|1729023015
|gametype|singles
|player|p1|pkleech|pokemonbreeder-gen4|
|player|p2|Gonzasaurio 50|102|
|teamsize|p1|6
|teamsize|p2|6
|gen|3
|tier|[Gen 3] OU
|rule|Sleep Clause Mod: Limit one foe put to sleep
|rule|Switch Priority Clause Mod: Faster Pokémon switch first
|rule|Species Clause: Limit one of each Pokémon
|rule|OHKO Clause: OHKO moves are banned
|rule|Evasion Items Clause: Evasion items are banned
|rule|Evasion Moves Clause: Evasion moves are banned
|rule|Endless Battle Clause: Forcing endless battles is banned
|rule|HP Percentage Mod: HP is shown in percentages
|rule|One Boost Passer Clause: Limit one Baton Passer that has a way to boost its stats
|rule|Freeze Clause Mod: Limit one foe frozen
|
|t:|1729023015
|start
|switch|p1a: Tyranitar|Tyranitar, M|100/100
|switch|p2a: SICKO MODE|Slaking, F|100/100
|-weather|Sandstorm|[from] ability: Sand Stream|[of] p1a: Tyranitar
|turn|1
|c|☆pkleech|hf
|inactive|pkleech has 270 seconds left.
|inactive|Gonzasaurio 50 has 270 seconds left.
|c|☆Gonzasaurio 50|hf
|
|t:|1729023072
|-singleturn|p2a: SICKO MODE|move: Focus Punch
|switch|p1a: Skarmory|Skarmory, M|100/100
|move|p2a: SICKO MODE|Focus Punch|p1a: Skarmory
|-damage|p1a: Skarmory|20/100
|
|-weather|Sandstorm|[upkeep]
|-damage|p2a: SICKO MODE|94/100|[from] Sandstorm
|-heal|p1a: Skarmory|26/100|[from] item: Leftovers
|upkeep
|turn|2
|
|t:|1729023098
|switch|p2a: Antidote|Blissey, F|100/100
|move|p1a: Skarmory|Spikes|p2a: Antidote
|-sidestart|p2: Gonzasaurio 50|Spikes
|
|-weather|Sandstorm|[upkeep]
|-damage|p2a: Antidote|94/100|[from] Sandstorm
|-heal|p1a: Skarmory|33/100|[from] item: Leftovers
|-heal|p2a: Antidote|100/100|[from] item: Leftovers
|upkeep
|turn|3
|
|t:|1729023119
|switch|p1a: Swampert|Swampert, F|100/100
|move|p2a: Antidote|Thunder Wave|p1a: Swampert
|-immune|p1a: Swampert
|
|-weather|Sandstorm|[upkeep]
|-damage|p2a: Antidote|94/100|[from] Sandstorm
|-heal|p2a: Antidote|100/100|[from] item: Leftovers
|upkeep
|turn|4
|inactive|pkleech has 270 seconds left.
|inactive|Gonzasaurio 50 has 270 seconds left.
|
|t:|1729023148
|switch|p2a: MELTDOWN|Suicune|100/100
|-damage|p2a: MELTDOWN|88/100|[from] Spikes
|move|p1a: Swampert|Earthquake|p2a: MELTDOWN
|-damage|p2a: MELTDOWN|60/100
|
|-weather|Sandstorm|[upkeep]
|-damage|p2a: MELTDOWN|54/100|[from] Sandstorm
|-heal|p2a: MELTDOWN|60/100|[from] item: Leftovers
|upkeep
|turn|5
|inactive|pkleech has 270 seconds left.
|inactive|pkleech has 240 seconds left.
|
|t:|1729023187
|switch|p1a: Jirachi|Jirachi|100/100
|move|p2a: MELTDOWN|Surf|p1a: Jirachi
|-damage|p1a: Jirachi|65/100
|
|-weather|Sandstorm|[upkeep]
|-damage|p2a: MELTDOWN|54/100|[from] Sandstorm
|-heal|p1a: Jirachi|72/100|[from] item: Leftovers
|-heal|p2a: MELTDOWN|60/100|[from] item: Leftovers
|upkeep
|turn|6
|inactive|pkleech has 240 seconds left.
|inactive|Gonzasaurio 50 has 270 seconds left.
|inactive|Gonzasaurio 50 has 240 seconds left.
|inactive|Gonzasaurio 50 has 210 seconds left.
|
|t:|1729023270
|switch|p2a: Piss On Your Grave|Swampert, M|100/100
|-damage|p2a: Piss On Your Grave|88/100|[from] Spikes
|move|p1a: Jirachi|Hidden Power|p2a: Piss On Your Grave
|-supereffective|p2a: Piss On Your Grave
|-damage|p2a: Piss On Your Grave|12/100
|
|-weather|Sandstorm|[upkeep]
|-heal|p1a: Jirachi|78/100|[from] item: Leftovers
|-heal|p2a: Piss On Your Grave|18/100|[from] item: Leftovers
|upkeep
|turn|7
|inactive|pkleech has 240 seconds left.
|inactive|Gonzasaurio 50 has 210 seconds left.
|
|t:|1729023297
|move|p2a: Piss On Your Grave|Protect|p2a: Piss On Your Grave
|-singleturn|p2a: Piss On Your Grave|Protect
|move|p1a: Jirachi|Hidden Power|p2a: Piss On Your Grave
|-activate|p2a: Piss On Your Grave|Protect
|
|-weather|Sandstorm|[upkeep]
|-heal|p1a: Jirachi|84/100|[from] item: Leftovers
|-heal|p2a: Piss On Your Grave|24/100|[from] item: Leftovers
|upkeep
|turn|8
|
|t:|1729023307
|switch|p2a: STARGAZING|Salamence, M|100/100
|-ability|p2a: STARGAZING|Intimidate|boost
|-unboost|p1a: Jirachi|atk|1
|move|p1a: Jirachi|Hidden Power|p2a: STARGAZING
|-resisted|p2a: STARGAZING
|-damage|p2a: STARGAZING|93/100
|
|-weather|Sandstorm|[upkeep]
|-damage|p2a: STARGAZING|87/100|[from] Sandstorm
|-heal|p2a: STARGAZING|93/100|[from] item: Leftovers
|-heal|p1a: Jirachi|90/100|[from] item: Leftovers
|upkeep
|turn|9
|inactive|Gonzasaurio 50 has 210 seconds left.
|
|t:|1729023342
|switch|p1a: Blissey|Blissey, F|100/100
|move|p2a: STARGAZING|Dragon Claw|p1a: Blissey
|-damage|p1a: Blissey|83/100
|
|-weather|Sandstorm|[upkeep]
|-damage|p2a: STARGAZING|87/100|[from] Sandstorm
|-damage|p1a: Blissey|77/100|[from] Sandstorm
|-heal|p2a: STARGAZING|93/100|[from] item: Leftovers
|-heal|p1a: Blissey|83/100|[from] item: Leftovers
|upkeep
|turn|10
|inactive|pkleech has 210 seconds left.
|inactive|pkleech has 180 seconds left.
|
|t:|1729023402
|switch|p2a: Antidote|Blissey, F|100/100
|-damage|p2a: Antidote|88/100|[from] Spikes
|move|p1a: Blissey|Soft-Boiled|p1a: Blissey
|-heal|p1a: Blissey|100/100
|
|-weather|Sandstorm|[upkeep]
|-damage|p1a: Blissey|94/100|[from] Sandstorm
|-damage|p2a: Antidote|82/100|[from] Sandstorm
|-heal|p1a: Blissey|100/100|[from] item: Leftovers
|-heal|p2a: Antidote|88/100|[from] item: Leftovers
|upkeep
|turn|11
|
|t:|1729023418
|move|p1a: Blissey|Toxic|p2a: Antidote
|-status|p2a: Antidote|tox
|move|p2a: Antidote|Ice Beam|p1a: Blissey
|-damage|p1a: Blissey|90/100
|
|-weather|Sandstorm|[upkeep]
|-damage|p1a: Blissey|84/100|[from] Sandstorm
|-damage|p2a: Antidote|82/100 tox|[from] Sandstorm
|-heal|p1a: Blissey|90/100|[from] item: Leftovers
|-heal|p2a: Antidote|88/100 tox|[from] item: Leftovers
|-damage|p2a: Antidote|82/100 tox|[from] psn
|upkeep
|turn|12
|inactive|pkleech has 150 seconds left.
|
|t:|1729023458
|move|p1a: Blissey|Soft-Boiled|p1a: Blissey
|-heal|p1a: Blissey|100/100
|move|p2a: Antidote|Thunder Wave|p1a: Blissey
|-status|p1a: Blissey|par
|
|-weather|Sandstorm|[upkeep]
|-damage|p2a: Antidote|76/100 tox|[from] Sandstorm
|-damage|p1a: Blissey|94/100 par|[from] Sandstorm
|-heal|p2a: Antidote|82/100 tox|[from] item: Leftovers
|-damage|p2a: Antidote|70/100 tox|[from] psn
|-heal|p1a: Blissey|100/100 par|[from] item: Leftovers
|upkeep
|turn|13
|inactive|Gonzasaurio 50 has 210 seconds left.
|inactive|pkleech has 120 seconds left.
|inactive|pkleech has 90 seconds left.
|
|t:|1729023519
|-curestatus|p2a: Antidote|tox|[from] ability: Natural Cure
|switch|p2a: 5% TINT|Claydol|100/100
|-curestatus|p1a: Blissey|par|[from] ability: Natural Cure
|switch|p1a: Skarmory|Skarmory, M|33/100
|
|-weather|Sandstorm|[upkeep]
|-heal|p1a: Skarmory|39/100|[from] item: Leftovers
|upkeep
|turn|14
|inactive|pkleech has 90 seconds left.
|
|t:|1729023533
|move|p2a: 5% TINT|Rapid Spin|p1a: Skarmory
|-resisted|p1a: Skarmory
|-damage|p1a: Skarmory|37/100
|-sideend|p2: Gonzasaurio 50|Spikes|[from] move: Rapid Spin|[of] p2a: 5% TINT
|move|p1a: Skarmory|Drill Peck|p2a: 5% TINT
|-damage|p2a: 5% TINT|77/100
|
|-weather|Sandstorm|[upkeep]
|-heal|p2a: 5% TINT|84/100|[from] item: Leftovers
|-heal|p1a: Skarmory|43/100|[from] item: Leftovers
|upkeep
|turn|15
|inactive|pkleech has 90 seconds left.
|inactive|pkleech has 60 seconds left.
|inactive|Gonzasaurio 50 has 210 seconds left.
|
|t:|1729023591
|move|p2a: 5% TINT|Psychic|p1a: Skarmory
|-resisted|p1a: Skarmory
|-damage|p1a: Skarmory|33/100
|move|p1a: Skarmory|Spikes|p2a: 5% TINT
|-sidestart|p2: Gonzasaurio 50|Spikes
|
|-weather|Sandstorm|[upkeep]
|-heal|p2a: 5% TINT|90/100|[from] item: Leftovers
|-heal|p1a: Skarmory|39/100|[from] item: Leftovers
|upkeep
|turn|16
|
|t:|1729023597
|move|p2a: 5% TINT|Rapid Spin|p1a: Skarmory
|-resisted|p1a: Skarmory
|-damage|p1a: Skarmory|37/100
|-sideend|p2: Gonzasaurio 50|Spikes|[from] move: Rapid Spin|[of] p2a: 5% TINT
|move|p1a: Skarmory|Drill Peck|p2a: 5% TINT
|-damage|p2a: 5% TINT|66/100
|
|-weather|Sandstorm|[upkeep]
|-heal|p2a: 5% TINT|72/100|[from] item: Leftovers
|-heal|p1a: Skarmory|43/100|[from] item: Leftovers
|upkeep
|turn|17
|
|t:|1729023601
|move|p2a: 5% TINT|Psychic|p1a: Skarmory
|-resisted|p1a: Skarmory
|-damage|p1a: Skarmory|33/100
|move|p1a: Skarmory|Spikes|p2a: 5% TINT
|-sidestart|p2: Gonzasaurio 50|Spikes
|
|-weather|Sandstorm|[upkeep]
|-heal|p2a: 5% TINT|79/100|[from] item: Leftovers
|-heal|p1a: Skarmory|39/100|[from] item: Leftovers
|upkeep
|turn|18
|
|t:|1729023605
|move|p2a: 5% TINT|Rapid Spin|p1a: Skarmory
|-resisted|p1a: Skarmory
|-damage|p1a: Skarmory|37/100
|-sideend|p2: Gonzasaurio 50|Spikes|[from] move: Rapid Spin|[of] p2a: 5% TINT
|move|p1a: Skarmory|Drill Peck|p2a: 5% TINT
|-crit|p2a: 5% TINT
|-damage|p2a: 5% TINT|29/100
|
|-weather|Sandstorm|[upkeep]
|-heal|p2a: 5% TINT|35/100|[from] item: Leftovers
|-heal|p1a: Skarmory|43/100|[from] item: Leftovers
|upkeep
|turn|19
|
|t:|1729023614
|switch|p1a: Swampert|Swampert, F|100/100
|move|p2a: 5% TINT|Explosion|p1a: Swampert
|-damage|p1a: Swampert|0 fnt
|faint|p2a: 5% TINT
|faint|p1a: Swampert
|inactive|Gonzasaurio 50 has 240 seconds left.
|
|t:|1729023636
|switch|p2a: SICKO MODE|Slaking, F|94/100
|switch|p1a: Salamence|Salamence, F|100/100
|-ability|p1a: Salamence|Intimidate|boost
|-unboost|p2a: SICKO MODE|atk|1
|
|-weather|Sandstorm|[upkeep]
|-damage|p1a: Salamence|94/100|[from] Sandstorm
|-damage|p2a: SICKO MODE|88/100|[from] Sandstorm
|-heal|p1a: Salamence|100/100|[from] item: Leftovers
|upkeep
|turn|20
|inactive|pkleech has 60 seconds left.
|
|t:|1729023663
|move|p1a: Salamence|Brick Break|p2a: SICKO MODE
|-supereffective|p2a: SICKO MODE
|-damage|p2a: SICKO MODE|52/100
|move|p2a: SICKO MODE|Return|p1a: Salamence
|-crit|p1a: Salamence
|-damage|p1a: Salamence|0 fnt
|faint|p1a: Salamence
|inactive|pkleech has 60 seconds left.
|
|t:|1729023679
|switch|p1a: Skarmory|Skarmory, M|43/100
|
|-weather|Sandstorm|[upkeep]
|-damage|p2a: SICKO MODE|46/100|[from] Sandstorm
|-heal|p1a: Skarmory|49/100|[from] item: Leftovers
|upkeep
|turn|21
|
|t:|1729023685
|switch|p2a: Piss On Your Grave|Swampert, M|24/100
|move|p1a: Skarmory|Spikes|p2a: Piss On Your Grave
|-sidestart|p2: Gonzasaurio 50|Spikes
|
|-weather|Sandstorm|[upkeep]
|-heal|p1a: Skarmory|55/100|[from] item: Leftovers
|-heal|p2a: Piss On Your Grave|31/100|[from] item: Leftovers
|upkeep
|turn|22
|
|t:|1729023690
|move|p1a: Skarmory|Spikes|p2a: Piss On Your Grave
|-sidestart|p2: Gonzasaurio 50|Spikes
|move|p2a: Piss On Your Grave|Hydro Pump|p1a: Skarmory|[miss]
|-miss|p2a: Piss On Your Grave|p1a: Skarmory
|
|-weather|Sandstorm|[upkeep]
|-heal|p1a: Skarmory|61/100|[from] item: Leftovers
|-heal|p2a: Piss On Your Grave|37/100|[from] item: Leftovers
|upkeep
|turn|23
|
|t:|1729023694
|move|p1a: Skarmory|Spikes|p2a: Piss On Your Grave
|-sidestart|p2: Gonzasaurio 50|Spikes
|move|p2a: Piss On Your Grave|Hydro Pump|p1a: Skarmory
|-damage|p1a: Skarmory|30/100
|
|-weather|Sandstorm|[upkeep]
|-heal|p1a: Skarmory|36/100|[from] item: Leftovers
|-heal|p2a: Piss On Your Grave|43/100|[from] item: Leftovers
|upkeep
|turn|24
|
|t:|1729023701
|move|p2a: Piss On Your Grave|Hydro Pump|p1a: Skarmory
|-damage|p1a: Skarmory|1/100
|move|p1a: Skarmory|Roar|p2a: Piss On Your Grave
|drag|p2a: STARGAZING|Salamence, M|93/100
|-ability|p2a: STARGAZING|Intimidate|boost
|-unboost|p1a: Skarmory|atk|1
|
|-weather|Sandstorm|[upkeep]
|-damage|p2a: STARGAZING|87/100|[from] Sandstorm
|-heal|p2a: STARGAZING|93/100|[from] item: Leftovers
|-heal|p1a: Skarmory|7/100|[from] item: Leftovers
|upkeep
|turn|25
|inactive|pkleech has 60 seconds left.
|
|t:|1729023732
|move|p2a: STARGAZING|Brick Break|p1a: Skarmory
|-damage|p1a: Skarmory|0 fnt
|faint|p1a: Skarmory
|inactive|pkleech has 60 seconds left.
|
|t:|1729023744
|switch|p1a: Blissey|Blissey, F|100/100
|
|-weather|Sandstorm|[upkeep]
|-damage|p2a: STARGAZING|87/100|[from] Sandstorm
|-damage|p1a: Blissey|94/100|[from] Sandstorm
|-heal|p2a: STARGAZING|93/100|[from] item: Leftovers
|-heal|p1a: Blissey|100/100|[from] item: Leftovers
|upkeep
|turn|26
|inactive|pkleech has 60 seconds left.
|inactive|Gonzasaurio 50 has 270 seconds left.
|
|t:|1729023783
|switch|p2a: Piss On Your Grave|Swampert, M|43/100
|-damage|p2a: Piss On Your Grave|18/100|[from] Spikes
|switch|p1a: Tyranitar|Tyranitar, M|100/100
|
|-weather|Sandstorm|[upkeep]
|-heal|p2a: Piss On Your Grave|24/100|[from] item: Leftovers
|upkeep
|turn|27
|
|t:|1729023796
|move|p1a: Tyranitar|Dragon Dance|p1a: Tyranitar
|-boost|p1a: Tyranitar|atk|1
|-boost|p1a: Tyranitar|spe|1
|move|p2a: Piss On Your Grave|Hydro Pump|p1a: Tyranitar
|-supereffective|p1a: Tyranitar
|-damage|p1a: Tyranitar|7/100
|
|-weather|Sandstorm|[upkeep]
|-heal|p1a: Tyranitar|14/100|[from] item: Leftovers
|-heal|p2a: Piss On Your Grave|31/100|[from] item: Leftovers
|upkeep
|turn|28
|inactive|Gonzasaurio 50 has 270 seconds left.
|
|t:|1729023808
|switch|p2a: STARGAZING|Salamence, M|93/100
|-ability|p2a: STARGAZING|Intimidate|boost
|-unboost|p1a: Tyranitar|atk|1
|move|p1a: Tyranitar|Earthquake|p2a: STARGAZING
|-immune|p2a: STARGAZING
|
|-weather|Sandstorm|[upkeep]
|-damage|p2a: STARGAZING|87/100|[from] Sandstorm
|-heal|p1a: Tyranitar|20/100|[from] item: Leftovers
|-heal|p2a: STARGAZING|93/100|[from] item: Leftovers
|upkeep
|turn|29
|inactive|Gonzasaurio 50 has 270 seconds left.
|
|t:|1729023819
|switch|p2a: Piss On Your Grave|Swampert, M|31/100
|-damage|p2a: Piss On Your Grave|6/100|[from] Spikes
|move|p1a: Tyranitar|Rock Slide|p2a: Piss On Your Grave
|-resisted|p2a: Piss On Your Grave
|-damage|p2a: Piss On Your Grave|0 fnt
|faint|p2a: Piss On Your Grave
|
|t:|1729023820
|switch|p2a: STARGAZING|Salamence, M|93/100
|-ability|p2a: STARGAZING|Intimidate|boost
|-unboost|p1a: Tyranitar|atk|1
|
|-weather|Sandstorm|[upkeep]
|-damage|p2a: STARGAZING|87/100|[from] Sandstorm
|-heal|p1a: Tyranitar|26/100|[from] item: Leftovers
|-heal|p2a: STARGAZING|93/100|[from] item: Leftovers
|upkeep
|turn|30
|
|t:|1729023840
|move|p1a: Tyranitar|Rock Slide|p2a: STARGAZING
|-supereffective|p2a: STARGAZING
|-crit|p2a: STARGAZING
|-damage|p2a: STARGAZING|0 fnt
|faint|p2a: STARGAZING
|
|t:|1729023846
|switch|p2a: MELTDOWN|Suicune|60/100
|-damage|p2a: MELTDOWN|35/100|[from] Spikes
|
|-weather|Sandstorm|[upkeep]
|-damage|p2a: MELTDOWN|29/100|[from] Sandstorm
|-heal|p1a: Tyranitar|32/100|[from] item: Leftovers
|-heal|p2a: MELTDOWN|35/100|[from] item: Leftovers
|upkeep
|turn|31
|inactive|pkleech has 30 seconds left.
|
|t:|1729023882
|switch|p1a: Jirachi|Jirachi|90/100
|move|p2a: MELTDOWN|Surf|p1a: Jirachi
|-damage|p1a: Jirachi|54/100
|
|-weather|Sandstorm|[upkeep]
|-damage|p2a: MELTDOWN|29/100|[from] Sandstorm
|-heal|p1a: Jirachi|61/100|[from] item: Leftovers
|-heal|p2a: MELTDOWN|35/100|[from] item: Leftovers
|upkeep
|turn|32
|inactive|pkleech has 30 seconds left.
|
|t:|1729023892
|move|p1a: Jirachi|Calm Mind|p1a: Jirachi
|-boost|p1a: Jirachi|spa|1
|-boost|p1a: Jirachi|spd|1
|move|p2a: MELTDOWN|Rest|p2a: MELTDOWN
|-status|p2a: MELTDOWN|slp|[from] move: Rest
|-heal|p2a: MELTDOWN|100/100 slp|[silent]
|
|-weather|Sandstorm|[upkeep]
|-damage|p2a: MELTDOWN|94/100 slp|[from] Sandstorm
|-heal|p1a: Jirachi|67/100|[from] item: Leftovers
|-heal|p2a: MELTDOWN|100/100 slp|[from] item: Leftovers
|upkeep
|turn|33
|inactive|pkleech has 30 seconds left.
|
|t:|1729023907
|switch|p2a: Antidote|Blissey, F|70/100
|-damage|p2a: Antidote|45/100|[from] Spikes
|move|p1a: Jirachi|Thunderbolt|p2a: Antidote
|-damage|p2a: Antidote|28/100
|
|-weather|Sandstorm|[upkeep]
|-damage|p2a: Antidote|22/100|[from] Sandstorm
|-heal|p1a: Jirachi|73/100|[from] item: Leftovers
|-heal|p2a: Antidote|28/100|[from] item: Leftovers
|upkeep
|turn|34
|inactive|pkleech has 30 seconds left.
|
|t:|1729023916
|move|p1a: Jirachi|Thunderbolt|p2a: Antidote
|-damage|p2a: Antidote|11/100
|move|p2a: Antidote|Soft-Boiled|p2a: Antidote
|-heal|p2a: Antidote|61/100
|
|-weather|Sandstorm|[upkeep]
|-damage|p2a: Antidote|55/100|[from] Sandstorm
|-heal|p1a: Jirachi|79/100|[from] item: Leftovers
|-heal|p2a: Antidote|61/100|[from] item: Leftovers
|upkeep
|turn|35
|
|t:|1729023921
|move|p1a: Jirachi|Calm Mind|p1a: Jirachi
|-boost|p1a: Jirachi|spa|1
|-boost|p1a: Jirachi|spd|1
|move|p2a: Antidote|Thunder Wave|p1a: Jirachi
|-status|p1a: Jirachi|par
|
|-weather|Sandstorm|[upkeep]
|-damage|p2a: Antidote|55/100|[from] Sandstorm
|-heal|p2a: Antidote|61/100|[from] item: Leftovers
|-heal|p1a: Jirachi|85/100 par|[from] item: Leftovers
|upkeep
|turn|36
|
|t:|1729023923
|move|p2a: Antidote|Soft-Boiled|p2a: Antidote
|-heal|p2a: Antidote|100/100
|move|p1a: Jirachi|Wish|p1a: Jirachi
|
|-weather|Sandstorm|[upkeep]
|-damage|p2a: Antidote|94/100|[from] Sandstorm
|-heal|p2a: Antidote|100/100|[from] item: Leftovers
|-heal|p1a: Jirachi|92/100 par|[from] item: Leftovers
|upkeep
|turn|37
|
|t:|1729023927
|move|p2a: Antidote|Seismic Toss|p1a: Jirachi
|-damage|p1a: Jirachi|67/100 par
|cant|p1a: Jirachi|par
|
|-heal|p1a: Jirachi|100/100 par|[from] move: Wish|[wisher] Jirachi
|-weather|Sandstorm|[upkeep]
|-damage|p2a: Antidote|94/100|[from] Sandstorm
|-heal|p2a: Antidote|100/100|[from] item: Leftovers
|upkeep
|turn|38
|
|t:|1729023930
|move|p2a: Antidote|Seismic Toss|p1a: Jirachi
|-damage|p1a: Jirachi|76/100 par
|move|p1a: Jirachi|Wish|p1a: Jirachi
|
|-weather|Sandstorm|[upkeep]
|-damage|p2a: Antidote|94/100|[from] Sandstorm
|-heal|p2a: Antidote|100/100|[from] item: Leftovers
|-heal|p1a: Jirachi|82/100 par|[from] item: Leftovers
|upkeep
|turn|39
|
|t:|1729023936
|move|p2a: Antidote|Thunder Wave|p1a: Jirachi
|-fail|p1a: Jirachi|par
|move|p1a: Jirachi|Thunderbolt|p2a: Antidote
|-damage|p2a: Antidote|76/100
|
|-heal|p1a: Jirachi|100/100 par|[from] move: Wish|[wisher] Jirachi
|-weather|Sandstorm|[upkeep]
|-damage|p2a: Antidote|70/100|[from] Sandstorm
|-heal|p2a: Antidote|76/100|[from] item: Leftovers
|upkeep
|turn|40
|
|t:|1729023940
|move|p2a: Antidote|Seismic Toss|p1a: Jirachi
|-damage|p1a: Jirachi|76/100 par
|move|p1a: Jirachi|Thunderbolt|p2a: Antidote
|-damage|p2a: Antidote|52/100
|
|-weather|Sandstorm|[upkeep]
|-damage|p2a: Antidote|46/100|[from] Sandstorm
|-heal|p2a: Antidote|52/100|[from] item: Leftovers
|-heal|p1a: Jirachi|82/100 par|[from] item: Leftovers
|upkeep
|turn|41
|inactive|pkleech has 90 seconds left.
|
|t:|1729023947
|move|p2a: Antidote|Soft-Boiled|p2a: Antidote
|-heal|p2a: Antidote|100/100
|move|p1a: Jirachi|Wish|p1a: Jirachi
|
|-weather|Sandstorm|[upkeep]
|-damage|p2a: Antidote|94/100|[from] Sandstorm
|-heal|p2a: Antidote|100/100|[from] item: Leftovers
|-heal|p1a: Jirachi|88/100 par|[from] item: Leftovers
|upkeep
|turn|42
|
|t:|1729023951
|move|p2a: Antidote|Thunder Wave|p1a: Jirachi
|-fail|p1a: Jirachi|par
|move|p1a: Jirachi|Thunderbolt|p2a: Antidote
|-damage|p2a: Antidote|78/100
|
|-heal|p1a: Jirachi|100/100 par|[from] move: Wish|[wisher] Jirachi
|-weather|Sandstorm|[upkeep]
|-damage|p2a: Antidote|72/100|[from] Sandstorm
|-heal|p2a: Antidote|78/100|[from] item: Leftovers
|upkeep
|turn|43
|
|t:|1729023959
|move|p2a: Antidote|Seismic Toss|p1a: Jirachi
|-damage|p1a: Jirachi|76/100 par
|move|p1a: Jirachi|Calm Mind|p1a: Jirachi
|-boost|p1a: Jirachi|spa|1
|-boost|p1a: Jirachi|spd|1
|
|-weather|Sandstorm|[upkeep]
|-damage|p2a: Antidote|72/100|[from] Sandstorm
|-heal|p2a: Antidote|78/100|[from] item: Leftovers
|-heal|p1a: Jirachi|82/100 par|[from] item: Leftovers
|upkeep
|turn|44
|
|t:|1729023961
|move|p2a: Antidote|Seismic Toss|p1a: Jirachi
|-damage|p1a: Jirachi|57/100 par
|move|p1a: Jirachi|Wish|p1a: Jirachi
|
|-weather|Sandstorm|[upkeep]
|-damage|p2a: Antidote|72/100|[from] Sandstorm
|-heal|p2a: Antidote|78/100|[from] item: Leftovers
|-heal|p1a: Jirachi|63/100 par|[from] item: Leftovers
|upkeep
|turn|45
|inactive|pkleech has 120 seconds left.
|
|t:|1729023967
|move|p2a: Antidote|Seismic Toss|p1a: Jirachi
|-damage|p1a: Jirachi|39/100 par
|move|p1a: Jirachi|Thunderbolt|p2a: Antidote
|-damage|p2a: Antidote|50/100
|
|-heal|p1a: Jirachi|89/100 par|[from] move: Wish|[wisher] Jirachi
|-weather|Sandstorm|[upkeep]
|-damage|p2a: Antidote|43/100|[from] Sandstorm
|-heal|p2a: Antidote|50/100|[from] item: Leftovers
|-heal|p1a: Jirachi|95/100 par|[from] item: Leftovers
|upkeep
|turn|46
|
|t:|1729023973
|move|p2a: Antidote|Soft-Boiled|p2a: Antidote
|-heal|p2a: Antidote|99/100
|cant|p1a: Jirachi|par
|
|-weather|Sandstorm|[upkeep]
|-damage|p2a: Antidote|93/100|[from] Sandstorm
|-heal|p2a: Antidote|99/100|[from] item: Leftovers
|-heal|p1a: Jirachi|100/100 par|[from] item: Leftovers
|upkeep
|turn|47
|
|t:|1729023979
|move|p2a: Antidote|Seismic Toss|p1a: Jirachi
|-damage|p1a: Jirachi|76/100 par
|move|p1a: Jirachi|Wish|p1a: Jirachi
|
|-weather|Sandstorm|[upkeep]
|-damage|p2a: Antidote|93/100|[from] Sandstorm
|-heal|p2a: Antidote|99/100|[from] item: Leftovers
|-heal|p1a: Jirachi|82/100 par|[from] item: Leftovers
|upkeep
|turn|48
|
|t:|1729023983
|move|p2a: Antidote|Thunder Wave|p1a: Jirachi
|-fail|p1a: Jirachi|par
|move|p1a: Jirachi|Calm Mind|p1a: Jirachi
|-boost|p1a: Jirachi|spa|1
|-boost|p1a: Jirachi|spd|1
|
|-heal|p1a: Jirachi|100/100 par|[from] move: Wish|[wisher] Jirachi
|-weather|Sandstorm|[upkeep]
|-damage|p2a: Antidote|93/100|[from] Sandstorm
|-heal|p2a: Antidote|99/100|[from] item: Leftovers
|upkeep
|turn|49
|
|t:|1729023996
|move|p2a: Antidote|Seismic Toss|p1a: Jirachi
|-damage|p1a: Jirachi|76/100 par
|move|p1a: Jirachi|Thunderbolt|p2a: Antidote
|-damage|p2a: Antidote|65/100
|
|-weather|Sandstorm|[upkeep]
|-damage|p2a: Antidote|59/100|[from] Sandstorm
|-heal|p2a: Antidote|65/100|[from] item: Leftovers
|-heal|p1a: Jirachi|82/100 par|[from] item: Leftovers
|upkeep
|turn|50
|
|t:|1729024015
|move|p2a: Antidote|Seismic Toss|p1a: Jirachi
|-damage|p1a: Jirachi|57/100 par
|move|p1a: Jirachi|Wish|p1a: Jirachi
|
|-weather|Sandstorm|[upkeep]
|-damage|p2a: Antidote|59/100|[from] Sandstorm
|-heal|p2a: Antidote|65/100|[from] item: Leftovers
|-heal|p1a: Jirachi|63/100 par|[from] item: Leftovers
|upkeep
|turn|51
|
|t:|1729024020
|move|p2a: Antidote|Seismic Toss|p1a: Jirachi
|-damage|p1a: Jirachi|39/100 par
|cant|p1a: Jirachi|par
|
|-heal|p1a: Jirachi|89/100 par|[from] move: Wish|[wisher] Jirachi
|-weather|Sandstorm|[upkeep]
|-damage|p2a: Antidote|59/100|[from] Sandstorm
|-heal|p2a: Antidote|65/100|[from] item: Leftovers
|-heal|p1a: Jirachi|95/100 par|[from] item: Leftovers
|upkeep
|turn|52
|inactive|pkleech has 150 seconds left.
|
|t:|1729024025
|move|p2a: Antidote|Seismic Toss|p1a: Jirachi
|-damage|p1a: Jirachi|70/100 par
|cant|p1a: Jirachi|par
|
|-weather|Sandstorm|[upkeep]
|-damage|p2a: Antidote|59/100|[from] Sandstorm
|-heal|p2a: Antidote|65/100|[from] item: Leftovers
|-heal|p1a: Jirachi|76/100 par|[from] item: Leftovers
|upkeep
|turn|53
|
|t:|1729024029
|move|p2a: Antidote|Seismic Toss|p1a: Jirachi
|-damage|p1a: Jirachi|51/100 par
|cant|p1a: Jirachi|par
|
|-weather|Sandstorm|[upkeep]
|-damage|p2a: Antidote|59/100|[from] Sandstorm
|-heal|p2a: Antidote|65/100|[from] item: Leftovers
|-heal|p1a: Jirachi|58/100 par|[from] item: Leftovers
|upkeep
|turn|54
|
|t:|1729024033
|switch|p2a: SICKO MODE|Slaking, F|46/100
|-damage|p2a: SICKO MODE|21/100|[from] Spikes
|move|p1a: Jirachi|Wish|p1a: Jirachi
|
|-weather|Sandstorm|[upkeep]
|-damage|p2a: SICKO MODE|15/100|[from] Sandstorm
|-heal|p1a: Jirachi|64/100 par|[from] item: Leftovers
|upkeep
|turn|55
|
|t:|1729024063
|move|p2a: SICKO MODE|Earthquake|p1a: Jirachi
|-supereffective|p1a: Jirachi
|-damage|p1a: Jirachi|0 fnt
|faint|p1a: Jirachi
|
|t:|1729024066
|switch|p1a: Tyranitar|Tyranitar, M|32/100
|
|-heal|p1a: Tyranitar|82/100|[from] move: Wish|[wisher] Jirachi
|-weather|Sandstorm|[upkeep]
|-damage|p2a: SICKO MODE|8/100|[from] Sandstorm
|-heal|p1a: Tyranitar|89/100|[from] item: Leftovers
|upkeep
|turn|56
|
|t:|1729024069
|switch|p2a: Antidote|Blissey, F|65/100
|-damage|p2a: Antidote|40/100|[from] Spikes
|move|p1a: Tyranitar|Dragon Dance|p1a: Tyranitar
|-boost|p1a: Tyranitar|atk|1
|-boost|p1a: Tyranitar|spe|1
|
|-weather|Sandstorm|[upkeep]
|-damage|p2a: Antidote|34/100|[from] Sandstorm
|-heal|p1a: Tyranitar|95/100|[from] item: Leftovers
|-heal|p2a: Antidote|40/100|[from] item: Leftovers
|upkeep
|turn|57
|inactive|pkleech has 150 seconds left.
|inactive|pkleech has 120 seconds left.
|
|t:|1729024135
|move|p1a: Tyranitar|Earthquake|p2a: Antidote
|-damage|p2a: Antidote|0 fnt
|faint|p2a: Antidote
|
|t:|1729024139
|switch|p2a: MELTDOWN|Suicune|100/100 slp
|-damage|p2a: MELTDOWN|76/100 slp|[from] Spikes
|
|-weather|Sandstorm|[upkeep]
|-damage|p2a: MELTDOWN|69/100 slp|[from] Sandstorm
|-heal|p1a: Tyranitar|100/100|[from] item: Leftovers
|-heal|p2a: MELTDOWN|76/100 slp|[from] item: Leftovers
|upkeep
|turn|58
|inactive|pkleech has 120 seconds left.
|inactive|pkleech has 90 seconds left.
|
|t:|1729024189
|move|p1a: Tyranitar|Earthquake|p2a: MELTDOWN
|-damage|p2a: MELTDOWN|37/100 slp
|cant|p2a: MELTDOWN|slp
|
|-weather|Sandstorm|[upkeep]
|-damage|p2a: MELTDOWN|31/100 slp|[from] Sandstorm
|-heal|p2a: MELTDOWN|37/100 slp|[from] item: Leftovers
|upkeep
|turn|59
|
|t:|1729024196
|move|p1a: Tyranitar|Earthquake|p2a: MELTDOWN
|-damage|p2a: MELTDOWN|0 fnt
|faint|p2a: MELTDOWN
|c|☆Gonzasaurio 50|gg
|
|t:|1729024199
|switch|p2a: SICKO MODE|Slaking, F|8/100
|-damage|p2a: SICKO MODE|0 fnt|[from] Spikes
|faint|p2a: SICKO MODE
|
|win|pkleech
|c|☆pkleech|gg

</script>
<script type="application/json" class="data" id="replaydata-smogtours-gen3ou-799002">
{"id":"smogtours-gen3ou-799002","format":"[Gen 3] OU","players":["pkleech","Gonzasaurio 50"],"uploadtime":1729024199,"views":169,"formatid":"gen3ou","rating":null,"private":0,"password":null}
</script>

<script defer src="js/replays.js?9d40a366"></script>
