<!DOCTYPE html>
<meta charset="utf-8" />
<meta name="viewport" content="width=device-width" />

<title>[Gen 3] OU: Apostic vs. Elisy - Replays - Pok&eacute;mon Showdown!</title>

<meta name="description" content="Watch a replay of a Pok&eacute;mon battle between Apostic and Elisy! Format: [Gen 3] OU; Date: Oct 12, 2024" />
<!--

Hey, you! Looking in the source for the replay log?

You can find them in JSON format, just add `.json` at the end of a replay URL.

https://replay.pokemonshowdown.com/gen7randomdoublesbattle-865046831.json

Or, if you only need the log itself, add `.log` instead:

https://replay.pokemonshowdown.com/gen7randomdoublesbattle-865046831.log

-->

<link rel="stylesheet" href="//pokemonshowdown.com/style/global.css?0.023195364461161105" />
<link rel="stylesheet" href="//play.pokemonshowdown.com/style/font-awesome.css?0.13261647063804238" />
<link rel="stylesheet" href="//play.pokemonshowdown.com/style/battle.css?0.8753245789963631" />
<link rel="stylesheet" href="//play.pokemonshowdown.com/style/utilichart.css?0.8627959624976733" />

<!-- Global site tag (gtag.js) - Google Analytics -->
<script async src="https://www.googletagmanager.com/gtag/js?id=UA-26211653-1"></script>
<script>
  window.dataLayer = window.dataLayer || [];
  function gtag(){dataLayer.push(arguments);}
  gtag('js', new Date());

  gtag('config', 'UA-26211653-1');
</script>
<!-- End Google Analytics -->
<!-- Venatus Ad Manager - Install in <HEAD> of page -->
	<script src="https://hb.vntsm.com/v3/live/ad-manager.min.js" type="text/javascript" data-site-id="642aba63ec9a7b11c3c9c1be" data-mode="scan" async></script>
<!-- / Venatus Ad Manager -->

<style>
	@media (max-width:820px) {
		.battle {
			margin: 0 auto;
		}
		.battle-log {
			margin: 7px auto 0;
			max-width: 640px;
			height: 300px;
			position: static;
		}
	}
	.optgroup {
		display: inline-block;
		line-height: 22px;
		font-size: 10pt;
	}
	.optgroup .button {
		height: 25px;
		padding-top: 0;
		padding-bottom: 0;
	}
	.optgroup button.button {
		padding-left: 12px;
		padding-right: 12px;
	}
	.linklist {
		list-style: none;
		margin: 0.5em 0;
		padding: 0;
	}
	.linklist li {
		padding: 2px 0;
	}
	.sidebar {
		float: left;
		width: 320px;
	}
	.bar-wrapper {
		max-width: 1100px;
		margin: 0 auto;
	}
	.bar-wrapper.has-sidebar {
		max-width: 1430px;
	}
	.mainbar {
		margin: 0;
		padding-right: 1px;
	}
	.mainbar.has-sidebar {
		margin-left: 330px;
	}
	@media (min-width: 1511px) {
		.sidebar {
			width: 400px;
		}
		.bar-wrapper.has-sidebar {
			max-width: 1510px;
		}
		.mainbar.has-sidebar {
			margin-left: 410px;
		}
	}
	.section.first-section {
		margin-top: 9px;
	}
	.blocklink small {
		white-space: normal;
	}
	.button {
		vertical-align: middle;
	}
	.replay-controls {
		padding-top: 10px;
	}
	.replay-controls h1 {
		font-size: 16pt;
		font-weight: normal;
		color: #CCC;
	}
	.pagelink {
		text-align: center;
	}
	.pagelink a {
		width: 150px;
	}
	.textbox, .button {
		font-size: 11pt;
		vertical-align: middle;
	}
	@media (max-width: 450px) {
		.button {
			font-size: 9pt;
		}
	}
</style>

<div>

	<header>
		<div class="nav-wrapper"><ul class="nav">
			<li><a class="button nav-first" href="//pokemonshowdown.com/"><img src="//pokemonshowdown.com/images/pokemonshowdownbeta.png" srcset="//pokemonshowdown.com/images/pokemonshowdownbeta.png 1x, //pokemonshowdown.com/images/pokemonshowdownbeta@2x.png 2x" alt="Pok&eacute;mon Showdown" width="146" height="44" /> Home</a></li>
			<li><a class="button" href="//pokemonshowdown.com/dex/">Pok&eacute;dex</a></li>
			<li><a class="button cur" href="/">Replays</a></li>
			<li><a class="button" href="//pokemonshowdown.com/ladder/">Ladder</a></li>
			<li><a class="button nav-last" href="//pokemonshowdown.com/forums/">Forum</a></li>
			<li><a class="button greenbutton nav-first nav-last" href="//play.pokemonshowdown.com/">Play</a></li>
		</ul></div>
	</header>

	<div class="main" id="main">

		<noscript><section class="section">You need to enable JavaScript to use this page; sorry!</section></noscript>

	</div>

</div>

<script defer nomodule src="//play.pokemonshowdown.com/js/lib/ps-polyfill.js"></script>
<script defer src="//play.pokemonshowdown.com/js/lib/preact.min.js"></script>

<script defer src="//play.pokemonshowdown.com/config/config.js?2bddbc15"></script>
<script defer src="//play.pokemonshowdown.com/js/lib/jquery-1.11.0.min.js"></script>
<script defer src="//play.pokemonshowdown.com/js/lib/html-sanitizer-minified.js"></script>
<script defer src="//play.pokemonshowdown.com/js/battle-sound.js"></script>
<script defer src="//play.pokemonshowdown.com/js/battledata.js?0.7209276989879541"></script>
<script defer src="//play.pokemonshowdown.com/data/pokedex-mini.js?0.6111056340867951"></script>
<script defer src="//play.pokemonshowdown.com/data/pokedex-mini-bw.js?0.3532142036491459"></script>
<script defer src="//play.pokemonshowdown.com/data/graphics.js?0.24223875632456182"></script>
<script defer src="//play.pokemonshowdown.com/data/pokedex.js?0.38839984266356864"></script>
<script defer src="//play.pokemonshowdown.com/data/moves.js?0.21866028504024015"></script>
<script defer src="//play.pokemonshowdown.com/data/abilities.js?0.2005157953846628"></script>
<script defer src="//play.pokemonshowdown.com/data/items.js?0.9894211263848525"></script>
<script defer src="//play.pokemonshowdown.com/data/teambuilder-tables.js?0.6008791140282215"></script>
<script defer src="//play.pokemonshowdown.com/js/battle-tooltips.js?0.7580118955022959"></script>
<script defer src="//play.pokemonshowdown.com/js/battle.js?0.6057722274234274"></script>

<script defer src="js/utils.js?e31f9a17"></script>
<script defer src="js/replays-battle.js?7008c182"></script>

<!-- don't scrape this data! just add .json or .log after the URL!
Full API docs: https://github.com/smogon/pokemon-showdown-client/blob/master/WEB-API.md -->
<script type="text/plain" class="log" id="replaylog-smogtours-gen3ou-797477">
|inactive|Battle timer is ON: inactive players will automatically lose when time's up.
|t:|1728746894
|gametype|singles
|player|p1|Apostic|170|
|player|p2|Elisy|miku-flying|
|teamsize|p1|6
|teamsize|p2|6
|gen|3
|tier|[Gen 3] OU
|rule|Sleep Clause Mod: Limit one foe put to sleep
|rule|Switch Priority Clause Mod: Faster Pokémon switch first
|rule|Species Clause: Limit one of each Pokémon
|rule|OHKO Clause: OHKO moves are banned
|rule|Evasion Items Clause: Evasion items are banned
|rule|Evasion Moves Clause: Evasion moves are banned
|rule|Endless Battle Clause: Forcing endless battles is banned
|rule|HP Percentage Mod: HP is shown in percentages
|rule|One Boost Passer Clause: Limit one Baton Passer that has a way to boost its stats
|rule|Freeze Clause Mod: Limit one foe frozen
|
|t:|1728746894
|start
|switch|p1a: Salamence|Salamence, M|100/100
|switch|p2a: Medicham|Medicham, M|100/100
|-ability|p1a: Salamence|Intimidate|boost
|-unboost|p2a: Medicham|atk|1
|turn|1
|c|☆Elisy|/log Elisy made the replay of this battle unlisted.
|c|☆Elisy|hf
|c|☆Apostic|u 2
|inactive|Apostic has 270 seconds left.
|inactive|Elisy has 270 seconds left.
|inactive|Elisy has 240 seconds left.
|
|t:|1728746969
|switch|p2a: Celebi|Celebi|100/100
|move|p1a: Salamence|Dragon Claw|p2a: Celebi
|-damage|p2a: Celebi|73/100
|
|-heal|p2a: Celebi|79/100|[from] item: Leftovers
|upkeep
|turn|2
|
|t:|1728746992
|switch|p1a: Skarmory|Skarmory, M|100/100
|move|p2a: Celebi|Leech Seed|p1a: Skarmory
|-start|p1a: Skarmory|move: Leech Seed
|
|-heal|p2a: Celebi|86/100|[from] item: Leftovers
|-damage|p1a: Skarmory|88/100|[from] Leech Seed|[of] p2a: Celebi
|-heal|p2a: Celebi|96/100|[silent]
|upkeep
|turn|3
|
|t:|1728747006
|switch|p2a: Magneton|Magneton|100/100
|move|p1a: Skarmory|Spikes|p2a: Magneton
|-sidestart|p2: Elisy|Spikes
|
|-heal|p1a: Skarmory|94/100|[from] item: Leftovers
|-damage|p1a: Skarmory|82/100|[from] Leech Seed|[of] p2a: Magneton
|upkeep
|turn|4
|
|t:|1728747012
|move|p2a: Magneton|Thunderbolt|p1a: Skarmory
|-supereffective|p1a: Skarmory
|-damage|p1a: Skarmory|2/100
|move|p1a: Skarmory|Spikes|p2a: Magneton
|-sidestart|p2: Elisy|Spikes
|
|-heal|p1a: Skarmory|8/100|[from] item: Leftovers
|-damage|p1a: Skarmory|0 fnt|[from] Leech Seed|[of] p2a: Magneton
|faint|p1a: Skarmory
|upkeep
|
|t:|1728747031
|switch|p1a: Tyranitar|Tyranitar, M|100/100
|-weather|Sandstorm|[from] ability: Sand Stream|[of] p1a: Tyranitar
|turn|5
|inactive|Elisy has 270 seconds left.
|
|t:|1728747067
|switch|p2a: Swampert|Swampert, M|100/100
|-damage|p2a: Swampert|84/100|[from] Spikes
|move|p1a: Tyranitar|Earthquake|p2a: Swampert
|-damage|p2a: Swampert|59/100
|
|-weather|Sandstorm|[upkeep]
|-heal|p2a: Swampert|65/100|[from] item: Leftovers
|upkeep
|turn|6
|inactive|Elisy has 270 seconds left.
|
|t:|1728747090
|switch|p1a: Celebi|Celebi|100/100
|move|p2a: Swampert|Ice Beam|p1a: Celebi
|-supereffective|p1a: Celebi
|-damage|p1a: Celebi|65/100
|
|-weather|Sandstorm|[upkeep]
|-damage|p1a: Celebi|59/100|[from] Sandstorm
|-heal|p1a: Celebi|65/100|[from] item: Leftovers
|-heal|p2a: Swampert|71/100|[from] item: Leftovers
|upkeep
|turn|7
|
|t:|1728747102
|move|p2a: Swampert|Protect|p2a: Swampert
|-singleturn|p2a: Swampert|Protect
|move|p1a: Celebi|Leech Seed|p2a: Swampert
|-activate|p2a: Swampert|Protect
|
|-weather|Sandstorm|[upkeep]
|-damage|p1a: Celebi|59/100|[from] Sandstorm
|-heal|p1a: Celebi|65/100|[from] item: Leftovers
|-heal|p2a: Swampert|77/100|[from] item: Leftovers
|upkeep
|turn|8
|
|t:|1728747123
|switch|p2a: Celebi|Celebi|96/100
|-damage|p2a: Celebi|79/100|[from] Spikes
|move|p1a: Celebi|Giga Drain|p2a: Celebi
|-resisted|p2a: Celebi
|-damage|p2a: Celebi|69/100
|-heal|p1a: Celebi|71/100|[from] drain|[of] p2a: Celebi
|
|-weather|Sandstorm|[upkeep]
|-damage|p1a: Celebi|65/100|[from] Sandstorm
|-damage|p2a: Celebi|63/100|[from] Sandstorm
|-heal|p1a: Celebi|71/100|[from] item: Leftovers
|-heal|p2a: Celebi|69/100|[from] item: Leftovers
|upkeep
|turn|9
|
|t:|1728747132
|move|p1a: Celebi|Hidden Power|p2a: Celebi
|-supereffective|p2a: Celebi
|-damage|p2a: Celebi|41/100
|move|p2a: Celebi|Recover|p2a: Celebi
|-heal|p2a: Celebi|91/100
|
|-weather|Sandstorm|[upkeep]
|-damage|p1a: Celebi|65/100|[from] Sandstorm
|-damage|p2a: Celebi|85/100|[from] Sandstorm
|-heal|p1a: Celebi|71/100|[from] item: Leftovers
|-heal|p2a: Celebi|91/100|[from] item: Leftovers
|upkeep
|turn|10
|inactive|Elisy has 240 seconds left.
|
|t:|1728747172
|switch|p1a: Salamence|Salamence, M|100/100
|-ability|p1a: Salamence|Intimidate|boost
|-unboost|p2a: Celebi|atk|1
|move|p2a: Celebi|Recover|p2a: Celebi
|-heal|p2a: Celebi|100/100
|
|-weather|Sandstorm|[upkeep]
|-damage|p1a: Salamence|94/100|[from] Sandstorm
|-damage|p2a: Celebi|94/100|[from] Sandstorm
|-heal|p1a: Salamence|100/100|[from] item: Leftovers
|-heal|p2a: Celebi|100/100|[from] item: Leftovers
|upkeep
|turn|11
|
|t:|1728747197
|move|p1a: Salamence|Fire Blast|p2a: Celebi
|-supereffective|p2a: Celebi
|-damage|p2a: Celebi|47/100
|move|p2a: Celebi|Leech Seed|p1a: Salamence
|-start|p1a: Salamence|move: Leech Seed
|
|-weather|Sandstorm|[upkeep]
|-damage|p1a: Salamence|94/100|[from] Sandstorm
|-damage|p2a: Celebi|41/100|[from] Sandstorm
|-heal|p1a: Salamence|100/100|[from] item: Leftovers
|-damage|p1a: Salamence|88/100|[from] Leech Seed|[of] p2a: Celebi
|-heal|p2a: Celebi|52/100|[silent]
|-heal|p2a: Celebi|58/100|[from] item: Leftovers
|upkeep
|turn|12
|
|t:|1728747205
|move|p1a: Salamence|Fire Blast|p2a: Celebi
|-supereffective|p2a: Celebi
|-damage|p2a: Celebi|2/100
|move|p2a: Celebi|Recover|p2a: Celebi
|-heal|p2a: Celebi|52/100
|
|-weather|Sandstorm|[upkeep]
|-damage|p1a: Salamence|82/100|[from] Sandstorm
|-damage|p2a: Celebi|46/100|[from] Sandstorm
|-heal|p1a: Salamence|88/100|[from] item: Leftovers
|-damage|p1a: Salamence|76/100|[from] Leech Seed|[of] p2a: Celebi
|-heal|p2a: Celebi|56/100|[silent]
|-heal|p2a: Celebi|63/100|[from] item: Leftovers
|upkeep
|turn|13
|
|t:|1728747212
|switch|p1a: Celebi|Celebi|71/100
|move|p2a: Celebi|Recover|p2a: Celebi
|-heal|p2a: Celebi|100/100
|
|-weather|Sandstorm|[upkeep]
|-damage|p1a: Celebi|65/100|[from] Sandstorm
|-damage|p2a: Celebi|94/100|[from] Sandstorm
|-heal|p1a: Celebi|71/100|[from] item: Leftovers
|-heal|p2a: Celebi|100/100|[from] item: Leftovers
|upkeep
|turn|14
|
|t:|1728747225
|move|p1a: Celebi|Hidden Power|p2a: Celebi
|-supereffective|p2a: Celebi
|-damage|p2a: Celebi|72/100
|move|p2a: Celebi|Recover|p2a: Celebi
|-heal|p2a: Celebi|100/100
|
|-weather|Sandstorm|[upkeep]
|-damage|p1a: Celebi|65/100|[from] Sandstorm
|-damage|p2a: Celebi|94/100|[from] Sandstorm
|-heal|p1a: Celebi|71/100|[from] item: Leftovers
|-heal|p2a: Celebi|100/100|[from] item: Leftovers
|upkeep
|turn|15
|inactive|Elisy has 240 seconds left.
|
|t:|1728747233
|move|p1a: Celebi|Hidden Power|p2a: Celebi
|-supereffective|p2a: Celebi
|-damage|p2a: Celebi|72/100
|move|p2a: Celebi|Recover|p2a: Celebi
|-heal|p2a: Celebi|100/100
|
|-weather|Sandstorm|[upkeep]
|-damage|p1a: Celebi|65/100|[from] Sandstorm
|-damage|p2a: Celebi|94/100|[from] Sandstorm
|-heal|p1a: Celebi|71/100|[from] item: Leftovers
|-heal|p2a: Celebi|100/100|[from] item: Leftovers
|upkeep
|turn|16
|
|t:|1728747238
|move|p1a: Celebi|Hidden Power|p2a: Celebi
|-supereffective|p2a: Celebi
|-damage|p2a: Celebi|69/100
|move|p2a: Celebi|Recover|p2a: Celebi
|-heal|p2a: Celebi|100/100
|
|-weather|Sandstorm|[upkeep]
|-damage|p1a: Celebi|65/100|[from] Sandstorm
|-damage|p2a: Celebi|94/100|[from] Sandstorm
|-heal|p1a: Celebi|71/100|[from] item: Leftovers
|-heal|p2a: Celebi|100/100|[from] item: Leftovers
|upkeep
|turn|17
|
|t:|1728747250
|move|p1a: Celebi|Hidden Power|p2a: Celebi
|-supereffective|p2a: Celebi
|-damage|p2a: Celebi|72/100
|move|p2a: Celebi|Recover|p2a: Celebi
|-heal|p2a: Celebi|100/100
|
|-weather|Sandstorm|[upkeep]
|-damage|p1a: Celebi|65/100|[from] Sandstorm
|-damage|p2a: Celebi|94/100|[from] Sandstorm
|-heal|p1a: Celebi|71/100|[from] item: Leftovers
|-heal|p2a: Celebi|100/100|[from] item: Leftovers
|upkeep
|turn|18
|
|t:|1728747260
|switch|p1a: Tyranitar|Tyranitar, M|100/100
|move|p2a: Celebi|Recover||[still]
|-fail|p2a: Celebi|heal
|
|-weather|Sandstorm|[upkeep]
|-damage|p2a: Celebi|94/100|[from] Sandstorm
|-heal|p2a: Celebi|100/100|[from] item: Leftovers
|upkeep
|turn|19
|
|t:|1728747276
|switch|p2a: Swampert|Swampert, M|77/100
|-damage|p2a: Swampert|61/100|[from] Spikes
|move|p1a: Tyranitar|Hidden Power|p2a: Swampert
|-damage|p2a: Swampert|43/100
|
|-weather|Sandstorm|[upkeep]
|-heal|p2a: Swampert|49/100|[from] item: Leftovers
|upkeep
|turn|20
|
|t:|1728747290
|switch|p1a: Celebi|Celebi|71/100
|move|p2a: Swampert|Earthquake|p1a: Celebi
|-resisted|p1a: Celebi
|-damage|p1a: Celebi|55/100
|
|-weather|Sandstorm|[upkeep]
|-damage|p1a: Celebi|49/100|[from] Sandstorm
|-heal|p1a: Celebi|55/100|[from] item: Leftovers
|-heal|p2a: Swampert|55/100|[from] item: Leftovers
|upkeep
|turn|21
|
|t:|1728747298
|move|p2a: Swampert|Protect|p2a: Swampert
|-singleturn|p2a: Swampert|Protect
|move|p1a: Celebi|Leech Seed|p2a: Swampert
|-activate|p2a: Swampert|Protect
|
|-weather|Sandstorm|[upkeep]
|-damage|p1a: Celebi|49/100|[from] Sandstorm
|-heal|p1a: Celebi|55/100|[from] item: Leftovers
|-heal|p2a: Swampert|61/100|[from] item: Leftovers
|upkeep
|turn|22
|inactive|Elisy has 270 seconds left.
|
|t:|1728747306
|switch|p2a: Celebi|Celebi|100/100
|-damage|p2a: Celebi|84/100|[from] Spikes
|move|p1a: Celebi|Hidden Power|p2a: Celebi
|-supereffective|p2a: Celebi
|-damage|p2a: Celebi|52/100
|
|-weather|Sandstorm|[upkeep]
|-damage|p1a: Celebi|49/100|[from] Sandstorm
|-damage|p2a: Celebi|46/100|[from] Sandstorm
|-heal|p1a: Celebi|55/100|[from] item: Leftovers
|-heal|p2a: Celebi|52/100|[from] item: Leftovers
|upkeep
|turn|23
|
|t:|1728747313
|switch|p1a: Tyranitar|Tyranitar, M|100/100
|move|p2a: Celebi|Recover|p2a: Celebi
|-heal|p2a: Celebi|100/100
|
|-weather|Sandstorm|[upkeep]
|-damage|p2a: Celebi|94/100|[from] Sandstorm
|-heal|p2a: Celebi|100/100|[from] item: Leftovers
|upkeep
|turn|24
|
|t:|1728747318
|switch|p2a: Salamence|Salamence, M|100/100
|-ability|p2a: Salamence|Intimidate|boost
|-unboost|p1a: Tyranitar|atk|1
|move|p1a: Tyranitar|Hidden Power|p2a: Salamence
|-resisted|p2a: Salamence
|-damage|p2a: Salamence|90/100
|
|-weather|Sandstorm|[upkeep]
|-damage|p2a: Salamence|84/100|[from] Sandstorm
|-heal|p2a: Salamence|90/100|[from] item: Leftovers
|upkeep
|turn|25
|
|t:|1728747331
|switch|p1a: Celebi|Celebi|55/100
|move|p2a: Salamence|Rock Slide|p1a: Celebi|[miss]
|-miss|p2a: Salamence|p1a: Celebi
|
|-weather|Sandstorm|[upkeep]
|-damage|p2a: Salamence|84/100|[from] Sandstorm
|-damage|p1a: Celebi|49/100|[from] Sandstorm
|-heal|p2a: Salamence|90/100|[from] item: Leftovers
|-heal|p1a: Celebi|55/100|[from] item: Leftovers
|upkeep
|turn|26
|
|t:|1728747337
|move|p2a: Salamence|Hidden Power|p1a: Celebi
|-supereffective|p1a: Celebi
|-damage|p1a: Celebi|0 fnt
|faint|p1a: Celebi
|
|t:|1728747348
|switch|p1a: Swampert|Swampert, M|100/100
|
|-weather|Sandstorm|[upkeep]
|-damage|p2a: Salamence|84/100|[from] Sandstorm
|-heal|p2a: Salamence|90/100|[from] item: Leftovers
|upkeep
|turn|27
|
|t:|1728747359
|switch|p2a: Celebi|Celebi|100/100
|-damage|p2a: Celebi|84/100|[from] Spikes
|move|p1a: Swampert|Curse|p1a: Swampert
|-unboost|p1a: Swampert|spe|1
|-boost|p1a: Swampert|atk|1
|-boost|p1a: Swampert|def|1
|
|-weather|Sandstorm|[upkeep]
|-damage|p2a: Celebi|78/100|[from] Sandstorm
|-heal|p2a: Celebi|84/100|[from] item: Leftovers
|upkeep
|turn|28
|
|t:|1728747368
|switch|p1a: Salamence|Salamence, M|76/100
|-ability|p1a: Salamence|Intimidate|boost
|-unboost|p2a: Celebi|atk|1
|move|p2a: Celebi|Leech Seed|p1a: Salamence
|-start|p1a: Salamence|move: Leech Seed
|
|-weather|Sandstorm|[upkeep]
|-damage|p1a: Salamence|69/100|[from] Sandstorm
|-damage|p2a: Celebi|78/100|[from] Sandstorm
|-heal|p1a: Salamence|76/100|[from] item: Leftovers
|-damage|p1a: Salamence|63/100|[from] Leech Seed|[of] p2a: Celebi
|-heal|p2a: Celebi|88/100|[silent]
|-heal|p2a: Celebi|95/100|[from] item: Leftovers
|upkeep
|turn|29
|
|t:|1728747376
|move|p1a: Salamence|Fire Blast|p2a: Celebi|[miss]
|-miss|p1a: Salamence|p2a: Celebi
|move|p2a: Celebi|Recover|p2a: Celebi
|-heal|p2a: Celebi|100/100
|
|-weather|Sandstorm|[upkeep]
|-damage|p1a: Salamence|57/100|[from] Sandstorm
|-damage|p2a: Celebi|94/100|[from] Sandstorm
|-heal|p1a: Salamence|63/100|[from] item: Leftovers
|-damage|p1a: Salamence|51/100|[from] Leech Seed|[of] p2a: Celebi
|-heal|p2a: Celebi|100/100|[silent]
|upkeep
|turn|30
|
|t:|1728747379
|switch|p1a: Aerodactyl|Aerodactyl, M|100/100
|move|p2a: Celebi|Leech Seed|p1a: Aerodactyl
|-start|p1a: Aerodactyl|move: Leech Seed
|
|-weather|Sandstorm|[upkeep]
|-damage|p2a: Celebi|94/100|[from] Sandstorm
|-damage|p1a: Aerodactyl|88/100|[from] Leech Seed|[of] p2a: Celebi
|-heal|p2a: Celebi|100/100|[silent]
|upkeep
|turn|31
|
|t:|1728747384
|switch|p2a: Magneton|Magneton|100/100
|-damage|p2a: Magneton|84/100|[from] Spikes
|move|p1a: Aerodactyl|Hidden Power|p2a: Magneton
|-resisted|p2a: Magneton
|-damage|p2a: Magneton|63/100
|
|-weather|Sandstorm|[upkeep]
|-damage|p1a: Aerodactyl|76/100|[from] Leech Seed|[of] p2a: Magneton
|-heal|p2a: Magneton|77/100|[silent]
|-heal|p2a: Magneton|83/100|[from] item: Leftovers
|upkeep
|turn|32
|
|t:|1728747392
|switch|p1a: Swampert|Swampert, M|100/100
|move|p2a: Magneton|Substitute|p2a: Magneton
|-start|p2a: Magneton|Substitute
|-damage|p2a: Magneton|58/100
|
|-weather|Sandstorm|[upkeep]
|-heal|p2a: Magneton|64/100|[from] item: Leftovers
|upkeep
|turn|33
|
|t:|1728747403
|move|p2a: Magneton|Toxic|p1a: Swampert
|-status|p1a: Swampert|tox
|move|p1a: Swampert|Earthquake|p2a: Magneton
|-supereffective|p2a: Magneton
|-end|p2a: Magneton|Substitute
|
|-weather|Sandstorm|[upkeep]
|-heal|p2a: Magneton|70/100|[from] item: Leftovers
|-damage|p1a: Swampert|94/100 tox|[from] psn
|upkeep
|turn|34
|
|t:|1728747408
|switch|p2a: Celebi|Celebi|100/100
|-damage|p2a: Celebi|84/100|[from] Spikes
|move|p1a: Swampert|Ice Beam|p2a: Celebi
|-supereffective|p2a: Celebi
|-damage|p2a: Celebi|49/100
|-status|p2a: Celebi|frz
|
|-weather|Sandstorm|[upkeep]
|-damage|p2a: Celebi|43/100 frz|[from] Sandstorm
|-heal|p2a: Celebi|49/100 frz|[from] item: Leftovers
|-heal|p1a: Swampert|100/100 tox|[from] item: Leftovers
|-damage|p1a: Swampert|88/100 tox|[from] psn
|upkeep
|turn|35
|
|t:|1728747415
|-curestatus|p2a: Celebi|frz|[from] ability: Natural Cure
|switch|p2a: Starmie|Starmie|100/100
|-damage|p2a: Starmie|84/100|[from] Spikes
|switch|p1a: Aerodactyl|Aerodactyl, M|76/100
|
|-weather|Sandstorm|[upkeep]
|-damage|p2a: Starmie|78/100|[from] Sandstorm
|-heal|p2a: Starmie|84/100|[from] item: Leftovers
|upkeep
|turn|36
|inactive|Elisy has 270 seconds left.
|
|t:|1728747474
|switch|p2a: Salamence|Salamence, M|90/100
|-ability|p2a: Salamence|Intimidate|boost
|-unboost|p1a: Aerodactyl|atk|1
|move|p1a: Aerodactyl|Rock Slide|p2a: Salamence
|-supereffective|p2a: Salamence
|-damage|p2a: Salamence|6/100
|
|-weather|Sandstorm|[upkeep]
|-damage|p2a: Salamence|0 fnt|[from] Sandstorm
|faint|p2a: Salamence
|upkeep
|inactive|Elisy has 240 seconds left.
|
|t:|1728747491
|switch|p2a: Medicham|Medicham, M|100/100
|-damage|p2a: Medicham|84/100|[from] Spikes
|turn|37
|inactive|Elisy has 240 seconds left.
|
|t:|1728747496
|-singleturn|p2a: Medicham|move: Focus Punch
|move|p1a: Aerodactyl|Rock Slide|p2a: Medicham
|-resisted|p2a: Medicham
|-damage|p2a: Medicham|58/100
|move|p2a: Medicham|Focus Punch||[still]
|cant|p2a: Medicham|Focus Punch|Focus Punch
|
|-weather|Sandstorm|[upkeep]
|-damage|p2a: Medicham|52/100|[from] Sandstorm
|-heal|p2a: Medicham|58/100|[from] item: Leftovers
|upkeep
|turn|38
|
|t:|1728747503
|switch|p1a: Salamence|Salamence, M|51/100
|-ability|p1a: Salamence|Intimidate|boost
|-unboost|p2a: Medicham|atk|1
|move|p2a: Medicham|Recover|p2a: Medicham
|-heal|p2a: Medicham|100/100
|
|-weather|Sandstorm|[upkeep]
|-damage|p1a: Salamence|44/100|[from] Sandstorm
|-damage|p2a: Medicham|94/100|[from] Sandstorm
|-heal|p1a: Salamence|51/100|[from] item: Leftovers
|-heal|p2a: Medicham|100/100|[from] item: Leftovers
|upkeep
|turn|39
|inactive|Elisy has 240 seconds left.
|inactive|Elisy has 210 seconds left.
|inactive|Elisy has 180 seconds left.
|inactive|Elisy has 150 seconds left.
|
|t:|1728747641
|switch|p2a: Magneton|Magneton|70/100
|-damage|p2a: Magneton|54/100|[from] Spikes
|move|p1a: Salamence|Fire Blast|p2a: Magneton
|-supereffective|p2a: Magneton
|-damage|p2a: Magneton|0 fnt
|faint|p2a: Magneton
|inactive|Elisy has 120 seconds left.
|
|t:|1728747680
|switch|p2a: Starmie|Starmie|84/100
|-damage|p2a: Starmie|67/100|[from] Spikes
|
|-weather|Sandstorm|[upkeep]
|-damage|p2a: Starmie|61/100|[from] Sandstorm
|-damage|p1a: Salamence|44/100|[from] Sandstorm
|-heal|p2a: Starmie|67/100|[from] item: Leftovers
|-heal|p1a: Salamence|51/100|[from] item: Leftovers
|upkeep
|turn|40
|
|t:|1728747702
|move|p2a: Starmie|Recover|p2a: Starmie
|-heal|p2a: Starmie|100/100
|move|p1a: Salamence|Dragon Claw|p2a: Starmie
|-damage|p2a: Starmie|55/100
|
|-weather|Sandstorm|[upkeep]
|-damage|p2a: Starmie|49/100|[from] Sandstorm
|-damage|p1a: Salamence|44/100|[from] Sandstorm
|-heal|p2a: Starmie|55/100|[from] item: Leftovers
|-heal|p1a: Salamence|51/100|[from] item: Leftovers
|upkeep
|turn|41
|
|t:|1728747711
|switch|p1a: Swampert|Swampert, M|88/100 tox
|move|p2a: Starmie|Rapid Spin|p1a: Swampert
|-damage|p1a: Swampert|86/100 tox
|-sideend|p2: Elisy|Spikes|[from] move: Rapid Spin|[of] p2a: Starmie
|
|-weather|Sandstorm|[upkeep]
|-damage|p2a: Starmie|49/100|[from] Sandstorm
|-heal|p2a: Starmie|55/100|[from] item: Leftovers
|-heal|p1a: Swampert|92/100 tox|[from] item: Leftovers
|-damage|p1a: Swampert|86/100 tox|[from] psn
|upkeep
|turn|42
|inactive|Elisy has 90 seconds left.
|
|t:|1728747738
|move|p2a: Starmie|Recover|p2a: Starmie
|-heal|p2a: Starmie|100/100
|move|p1a: Swampert|Curse|p1a: Swampert
|-unboost|p1a: Swampert|spe|1
|-boost|p1a: Swampert|atk|1
|-boost|p1a: Swampert|def|1
|
|-weather|Sandstorm|[upkeep]
|-damage|p2a: Starmie|94/100|[from] Sandstorm
|-heal|p2a: Starmie|100/100|[from] item: Leftovers
|-heal|p1a: Swampert|92/100 tox|[from] item: Leftovers
|-damage|p1a: Swampert|79/100 tox|[from] psn
|upkeep
|turn|43
|
|t:|1728747741
|switch|p2a: Celebi|Celebi|49/100
|move|p1a: Swampert|Earthquake|p2a: Celebi
|-resisted|p2a: Celebi
|-damage|p2a: Celebi|27/100
|
|-weather|Sandstorm|[upkeep]
|-damage|p2a: Celebi|21/100|[from] Sandstorm
|-heal|p2a: Celebi|27/100|[from] item: Leftovers
|-heal|p1a: Swampert|86/100 tox|[from] item: Leftovers
|-damage|p1a: Swampert|67/100 tox|[from] psn
|upkeep
|turn|44
|
|t:|1728747747
|move|p2a: Celebi|Recover|p2a: Celebi
|-heal|p2a: Celebi|77/100
|move|p1a: Swampert|Ice Beam|p2a: Celebi
|-supereffective|p2a: Celebi
|-damage|p2a: Celebi|45/100
|
|-weather|Sandstorm|[upkeep]
|-damage|p2a: Celebi|38/100|[from] Sandstorm
|-heal|p2a: Celebi|45/100|[from] item: Leftovers
|-heal|p1a: Swampert|73/100 tox|[from] item: Leftovers
|-damage|p1a: Swampert|48/100 tox|[from] psn
|upkeep
|turn|45
|
|t:|1728747752
|move|p2a: Celebi|Recover|p2a: Celebi
|-heal|p2a: Celebi|95/100
|move|p1a: Swampert|Ice Beam|p2a: Celebi
|-supereffective|p2a: Celebi
|-damage|p2a: Celebi|59/100
|
|-weather|Sandstorm|[upkeep]
|-damage|p2a: Celebi|53/100|[from] Sandstorm
|-heal|p2a: Celebi|59/100|[from] item: Leftovers
|-heal|p1a: Swampert|55/100 tox|[from] item: Leftovers
|-damage|p1a: Swampert|24/100 tox|[from] psn
|upkeep
|turn|46
|
|t:|1728747756
|move|p2a: Celebi|Recover|p2a: Celebi
|-heal|p2a: Celebi|100/100
|move|p1a: Swampert|Ice Beam|p2a: Celebi
|-supereffective|p2a: Celebi
|-damage|p2a: Celebi|67/100
|-status|p2a: Celebi|frz
|
|-weather|Sandstorm|[upkeep]
|-damage|p2a: Celebi|61/100 frz|[from] Sandstorm
|-heal|p2a: Celebi|67/100 frz|[from] item: Leftovers
|-heal|p1a: Swampert|30/100 tox|[from] item: Leftovers
|-damage|p1a: Swampert|0 fnt|[from] psn
|faint|p1a: Swampert
|upkeep
|
|t:|1728747766
|switch|p1a: Tyranitar|Tyranitar, M|100/100
|turn|47
|inactive|Elisy has 120 seconds left.
|
|t:|1728747780
|-singleturn|p1a: Tyranitar|move: Focus Punch
|-curestatus|p2a: Celebi|frz|[from] ability: Natural Cure
|switch|p2a: Swampert|Swampert, M|61/100
|move|p1a: Tyranitar|Focus Punch|p2a: Swampert
|-damage|p2a: Swampert|22/100
|
|-weather|Sandstorm|[upkeep]
|-heal|p2a: Swampert|28/100|[from] item: Leftovers
|upkeep
|turn|48
|inactive|Elisy has 120 seconds left.
|
|t:|1728747793
|switch|p1a: Salamence|Salamence, M|51/100
|-ability|p1a: Salamence|Intimidate|boost
|-unboost|p2a: Swampert|atk|1
|move|p2a: Swampert|Earthquake|p1a: Salamence
|-immune|p1a: Salamence
|
|-weather|Sandstorm|[upkeep]
|-damage|p1a: Salamence|44/100|[from] Sandstorm
|-heal|p1a: Salamence|51/100|[from] item: Leftovers
|-heal|p2a: Swampert|34/100|[from] item: Leftovers
|upkeep
|turn|49
|
|t:|1728747804
|move|p2a: Swampert|Protect|p2a: Swampert
|-singleturn|p2a: Swampert|Protect
|move|p1a: Salamence|Dragon Claw|p2a: Swampert
|-activate|p2a: Swampert|Protect
|
|-weather|Sandstorm|[upkeep]
|-damage|p1a: Salamence|44/100|[from] Sandstorm
|-heal|p1a: Salamence|51/100|[from] item: Leftovers
|-heal|p2a: Swampert|40/100|[from] item: Leftovers
|upkeep
|turn|50
|
|t:|1728747815
|switch|p2a: Celebi|Celebi|67/100
|move|p1a: Salamence|Dragon Claw|p2a: Celebi
|-damage|p2a: Celebi|38/100
|
|-weather|Sandstorm|[upkeep]
|-damage|p1a: Salamence|44/100|[from] Sandstorm
|-damage|p2a: Celebi|31/100|[from] Sandstorm
|-heal|p1a: Salamence|51/100|[from] item: Leftovers
|-heal|p2a: Celebi|38/100|[from] item: Leftovers
|upkeep
|turn|51
|
|t:|1728747822
|switch|p2a: Starmie|Starmie|100/100
|move|p1a: Salamence|Fire Blast|p2a: Starmie
|-resisted|p2a: Starmie
|-damage|p2a: Starmie|76/100
|
|-weather|Sandstorm|[upkeep]
|-damage|p2a: Starmie|70/100|[from] Sandstorm
|-damage|p1a: Salamence|44/100|[from] Sandstorm
|-heal|p2a: Starmie|76/100|[from] item: Leftovers
|-heal|p1a: Salamence|51/100|[from] item: Leftovers
|upkeep
|turn|52
|
|t:|1728747828
|switch|p1a: Tyranitar|Tyranitar, M|100/100
|move|p2a: Starmie|Psychic|p1a: Tyranitar
|-immune|p1a: Tyranitar
|
|-weather|Sandstorm|[upkeep]
|-damage|p2a: Starmie|70/100|[from] Sandstorm
|-heal|p2a: Starmie|76/100|[from] item: Leftovers
|upkeep
|turn|53
|inactive|Elisy has 150 seconds left.
|
|t:|1728747848
|move|p2a: Starmie|Surf|p1a: Tyranitar
|-supereffective|p1a: Tyranitar
|-damage|p1a: Tyranitar|42/100
|move|p1a: Tyranitar|Hidden Power|p2a: Starmie
|-supereffective|p2a: Starmie
|-damage|p2a: Starmie|14/100
|
|-weather|Sandstorm|[upkeep]
|-damage|p2a: Starmie|8/100|[from] Sandstorm
|-heal|p2a: Starmie|14/100|[from] item: Leftovers
|-heal|p1a: Tyranitar|48/100|[from] item: Leftovers
|upkeep
|turn|54
|
|t:|1728747857
|switch|p1a: Salamence|Salamence, M|51/100
|-ability|p1a: Salamence|Intimidate|boost
|-unboost|p2a: Starmie|atk|1
|move|p2a: Starmie|Surf|p1a: Salamence
|-resisted|p1a: Salamence
|-damage|p1a: Salamence|31/100
|
|-weather|Sandstorm|[upkeep]
|-damage|p2a: Starmie|8/100|[from] Sandstorm
|-damage|p1a: Salamence|25/100|[from] Sandstorm
|-heal|p2a: Starmie|14/100|[from] item: Leftovers
|-heal|p1a: Salamence|31/100|[from] item: Leftovers
|upkeep
|turn|55
|
|t:|1728747865
|move|p2a: Starmie|Psychic|p1a: Salamence
|-damage|p1a: Salamence|0 fnt
|faint|p1a: Salamence
|
|t:|1728747868
|switch|p1a: Aerodactyl|Aerodactyl, M|76/100
|
|-weather|Sandstorm|[upkeep]
|-damage|p2a: Starmie|8/100|[from] Sandstorm
|-heal|p2a: Starmie|14/100|[from] item: Leftovers
|upkeep
|turn|56
|
|t:|1728747881
|switch|p2a: Celebi|Celebi|38/100
|move|p1a: Aerodactyl|Hidden Power|p2a: Celebi
|-supereffective|p2a: Celebi
|-damage|p2a: Celebi|0 fnt
|faint|p2a: Celebi
|inactive|Elisy has 150 seconds left.
|
|t:|1728747921
|switch|p2a: Swampert|Swampert, M|40/100
|
|-weather|Sandstorm|[upkeep]
|-heal|p2a: Swampert|47/100|[from] item: Leftovers
|upkeep
|turn|57
|
|t:|1728747933
|move|p1a: Aerodactyl|Hidden Power|p2a: Swampert
|-damage|p2a: Swampert|27/100
|move|p2a: Swampert|Curse|p2a: Swampert
|-unboost|p2a: Swampert|spe|1
|-boost|p2a: Swampert|atk|1
|-boost|p2a: Swampert|def|1
|
|-weather|Sandstorm|[upkeep]
|-heal|p2a: Swampert|33/100|[from] item: Leftovers
|upkeep
|turn|58
|
|t:|1728747939
|switch|p1a: Tyranitar|Tyranitar, M|48/100
|move|p2a: Swampert|Curse|p2a: Swampert
|-unboost|p2a: Swampert|spe|1
|-boost|p2a: Swampert|atk|1
|-boost|p2a: Swampert|def|1
|
|-weather|Sandstorm|[upkeep]
|-heal|p1a: Tyranitar|54/100|[from] item: Leftovers
|-heal|p2a: Swampert|39/100|[from] item: Leftovers
|upkeep
|turn|59
|
|t:|1728747944
|move|p1a: Tyranitar|Earthquake|p2a: Swampert
|-damage|p2a: Swampert|27/100
|move|p2a: Swampert|Earthquake|p1a: Tyranitar
|-supereffective|p1a: Tyranitar
|-damage|p1a: Tyranitar|0 fnt
|faint|p1a: Tyranitar
|
|t:|1728747946
|switch|p1a: Aerodactyl|Aerodactyl, M|76/100
|
|-weather|Sandstorm|[upkeep]
|-heal|p2a: Swampert|33/100|[from] item: Leftovers
|upkeep
|turn|60
|
|t:|1728747951
|move|p2a: Swampert|Protect|p2a: Swampert
|-singleturn|p2a: Swampert|Protect
|move|p1a: Aerodactyl|Double-Edge|p2a: Swampert
|-activate|p2a: Swampert|Protect
|
|-weather|Sandstorm|[upkeep]
|-heal|p2a: Swampert|39/100|[from] item: Leftovers
|upkeep
|turn|61
|
|t:|1728747958
|move|p1a: Aerodactyl|Double-Edge|p2a: Swampert
|-damage|p2a: Swampert|21/100
|move|p2a: Swampert|Ice Beam|p1a: Aerodactyl
|-supereffective|p1a: Aerodactyl
|-damage|p1a: Aerodactyl|20/100
|
|-weather|Sandstorm|[upkeep]
|-heal|p2a: Swampert|28/100|[from] item: Leftovers
|upkeep
|turn|62
|
|t:|1728747966
|move|p2a: Swampert|Protect|p2a: Swampert
|-singleturn|p2a: Swampert|Protect
|move|p1a: Aerodactyl|Double-Edge|p2a: Swampert
|-activate|p2a: Swampert|Protect
|
|-weather|Sandstorm|[upkeep]
|-heal|p2a: Swampert|34/100|[from] item: Leftovers
|upkeep
|turn|63
|
|t:|1728747972
|move|p1a: Aerodactyl|Double-Edge|p2a: Swampert
|-damage|p2a: Swampert|16/100
|move|p2a: Swampert|Ice Beam|p1a: Aerodactyl
|-supereffective|p1a: Aerodactyl
|-damage|p1a: Aerodactyl|0 fnt
|faint|p1a: Aerodactyl
|
|win|Elisy
|c|☆Apostic|gg
|c|☆Elisy|gg
|player|p1|

</script>
<script type="application/json" class="data" id="replaydata-smogtours-gen3ou-797477">
{"id":"smogtours-gen3ou-797477","format":"[Gen 3] OU","players":["Apostic","Elisy"],"uploadtime":1728747972,"views":89,"formatid":"gen3ou","rating":null,"private":1,"password":null}
</script>

<script defer src="js/replays.js?9d40a366"></script>
