<!DOCTYPE html>
<meta charset="utf-8" />
<meta name="viewport" content="width=device-width" />

<title>[Gen 3] OU: SoapierMage5794 vs. ThisGuyMuks - Replays - Pok&eacute;mon Showdown!</title>

<meta name="description" content="Watch a replay of a Pok&eacute;mon battle between SoapierMage5794 and ThisGuyMuks! Format: [Gen 3] OU; Date: Oct 7, 2024" />
<!--

Hey, you! Looking in the source for the replay log?

You can find them in JSON format, just add `.json` at the end of a replay URL.

https://replay.pokemonshowdown.com/gen7randomdoublesbattle-865046831.json

Or, if you only need the log itself, add `.log` instead:

https://replay.pokemonshowdown.com/gen7randomdoublesbattle-865046831.log

-->

<link rel="stylesheet" href="//pokemonshowdown.com/style/global.css?0.767286132409787" />
<link rel="stylesheet" href="//play.pokemonshowdown.com/style/font-awesome.css?0.9266228007934947" />
<link rel="stylesheet" href="//play.pokemonshowdown.com/style/battle.css?0.7924700842790926" />
<link rel="stylesheet" href="//play.pokemonshowdown.com/style/utilichart.css?0.8777417872839479" />

<!-- Global site tag (gtag.js) - Google Analytics -->
<script async src="https://www.googletagmanager.com/gtag/js?id=UA-26211653-1"></script>
<script>
  window.dataLayer = window.dataLayer || [];
  function gtag(){dataLayer.push(arguments);}
  gtag('js', new Date());

  gtag('config', 'UA-26211653-1');
</script>
<!-- End Google Analytics -->
<!-- Venatus Ad Manager - Install in <HEAD> of page -->
	<script src="https://hb.vntsm.com/v3/live/ad-manager.min.js" type="text/javascript" data-site-id="642aba63ec9a7b11c3c9c1be" data-mode="scan" async></script>
<!-- / Venatus Ad Manager -->

<style>
	@media (max-width:820px) {
		.battle {
			margin: 0 auto;
		}
		.battle-log {
			margin: 7px auto 0;
			max-width: 640px;
			height: 300px;
			position: static;
		}
	}
	.optgroup {
		display: inline-block;
		line-height: 22px;
		font-size: 10pt;
	}
	.optgroup .button {
		height: 25px;
		padding-top: 0;
		padding-bottom: 0;
	}
	.optgroup button.button {
		padding-left: 12px;
		padding-right: 12px;
	}
	.linklist {
		list-style: none;
		margin: 0.5em 0;
		padding: 0;
	}
	.linklist li {
		padding: 2px 0;
	}
	.sidebar {
		float: left;
		width: 320px;
	}
	.bar-wrapper {
		max-width: 1100px;
		margin: 0 auto;
	}
	.bar-wrapper.has-sidebar {
		max-width: 1430px;
	}
	.mainbar {
		margin: 0;
		padding-right: 1px;
	}
	.mainbar.has-sidebar {
		margin-left: 330px;
	}
	@media (min-width: 1511px) {
		.sidebar {
			width: 400px;
		}
		.bar-wrapper.has-sidebar {
			max-width: 1510px;
		}
		.mainbar.has-sidebar {
			margin-left: 410px;
		}
	}
	.section.first-section {
		margin-top: 9px;
	}
	.blocklink small {
		white-space: normal;
	}
	.button {
		vertical-align: middle;
	}
	.replay-controls {
		padding-top: 10px;
	}
	.replay-controls h1 {
		font-size: 16pt;
		font-weight: normal;
		color: #CCC;
	}
	.pagelink {
		text-align: center;
	}
	.pagelink a {
		width: 150px;
	}
	.textbox, .button {
		font-size: 11pt;
		vertical-align: middle;
	}
	@media (max-width: 450px) {
		.button {
			font-size: 9pt;
		}
	}
</style>

<div>

	<header>
		<div class="nav-wrapper"><ul class="nav">
			<li><a class="button nav-first" href="//pokemonshowdown.com/"><img src="//pokemonshowdown.com/images/pokemonshowdownbeta.png" srcset="//pokemonshowdown.com/images/pokemonshowdownbeta.png 1x, //pokemonshowdown.com/images/pokemonshowdownbeta@2x.png 2x" alt="Pok&eacute;mon Showdown" width="146" height="44" /> Home</a></li>
			<li><a class="button" href="//pokemonshowdown.com/dex/">Pok&eacute;dex</a></li>
			<li><a class="button cur" href="/">Replays</a></li>
			<li><a class="button" href="//pokemonshowdown.com/ladder/">Ladder</a></li>
			<li><a class="button nav-last" href="//pokemonshowdown.com/forums/">Forum</a></li>
			<li><a class="button greenbutton nav-first nav-last" href="//play.pokemonshowdown.com/">Play</a></li>
		</ul></div>
	</header>

	<div class="main" id="main">

		<noscript><section class="section">You need to enable JavaScript to use this page; sorry!</section></noscript>

	</div>

</div>

<script defer nomodule src="//play.pokemonshowdown.com/js/lib/ps-polyfill.js"></script>
<script defer src="//play.pokemonshowdown.com/js/lib/preact.min.js"></script>

<script defer src="//play.pokemonshowdown.com/config/config.js?6dec07f6"></script>
<script defer src="//play.pokemonshowdown.com/js/lib/jquery-1.11.0.min.js"></script>
<script defer src="//play.pokemonshowdown.com/js/lib/html-sanitizer-minified.js"></script>
<script defer src="//play.pokemonshowdown.com/js/battle-sound.js"></script>
<script defer src="//play.pokemonshowdown.com/js/battledata.js?0.6315294753075389"></script>
<script defer src="//play.pokemonshowdown.com/data/pokedex-mini.js?0.7603743185311358"></script>
<script defer src="//play.pokemonshowdown.com/data/pokedex-mini-bw.js?0.030888842834281283"></script>
<script defer src="//play.pokemonshowdown.com/data/graphics.js?0.05593094747507488"></script>
<script defer src="//play.pokemonshowdown.com/data/pokedex.js?0.47064822249611904"></script>
<script defer src="//play.pokemonshowdown.com/data/moves.js?0.8583693120512459"></script>
<script defer src="//play.pokemonshowdown.com/data/abilities.js?0.16017181182386842"></script>
<script defer src="//play.pokemonshowdown.com/data/items.js?0.4163379185673943"></script>
<script defer src="//play.pokemonshowdown.com/data/teambuilder-tables.js?0.31075597372830477"></script>
<script defer src="//play.pokemonshowdown.com/js/battle-tooltips.js?0.6536193500708172"></script>
<script defer src="//play.pokemonshowdown.com/js/battle.js?0.1916591943277901"></script>

<script defer src="js/utils.js?e31f9a17"></script>
<script defer src="js/replays-battle.js?7008c182"></script>

<!-- don't scrape this data! just add .json or .log after the URL!
Full API docs: https://github.com/smogon/pokemon-showdown-client/blob/master/WEB-API.md -->
<script type="text/plain" class="log" id="replaylog-smogtours-gen3ou-796198">
|inactive|Battle timer is ON: inactive players will automatically lose when time's up.
|t:|1728327852
|gametype|singles
|player|p1|SoapierMage5794|266|
|player|p2|ThisGuyMuks|1|
|teamsize|p1|6
|teamsize|p2|6
|gen|3
|tier|[Gen 3] OU
|rule|Sleep Clause Mod: Limit one foe put to sleep
|rule|Switch Priority Clause Mod: Faster Pokémon switch first
|rule|Species Clause: Limit one of each Pokémon
|rule|OHKO Clause: OHKO moves are banned
|rule|Evasion Items Clause: Evasion items are banned
|rule|Evasion Moves Clause: Evasion moves are banned
|rule|Endless Battle Clause: Forcing endless battles is banned
|rule|HP Percentage Mod: HP is shown in percentages
|rule|One Boost Passer Clause: Limit one Baton Passer that has a way to boost its stats
|rule|Freeze Clause Mod: Limit one foe frozen
|
|t:|1728327852
|start
|switch|p1a: Gyarados|Gyarados, F|100/100
|switch|p2a: Tyranitar|Tyranitar, M|100/100
|-ability|p1a: Gyarados|Intimidate|boost
|-unboost|p2a: Tyranitar|atk|1
|-weather|Sandstorm|[from] ability: Sand Stream|[of] p2a: Tyranitar
|turn|1
|
|t:|1728327866
|switch|p2a: Zapdos|Zapdos|100/100
|move|p1a: Gyarados|Thunder Wave|p2a: Zapdos
|-status|p2a: Zapdos|par
|
|-weather|Sandstorm|[upkeep]
|-damage|p1a: Gyarados|94/100|[from] Sandstorm
|-damage|p2a: Zapdos|94/100 par|[from] Sandstorm
|-heal|p1a: Gyarados|100/100|[from] item: Leftovers
|-heal|p2a: Zapdos|100/100 par|[from] item: Leftovers
|upkeep
|turn|2
|
|t:|1728327875
|switch|p1a: Rhydon|Rhydon, M|100/100
|move|p2a: Zapdos|Thunderbolt|p1a: Rhydon
|-immune|p1a: Rhydon
|
|-weather|Sandstorm|[upkeep]
|-damage|p2a: Zapdos|94/100 par|[from] Sandstorm
|-heal|p2a: Zapdos|100/100 par|[from] item: Leftovers
|upkeep
|turn|3
|inactive|ThisGuyMuks has 270 seconds left.
|c|☆ThisGuyMuks|is my scout rhydon weak or something lol
|c|☆ThisGuyMuks|two weeks in a row someone used it against me
|
|t:|1728327926
|switch|p2a: Skarmory|Skarmory, M|100/100
|move|p1a: Rhydon|Earthquake|p2a: Skarmory
|-immune|p2a: Skarmory
|
|-weather|Sandstorm|[upkeep]
|upkeep
|turn|4
|c|☆SoapierMage5794|Lmao
|
|t:|1728327932
|switch|p1a: Gyarados|Gyarados, F|100/100
|-ability|p1a: Gyarados|Intimidate|boost
|-unboost|p2a: Skarmory|atk|1
|move|p2a: Skarmory|Spikes|p1a: Gyarados
|-sidestart|p1: SoapierMage5794|Spikes
|
|-weather|Sandstorm|[upkeep]
|-damage|p1a: Gyarados|94/100|[from] Sandstorm
|-heal|p1a: Gyarados|100/100|[from] item: Leftovers
|upkeep
|turn|5
|
|t:|1728327941
|move|p1a: Gyarados|Thunder Wave|p2a: Skarmory
|-status|p2a: Skarmory|par
|move|p2a: Skarmory|Spikes|p1a: Gyarados
|-sidestart|p1: SoapierMage5794|Spikes
|
|-weather|Sandstorm|[upkeep]
|-damage|p1a: Gyarados|94/100|[from] Sandstorm
|-heal|p1a: Gyarados|100/100|[from] item: Leftovers
|upkeep
|turn|6
|
|t:|1728327949
|move|p1a: Gyarados|Hidden Power|p2a: Skarmory
|-damage|p2a: Skarmory|82/100 par
|move|p2a: Skarmory|Toxic|p1a: Gyarados
|-status|p1a: Gyarados|tox
|
|-weather|Sandstorm|[upkeep]
|-damage|p1a: Gyarados|94/100 tox|[from] Sandstorm
|-heal|p1a: Gyarados|100/100 tox|[from] item: Leftovers
|-damage|p1a: Gyarados|94/100 tox|[from] psn
|-heal|p2a: Skarmory|88/100 par|[from] item: Leftovers
|upkeep
|turn|7
|inactive|ThisGuyMuks has 270 seconds left.
|
|t:|1728327959
|switch|p1a: Zapdos|Zapdos|100/100
|move|p2a: Skarmory|Spikes|p1a: Zapdos
|-sidestart|p1: SoapierMage5794|Spikes
|
|-weather|Sandstorm|[upkeep]
|-damage|p1a: Zapdos|94/100|[from] Sandstorm
|-heal|p1a: Zapdos|100/100|[from] item: Leftovers
|-heal|p2a: Skarmory|94/100 par|[from] item: Leftovers
|upkeep
|turn|8
|inactive|ThisGuyMuks has 270 seconds left.
|
|t:|1728327972
|switch|p2a: Zapdos|Zapdos|100/100 par
|move|p1a: Zapdos|Thunderbolt|p2a: Zapdos
|-damage|p2a: Zapdos|64/100 par
|
|-weather|Sandstorm|[upkeep]
|-damage|p1a: Zapdos|94/100|[from] Sandstorm
|-damage|p2a: Zapdos|58/100 par|[from] Sandstorm
|-heal|p1a: Zapdos|100/100|[from] item: Leftovers
|-heal|p2a: Zapdos|64/100 par|[from] item: Leftovers
|upkeep
|turn|9
|inactive|ThisGuyMuks has 270 seconds left.
|
|t:|1728328004
|move|p1a: Zapdos|Hidden Power|p2a: Zapdos
|-supereffective|p2a: Zapdos
|-damage|p2a: Zapdos|31/100 par
|move|p2a: Zapdos|Roar|p1a: Zapdos
|drag|p1a: Jirachi|Jirachi|100/100
|-damage|p1a: Jirachi|75/100|[from] Spikes
|
|-weather|Sandstorm|[upkeep]
|-damage|p2a: Zapdos|25/100 par|[from] Sandstorm
|-heal|p1a: Jirachi|82/100|[from] item: Leftovers
|-heal|p2a: Zapdos|31/100 par|[from] item: Leftovers
|upkeep
|turn|10
|inactive|ThisGuyMuks has 240 seconds left.
|
|t:|1728328024
|switch|p1a: Gyarados|Gyarados, F|94/100 tox
|-ability|p1a: Gyarados|Intimidate|boost
|-unboost|p2a: Zapdos|atk|1
|switch|p2a: Skarmory|Skarmory, M|94/100 par
|
|-weather|Sandstorm|[upkeep]
|-damage|p1a: Gyarados|88/100 tox|[from] Sandstorm
|-heal|p1a: Gyarados|94/100 tox|[from] item: Leftovers
|-damage|p1a: Gyarados|88/100 tox|[from] psn
|-heal|p2a: Skarmory|99/100 par|[from] item: Leftovers
|upkeep
|turn|11
|inactive|ThisGuyMuks has 240 seconds left.
|
|t:|1728328035
|switch|p1a: Zapdos|Zapdos|100/100
|move|p2a: Skarmory|Toxic|p1a: Zapdos
|-status|p1a: Zapdos|tox
|
|-weather|Sandstorm|[upkeep]
|-damage|p1a: Zapdos|94/100 tox|[from] Sandstorm
|-heal|p1a: Zapdos|100/100 tox|[from] item: Leftovers
|-damage|p1a: Zapdos|94/100 tox|[from] psn
|-heal|p2a: Skarmory|100/100 par|[from] item: Leftovers
|upkeep
|turn|12
|inactive|ThisGuyMuks has 240 seconds left.
|
|t:|1728328048
|switch|p2a: Swampert|Swampert, F|100/100
|move|p1a: Zapdos|Thunderbolt|p2a: Swampert
|-immune|p2a: Swampert
|
|-weather|Sandstorm|[upkeep]
|-damage|p1a: Zapdos|88/100 tox|[from] Sandstorm
|-heal|p1a: Zapdos|94/100 tox|[from] item: Leftovers
|-damage|p1a: Zapdos|82/100 tox|[from] psn
|upkeep
|turn|13
|inactive|ThisGuyMuks has 240 seconds left.
|
|t:|1728328060
|switch|p1a: Gyarados|Gyarados, F|88/100 tox
|-ability|p1a: Gyarados|Intimidate|boost
|-unboost|p2a: Swampert|atk|1
|move|p2a: Swampert|Roar|p1a: Gyarados
|drag|p1a: Zapdos|Zapdos|82/100 tox
|
|-weather|Sandstorm|[upkeep]
|-damage|p1a: Zapdos|76/100 tox|[from] Sandstorm
|-heal|p1a: Zapdos|82/100 tox|[from] item: Leftovers
|-damage|p1a: Zapdos|76/100 tox|[from] psn
|upkeep
|turn|14
|inactive|ThisGuyMuks has 240 seconds left.
|
|t:|1728328070
|switch|p1a: Gyarados|Gyarados, F|88/100 tox
|-ability|p1a: Gyarados|Intimidate|boost
|-unboost|p2a: Swampert|atk|1
|move|p2a: Swampert|Protect||[still]
|-fail|p2a: Swampert
|
|-weather|Sandstorm|[upkeep]
|-damage|p1a: Gyarados|82/100 tox|[from] Sandstorm
|-heal|p1a: Gyarados|88/100 tox|[from] item: Leftovers
|-damage|p1a: Gyarados|82/100 tox|[from] psn
|upkeep
|turn|15
|inactive|ThisGuyMuks has 240 seconds left.
|
|t:|1728328081
|move|p2a: Swampert|Protect|p2a: Swampert
|-singleturn|p2a: Swampert|Protect
|move|p1a: Gyarados|Dragon Dance|p1a: Gyarados
|-boost|p1a: Gyarados|atk|1
|-boost|p1a: Gyarados|spe|1
|
|-weather|Sandstorm|[upkeep]
|-damage|p1a: Gyarados|76/100 tox|[from] Sandstorm
|-heal|p1a: Gyarados|82/100 tox|[from] item: Leftovers
|-damage|p1a: Gyarados|70/100 tox|[from] psn
|upkeep
|turn|16
|inactive|ThisGuyMuks has 240 seconds left.
|
|t:|1728328096
|switch|p2a: Skarmory|Skarmory, M|100/100 par
|move|p1a: Gyarados|Earthquake|p2a: Skarmory
|-immune|p2a: Skarmory
|
|-weather|Sandstorm|[upkeep]
|-damage|p1a: Gyarados|64/100 tox|[from] Sandstorm
|-heal|p1a: Gyarados|70/100 tox|[from] item: Leftovers
|-damage|p1a: Gyarados|52/100 tox|[from] psn
|upkeep
|turn|17
|
|t:|1728328107
|switch|p1a: Rhydon|Rhydon, M|100/100
|-damage|p1a: Rhydon|76/100|[from] Spikes
|move|p2a: Skarmory|Drill Peck|p1a: Rhydon
|-resisted|p1a: Rhydon
|-damage|p1a: Rhydon|68/100
|
|-weather|Sandstorm|[upkeep]
|upkeep
|turn|18
|
|t:|1728328115
|switch|p2a: Swampert|Swampert, F|100/100
|move|p1a: Rhydon|Rock Slide|p2a: Swampert
|-resisted|p2a: Swampert
|-damage|p2a: Swampert|75/100
|
|-weather|Sandstorm|[upkeep]
|-heal|p2a: Swampert|81/100|[from] item: Leftovers
|upkeep
|turn|19
|inactive|ThisGuyMuks has 240 seconds left.
|
|t:|1728328127
|switch|p1a: Breloom|Breloom, M|100/100
|-damage|p1a: Breloom|76/100|[from] Spikes
|move|p2a: Swampert|Roar|p1a: Breloom
|drag|p1a: Marowak|Marowak, M|100/100
|-damage|p1a: Marowak|75/100|[from] Spikes
|
|-weather|Sandstorm|[upkeep]
|-heal|p2a: Swampert|87/100|[from] item: Leftovers
|upkeep
|turn|20
|inactive|ThisGuyMuks has 240 seconds left.
|
|t:|1728328137
|move|p2a: Swampert|Surf|p1a: Marowak
|-supereffective|p1a: Marowak
|-damage|p1a: Marowak|0 fnt
|faint|p1a: Marowak
|c|☆SoapierMage5794|Bro I thought I had paraed it
|
|t:|1728328165
|switch|p1a: Breloom|Breloom, M|76/100
|-damage|p1a: Breloom|51/100|[from] Spikes
|
|-weather|Sandstorm|[upkeep]
|-damage|p1a: Breloom|45/100|[from] Sandstorm
|-heal|p1a: Breloom|51/100|[from] item: Leftovers
|-heal|p2a: Swampert|94/100|[from] item: Leftovers
|upkeep
|turn|21
|c|☆ThisGuyMuks|which?
|
|t:|1728328175
|switch|p2a: Skarmory|Skarmory, M|100/100 par
|move|p1a: Breloom|Substitute|p1a: Breloom
|-start|p1a: Breloom|Substitute
|-damage|p1a: Breloom|26/100
|
|-weather|Sandstorm|[upkeep]
|-damage|p1a: Breloom|20/100|[from] Sandstorm
|-heal|p1a: Breloom|26/100|[from] item: Leftovers
|upkeep
|turn|22
|c|☆SoapierMage5794|Pert
|
|t:|1728328183
|-singleturn|p1a: Breloom|move: Focus Punch
|cant|p2a: Skarmory|par
|move|p1a: Breloom|Focus Punch|p2a: Skarmory
|-damage|p2a: Skarmory|48/100 par
|
|-weather|Sandstorm|[upkeep]
|-damage|p1a: Breloom|20/100|[from] Sandstorm
|-heal|p1a: Breloom|26/100|[from] item: Leftovers
|-heal|p2a: Skarmory|54/100 par|[from] item: Leftovers
|upkeep
|turn|23
|
|t:|1728328193
|-singleturn|p1a: Breloom|move: Focus Punch
|cant|p2a: Skarmory|par
|move|p1a: Breloom|Focus Punch|p2a: Skarmory
|-crit|p2a: Skarmory
|-damage|p2a: Skarmory|0 fnt
|faint|p2a: Skarmory
|inactive|ThisGuyMuks has 240 seconds left.
|
|t:|1728328224
|switch|p2a: Jirachi|Jirachi|100/100
|
|-weather|Sandstorm|[upkeep]
|-damage|p1a: Breloom|20/100|[from] Sandstorm
|-heal|p1a: Breloom|26/100|[from] item: Leftovers
|upkeep
|turn|24
|inactive|ThisGuyMuks has 210 seconds left.
|inactive|ThisGuyMuks has 180 seconds left.
|
|t:|1728328280
|-singleturn|p1a: Breloom|move: Focus Punch
|switch|p2a: Zapdos|Zapdos|31/100 par
|move|p1a: Breloom|Focus Punch|p2a: Zapdos
|-resisted|p2a: Zapdos
|-damage|p2a: Zapdos|0 fnt
|faint|p2a: Zapdos
|inactive|ThisGuyMuks has 180 seconds left.
|
|t:|1728328313
|switch|p2a: Gengar|Gengar, M|100/100
|
|-weather|Sandstorm|[upkeep]
|-damage|p2a: Gengar|94/100|[from] Sandstorm
|-damage|p1a: Breloom|20/100|[from] Sandstorm
|-heal|p2a: Gengar|100/100|[from] item: Leftovers
|-heal|p1a: Breloom|26/100|[from] item: Leftovers
|upkeep
|turn|25
|
|t:|1728328320
|move|p2a: Gengar|Thunderbolt|p1a: Breloom
|-resisted|p1a: Breloom
|-activate|p1a: Breloom|Substitute|[damage]
|move|p1a: Breloom|Stun Spore|p2a: Gengar
|-status|p2a: Gengar|par
|
|-weather|Sandstorm|[upkeep]
|-damage|p1a: Breloom|20/100|[from] Sandstorm
|-damage|p2a: Gengar|94/100 par|[from] Sandstorm
|-heal|p1a: Breloom|26/100|[from] item: Leftovers
|-heal|p2a: Gengar|100/100 par|[from] item: Leftovers
|upkeep
|turn|26
|
|t:|1728328331
|move|p1a: Breloom|Hidden Power|p2a: Gengar
|-supereffective|p2a: Gengar
|-damage|p2a: Gengar|39/100 par
|move|p2a: Gengar|Thunderbolt|p1a: Breloom
|-resisted|p1a: Breloom
|-end|p1a: Breloom|Substitute
|
|-weather|Sandstorm|[upkeep]
|-damage|p1a: Breloom|20/100|[from] Sandstorm
|-damage|p2a: Gengar|33/100 par|[from] Sandstorm
|-heal|p1a: Breloom|26/100|[from] item: Leftovers
|-heal|p2a: Gengar|39/100 par|[from] item: Leftovers
|upkeep
|turn|27
|
|t:|1728328349
|move|p1a: Breloom|Hidden Power|p2a: Gengar
|-supereffective|p2a: Gengar
|-damage|p2a: Gengar|0 fnt
|faint|p2a: Gengar
|inactive|ThisGuyMuks has 150 seconds left.
|
|t:|1728328373
|switch|p2a: Swampert|Swampert, F|94/100
|
|-weather|Sandstorm|[upkeep]
|-damage|p1a: Breloom|20/100|[from] Sandstorm
|-heal|p1a: Breloom|26/100|[from] item: Leftovers
|-heal|p2a: Swampert|99/100|[from] item: Leftovers
|upkeep
|turn|28
|
|t:|1728328380
|move|p2a: Swampert|Protect|p2a: Swampert
|-singleturn|p2a: Swampert|Protect
|move|p1a: Breloom|Stun Spore|p2a: Swampert
|-activate|p2a: Swampert|Protect
|
|-weather|Sandstorm|[upkeep]
|-damage|p1a: Breloom|20/100|[from] Sandstorm
|-heal|p1a: Breloom|26/100|[from] item: Leftovers
|-heal|p2a: Swampert|100/100|[from] item: Leftovers
|upkeep
|turn|29
|inactive|ThisGuyMuks has 150 seconds left.
|
|t:|1728328390
|move|p1a: Breloom|Stun Spore|p2a: Swampert
|-status|p2a: Swampert|par
|move|p2a: Swampert|Surf|p1a: Breloom
|-resisted|p1a: Breloom
|-damage|p1a: Breloom|1/100
|
|-weather|Sandstorm|[upkeep]
|-damage|p1a: Breloom|0 fnt|[from] Sandstorm
|faint|p1a: Breloom
|upkeep
|inactive|SoapierMage5794 has 270 seconds left.
|
|t:|1728328442
|switch|p1a: Zapdos|Zapdos|76/100 tox
|turn|30
|
|t:|1728328447
|move|p2a: Swampert|Protect|p2a: Swampert
|-singleturn|p2a: Swampert|Protect
|move|p1a: Zapdos|Hidden Power|p2a: Swampert
|-activate|p2a: Swampert|Protect
|
|-weather|Sandstorm|[upkeep]
|-damage|p1a: Zapdos|69/100 tox|[from] Sandstorm
|-heal|p1a: Zapdos|76/100 tox|[from] item: Leftovers
|-damage|p1a: Zapdos|69/100 tox|[from] psn
|upkeep
|turn|31
|inactive|ThisGuyMuks has 150 seconds left.
|
|t:|1728328473
|move|p1a: Zapdos|Hidden Power|p2a: Swampert
|-damage|p2a: Swampert|80/100 par
|move|p2a: Swampert|Roar|p1a: Zapdos
|drag|p1a: Gyarados|Gyarados, F|52/100 tox
|-ability|p1a: Gyarados|Intimidate|boost
|-unboost|p2a: Swampert|atk|1
|
|-weather|Sandstorm|[upkeep]
|-damage|p1a: Gyarados|46/100 tox|[from] Sandstorm
|-heal|p1a: Gyarados|52/100 tox|[from] item: Leftovers
|-damage|p1a: Gyarados|46/100 tox|[from] psn
|-heal|p2a: Swampert|86/100 par|[from] item: Leftovers
|upkeep
|turn|32
|inactive|ThisGuyMuks has 150 seconds left.
|
|t:|1728328486
|cant|p2a: Swampert|par
|move|p1a: Gyarados|Dragon Dance|p1a: Gyarados
|-boost|p1a: Gyarados|atk|1
|-boost|p1a: Gyarados|spe|1
|
|-weather|Sandstorm|[upkeep]
|-damage|p1a: Gyarados|40/100 tox|[from] Sandstorm
|-heal|p1a: Gyarados|46/100 tox|[from] item: Leftovers
|-damage|p1a: Gyarados|34/100 tox|[from] psn
|-heal|p2a: Swampert|92/100 par|[from] item: Leftovers
|upkeep
|turn|33
|inactive|ThisGuyMuks has 150 seconds left.
|
|t:|1728328496
|move|p2a: Swampert|Protect|p2a: Swampert
|-singleturn|p2a: Swampert|Protect
|move|p1a: Gyarados|Earthquake|p2a: Swampert
|-activate|p2a: Swampert|Protect
|
|-weather|Sandstorm|[upkeep]
|-damage|p1a: Gyarados|28/100 tox|[from] Sandstorm
|-heal|p1a: Gyarados|34/100 tox|[from] item: Leftovers
|-damage|p1a: Gyarados|16/100 tox|[from] psn
|-heal|p2a: Swampert|98/100 par|[from] item: Leftovers
|upkeep
|turn|34
|inactive|ThisGuyMuks has 150 seconds left.
|
|t:|1728328507
|move|p2a: Swampert|Protect|p2a: Swampert
|-singleturn|p2a: Swampert|Protect
|move|p1a: Gyarados|Earthquake|p2a: Swampert
|-activate|p2a: Swampert|Protect
|
|-weather|Sandstorm|[upkeep]
|-damage|p1a: Gyarados|10/100 tox|[from] Sandstorm
|-heal|p1a: Gyarados|16/100 tox|[from] item: Leftovers
|-damage|p1a: Gyarados|0 fnt|[from] psn
|faint|p1a: Gyarados
|-heal|p2a: Swampert|100/100 par|[from] item: Leftovers
|upkeep
|
|t:|1728328513
|switch|p1a: Rhydon|Rhydon, M|68/100
|-damage|p1a: Rhydon|43/100|[from] Spikes
|turn|35
|
|t:|1728328525
|move|p1a: Rhydon|Earthquake|p2a: Swampert
|-damage|p2a: Swampert|37/100 par
|move|p2a: Swampert|Surf|p1a: Rhydon
|-supereffective|p1a: Rhydon
|-damage|p1a: Rhydon|0 fnt
|faint|p1a: Rhydon
|
|t:|1728328531
|switch|p1a: Jirachi|Jirachi|82/100
|-damage|p1a: Jirachi|57/100|[from] Spikes
|
|-weather|Sandstorm|[upkeep]
|-heal|p1a: Jirachi|63/100|[from] item: Leftovers
|-heal|p2a: Swampert|43/100 par|[from] item: Leftovers
|upkeep
|turn|36
|
|t:|1728328540
|move|p1a: Jirachi|Body Slam|p2a: Swampert
|-damage|p2a: Swampert|29/100 par
|move|p2a: Swampert|Roar|p1a: Jirachi
|drag|p1a: Zapdos|Zapdos|69/100 tox
|
|-weather|Sandstorm|[upkeep]
|-damage|p1a: Zapdos|63/100 tox|[from] Sandstorm
|-heal|p1a: Zapdos|69/100 tox|[from] item: Leftovers
|-damage|p1a: Zapdos|63/100 tox|[from] psn
|-heal|p2a: Swampert|35/100 par|[from] item: Leftovers
|upkeep
|turn|37
|
|t:|1728328557
|cant|p2a: Swampert|par
|move|p1a: Zapdos|Hidden Power|p2a: Swampert
|-damage|p2a: Swampert|14/100 par
|
|-weather|Sandstorm|[upkeep]
|-damage|p1a: Zapdos|57/100 tox|[from] Sandstorm
|-heal|p1a: Zapdos|63/100 tox|[from] item: Leftovers
|-damage|p1a: Zapdos|51/100 tox|[from] psn
|-heal|p2a: Swampert|20/100 par|[from] item: Leftovers
|upkeep
|turn|38
|
|t:|1728328567
|move|p2a: Swampert|Protect|p2a: Swampert
|-singleturn|p2a: Swampert|Protect
|move|p1a: Zapdos|Hidden Power|p2a: Swampert
|-activate|p2a: Swampert|Protect
|
|-weather|Sandstorm|[upkeep]
|-damage|p1a: Zapdos|44/100 tox|[from] Sandstorm
|-heal|p1a: Zapdos|51/100 tox|[from] item: Leftovers
|-damage|p1a: Zapdos|32/100 tox|[from] psn
|-heal|p2a: Swampert|27/100 par|[from] item: Leftovers
|upkeep
|turn|39
|
|t:|1728328578
|move|p1a: Zapdos|Hidden Power|p2a: Swampert
|-damage|p2a: Swampert|4/100 par
|move|p2a: Swampert|Surf|p1a: Zapdos
|-damage|p1a: Zapdos|0 fnt
|faint|p1a: Zapdos
|
|t:|1728328581
|switch|p1a: Jirachi|Jirachi|63/100
|-damage|p1a: Jirachi|38/100|[from] Spikes
|
|-weather|Sandstorm|[upkeep]
|-heal|p1a: Jirachi|44/100|[from] item: Leftovers
|-heal|p2a: Swampert|11/100 par|[from] item: Leftovers
|upkeep
|turn|40
|
|t:|1728328590
|move|p1a: Jirachi|Wish|p1a: Jirachi
|move|p2a: Swampert|Surf|p1a: Jirachi
|-damage|p1a: Jirachi|16/100
|
|-weather|Sandstorm|[upkeep]
|-heal|p1a: Jirachi|22/100|[from] item: Leftovers
|-heal|p2a: Swampert|17/100 par|[from] item: Leftovers
|upkeep
|turn|41
|inactive|ThisGuyMuks has 180 seconds left.
|
|t:|1728328602
|switch|p2a: Jirachi|Jirachi|100/100
|move|p1a: Jirachi|Protect||[still]
|-fail|p1a: Jirachi
|
|-heal|p1a: Jirachi|72/100|[from] move: Wish|[wisher] Jirachi
|-weather|Sandstorm|[upkeep]
|-heal|p1a: Jirachi|78/100|[from] item: Leftovers
|upkeep
|turn|42
|inactive|ThisGuyMuks has 180 seconds left.
|
|t:|1728328626
|move|p2a: Jirachi|Calm Mind|p2a: Jirachi
|-boost|p2a: Jirachi|spa|1
|-boost|p2a: Jirachi|spd|1
|move|p1a: Jirachi|Fire Punch|p2a: Jirachi
|-supereffective|p2a: Jirachi
|-damage|p2a: Jirachi|82/100
|
|-weather|Sandstorm|[upkeep]
|-heal|p2a: Jirachi|88/100|[from] item: Leftovers
|-heal|p1a: Jirachi|85/100|[from] item: Leftovers
|upkeep
|turn|43
|c|☆SoapierMage5794|Fuck man If I didn't fuck up pert para
|
|t:|1728328638
|move|p2a: Jirachi|Substitute|p2a: Jirachi
|-start|p2a: Jirachi|Substitute
|-damage|p2a: Jirachi|63/100
|move|p1a: Jirachi|Fire Punch|p2a: Jirachi
|-supereffective|p2a: Jirachi
|-activate|p2a: Jirachi|Substitute|[damage]
|
|-weather|Sandstorm|[upkeep]
|-heal|p2a: Jirachi|70/100|[from] item: Leftovers
|-heal|p1a: Jirachi|91/100|[from] item: Leftovers
|upkeep
|turn|44
|c|☆SoapierMage5794|GG
|c|☆SoapierMage5794|feels bad man
|c|☆ThisGuyMuks|gg
|c|☆ThisGuyMuks|dont worry
|-message|SoapierMage5794 forfeited.
|
|win|ThisGuyMuks
|c|☆ThisGuyMuks|i saw your last set
|c|☆ThisGuyMuks|you can make a run

</script>
<script type="application/json" class="data" id="replaydata-smogtours-gen3ou-796198">
{"id":"smogtours-gen3ou-796198","format":"[Gen 3] OU","players":["SoapierMage5794","ThisGuyMuks"],"uploadtime":1728328656,"views":121,"formatid":"gen3ou","rating":null,"private":0,"password":null}
</script>

<script defer src="js/replays.js?9d40a366"></script>
