<!DOCTYPE html>
<meta charset="utf-8" />
<meta name="viewport" content="width=device-width" />

<title>[Gen 3] OU: denizzz vs. pokology2 - Replays - Pok&eacute;mon Showdown!</title>

<meta name="description" content="Watch a replay of a Pok&eacute;mon battle between denizzz and pokology2! Format: [Gen 3] OU; Date: Oct 22, 2024" />
<!--

Hey, you! Looking in the source for the replay log?

You can find them in JSON format, just add `.json` at the end of a replay URL.

https://replay.pokemonshowdown.com/gen7randomdoublesbattle-865046831.json

Or, if you only need the log itself, add `.log` instead:

https://replay.pokemonshowdown.com/gen7randomdoublesbattle-865046831.log

-->

<link rel="stylesheet" href="//pokemonshowdown.com/style/global.css?0.767286132409787" />
<link rel="stylesheet" href="//play.pokemonshowdown.com/style/font-awesome.css?0.9266228007934947" />
<link rel="stylesheet" href="//play.pokemonshowdown.com/style/battle.css?0.7924700842790926" />
<link rel="stylesheet" href="//play.pokemonshowdown.com/style/utilichart.css?0.8777417872839479" />

<!-- Global site tag (gtag.js) - Google Analytics -->
<script async src="https://www.googletagmanager.com/gtag/js?id=UA-26211653-1"></script>
<script>
  window.dataLayer = window.dataLayer || [];
  function gtag(){dataLayer.push(arguments);}
  gtag('js', new Date());

  gtag('config', 'UA-26211653-1');
</script>
<!-- End Google Analytics -->
<!-- Venatus Ad Manager - Install in <HEAD> of page -->
	<script src="https://hb.vntsm.com/v3/live/ad-manager.min.js" type="text/javascript" data-site-id="642aba63ec9a7b11c3c9c1be" data-mode="scan" async></script>
<!-- / Venatus Ad Manager -->

<style>
	@media (max-width:820px) {
		.battle {
			margin: 0 auto;
		}
		.battle-log {
			margin: 7px auto 0;
			max-width: 640px;
			height: 300px;
			position: static;
		}
	}
	.optgroup {
		display: inline-block;
		line-height: 22px;
		font-size: 10pt;
	}
	.optgroup .button {
		height: 25px;
		padding-top: 0;
		padding-bottom: 0;
	}
	.optgroup button.button {
		padding-left: 12px;
		padding-right: 12px;
	}
	.linklist {
		list-style: none;
		margin: 0.5em 0;
		padding: 0;
	}
	.linklist li {
		padding: 2px 0;
	}
	.sidebar {
		float: left;
		width: 320px;
	}
	.bar-wrapper {
		max-width: 1100px;
		margin: 0 auto;
	}
	.bar-wrapper.has-sidebar {
		max-width: 1430px;
	}
	.mainbar {
		margin: 0;
		padding-right: 1px;
	}
	.mainbar.has-sidebar {
		margin-left: 330px;
	}
	@media (min-width: 1511px) {
		.sidebar {
			width: 400px;
		}
		.bar-wrapper.has-sidebar {
			max-width: 1510px;
		}
		.mainbar.has-sidebar {
			margin-left: 410px;
		}
	}
	.section.first-section {
		margin-top: 9px;
	}
	.blocklink small {
		white-space: normal;
	}
	.button {
		vertical-align: middle;
	}
	.replay-controls {
		padding-top: 10px;
	}
	.replay-controls h1 {
		font-size: 16pt;
		font-weight: normal;
		color: #CCC;
	}
	.pagelink {
		text-align: center;
	}
	.pagelink a {
		width: 150px;
	}
	.textbox, .button {
		font-size: 11pt;
		vertical-align: middle;
	}
	@media (max-width: 450px) {
		.button {
			font-size: 9pt;
		}
	}
</style>

<div>

	<header>
		<div class="nav-wrapper"><ul class="nav">
			<li><a class="button nav-first" href="//pokemonshowdown.com/"><img src="//pokemonshowdown.com/images/pokemonshowdownbeta.png" srcset="//pokemonshowdown.com/images/pokemonshowdownbeta.png 1x, //pokemonshowdown.com/images/pokemonshowdownbeta@2x.png 2x" alt="Pok&eacute;mon Showdown" width="146" height="44" /> Home</a></li>
			<li><a class="button" href="//pokemonshowdown.com/dex/">Pok&eacute;dex</a></li>
			<li><a class="button cur" href="/">Replays</a></li>
			<li><a class="button" href="//pokemonshowdown.com/ladder/">Ladder</a></li>
			<li><a class="button nav-last" href="//pokemonshowdown.com/forums/">Forum</a></li>
			<li><a class="button greenbutton nav-first nav-last" href="//play.pokemonshowdown.com/">Play</a></li>
		</ul></div>
	</header>

	<div class="main" id="main">

		<noscript><section class="section">You need to enable JavaScript to use this page; sorry!</section></noscript>

	</div>

</div>

<script defer nomodule src="//play.pokemonshowdown.com/js/lib/ps-polyfill.js"></script>
<script defer src="//play.pokemonshowdown.com/js/lib/preact.min.js"></script>

<script defer src="//play.pokemonshowdown.com/config/config.js?6dec07f6"></script>
<script defer src="//play.pokemonshowdown.com/js/lib/jquery-1.11.0.min.js"></script>
<script defer src="//play.pokemonshowdown.com/js/lib/html-sanitizer-minified.js"></script>
<script defer src="//play.pokemonshowdown.com/js/battle-sound.js"></script>
<script defer src="//play.pokemonshowdown.com/js/battledata.js?0.6315294753075389"></script>
<script defer src="//play.pokemonshowdown.com/data/pokedex-mini.js?0.7603743185311358"></script>
<script defer src="//play.pokemonshowdown.com/data/pokedex-mini-bw.js?0.030888842834281283"></script>
<script defer src="//play.pokemonshowdown.com/data/graphics.js?0.05593094747507488"></script>
<script defer src="//play.pokemonshowdown.com/data/pokedex.js?0.47064822249611904"></script>
<script defer src="//play.pokemonshowdown.com/data/moves.js?0.8583693120512459"></script>
<script defer src="//play.pokemonshowdown.com/data/abilities.js?0.16017181182386842"></script>
<script defer src="//play.pokemonshowdown.com/data/items.js?0.4163379185673943"></script>
<script defer src="//play.pokemonshowdown.com/data/teambuilder-tables.js?0.31075597372830477"></script>
<script defer src="//play.pokemonshowdown.com/js/battle-tooltips.js?0.6536193500708172"></script>
<script defer src="//play.pokemonshowdown.com/js/battle.js?0.1916591943277901"></script>

<script defer src="js/utils.js?e31f9a17"></script>
<script defer src="js/replays-battle.js?7008c182"></script>

<!-- don't scrape this data! just add .json or .log after the URL!
Full API docs: https://github.com/smogon/pokemon-showdown-client/blob/master/WEB-API.md -->
<script type="text/plain" class="log" id="replaylog-smogtours-gen3ou-801195">
|inactive|Battle timer is ON: inactive players will automatically lose when time's up.
|t:|1729610303
|gametype|singles
|player|p1|denizzz|1|
|player|p2|pokology2|169|
|teamsize|p1|6
|teamsize|p2|6
|gen|3
|tier|[Gen 3] OU
|rule|Sleep Clause Mod: Limit one foe put to sleep
|rule|Switch Priority Clause Mod: Faster Pokémon switch first
|rule|Species Clause: Limit one of each Pokémon
|rule|OHKO Clause: OHKO moves are banned
|rule|Evasion Items Clause: Evasion items are banned
|rule|Evasion Moves Clause: Evasion moves are banned
|rule|Endless Battle Clause: Forcing endless battles is banned
|rule|HP Percentage Mod: HP is shown in percentages
|rule|One Boost Passer Clause: Limit one Baton Passer that has a way to boost its stats
|rule|Freeze Clause Mod: Limit one foe frozen
|
|t:|1729610303
|start
|switch|p1a: Tyranitar|Tyranitar, F|100/100
|switch|p2a: Tyranitar|Tyranitar, F|100/100
|-weather|Sandstorm|[from] ability: Sand Stream|[of] p2a: Tyranitar
|turn|1
|c|☆pokology2|gl hf :)
|c|☆denizzz|u2
|
|t:|1729610326
|move|p2a: Tyranitar|Earthquake|p1a: Tyranitar
|-supereffective|p1a: Tyranitar
|-damage|p1a: Tyranitar|40/100
|move|p1a: Tyranitar|Rock Slide|p2a: Tyranitar
|-damage|p2a: Tyranitar|69/100
|
|-weather|Sandstorm|[upkeep]
|-heal|p2a: Tyranitar|76/100|[from] item: Leftovers
|-heal|p1a: Tyranitar|47/100|[from] item: Leftovers
|upkeep
|turn|2
|
|t:|1729610336
|switch|p1a: Gengar|Gengar, M|100/100
|move|p2a: Tyranitar|Toxic|p1a: Gengar
|-immune|p1a: Gengar
|
|-weather|Sandstorm|[upkeep]
|-damage|p1a: Gengar|94/100|[from] Sandstorm
|-heal|p1a: Gengar|100/100|[from] item: Leftovers
|-heal|p2a: Tyranitar|82/100|[from] item: Leftovers
|upkeep
|turn|3
|
|t:|1729610345
|move|p1a: Gengar|Will-O-Wisp|p2a: Tyranitar
|-status|p2a: Tyranitar|brn
|move|p2a: Tyranitar|Rock Slide|p1a: Gengar
|-damage|p1a: Gengar|72/100
|
|-weather|Sandstorm|[upkeep]
|-damage|p1a: Gengar|66/100|[from] Sandstorm
|-heal|p1a: Gengar|72/100|[from] item: Leftovers
|-heal|p2a: Tyranitar|88/100 brn|[from] item: Leftovers
|-damage|p2a: Tyranitar|76/100 brn|[from] brn
|upkeep
|turn|4
|
|t:|1729610353
|switch|p1a: Jirachi|Jirachi|100/100
|move|p2a: Tyranitar|Rock Slide|p1a: Jirachi
|-resisted|p1a: Jirachi
|-damage|p1a: Jirachi|94/100
|
|-weather|Sandstorm|[upkeep]
|-heal|p1a: Jirachi|99/100|[from] item: Leftovers
|-heal|p2a: Tyranitar|82/100 brn|[from] item: Leftovers
|-damage|p2a: Tyranitar|69/100 brn|[from] brn
|upkeep
|turn|5
|
|t:|1729610363
|move|p1a: Jirachi|Wish|p1a: Jirachi
|move|p2a: Tyranitar|Earthquake|p1a: Jirachi
|-supereffective|p1a: Jirachi
|-damage|p1a: Jirachi|79/100
|
|-weather|Sandstorm|[upkeep]
|-heal|p1a: Jirachi|85/100|[from] item: Leftovers
|-heal|p2a: Tyranitar|76/100 brn|[from] item: Leftovers
|-damage|p2a: Tyranitar|63/100 brn|[from] brn
|upkeep
|turn|6
|
|t:|1729610370
|switch|p1a: Gengar|Gengar, M|72/100
|switch|p2a: Tentacruel|Tentacruel, F|100/100
|
|-heal|p1a: Gengar|100/100|[from] move: Wish|[wisher] Jirachi
|-weather|Sandstorm|[upkeep]
|-damage|p2a: Tentacruel|94/100|[from] Sandstorm
|-damage|p1a: Gengar|94/100|[from] Sandstorm
|-heal|p1a: Gengar|100/100|[from] item: Leftovers
|upkeep
|turn|7
|
|t:|1729610373
|move|p2a: Tentacruel|Thief|p1a: Gengar
|-supereffective|p1a: Gengar
|-damage|p1a: Gengar|75/100
|-enditem|p1a: Gengar|Leftovers|[silent]|[from] move: Thief|[of] p2a: Tentacruel
|-item|p2a: Tentacruel|Leftovers|[from] move: Thief|[of] p1a: Gengar
|move|p1a: Gengar|Thunderbolt|p2a: Tentacruel
|-supereffective|p2a: Tentacruel
|-damage|p2a: Tentacruel|40/100
|
|-weather|Sandstorm|[upkeep]
|-damage|p2a: Tentacruel|34/100|[from] Sandstorm
|-damage|p1a: Gengar|69/100|[from] Sandstorm
|-heal|p2a: Tentacruel|40/100|[from] item: Leftovers
|upkeep
|turn|8
|
|t:|1729610380
|switch|p2a: Porygon2|Porygon2|100/100
|-ability|p2a: Porygon2|Levitate|[from] ability: Trace|[of] p1a: Gengar
|move|p1a: Gengar|Thunderbolt|p2a: Porygon2
|-damage|p2a: Porygon2|75/100
|
|-weather|Sandstorm|[upkeep]
|-damage|p1a: Gengar|63/100|[from] Sandstorm
|-damage|p2a: Porygon2|68/100|[from] Sandstorm
|-heal|p2a: Porygon2|75/100|[from] item: Leftovers
|upkeep
|turn|9
|
|t:|1729610386
|move|p1a: Gengar|Will-O-Wisp|p2a: Porygon2|[miss]
|-miss|p1a: Gengar|p2a: Porygon2
|move|p2a: Porygon2|Recover|p2a: Porygon2
|-heal|p2a: Porygon2|100/100
|
|-weather|Sandstorm|[upkeep]
|-damage|p1a: Gengar|57/100|[from] Sandstorm
|-damage|p2a: Porygon2|94/100|[from] Sandstorm
|-heal|p2a: Porygon2|100/100|[from] item: Leftovers
|upkeep
|turn|10
|
|t:|1729610390
|move|p1a: Gengar|Thunderbolt|p2a: Porygon2
|-damage|p2a: Porygon2|75/100
|move|p2a: Porygon2|Thunderbolt|p1a: Gengar
|-damage|p1a: Gengar|29/100
|
|-weather|Sandstorm|[upkeep]
|-damage|p1a: Gengar|22/100|[from] Sandstorm
|-damage|p2a: Porygon2|69/100|[from] Sandstorm
|-heal|p2a: Porygon2|75/100|[from] item: Leftovers
|upkeep
|turn|11
|
|t:|1729610395
|switch|p1a: Jirachi|Jirachi|85/100
|switch|p2a: Tentacruel|Tentacruel, F|40/100
|
|-weather|Sandstorm|[upkeep]
|-damage|p2a: Tentacruel|34/100|[from] Sandstorm
|-heal|p2a: Tentacruel|40/100|[from] item: Leftovers
|-heal|p1a: Jirachi|91/100|[from] item: Leftovers
|upkeep
|turn|12
|
|t:|1729610406
|switch|p2a: Porygon2|Porygon2|75/100
|-ability|p2a: Porygon2|Serene Grace|[from] ability: Trace|[of] p1a: Jirachi
|move|p1a: Jirachi|Wish|p1a: Jirachi
|
|-weather|Sandstorm|[upkeep]
|-damage|p2a: Porygon2|69/100|[from] Sandstorm
|-heal|p1a: Jirachi|97/100|[from] item: Leftovers
|-heal|p2a: Porygon2|75/100|[from] item: Leftovers
|upkeep
|turn|13
|
|t:|1729610412
|switch|p1a: Tyranitar|Tyranitar, F|47/100
|move|p2a: Porygon2|Thunderbolt|p1a: Tyranitar
|-damage|p1a: Tyranitar|27/100
|
|-heal|p1a: Tyranitar|77/100|[from] move: Wish|[wisher] Jirachi
|-weather|Sandstorm|[upkeep]
|-damage|p2a: Porygon2|69/100|[from] Sandstorm
|-heal|p1a: Tyranitar|83/100|[from] item: Leftovers
|-heal|p2a: Porygon2|75/100|[from] item: Leftovers
|upkeep
|turn|14
|
|t:|1729610418
|switch|p2a: Flygon|Flygon, M|100/100
|move|p1a: Tyranitar|Rock Slide|p2a: Flygon
|-resisted|p2a: Flygon
|-damage|p2a: Flygon|84/100
|
|-weather|Sandstorm|[upkeep]
|-heal|p2a: Flygon|90/100|[from] item: Leftovers
|-heal|p1a: Tyranitar|89/100|[from] item: Leftovers
|upkeep
|turn|15
|
|t:|1729610423
|switch|p2a: Skarmory|Skarmory, M|100/100
|switch|p1a: Skarmory|Skarmory, F|100/100
|
|-weather|Sandstorm|[upkeep]
|upkeep
|turn|16
|
|t:|1729610427
|move|p2a: Skarmory|Taunt|p1a: Skarmory
|-start|p1a: Skarmory|move: Taunt
|cant|p1a: Skarmory|move: Taunt|Spikes
|
|-weather|Sandstorm|[upkeep]
|upkeep
|turn|17
|
|t:|1729610433
|switch|p1a: Jirachi|Jirachi|97/100
|move|p2a: Skarmory|Spikes|p1a: Jirachi
|-sidestart|p1: denizzz|Spikes
|
|-weather|Sandstorm|[upkeep]
|-heal|p1a: Jirachi|100/100|[from] item: Leftovers
|upkeep
|turn|18
|
|t:|1729610436
|move|p1a: Jirachi|Wish|p1a: Jirachi
|move|p2a: Skarmory|Spikes|p1a: Jirachi
|-sidestart|p1: denizzz|Spikes
|
|-weather|Sandstorm|[upkeep]
|upkeep
|turn|19
|
|t:|1729610441
|switch|p1a: Gengar|Gengar, M|22/100
|move|p2a: Skarmory|Roar|p1a: Gengar
|drag|p1a: Skarmory|Skarmory, F|100/100
|
|-weather|Sandstorm|[upkeep]
|upkeep
|turn|20
|
|t:|1729610449
|switch|p1a: Zapdos|Zapdos|100/100
|move|p2a: Skarmory|Taunt|p1a: Zapdos
|-start|p1a: Zapdos|move: Taunt
|
|-weather|Sandstorm|[upkeep]
|-damage|p1a: Zapdos|94/100|[from] Sandstorm
|-heal|p1a: Zapdos|100/100|[from] item: Leftovers
|upkeep
|turn|21
|
|t:|1729610455
|move|p1a: Zapdos|Thunderbolt|p2a: Skarmory
|-supereffective|p2a: Skarmory
|-damage|p2a: Skarmory|24/100
|-status|p2a: Skarmory|par
|move|p2a: Skarmory|Toxic|p1a: Zapdos
|-status|p1a: Zapdos|tox
|
|-weather|Sandstorm|[upkeep]
|-damage|p1a: Zapdos|94/100 tox|[from] Sandstorm
|-heal|p1a: Zapdos|100/100 tox|[from] item: Leftovers
|-damage|p1a: Zapdos|94/100 tox|[from] psn
|-end|p1a: Zapdos|move: Taunt|[silent]
|-heal|p2a: Skarmory|30/100 par|[from] item: Leftovers
|upkeep
|turn|22
|
|t:|1729610462
|switch|p2a: Flygon|Flygon, M|90/100
|move|p1a: Zapdos|Thunderbolt|p2a: Flygon
|-immune|p2a: Flygon
|
|-weather|Sandstorm|[upkeep]
|-damage|p1a: Zapdos|88/100 tox|[from] Sandstorm
|-heal|p2a: Flygon|96/100|[from] item: Leftovers
|-heal|p1a: Zapdos|94/100 tox|[from] item: Leftovers
|-damage|p1a: Zapdos|82/100 tox|[from] psn
|upkeep
|turn|23
|
|t:|1729610468
|switch|p2a: Skarmory|Skarmory, M|30/100 par
|switch|p1a: Skarmory|Skarmory, F|100/100
|
|-weather|Sandstorm|[upkeep]
|-heal|p2a: Skarmory|36/100 par|[from] item: Leftovers
|upkeep
|turn|24
|
|t:|1729610472
|move|p1a: Skarmory|Spikes|p2a: Skarmory
|-sidestart|p2: pokology2|Spikes
|move|p2a: Skarmory|Spikes|p1a: Skarmory
|-sidestart|p1: denizzz|Spikes
|
|-weather|Sandstorm|[upkeep]
|-heal|p2a: Skarmory|42/100 par|[from] item: Leftovers
|upkeep
|turn|25
|
|t:|1729610478
|move|p1a: Skarmory|Spikes|p2a: Skarmory
|-sidestart|p2: pokology2|Spikes
|move|p2a: Skarmory|Roar|p1a: Skarmory
|drag|p1a: Flygon|Flygon, M|100/100
|
|-weather|Sandstorm|[upkeep]
|-heal|p2a: Skarmory|48/100 par|[from] item: Leftovers
|upkeep
|turn|26
|
|t:|1729610491
|switch|p1a: Skarmory|Skarmory, F|100/100
|move|p2a: Skarmory|Roar|p1a: Skarmory
|drag|p1a: Gengar|Gengar, M|22/100
|
|-weather|Sandstorm|[upkeep]
|-damage|p1a: Gengar|16/100|[from] Sandstorm
|-heal|p2a: Skarmory|54/100 par|[from] item: Leftovers
|upkeep
|turn|27
|
|t:|1729610502
|switch|p2a: Tentacruel|Tentacruel, F|40/100
|-damage|p2a: Tentacruel|24/100|[from] Spikes
|move|p1a: Gengar|Thunderbolt|p2a: Tentacruel
|-supereffective|p2a: Tentacruel
|-damage|p2a: Tentacruel|0 fnt
|faint|p2a: Tentacruel
|
|t:|1729610507
|switch|p2a: Gengar|Gengar, M|100/100
|
|-weather|Sandstorm|[upkeep]
|-damage|p2a: Gengar|95/100|[from] Sandstorm
|-damage|p1a: Gengar|10/100|[from] Sandstorm
|-heal|p2a: Gengar|100/100|[from] item: Leftovers
|upkeep
|turn|28
|
|t:|1729610524
|move|p2a: Gengar|Ice Punch|p1a: Gengar
|-damage|p1a: Gengar|0 fnt
|faint|p1a: Gengar
|
|t:|1729610526
|switch|p1a: Jirachi|Jirachi|100/100
|-damage|p1a: Jirachi|75/100|[from] Spikes
|
|-weather|Sandstorm|[upkeep]
|-damage|p2a: Gengar|95/100|[from] Sandstorm
|-heal|p2a: Gengar|100/100|[from] item: Leftovers
|-heal|p1a: Jirachi|82/100|[from] item: Leftovers
|upkeep
|turn|29
|
|t:|1729610530
|move|p2a: Gengar|Will-O-Wisp|p1a: Jirachi
|-status|p1a: Jirachi|brn
|move|p1a: Jirachi|Psychic|p2a: Gengar
|-supereffective|p2a: Gengar
|-damage|p2a: Gengar|4/100
|
|-weather|Sandstorm|[upkeep]
|-damage|p2a: Gengar|0 fnt|[from] Sandstorm
|faint|p2a: Gengar
|-heal|p1a: Jirachi|88/100 brn|[from] item: Leftovers
|-damage|p1a: Jirachi|75/100 brn|[from] brn
|upkeep
|
|t:|1729610537
|switch|p2a: Porygon2|Porygon2|75/100
|-damage|p2a: Porygon2|59/100|[from] Spikes
|-ability|p2a: Porygon2|Serene Grace|[from] ability: Trace|[of] p1a: Jirachi
|turn|30
|
|t:|1729610540
|move|p1a: Jirachi|Wish|p1a: Jirachi
|move|p2a: Porygon2|Recover|p2a: Porygon2
|-heal|p2a: Porygon2|100/100
|
|-weather|Sandstorm|[upkeep]
|-damage|p2a: Porygon2|94/100|[from] Sandstorm
|-heal|p1a: Jirachi|82/100 brn|[from] item: Leftovers
|-damage|p1a: Jirachi|69/100 brn|[from] brn
|-heal|p2a: Porygon2|100/100|[from] item: Leftovers
|upkeep
|turn|31
|
|t:|1729610543
|move|p1a: Jirachi|Calm Mind|p1a: Jirachi
|-boost|p1a: Jirachi|spa|1
|-boost|p1a: Jirachi|spd|1
|move|p2a: Porygon2|Thunderbolt|p1a: Jirachi
|-damage|p1a: Jirachi|56/100 brn
|
|-heal|p1a: Jirachi|100/100 brn|[from] move: Wish|[wisher] Jirachi
|-weather|Sandstorm|[upkeep]
|-damage|p2a: Porygon2|94/100|[from] Sandstorm
|-damage|p1a: Jirachi|88/100 brn|[from] brn
|-heal|p2a: Porygon2|100/100|[from] item: Leftovers
|upkeep
|turn|32
|
|t:|1729610546
|switch|p2a: Flygon|Flygon, M|96/100
|move|p1a: Jirachi|Wish|p1a: Jirachi
|
|-weather|Sandstorm|[upkeep]
|-heal|p2a: Flygon|100/100|[from] item: Leftovers
|-heal|p1a: Jirachi|94/100 brn|[from] item: Leftovers
|-damage|p1a: Jirachi|82/100 brn|[from] brn
|upkeep
|turn|33
|
|t:|1729610550
|move|p2a: Flygon|Earthquake|p1a: Jirachi
|-supereffective|p1a: Jirachi
|-damage|p1a: Jirachi|37/100 brn
|move|p1a: Jirachi|Psychic|p2a: Flygon
|-damage|p2a: Flygon|49/100
|-unboost|p2a: Flygon|spd|1
|
|-heal|p1a: Jirachi|87/100 brn|[from] move: Wish|[wisher] Jirachi
|-weather|Sandstorm|[upkeep]
|-heal|p2a: Flygon|56/100|[from] item: Leftovers
|-heal|p1a: Jirachi|94/100 brn|[from] item: Leftovers
|-damage|p1a: Jirachi|81/100 brn|[from] brn
|upkeep
|turn|34
|
|t:|1729610561
|switch|p2a: Tyranitar|Tyranitar, F|63/100 brn
|-damage|p2a: Tyranitar|47/100 brn|[from] Spikes
|move|p1a: Jirachi|Psychic|p2a: Tyranitar
|-immune|p2a: Tyranitar
|
|-weather|Sandstorm|[upkeep]
|-heal|p1a: Jirachi|87/100 brn|[from] item: Leftovers
|-damage|p1a: Jirachi|75/100 brn|[from] brn
|-heal|p2a: Tyranitar|53/100 brn|[from] item: Leftovers
|-damage|p2a: Tyranitar|40/100 brn|[from] brn
|upkeep
|turn|35
|
|t:|1729610566
|switch|p2a: Flygon|Flygon, M|56/100
|move|p1a: Jirachi|Wish|p1a: Jirachi
|
|-weather|Sandstorm|[upkeep]
|-heal|p2a: Flygon|62/100|[from] item: Leftovers
|-heal|p1a: Jirachi|81/100 brn|[from] item: Leftovers
|-damage|p1a: Jirachi|69/100 brn|[from] brn
|upkeep
|turn|36
|
|t:|1729610570
|move|p2a: Flygon|Protect|p2a: Flygon
|-singleturn|p2a: Flygon|Protect
|move|p1a: Jirachi|Psychic|p2a: Flygon
|-activate|p2a: Flygon|Protect
|
|-heal|p1a: Jirachi|100/100 brn|[from] move: Wish|[wisher] Jirachi
|-weather|Sandstorm|[upkeep]
|-heal|p2a: Flygon|68/100|[from] item: Leftovers
|-damage|p1a: Jirachi|88/100 brn|[from] brn
|upkeep
|turn|37
|
|t:|1729610575
|switch|p1a: Skarmory|Skarmory, F|100/100
|move|p2a: Flygon|Earthquake|p1a: Skarmory
|-immune|p1a: Skarmory
|
|-weather|Sandstorm|[upkeep]
|-heal|p2a: Flygon|74/100|[from] item: Leftovers
|upkeep
|turn|38
|
|t:|1729610579
|switch|p2a: Skarmory|Skarmory, M|54/100 par
|move|p1a: Skarmory|Spikes|p2a: Skarmory
|-sidestart|p2: pokology2|Spikes
|
|-weather|Sandstorm|[upkeep]
|-heal|p2a: Skarmory|60/100 par|[from] item: Leftovers
|upkeep
|turn|39
|
|t:|1729610583
|move|p2a: Skarmory|Taunt|p1a: Skarmory
|-start|p1a: Skarmory|move: Taunt
|cant|p1a: Skarmory|move: Taunt|Roar
|
|-weather|Sandstorm|[upkeep]
|-heal|p2a: Skarmory|66/100 par|[from] item: Leftovers
|upkeep
|turn|40
|
|t:|1729610598
|switch|p1a: Zapdos|Zapdos|82/100 tox
|move|p2a: Skarmory|Taunt|p1a: Zapdos
|-start|p1a: Zapdos|move: Taunt
|
|-weather|Sandstorm|[upkeep]
|-damage|p1a: Zapdos|75/100 tox|[from] Sandstorm
|-heal|p1a: Zapdos|82/100 tox|[from] item: Leftovers
|-damage|p1a: Zapdos|75/100 tox|[from] psn
|-heal|p2a: Skarmory|72/100 par|[from] item: Leftovers
|upkeep
|turn|41
|
|t:|1729610616
|move|p1a: Zapdos|Thunderbolt|p2a: Skarmory
|-supereffective|p2a: Skarmory
|-damage|p2a: Skarmory|0 fnt
|faint|p2a: Skarmory
|
|t:|1729610619
|switch|p2a: Porygon2|Porygon2|100/100
|-damage|p2a: Porygon2|75/100|[from] Spikes
|-ability|p2a: Porygon2|Pressure|[from] ability: Trace|[of] p1a: Zapdos
|
|-weather|Sandstorm|[upkeep]
|-damage|p1a: Zapdos|69/100 tox|[from] Sandstorm
|-damage|p2a: Porygon2|69/100|[from] Sandstorm
|-heal|p1a: Zapdos|75/100 tox|[from] item: Leftovers
|-damage|p1a: Zapdos|63/100 tox|[from] psn
|-end|p1a: Zapdos|move: Taunt|[silent]
|-heal|p2a: Porygon2|75/100|[from] item: Leftovers
|upkeep
|turn|42
|
|t:|1729610623
|move|p1a: Zapdos|Rest|p1a: Zapdos
|-status|p1a: Zapdos|slp|[from] move: Rest
|-heal|p1a: Zapdos|100/100 slp|[silent]
|move|p2a: Porygon2|Recover|p2a: Porygon2
|-heal|p2a: Porygon2|100/100
|
|-weather|Sandstorm|[upkeep]
|-damage|p1a: Zapdos|94/100 slp|[from] Sandstorm
|-damage|p2a: Porygon2|94/100|[from] Sandstorm
|-heal|p1a: Zapdos|100/100 slp|[from] item: Leftovers
|-heal|p2a: Porygon2|100/100|[from] item: Leftovers
|upkeep
|turn|43
|
|t:|1729610627
|cant|p1a: Zapdos|slp
|move|p1a: Zapdos|Sleep Talk|p1a: Zapdos
|move|p1a: Zapdos|Roar|p2a: Porygon2|[from]Sleep Talk
|drag|p2a: Tyranitar|Tyranitar, F|40/100 brn
|-damage|p2a: Tyranitar|15/100 brn|[from] Spikes
|
|-weather|Sandstorm|[upkeep]
|-damage|p1a: Zapdos|94/100 slp|[from] Sandstorm
|-heal|p1a: Zapdos|100/100 slp|[from] item: Leftovers
|-heal|p2a: Tyranitar|22/100 brn|[from] item: Leftovers
|-damage|p2a: Tyranitar|9/100 brn|[from] brn
|upkeep
|turn|44
|
|t:|1729610635
|switch|p1a: Skarmory|Skarmory, F|100/100
|move|p2a: Tyranitar|Rock Slide|p1a: Skarmory
|-damage|p1a: Skarmory|84/100
|
|-weather|Sandstorm|[upkeep]
|-heal|p2a: Tyranitar|15/100 brn|[from] item: Leftovers
|-damage|p2a: Tyranitar|3/100 brn|[from] brn
|-heal|p1a: Skarmory|90/100|[from] item: Leftovers
|upkeep
|turn|45
|
|t:|1729610638
|move|p1a: Skarmory|Protect|p1a: Skarmory
|-singleturn|p1a: Skarmory|Protect
|move|p2a: Tyranitar|Taunt|p1a: Skarmory
|-activate|p1a: Skarmory|Protect
|
|-weather|Sandstorm|[upkeep]
|-heal|p2a: Tyranitar|9/100 brn|[from] item: Leftovers
|-damage|p2a: Tyranitar|0 fnt|[from] brn
|faint|p2a: Tyranitar
|-heal|p1a: Skarmory|96/100|[from] item: Leftovers
|upkeep
|
|t:|1729610647
|switch|p2a: Porygon2|Porygon2|100/100
|-damage|p2a: Porygon2|75/100|[from] Spikes
|-ability|p2a: Porygon2|Keen Eye|[from] ability: Trace|[of] p1a: Skarmory
|turn|46
|
|t:|1729610659
|switch|p1a: Zapdos|Zapdos|100/100 slp
|move|p2a: Porygon2|Thunderbolt|p1a: Zapdos
|-damage|p1a: Zapdos|85/100 slp
|
|-weather|Sandstorm|[upkeep]
|-damage|p1a: Zapdos|79/100 slp|[from] Sandstorm
|-damage|p2a: Porygon2|69/100|[from] Sandstorm
|-heal|p1a: Zapdos|85/100 slp|[from] item: Leftovers
|-heal|p2a: Porygon2|75/100|[from] item: Leftovers
|upkeep
|turn|47
|
|t:|1729610662
|cant|p1a: Zapdos|slp
|move|p1a: Zapdos|Sleep Talk|p1a: Zapdos
|move|p1a: Zapdos|Roar|p2a: Porygon2|[from]Sleep Talk
|drag|p2a: Flygon|Flygon, M|74/100
|
|-weather|Sandstorm|[upkeep]
|-damage|p1a: Zapdos|79/100 slp|[from] Sandstorm
|-heal|p2a: Flygon|81/100|[from] item: Leftovers
|-heal|p1a: Zapdos|85/100 slp|[from] item: Leftovers
|upkeep
|turn|48
|
|t:|1729610669
|move|p2a: Flygon|Rock Slide|p1a: Zapdos|[miss]
|-miss|p2a: Flygon|p1a: Zapdos
|cant|p1a: Zapdos|slp
|move|p1a: Zapdos|Sleep Talk|p1a: Zapdos
|move|p1a: Zapdos|Thunderbolt|p2a: Flygon|[from]Sleep Talk
|-immune|p2a: Flygon
|
|-weather|Sandstorm|[upkeep]
|-damage|p1a: Zapdos|79/100 slp|[from] Sandstorm
|-heal|p2a: Flygon|87/100|[from] item: Leftovers
|-heal|p1a: Zapdos|85/100 slp|[from] item: Leftovers
|upkeep
|turn|49
|
|t:|1729610672
|move|p2a: Flygon|Rock Slide|p1a: Zapdos
|-supereffective|p1a: Zapdos
|-crit|p1a: Zapdos
|-damage|p1a: Zapdos|11/100 slp
|-curestatus|p1a: Zapdos|slp|[msg]
|move|p1a: Zapdos|Rest|p1a: Zapdos
|-status|p1a: Zapdos|slp|[from] move: Rest
|-heal|p1a: Zapdos|100/100 slp|[silent]
|
|-weather|Sandstorm|[upkeep]
|-damage|p1a: Zapdos|94/100 slp|[from] Sandstorm
|-heal|p2a: Flygon|93/100|[from] item: Leftovers
|-heal|p1a: Zapdos|100/100 slp|[from] item: Leftovers
|upkeep
|turn|50
|
|t:|1729610680
|switch|p1a: Skarmory|Skarmory, F|96/100
|move|p2a: Flygon|Rock Slide|p1a: Skarmory
|-damage|p1a: Skarmory|81/100
|
|-weather|Sandstorm|[upkeep]
|-heal|p2a: Flygon|99/100|[from] item: Leftovers
|-heal|p1a: Skarmory|87/100|[from] item: Leftovers
|upkeep
|turn|51
|
|t:|1729610685
|switch|p2a: Porygon2|Porygon2|75/100
|-damage|p2a: Porygon2|50/100|[from] Spikes
|-ability|p2a: Porygon2|Keen Eye|[from] ability: Trace|[of] p1a: Skarmory
|move|p1a: Skarmory|Toxic|p2a: Porygon2
|-status|p2a: Porygon2|tox
|
|-weather|Sandstorm|[upkeep]
|-damage|p2a: Porygon2|44/100 tox|[from] Sandstorm
|-heal|p1a: Skarmory|93/100|[from] item: Leftovers
|-heal|p2a: Porygon2|50/100 tox|[from] item: Leftovers
|-damage|p2a: Porygon2|44/100 tox|[from] psn
|upkeep
|turn|52
|
|t:|1729610691
|move|p1a: Skarmory|Protect|p1a: Skarmory
|-singleturn|p1a: Skarmory|Protect
|move|p2a: Porygon2|Recover|p2a: Porygon2
|-heal|p2a: Porygon2|94/100 tox
|
|-weather|Sandstorm|[upkeep]
|-damage|p2a: Porygon2|88/100 tox|[from] Sandstorm
|-heal|p1a: Skarmory|99/100|[from] item: Leftovers
|-heal|p2a: Porygon2|94/100 tox|[from] item: Leftovers
|-damage|p2a: Porygon2|82/100 tox|[from] psn
|upkeep
|turn|53
|
|t:|1729610694
|switch|p1a: Zapdos|Zapdos|100/100 slp
|move|p2a: Porygon2|Ice Beam|p1a: Zapdos
|-supereffective|p1a: Zapdos
|-damage|p1a: Zapdos|67/100 slp
|
|-weather|Sandstorm|[upkeep]
|-damage|p1a: Zapdos|61/100 slp|[from] Sandstorm
|-damage|p2a: Porygon2|75/100 tox|[from] Sandstorm
|-heal|p1a: Zapdos|67/100 slp|[from] item: Leftovers
|-heal|p2a: Porygon2|82/100 tox|[from] item: Leftovers
|-damage|p2a: Porygon2|63/100 tox|[from] psn
|upkeep
|turn|54
|
|t:|1729610700
|cant|p1a: Zapdos|slp
|move|p1a: Zapdos|Sleep Talk|p1a: Zapdos
|move|p1a: Zapdos|Thunderbolt|p2a: Porygon2|[from]Sleep Talk
|-damage|p2a: Porygon2|25/100 tox
|move|p2a: Porygon2|Ice Beam|p1a: Zapdos
|-supereffective|p1a: Zapdos
|-damage|p1a: Zapdos|33/100 slp
|
|-weather|Sandstorm|[upkeep]
|-damage|p1a: Zapdos|27/100 slp|[from] Sandstorm
|-damage|p2a: Porygon2|19/100 tox|[from] Sandstorm
|-heal|p1a: Zapdos|33/100 slp|[from] item: Leftovers
|-heal|p2a: Porygon2|25/100 tox|[from] item: Leftovers
|-damage|p2a: Porygon2|0 fnt|[from] psn
|faint|p2a: Porygon2
|upkeep
|
|t:|1729610705
|switch|p2a: Flygon|Flygon, M|99/100
|turn|55
|c|☆pokology2|gg
|-message|pokology2 forfeited.
|
|win|denizzz
|c|☆denizzz|gg

</script>
<script type="application/json" class="data" id="replaydata-smogtours-gen3ou-801195">
{"id":"smogtours-gen3ou-801195","format":"[Gen 3] OU","players":["denizzz","pokology2"],"uploadtime":1729610711,"views":115,"formatid":"gen3ou","rating":null,"private":0,"password":null}
</script>

<script defer src="js/replays.js?9d40a366"></script>
