<!DOCTYPE html>
<meta charset="utf-8" />
<meta name="viewport" content="width=device-width" />

<title>[Gen 3] OU: socalson vs. Attalyn - Replays - Pok&eacute;mon Showdown!</title>

<meta name="description" content="Watch a replay of a Pok&eacute;mon battle between socalson and Attalyn! Format: [Gen 3] OU; Date: Oct 14, 2024" />
<!--

Hey, you! Looking in the source for the replay log?

You can find them in JSON format, just add `.json` at the end of a replay URL.

https://replay.pokemonshowdown.com/gen7randomdoublesbattle-865046831.json

Or, if you only need the log itself, add `.log` instead:

https://replay.pokemonshowdown.com/gen7randomdoublesbattle-865046831.log

-->

<link rel="stylesheet" href="//pokemonshowdown.com/style/global.css?0.023195364461161105" />
<link rel="stylesheet" href="//play.pokemonshowdown.com/style/font-awesome.css?0.13261647063804238" />
<link rel="stylesheet" href="//play.pokemonshowdown.com/style/battle.css?0.8753245789963631" />
<link rel="stylesheet" href="//play.pokemonshowdown.com/style/utilichart.css?0.8627959624976733" />

<!-- Global site tag (gtag.js) - Google Analytics -->
<script async src="https://www.googletagmanager.com/gtag/js?id=UA-26211653-1"></script>
<script>
  window.dataLayer = window.dataLayer || [];
  function gtag(){dataLayer.push(arguments);}
  gtag('js', new Date());

  gtag('config', 'UA-26211653-1');
</script>
<!-- End Google Analytics -->
<!-- Venatus Ad Manager - Install in <HEAD> of page -->
	<script src="https://hb.vntsm.com/v3/live/ad-manager.min.js" type="text/javascript" data-site-id="642aba63ec9a7b11c3c9c1be" data-mode="scan" async></script>
<!-- / Venatus Ad Manager -->

<style>
	@media (max-width:820px) {
		.battle {
			margin: 0 auto;
		}
		.battle-log {
			margin: 7px auto 0;
			max-width: 640px;
			height: 300px;
			position: static;
		}
	}
	.optgroup {
		display: inline-block;
		line-height: 22px;
		font-size: 10pt;
	}
	.optgroup .button {
		height: 25px;
		padding-top: 0;
		padding-bottom: 0;
	}
	.optgroup button.button {
		padding-left: 12px;
		padding-right: 12px;
	}
	.linklist {
		list-style: none;
		margin: 0.5em 0;
		padding: 0;
	}
	.linklist li {
		padding: 2px 0;
	}
	.sidebar {
		float: left;
		width: 320px;
	}
	.bar-wrapper {
		max-width: 1100px;
		margin: 0 auto;
	}
	.bar-wrapper.has-sidebar {
		max-width: 1430px;
	}
	.mainbar {
		margin: 0;
		padding-right: 1px;
	}
	.mainbar.has-sidebar {
		margin-left: 330px;
	}
	@media (min-width: 1511px) {
		.sidebar {
			width: 400px;
		}
		.bar-wrapper.has-sidebar {
			max-width: 1510px;
		}
		.mainbar.has-sidebar {
			margin-left: 410px;
		}
	}
	.section.first-section {
		margin-top: 9px;
	}
	.blocklink small {
		white-space: normal;
	}
	.button {
		vertical-align: middle;
	}
	.replay-controls {
		padding-top: 10px;
	}
	.replay-controls h1 {
		font-size: 16pt;
		font-weight: normal;
		color: #CCC;
	}
	.pagelink {
		text-align: center;
	}
	.pagelink a {
		width: 150px;
	}
	.textbox, .button {
		font-size: 11pt;
		vertical-align: middle;
	}
	@media (max-width: 450px) {
		.button {
			font-size: 9pt;
		}
	}
</style>

<div>

	<header>
		<div class="nav-wrapper"><ul class="nav">
			<li><a class="button nav-first" href="//pokemonshowdown.com/"><img src="//pokemonshowdown.com/images/pokemonshowdownbeta.png" srcset="//pokemonshowdown.com/images/pokemonshowdownbeta.png 1x, //pokemonshowdown.com/images/pokemonshowdownbeta@2x.png 2x" alt="Pok&eacute;mon Showdown" width="146" height="44" /> Home</a></li>
			<li><a class="button" href="//pokemonshowdown.com/dex/">Pok&eacute;dex</a></li>
			<li><a class="button cur" href="/">Replays</a></li>
			<li><a class="button" href="//pokemonshowdown.com/ladder/">Ladder</a></li>
			<li><a class="button nav-last" href="//pokemonshowdown.com/forums/">Forum</a></li>
			<li><a class="button greenbutton nav-first nav-last" href="//play.pokemonshowdown.com/">Play</a></li>
		</ul></div>
	</header>

	<div class="main" id="main">

		<noscript><section class="section">You need to enable JavaScript to use this page; sorry!</section></noscript>

	</div>

</div>

<script defer nomodule src="//play.pokemonshowdown.com/js/lib/ps-polyfill.js"></script>
<script defer src="//play.pokemonshowdown.com/js/lib/preact.min.js"></script>

<script defer src="//play.pokemonshowdown.com/config/config.js?2bddbc15"></script>
<script defer src="//play.pokemonshowdown.com/js/lib/jquery-1.11.0.min.js"></script>
<script defer src="//play.pokemonshowdown.com/js/lib/html-sanitizer-minified.js"></script>
<script defer src="//play.pokemonshowdown.com/js/battle-sound.js"></script>
<script defer src="//play.pokemonshowdown.com/js/battledata.js?0.7209276989879541"></script>
<script defer src="//play.pokemonshowdown.com/data/pokedex-mini.js?0.6111056340867951"></script>
<script defer src="//play.pokemonshowdown.com/data/pokedex-mini-bw.js?0.3532142036491459"></script>
<script defer src="//play.pokemonshowdown.com/data/graphics.js?0.24223875632456182"></script>
<script defer src="//play.pokemonshowdown.com/data/pokedex.js?0.38839984266356864"></script>
<script defer src="//play.pokemonshowdown.com/data/moves.js?0.21866028504024015"></script>
<script defer src="//play.pokemonshowdown.com/data/abilities.js?0.2005157953846628"></script>
<script defer src="//play.pokemonshowdown.com/data/items.js?0.9894211263848525"></script>
<script defer src="//play.pokemonshowdown.com/data/teambuilder-tables.js?0.6008791140282215"></script>
<script defer src="//play.pokemonshowdown.com/js/battle-tooltips.js?0.7580118955022959"></script>
<script defer src="//play.pokemonshowdown.com/js/battle.js?0.6057722274234274"></script>

<script defer src="js/utils.js?e31f9a17"></script>
<script defer src="js/replays-battle.js?7008c182"></script>

<!-- don't scrape this data! just add .json or .log after the URL!
Full API docs: https://github.com/smogon/pokemon-showdown-client/blob/master/WEB-API.md -->
<script type="text/plain" class="log" id="replaylog-smogtours-gen3ou-798787">
|inactive|Battle timer is ON: inactive players will automatically lose when time's up.
|t:|1728942363
|gametype|singles
|player|p1|socalson|barry|
|player|p2|Attalyn|pokemonrangerf|
|teamsize|p1|6
|teamsize|p2|6
|gen|3
|tier|[Gen 3] OU
|rule|Sleep Clause Mod: Limit one foe put to sleep
|rule|Switch Priority Clause Mod: Faster Pokémon switch first
|rule|Species Clause: Limit one of each Pokémon
|rule|OHKO Clause: OHKO moves are banned
|rule|Evasion Items Clause: Evasion items are banned
|rule|Evasion Moves Clause: Evasion moves are banned
|rule|Endless Battle Clause: Forcing endless battles is banned
|rule|HP Percentage Mod: HP is shown in percentages
|rule|One Boost Passer Clause: Limit one Baton Passer that has a way to boost its stats
|rule|Freeze Clause Mod: Limit one foe frozen
|
|t:|1728942363
|start
|switch|p1a: Jolteon|Jolteon, M|100/100
|switch|p2a: Tyranitar|Tyranitar, M|100/100
|-weather|Sandstorm|[from] ability: Sand Stream|[of] p2a: Tyranitar
|turn|1
|c|☆Attalyn|glhf
|c|☆socalson|hf
|
|t:|1728942384
|move|p1a: Jolteon|Baton Pass|p1a: Jolteon
|
|t:|1728942394
|switch|p1a: Forretress|Forretress, M|100/100|[from] Baton Pass
|move|p2a: Tyranitar|Earthquake|p1a: Forretress
|-damage|p1a: Forretress|80/100
|
|-weather|Sandstorm|[upkeep]
|-heal|p1a: Forretress|86/100|[from] item: Leftovers
|upkeep
|turn|2
|
|t:|1728942422
|switch|p2a: Magneton|Magneton|100/100
|move|p1a: Forretress|Spikes|p2a: Magneton
|-sidestart|p2: Attalyn|Spikes
|
|-weather|Sandstorm|[upkeep]
|-heal|p1a: Forretress|92/100|[from] item: Leftovers
|upkeep
|turn|3
|
|t:|1728942428
|move|p2a: Magneton|Hidden Power|p1a: Forretress
|-supereffective|p1a: Forretress
|-damage|p1a: Forretress|0 fnt
|faint|p1a: Forretress
|
|t:|1728942434
|switch|p1a: Lunk|Tyranitar, F|100/100
|
|-weather|Sandstorm|[upkeep]
|upkeep
|turn|4
|
|t:|1728942447
|switch|p2a: Swampert|Swampert, F|100/100
|-damage|p2a: Swampert|88/100|[from] Spikes
|move|p1a: Lunk|Earthquake|p2a: Swampert
|-damage|p2a: Swampert|61/100
|
|-weather|Sandstorm|[upkeep]
|-heal|p2a: Swampert|67/100|[from] item: Leftovers
|upkeep
|turn|5
|
|t:|1728942459
|switch|p1a: Suicune|Suicune|100/100
|move|p2a: Swampert|Earthquake|p1a: Suicune
|-damage|p1a: Suicune|79/100
|
|-weather|Sandstorm|[upkeep]
|-damage|p1a: Suicune|72/100|[from] Sandstorm
|-heal|p1a: Suicune|79/100|[from] item: Leftovers
|-heal|p2a: Swampert|74/100|[from] item: Leftovers
|upkeep
|turn|6
|
|t:|1728942475
|switch|p2a: Celebi|Celebi|100/100
|-damage|p2a: Celebi|88/100|[from] Spikes
|move|p1a: Suicune|Surf|p2a: Celebi
|-resisted|p2a: Celebi
|-damage|p2a: Celebi|75/100
|
|-weather|Sandstorm|[upkeep]
|-damage|p2a: Celebi|69/100|[from] Sandstorm
|-damage|p1a: Suicune|72/100|[from] Sandstorm
|-heal|p2a: Celebi|75/100|[from] item: Leftovers
|-heal|p1a: Suicune|79/100|[from] item: Leftovers
|upkeep
|turn|7
|inactive|Attalyn has 270 seconds left.
|
|t:|1728942502
|switch|p1a: Moltres|Moltres|100/100
|move|p2a: Celebi|Leech Seed|p1a: Moltres
|-start|p1a: Moltres|move: Leech Seed
|
|-weather|Sandstorm|[upkeep]
|-damage|p1a: Moltres|94/100|[from] Sandstorm
|-damage|p2a: Celebi|69/100|[from] Sandstorm
|-heal|p1a: Moltres|100/100|[from] item: Leftovers
|-damage|p1a: Moltres|88/100|[from] Leech Seed|[of] p2a: Celebi
|-heal|p2a: Celebi|79/100|[silent]
|-heal|p2a: Celebi|85/100|[from] item: Leftovers
|upkeep
|turn|8
|inactive|Attalyn has 270 seconds left.
|inactive|Attalyn has 240 seconds left.
|
|t:|1728942547
|switch|p2a: Swampert|Swampert, F|74/100
|-damage|p2a: Swampert|61/100|[from] Spikes
|move|p1a: Moltres|Will-O-Wisp|p2a: Swampert
|-status|p2a: Swampert|brn
|
|-weather|Sandstorm|[upkeep]
|-damage|p1a: Moltres|82/100|[from] Sandstorm
|-heal|p1a: Moltres|88/100|[from] item: Leftovers
|-damage|p1a: Moltres|76/100|[from] Leech Seed|[of] p2a: Swampert
|-heal|p2a: Swampert|71/100 brn|[silent]
|-heal|p2a: Swampert|77/100 brn|[from] item: Leftovers
|-damage|p2a: Swampert|65/100 brn|[from] brn
|upkeep
|turn|9
|inactive|Attalyn has 240 seconds left.
|
|t:|1728942566
|switch|p1a: Suicune|Suicune|79/100
|switch|p2a: Celebi|Celebi|85/100
|-damage|p2a: Celebi|73/100|[from] Spikes
|
|-weather|Sandstorm|[upkeep]
|-damage|p2a: Celebi|66/100|[from] Sandstorm
|-damage|p1a: Suicune|72/100|[from] Sandstorm
|-heal|p2a: Celebi|73/100|[from] item: Leftovers
|-heal|p1a: Suicune|79/100|[from] item: Leftovers
|upkeep
|turn|10
|
|t:|1728942579
|switch|p1a: Moltres|Moltres|76/100
|move|p2a: Celebi|Leech Seed|p1a: Moltres
|-start|p1a: Moltres|move: Leech Seed
|
|-weather|Sandstorm|[upkeep]
|-damage|p1a: Moltres|69/100|[from] Sandstorm
|-damage|p2a: Celebi|66/100|[from] Sandstorm
|-heal|p1a: Moltres|76/100|[from] item: Leftovers
|-damage|p1a: Moltres|63/100|[from] Leech Seed|[of] p2a: Celebi
|-heal|p2a: Celebi|76/100|[silent]
|-heal|p2a: Celebi|83/100|[from] item: Leftovers
|upkeep
|turn|11
|inactive|Attalyn has 210 seconds left.
|
|t:|1728942626
|switch|p1a: Jolteon|Jolteon, M|100/100
|switch|p2a: Swampert|Swampert, F|65/100 brn
|-damage|p2a: Swampert|53/100 brn|[from] Spikes
|
|-weather|Sandstorm|[upkeep]
|-damage|p1a: Jolteon|94/100|[from] Sandstorm
|-heal|p1a: Jolteon|100/100|[from] item: Leftovers
|-heal|p2a: Swampert|59/100 brn|[from] item: Leftovers
|-damage|p2a: Swampert|46/100 brn|[from] brn
|upkeep
|turn|12
|
|t:|1728942644
|move|p1a: Jolteon|Hidden Power|p2a: Swampert
|-supereffective|p2a: Swampert
|-damage|p2a: Swampert|0 fnt
|faint|p2a: Swampert
|inactive|Attalyn has 180 seconds left.
|
|t:|1728942679
|switch|p2a: Magneton|Magneton|100/100
|-damage|p2a: Magneton|88/100|[from] Spikes
|
|-weather|Sandstorm|[upkeep]
|-damage|p1a: Jolteon|94/100|[from] Sandstorm
|-heal|p1a: Jolteon|100/100|[from] item: Leftovers
|upkeep
|turn|13
|
|t:|1728942689
|move|p1a: Jolteon|Thunder Wave|p2a: Magneton
|-status|p2a: Magneton|par
|move|p2a: Magneton|Toxic|p1a: Jolteon
|-status|p1a: Jolteon|tox
|
|-weather|Sandstorm|[upkeep]
|-damage|p1a: Jolteon|94/100 tox|[from] Sandstorm
|-heal|p1a: Jolteon|100/100 tox|[from] item: Leftovers
|-damage|p1a: Jolteon|94/100 tox|[from] psn
|upkeep
|turn|14
|
|t:|1728942710
|move|p1a: Jolteon|Baton Pass|p1a: Jolteon
|
|t:|1728942716
|switch|p1a: Moltres|Moltres|63/100|[from] Baton Pass
|move|p2a: Magneton|Hidden Power|p1a: Moltres
|-resisted|p1a: Moltres
|-damage|p1a: Moltres|48/100
|
|-weather|Sandstorm|[upkeep]
|-damage|p1a: Moltres|42/100|[from] Sandstorm
|-heal|p1a: Moltres|48/100|[from] item: Leftovers
|upkeep
|turn|15
|inactive|Attalyn has 150 seconds left.
|
|t:|1728942746
|move|p1a: Moltres|Flamethrower|p2a: Magneton
|-supereffective|p2a: Magneton
|-damage|p2a: Magneton|0 fnt
|faint|p2a: Magneton
|
|t:|1728942761
|switch|p2a: Tyranitar|Tyranitar, M|100/100
|-damage|p2a: Tyranitar|88/100|[from] Spikes
|
|-weather|Sandstorm|[upkeep]
|-damage|p1a: Moltres|42/100|[from] Sandstorm
|-heal|p1a: Moltres|48/100|[from] item: Leftovers
|-heal|p2a: Tyranitar|94/100|[from] item: Leftovers
|upkeep
|turn|16
|
|t:|1728942772
|move|p1a: Moltres|Will-O-Wisp|p2a: Tyranitar
|-status|p2a: Tyranitar|brn
|move|p2a: Tyranitar|Crunch|p1a: Moltres
|-damage|p1a: Moltres|2/100
|-unboost|p1a: Moltres|spd|1
|
|-weather|Sandstorm|[upkeep]
|-damage|p1a: Moltres|0 fnt|[from] Sandstorm
|faint|p1a: Moltres
|-heal|p2a: Tyranitar|100/100 brn|[from] item: Leftovers
|-damage|p2a: Tyranitar|88/100 brn|[from] brn
|upkeep
|
|t:|1728942781
|switch|p1a: Jirachi|Jirachi|100/100
|turn|17
|
|t:|1728942792
|move|p1a: Jirachi|Calm Mind|p1a: Jirachi
|-boost|p1a: Jirachi|spa|1
|-boost|p1a: Jirachi|spd|1
|move|p2a: Tyranitar|Crunch|p1a: Jirachi
|-damage|p1a: Jirachi|80/100
|
|-weather|Sandstorm|[upkeep]
|-heal|p1a: Jirachi|86/100|[from] item: Leftovers
|-heal|p2a: Tyranitar|94/100 brn|[from] item: Leftovers
|-damage|p2a: Tyranitar|82/100 brn|[from] brn
|upkeep
|turn|18
|inactive|Attalyn has 120 seconds left.
|inactive|Attalyn has 90 seconds left.
|
|t:|1728942854
|switch|p2a: Metagross|Metagross|100/100
|-damage|p2a: Metagross|88/100|[from] Spikes
|move|p1a: Jirachi|Calm Mind|p1a: Jirachi
|-boost|p1a: Jirachi|spa|1
|-boost|p1a: Jirachi|spd|1
|
|-weather|Sandstorm|[upkeep]
|-heal|p1a: Jirachi|93/100|[from] item: Leftovers
|upkeep
|turn|19
|inactive|Attalyn has 90 seconds left.
|
|t:|1728942871
|move|p1a: Jirachi|Thunder|p2a: Metagross|[miss]
|-miss|p1a: Jirachi|p2a: Metagross
|move|p2a: Metagross|Agility|p2a: Metagross
|-boost|p2a: Metagross|spe|2
|
|-weather|Sandstorm|[upkeep]
|-heal|p1a: Jirachi|99/100|[from] item: Leftovers
|upkeep
|turn|20
|
|t:|1728942881
|move|p2a: Metagross|Earthquake|p1a: Jirachi
|-supereffective|p1a: Jirachi
|-crit|p1a: Jirachi
|-damage|p1a: Jirachi|0 fnt
|faint|p1a: Jirachi
|
|t:|1728942890
|switch|p1a: Suicune|Suicune|79/100
|
|-weather|Sandstorm|[upkeep]
|-damage|p1a: Suicune|72/100|[from] Sandstorm
|-heal|p1a: Suicune|79/100|[from] item: Leftovers
|upkeep
|turn|21
|
|t:|1728942895
|move|p2a: Metagross|Explosion|p1a: Suicune
|-damage|p1a: Suicune|0 fnt
|faint|p2a: Metagross
|faint|p1a: Suicune
|inactive|Attalyn has 90 seconds left.
|
|t:|1728942928
|switch|p1a: Lunk|Tyranitar, F|100/100
|switch|p2a: Tyranitar|Tyranitar, M|82/100 brn
|-damage|p2a: Tyranitar|70/100 brn|[from] Spikes
|
|-weather|Sandstorm|[upkeep]
|-heal|p2a: Tyranitar|76/100 brn|[from] item: Leftovers
|-damage|p2a: Tyranitar|63/100 brn|[from] brn
|upkeep
|turn|22
|
|t:|1728942936
|move|p1a: Lunk|Earthquake|p2a: Tyranitar
|-supereffective|p2a: Tyranitar
|-crit|p2a: Tyranitar
|-damage|p2a: Tyranitar|0 fnt
|faint|p2a: Tyranitar
|
|t:|1728942941
|switch|p2a: Celebi|Celebi|83/100
|-damage|p2a: Celebi|70/100|[from] Spikes
|
|-weather|Sandstorm|[upkeep]
|-damage|p2a: Celebi|64/100|[from] Sandstorm
|-heal|p2a: Celebi|70/100|[from] item: Leftovers
|upkeep
|turn|23
|inactive|Attalyn has 90 seconds left.
|inactive|Attalyn has 60 seconds left.
|
|t:|1728942982
|move|p2a: Celebi|Leech Seed|p1a: Lunk
|-start|p1a: Lunk|move: Leech Seed
|move|p1a: Lunk|Rock Slide|p2a: Celebi
|-damage|p2a: Celebi|38/100
|
|-weather|Sandstorm|[upkeep]
|-damage|p2a: Celebi|32/100|[from] Sandstorm
|-heal|p2a: Celebi|38/100|[from] item: Leftovers
|-damage|p1a: Lunk|88/100|[from] Leech Seed|[of] p2a: Celebi
|-heal|p2a: Celebi|50/100|[silent]
|upkeep
|turn|24
|inactive|Attalyn has 60 seconds left.
|
|t:|1728942993
|move|p2a: Celebi|Recover|p2a: Celebi
|-heal|p2a: Celebi|100/100
|move|p1a: Lunk|Taunt|p2a: Celebi
|-start|p2a: Celebi|move: Taunt
|
|-weather|Sandstorm|[upkeep]
|-damage|p2a: Celebi|94/100|[from] Sandstorm
|-heal|p2a: Celebi|100/100|[from] item: Leftovers
|-heal|p1a: Lunk|94/100|[from] item: Leftovers
|-damage|p1a: Lunk|82/100|[from] Leech Seed|[of] p2a: Celebi
|upkeep
|turn|25
|inactive|Attalyn has 60 seconds left.
|
|t:|1728943021
|move|p2a: Celebi|Struggle|p1a: Lunk
|-damage|p1a: Lunk|74/100
|-damage|p2a: Celebi|99/100|[from] Recoil|[of] p1a: Lunk
|move|p1a: Lunk|Toxic|p2a: Celebi
|-status|p2a: Celebi|tox
|
|-weather|Sandstorm|[upkeep]
|-damage|p2a: Celebi|92/100 tox|[from] Sandstorm
|-heal|p2a: Celebi|99/100 tox|[from] item: Leftovers
|-damage|p2a: Celebi|92/100 tox|[from] psn
|-end|p2a: Celebi|move: Taunt|[silent]
|-heal|p1a: Lunk|80/100|[from] item: Leftovers
|-damage|p1a: Lunk|67/100|[from] Leech Seed|[of] p2a: Celebi
|-heal|p2a: Celebi|100/100 tox|[silent]
|upkeep
|turn|26
|inactive|Attalyn has 30 seconds left.
|
|t:|1728943048
|switch|p1a: Jolteon|Jolteon, M|94/100 tox
|move|p2a: Celebi|Baton Pass|p2a: Celebi
|inactive|Attalyn has 30 seconds left this turn.
|
|t:|1728943054
|-curestatus|p2a: Celebi|tox|[from] ability: Natural Cure
|switch|p2a: Pupitar|Pupitar, M|100/100|[from] Baton Pass
|-damage|p2a: Pupitar|88/100|[from] Spikes
|
|-weather|Sandstorm|[upkeep]
|-damage|p1a: Jolteon|88/100 tox|[from] Sandstorm
|-heal|p1a: Jolteon|94/100 tox|[from] item: Leftovers
|-damage|p1a: Jolteon|88/100 tox|[from] psn
|upkeep
|turn|27
|inactive|Attalyn has 30 seconds left.
|inactive|Attalyn has 20 seconds left.
|
|t:|1728943069
|switch|p2a: Celebi|Celebi|100/100
|-damage|p2a: Celebi|88/100|[from] Spikes
|move|p1a: Jolteon|Hidden Power|p2a: Celebi
|-resisted|p2a: Celebi
|-damage|p2a: Celebi|80/100
|
|-weather|Sandstorm|[upkeep]
|-damage|p1a: Jolteon|82/100 tox|[from] Sandstorm
|-damage|p2a: Celebi|74/100|[from] Sandstorm
|-heal|p1a: Jolteon|88/100 tox|[from] item: Leftovers
|-damage|p1a: Jolteon|76/100 tox|[from] psn
|-heal|p2a: Celebi|80/100|[from] item: Leftovers
|upkeep
|turn|28
|inactive|Attalyn has 30 seconds left this turn.
|inactive|Attalyn has 20 seconds left.
|inactive|Attalyn has 15 seconds left.
|
|t:|1728943085
|move|p1a: Jolteon|Thunder Wave|p2a: Celebi
|-status|p2a: Celebi|par
|move|p2a: Celebi|Swords Dance|p2a: Celebi
|-boost|p2a: Celebi|atk|2
|
|-weather|Sandstorm|[upkeep]
|-damage|p1a: Jolteon|69/100 tox|[from] Sandstorm
|-damage|p2a: Celebi|74/100 par|[from] Sandstorm
|-heal|p1a: Jolteon|76/100 tox|[from] item: Leftovers
|-damage|p1a: Jolteon|57/100 tox|[from] psn
|-heal|p2a: Celebi|80/100 par|[from] item: Leftovers
|upkeep
|turn|29
|inactive|Attalyn has 25 seconds left this turn.
|inactive|Attalyn has 20 seconds left.
|inactive|Attalyn has 15 seconds left.
|
|t:|1728943096
|move|p1a: Jolteon|Baton Pass|p1a: Jolteon
|inactive|Attalyn has 20 seconds left this turn.
|
|t:|1728943097
|switch|p1a: Lunk|Tyranitar, F|67/100|[from] Baton Pass
|move|p2a: Celebi|Leech Seed|p1a: Lunk
|-start|p1a: Lunk|move: Leech Seed
|
|-weather|Sandstorm|[upkeep]
|-damage|p2a: Celebi|74/100 par|[from] Sandstorm
|-heal|p1a: Lunk|74/100|[from] item: Leftovers
|-damage|p1a: Lunk|61/100|[from] Leech Seed|[of] p2a: Celebi
|-heal|p2a: Celebi|86/100 par|[silent]
|-heal|p2a: Celebi|92/100 par|[from] item: Leftovers
|upkeep
|turn|30
|inactive|Attalyn has 30 seconds left this turn.
|inactive|Attalyn has 20 seconds left.
|inactive|Attalyn has 15 seconds left.
|
|t:|1728943114
|switch|p1a: Jolteon|Jolteon, M|57/100 tox
|-curestatus|p2a: Celebi|par|[from] ability: Natural Cure
|switch|p2a: Pupitar|Pupitar, M|88/100
|-damage|p2a: Pupitar|76/100|[from] Spikes
|
|-weather|Sandstorm|[upkeep]
|-damage|p1a: Jolteon|51/100 tox|[from] Sandstorm
|-heal|p1a: Jolteon|57/100 tox|[from] item: Leftovers
|-damage|p1a: Jolteon|51/100 tox|[from] psn
|upkeep
|turn|31
|inactive|Attalyn has 25 seconds left this turn.
|inactive|Attalyn has 20 seconds left.
|inactive|Attalyn has 15 seconds left.
|
|t:|1728943127
|switch|p2a: Celebi|Celebi|92/100
|-damage|p2a: Celebi|80/100|[from] Spikes
|move|p1a: Jolteon|Baton Pass|p1a: Jolteon
|inactive|Attalyn has 20 seconds left this turn.
|
|t:|1728943130
|switch|p1a: Lunk|Tyranitar, F|61/100|[from] Baton Pass
|
|-weather|Sandstorm|[upkeep]
|-damage|p2a: Celebi|74/100|[from] Sandstorm
|-heal|p2a: Celebi|80/100|[from] item: Leftovers
|-heal|p1a: Lunk|67/100|[from] item: Leftovers
|upkeep
|turn|32
|inactive|Attalyn has 30 seconds left this turn.
|
|t:|1728943137
|move|p2a: Celebi|Leech Seed|p1a: Lunk
|-start|p1a: Lunk|move: Leech Seed
|move|p1a: Lunk|Rock Slide|p2a: Celebi
|-damage|p2a: Celebi|52/100
|
|-weather|Sandstorm|[upkeep]
|-damage|p2a: Celebi|46/100|[from] Sandstorm
|-heal|p2a: Celebi|52/100|[from] item: Leftovers
|-heal|p1a: Lunk|74/100|[from] item: Leftovers
|-damage|p1a: Lunk|61/100|[from] Leech Seed|[of] p2a: Celebi
|-heal|p2a: Celebi|64/100|[silent]
|upkeep
|turn|33
|inactive|Attalyn has 30 seconds left.
|
|t:|1728943151
|move|p2a: Celebi|Recover|p2a: Celebi
|-heal|p2a: Celebi|100/100
|move|p1a: Lunk|Rock Slide|p2a: Celebi
|-damage|p2a: Celebi|71/100
|
|-weather|Sandstorm|[upkeep]
|-damage|p2a: Celebi|65/100|[from] Sandstorm
|-heal|p2a: Celebi|71/100|[from] item: Leftovers
|-heal|p1a: Lunk|67/100|[from] item: Leftovers
|-damage|p1a: Lunk|55/100|[from] Leech Seed|[of] p2a: Celebi
|-heal|p2a: Celebi|84/100|[silent]
|upkeep
|turn|34
|inactive|Attalyn has 30 seconds left.
|inactive|Attalyn has 20 seconds left.
|
|t:|1728943169
|move|p2a: Celebi|Swords Dance|p2a: Celebi
|-boost|p2a: Celebi|atk|2
|move|p1a: Lunk|Toxic|p2a: Celebi
|-status|p2a: Celebi|tox
|
|-weather|Sandstorm|[upkeep]
|-damage|p2a: Celebi|77/100 tox|[from] Sandstorm
|-heal|p2a: Celebi|84/100 tox|[from] item: Leftovers
|-damage|p2a: Celebi|77/100 tox|[from] psn
|-heal|p1a: Lunk|61/100|[from] item: Leftovers
|-damage|p1a: Lunk|49/100|[from] Leech Seed|[of] p2a: Celebi
|-heal|p2a: Celebi|90/100 tox|[silent]
|upkeep
|turn|35
|inactive|Attalyn has 30 seconds left this turn.
|inactive|Attalyn has 20 seconds left.
|inactive|Attalyn has 15 seconds left.
|inactive|Attalyn has 10 seconds left.
|
|t:|1728943191
|switch|p1a: Jolteon|Jolteon, M|51/100 tox
|move|p2a: Celebi|Recover|p2a: Celebi
|-heal|p2a: Celebi|100/100 tox
|
|-weather|Sandstorm|[upkeep]
|-damage|p1a: Jolteon|45/100 tox|[from] Sandstorm
|-damage|p2a: Celebi|94/100 tox|[from] Sandstorm
|-heal|p1a: Jolteon|51/100 tox|[from] item: Leftovers
|-damage|p1a: Jolteon|45/100 tox|[from] psn
|-heal|p2a: Celebi|100/100 tox|[from] item: Leftovers
|-damage|p2a: Celebi|88/100 tox|[from] psn
|upkeep
|turn|36
|inactive|Attalyn has 20 seconds left this turn.
|inactive|Attalyn has 15 seconds left.
|inactive|Attalyn has 10 seconds left.
|
|t:|1728943202
|move|p1a: Jolteon|Baton Pass|p1a: Jolteon
|inactive|Attalyn has 15 seconds left this turn.
|
|t:|1728943204
|switch|p1a: Lunk|Tyranitar, F|49/100|[from] Baton Pass
|move|p2a: Celebi|Leech Seed|p1a: Lunk
|-start|p1a: Lunk|move: Leech Seed
|
|-weather|Sandstorm|[upkeep]
|-damage|p2a: Celebi|82/100 tox|[from] Sandstorm
|-heal|p2a: Celebi|88/100 tox|[from] item: Leftovers
|-damage|p2a: Celebi|69/100 tox|[from] psn
|-heal|p1a: Lunk|55/100|[from] item: Leftovers
|-damage|p1a: Lunk|43/100|[from] Leech Seed|[of] p2a: Celebi
|-heal|p2a: Celebi|82/100 tox|[silent]
|upkeep
|turn|37
|inactive|Attalyn has 25 seconds left this turn.
|inactive|Attalyn has 20 seconds left.
|inactive|Attalyn has 15 seconds left.
|
|t:|1728943215
|switch|p1a: Jolteon|Jolteon, M|45/100 tox
|move|p2a: Celebi|Baton Pass|p2a: Celebi
|inactive|Attalyn has 20 seconds left this turn.
|
|t:|1728943218
|-curestatus|p2a: Celebi|tox|[from] ability: Natural Cure
|switch|p2a: Pupitar|Pupitar, M|76/100|[from] Baton Pass
|-damage|p2a: Pupitar|63/100|[from] Spikes
|
|-weather|Sandstorm|[upkeep]
|-damage|p1a: Jolteon|38/100 tox|[from] Sandstorm
|-heal|p1a: Jolteon|45/100 tox|[from] item: Leftovers
|-damage|p1a: Jolteon|38/100 tox|[from] psn
|upkeep
|turn|38
|inactive|Attalyn has 30 seconds left this turn.
|inactive|Attalyn has 20 seconds left.
|
|t:|1728943230
|move|p1a: Jolteon|Hidden Power|p2a: Pupitar
|-supereffective|p2a: Pupitar
|-crit|p2a: Pupitar
|-damage|p2a: Pupitar|0 fnt
|faint|p2a: Pupitar
|inactive|Attalyn has 25 seconds left this turn.
|
|t:|1728943234
|switch|p2a: Celebi|Celebi|82/100
|-damage|p2a: Celebi|69/100|[from] Spikes
|
|-weather|Sandstorm|[upkeep]
|-damage|p1a: Jolteon|32/100 tox|[from] Sandstorm
|-damage|p2a: Celebi|63/100|[from] Sandstorm
|-heal|p1a: Jolteon|38/100 tox|[from] item: Leftovers
|-damage|p1a: Jolteon|26/100 tox|[from] psn
|-heal|p2a: Celebi|69/100|[from] item: Leftovers
|upkeep
|turn|39
|inactive|Attalyn has 30 seconds left.
|
|t:|1728943243
|move|p1a: Jolteon|Thunderbolt|p2a: Celebi
|-resisted|p2a: Celebi
|-damage|p2a: Celebi|51/100
|move|p2a: Celebi|Leech Seed|p1a: Jolteon
|-start|p1a: Jolteon|move: Leech Seed
|
|-weather|Sandstorm|[upkeep]
|-damage|p1a: Jolteon|20/100 tox|[from] Sandstorm
|-damage|p2a: Celebi|45/100|[from] Sandstorm
|-heal|p1a: Jolteon|26/100 tox|[from] item: Leftovers
|-damage|p1a: Jolteon|14/100 tox|[from] Leech Seed|[of] p2a: Celebi
|-heal|p2a: Celebi|54/100|[silent]
|-damage|p1a: Jolteon|0 fnt|[from] psn
|faint|p1a: Jolteon
|-heal|p2a: Celebi|60/100|[from] item: Leftovers
|upkeep
|
|t:|1728943246
|switch|p1a: Lunk|Tyranitar, F|43/100
|turn|40
|
|t:|1728943256
|move|p2a: Celebi|Leech Seed|p1a: Lunk
|-start|p1a: Lunk|move: Leech Seed
|move|p1a: Lunk|Taunt|p2a: Celebi
|-start|p2a: Celebi|move: Taunt
|
|-weather|Sandstorm|[upkeep]
|-damage|p2a: Celebi|54/100|[from] Sandstorm
|-heal|p2a: Celebi|60/100|[from] item: Leftovers
|-heal|p1a: Lunk|49/100|[from] item: Leftovers
|-damage|p1a: Lunk|36/100|[from] Leech Seed|[of] p2a: Celebi
|-heal|p2a: Celebi|73/100|[silent]
|upkeep
|turn|41
|
|t:|1728943267
|move|p2a: Celebi|Struggle|p1a: Lunk
|-crit|p1a: Lunk
|-damage|p1a: Lunk|20/100
|-damage|p2a: Celebi|68/100|[from] Recoil|[of] p1a: Lunk
|move|p1a: Lunk|Rock Slide|p2a: Celebi
|-damage|p2a: Celebi|39/100
|
|-weather|Sandstorm|[upkeep]
|-damage|p2a: Celebi|32/100|[from] Sandstorm
|-heal|p2a: Celebi|39/100|[from] item: Leftovers
|-end|p2a: Celebi|move: Taunt|[silent]
|-heal|p1a: Lunk|26/100|[from] item: Leftovers
|-damage|p1a: Lunk|13/100|[from] Leech Seed|[of] p2a: Celebi
|-heal|p2a: Celebi|51/100|[silent]
|upkeep
|turn|42
|c|☆socalson|gg
|
|t:|1728943280
|move|p2a: Celebi|Recover|p2a: Celebi
|-heal|p2a: Celebi|100/100
|move|p1a: Lunk|Rock Slide|p2a: Celebi
|-damage|p2a: Celebi|70/100
|
|-weather|Sandstorm|[upkeep]
|-damage|p2a: Celebi|64/100|[from] Sandstorm
|-heal|p2a: Celebi|70/100|[from] item: Leftovers
|-heal|p1a: Lunk|20/100|[from] item: Leftovers
|-damage|p1a: Lunk|7/100|[from] Leech Seed|[of] p2a: Celebi
|-heal|p2a: Celebi|83/100|[silent]
|upkeep
|turn|43
|c|☆Attalyn|gg you foiled my pupitar
|
|t:|1728943292
|move|p2a: Celebi|Recover|p2a: Celebi
|-heal|p2a: Celebi|100/100
|move|p1a: Lunk|Rock Slide|p2a: Celebi
|-damage|p2a: Celebi|69/100
|
|-weather|Sandstorm|[upkeep]
|-damage|p2a: Celebi|63/100|[from] Sandstorm
|-heal|p2a: Celebi|69/100|[from] item: Leftovers
|-heal|p1a: Lunk|13/100|[from] item: Leftovers
|-damage|p1a: Lunk|1/100|[from] Leech Seed|[of] p2a: Celebi
|-heal|p2a: Celebi|82/100|[silent]
|upkeep
|turn|44
|inactive|socalson has 270 seconds left.
|
|t:|1728943334
|move|p2a: Celebi|Recover|p2a: Celebi
|-heal|p2a: Celebi|100/100
|move|p1a: Lunk|Rock Slide|p2a: Celebi
|-damage|p2a: Celebi|70/100
|
|-weather|Sandstorm|[upkeep]
|-damage|p2a: Celebi|64/100|[from] Sandstorm
|-heal|p2a: Celebi|70/100|[from] item: Leftovers
|-heal|p1a: Lunk|7/100|[from] item: Leftovers
|-damage|p1a: Lunk|0 fnt|[from] Leech Seed|[of] p2a: Celebi
|-heal|p2a: Celebi|77/100|[silent]
|faint|p1a: Lunk
|
|win|Attalyn
|upkeep
|player|p1|
|player|p1|socalson|barry|

</script>
<script type="application/json" class="data" id="replaydata-smogtours-gen3ou-798787">
{"id":"smogtours-gen3ou-798787","format":"[Gen 3] OU","players":["socalson","Attalyn"],"uploadtime":1728943334,"views":95,"formatid":"gen3ou","rating":null,"private":0,"password":null}
</script>

<script defer src="js/replays.js?9d40a366"></script>
