<!DOCTYPE html>
<meta charset="utf-8" />
<meta name="viewport" content="width=device-width" />

<title>[Gen 3] OU: siummmette vs. advwtrainingwheels - Replays - Pok&eacute;mon Showdown!</title>

<meta name="description" content="Watch a replay of a Pok&eacute;mon battle between siummmette and advwtrainingwheels! Format: [Gen 3] OU; Date: Oct 4, 2024" />
<!--

Hey, you! Looking in the source for the replay log?

You can find them in JSON format, just add `.json` at the end of a replay URL.

https://replay.pokemonshowdown.com/gen7randomdoublesbattle-865046831.json

Or, if you only need the log itself, add `.log` instead:

https://replay.pokemonshowdown.com/gen7randomdoublesbattle-865046831.log

-->

<link rel="stylesheet" href="//pokemonshowdown.com/style/global.css?0.767286132409787" />
<link rel="stylesheet" href="//play.pokemonshowdown.com/style/font-awesome.css?0.9266228007934947" />
<link rel="stylesheet" href="//play.pokemonshowdown.com/style/battle.css?0.7924700842790926" />
<link rel="stylesheet" href="//play.pokemonshowdown.com/style/utilichart.css?0.8777417872839479" />

<!-- Global site tag (gtag.js) - Google Analytics -->
<script async src="https://www.googletagmanager.com/gtag/js?id=UA-26211653-1"></script>
<script>
  window.dataLayer = window.dataLayer || [];
  function gtag(){dataLayer.push(arguments);}
  gtag('js', new Date());

  gtag('config', 'UA-26211653-1');
</script>
<!-- End Google Analytics -->
<!-- Venatus Ad Manager - Install in <HEAD> of page -->
	<script src="https://hb.vntsm.com/v3/live/ad-manager.min.js" type="text/javascript" data-site-id="642aba63ec9a7b11c3c9c1be" data-mode="scan" async></script>
<!-- / Venatus Ad Manager -->

<style>
	@media (max-width:820px) {
		.battle {
			margin: 0 auto;
		}
		.battle-log {
			margin: 7px auto 0;
			max-width: 640px;
			height: 300px;
			position: static;
		}
	}
	.optgroup {
		display: inline-block;
		line-height: 22px;
		font-size: 10pt;
	}
	.optgroup .button {
		height: 25px;
		padding-top: 0;
		padding-bottom: 0;
	}
	.optgroup button.button {
		padding-left: 12px;
		padding-right: 12px;
	}
	.linklist {
		list-style: none;
		margin: 0.5em 0;
		padding: 0;
	}
	.linklist li {
		padding: 2px 0;
	}
	.sidebar {
		float: left;
		width: 320px;
	}
	.bar-wrapper {
		max-width: 1100px;
		margin: 0 auto;
	}
	.bar-wrapper.has-sidebar {
		max-width: 1430px;
	}
	.mainbar {
		margin: 0;
		padding-right: 1px;
	}
	.mainbar.has-sidebar {
		margin-left: 330px;
	}
	@media (min-width: 1511px) {
		.sidebar {
			width: 400px;
		}
		.bar-wrapper.has-sidebar {
			max-width: 1510px;
		}
		.mainbar.has-sidebar {
			margin-left: 410px;
		}
	}
	.section.first-section {
		margin-top: 9px;
	}
	.blocklink small {
		white-space: normal;
	}
	.button {
		vertical-align: middle;
	}
	.replay-controls {
		padding-top: 10px;
	}
	.replay-controls h1 {
		font-size: 16pt;
		font-weight: normal;
		color: #CCC;
	}
	.pagelink {
		text-align: center;
	}
	.pagelink a {
		width: 150px;
	}
	.textbox, .button {
		font-size: 11pt;
		vertical-align: middle;
	}
	@media (max-width: 450px) {
		.button {
			font-size: 9pt;
		}
	}
</style>

<div>

	<header>
		<div class="nav-wrapper"><ul class="nav">
			<li><a class="button nav-first" href="//pokemonshowdown.com/"><img src="//pokemonshowdown.com/images/pokemonshowdownbeta.png" srcset="//pokemonshowdown.com/images/pokemonshowdownbeta.png 1x, //pokemonshowdown.com/images/pokemonshowdownbeta@2x.png 2x" alt="Pok&eacute;mon Showdown" width="146" height="44" /> Home</a></li>
			<li><a class="button" href="//pokemonshowdown.com/dex/">Pok&eacute;dex</a></li>
			<li><a class="button cur" href="/">Replays</a></li>
			<li><a class="button" href="//pokemonshowdown.com/ladder/">Ladder</a></li>
			<li><a class="button nav-last" href="//pokemonshowdown.com/forums/">Forum</a></li>
			<li><a class="button greenbutton nav-first nav-last" href="//play.pokemonshowdown.com/">Play</a></li>
		</ul></div>
	</header>

	<div class="main" id="main">

		<noscript><section class="section">You need to enable JavaScript to use this page; sorry!</section></noscript>

	</div>

</div>

<script defer nomodule src="//play.pokemonshowdown.com/js/lib/ps-polyfill.js"></script>
<script defer src="//play.pokemonshowdown.com/js/lib/preact.min.js"></script>

<script defer src="//play.pokemonshowdown.com/config/config.js?6dec07f6"></script>
<script defer src="//play.pokemonshowdown.com/js/lib/jquery-1.11.0.min.js"></script>
<script defer src="//play.pokemonshowdown.com/js/lib/html-sanitizer-minified.js"></script>
<script defer src="//play.pokemonshowdown.com/js/battle-sound.js"></script>
<script defer src="//play.pokemonshowdown.com/js/battledata.js?0.6315294753075389"></script>
<script defer src="//play.pokemonshowdown.com/data/pokedex-mini.js?0.7603743185311358"></script>
<script defer src="//play.pokemonshowdown.com/data/pokedex-mini-bw.js?0.030888842834281283"></script>
<script defer src="//play.pokemonshowdown.com/data/graphics.js?0.05593094747507488"></script>
<script defer src="//play.pokemonshowdown.com/data/pokedex.js?0.47064822249611904"></script>
<script defer src="//play.pokemonshowdown.com/data/moves.js?0.8583693120512459"></script>
<script defer src="//play.pokemonshowdown.com/data/abilities.js?0.16017181182386842"></script>
<script defer src="//play.pokemonshowdown.com/data/items.js?0.4163379185673943"></script>
<script defer src="//play.pokemonshowdown.com/data/teambuilder-tables.js?0.31075597372830477"></script>
<script defer src="//play.pokemonshowdown.com/js/battle-tooltips.js?0.6536193500708172"></script>
<script defer src="//play.pokemonshowdown.com/js/battle.js?0.1916591943277901"></script>

<script defer src="js/utils.js?e31f9a17"></script>
<script defer src="js/replays-battle.js?7008c182"></script>

<!-- don't scrape this data! just add .json or .log after the URL!
Full API docs: https://github.com/smogon/pokemon-showdown-client/blob/master/WEB-API.md -->
<script type="text/plain" class="log" id="replaylog-smogtours-gen3ou-794641">
|inactive|Battle timer is ON: inactive players will automatically lose when time's up.
|t:|1728066781
|gametype|singles
|player|p1|siummmette|265|
|player|p2|advwtrainingwheels|cyclistf-gen4|
|teamsize|p1|6
|teamsize|p2|6
|gen|3
|tier|[Gen 3] OU
|rule|Sleep Clause Mod: Limit one foe put to sleep
|rule|Switch Priority Clause Mod: Faster Pokémon switch first
|rule|Species Clause: Limit one of each Pokémon
|rule|OHKO Clause: OHKO moves are banned
|rule|Evasion Items Clause: Evasion items are banned
|rule|Evasion Moves Clause: Evasion moves are banned
|rule|Endless Battle Clause: Forcing endless battles is banned
|rule|HP Percentage Mod: HP is shown in percentages
|rule|One Boost Passer Clause: Limit one Baton Passer that has a way to boost its stats
|rule|Freeze Clause Mod: Limit one foe frozen
|
|t:|1728066781
|start
|switch|p1a: Hariyama|Hariyama, M|100/100
|switch|p2a: Shankle!|Tyranitar, M, shiny|100/100
|-weather|Sandstorm|[from] ability: Sand Stream|[of] p2a: Shankle!
|turn|1
|
|t:|1728066803
|switch|p2a: smallus peckus|Skarmory, M|100/100
|move|p1a: Hariyama|Knock Off|p2a: smallus peckus
|-resisted|p2a: smallus peckus
|-damage|p2a: smallus peckus|99/100
|-enditem|p2a: smallus peckus|Leftovers|[from] move: Knock Off|[of] p1a: Hariyama
|-hint|In Gens 3-4, Knock Off only makes the target's item unusable; it cannot obtain a new item.
|
|-weather|Sandstorm|[upkeep]
|-damage|p1a: Hariyama|94/100|[from] Sandstorm
|-heal|p1a: Hariyama|100/100|[from] item: Leftovers
|upkeep
|turn|2
|
|t:|1728066812
|switch|p1a: Jolteon|Jolteon, M|100/100
|move|p2a: smallus peckus|Spikes|p1a: Jolteon
|-sidestart|p1: siummmette|Spikes
|
|-weather|Sandstorm|[upkeep]
|-damage|p1a: Jolteon|94/100|[from] Sandstorm
|-heal|p1a: Jolteon|100/100|[from] item: Leftovers
|upkeep
|turn|3
|
|t:|1728066816
|move|p1a: Jolteon|Thunderbolt|p2a: smallus peckus
|-supereffective|p2a: smallus peckus
|-damage|p2a: smallus peckus|23/100
|move|p2a: smallus peckus|Toxic|p1a: Jolteon
|-status|p1a: Jolteon|tox
|
|-weather|Sandstorm|[upkeep]
|-damage|p1a: Jolteon|94/100 tox|[from] Sandstorm
|-heal|p1a: Jolteon|100/100 tox|[from] item: Leftovers
|-damage|p1a: Jolteon|94/100 tox|[from] psn
|upkeep
|turn|4
|
|t:|1728066829
|switch|p2a: salamander|Swampert, M|100/100
|move|p1a: Jolteon|Baton Pass|p1a: Jolteon
|
|t:|1728066841
|switch|p1a: Hariyama|Hariyama, M|100/100|[from] Baton Pass
|-damage|p1a: Hariyama|88/100|[from] Spikes
|
|-weather|Sandstorm|[upkeep]
|-damage|p1a: Hariyama|82/100|[from] Sandstorm
|-heal|p1a: Hariyama|88/100|[from] item: Leftovers
|upkeep
|turn|5
|
|t:|1728066849
|switch|p2a: smallus peckus|Skarmory, M|23/100
|move|p1a: Hariyama|Cross Chop|p2a: smallus peckus|[miss]
|-miss|p1a: Hariyama|p2a: smallus peckus
|
|-weather|Sandstorm|[upkeep]
|-damage|p1a: Hariyama|82/100|[from] Sandstorm
|-heal|p1a: Hariyama|88/100|[from] item: Leftovers
|upkeep
|turn|6
|
|t:|1728066857
|move|p2a: smallus peckus|Spikes|p1a: Hariyama
|-sidestart|p1: siummmette|Spikes
|move|p1a: Hariyama|Cross Chop|p2a: smallus peckus|[miss]
|-miss|p1a: Hariyama|p2a: smallus peckus
|
|-weather|Sandstorm|[upkeep]
|-damage|p1a: Hariyama|82/100|[from] Sandstorm
|-heal|p1a: Hariyama|88/100|[from] item: Leftovers
|upkeep
|turn|7
|
|t:|1728066861
|move|p2a: smallus peckus|Spikes|p1a: Hariyama
|-sidestart|p1: siummmette|Spikes
|move|p1a: Hariyama|Cross Chop|p2a: smallus peckus
|-crit|p2a: smallus peckus
|-damage|p2a: smallus peckus|0 fnt
|faint|p2a: smallus peckus
|c|☆siummmette|man
|
|t:|1728066877
|switch|p2a: salamander|Swampert, M|100/100
|
|-weather|Sandstorm|[upkeep]
|-damage|p1a: Hariyama|82/100|[from] Sandstorm
|-heal|p1a: Hariyama|88/100|[from] item: Leftovers
|upkeep
|turn|8
|
|t:|1728066906
|move|p1a: Hariyama|Knock Off|p2a: salamander
|-damage|p2a: salamander|99/100
|-enditem|p2a: salamander|Leftovers|[from] move: Knock Off|[of] p1a: Hariyama
|move|p2a: salamander|Earthquake|p1a: Hariyama
|-damage|p1a: Hariyama|53/100
|
|-weather|Sandstorm|[upkeep]
|-damage|p1a: Hariyama|47/100|[from] Sandstorm
|-heal|p1a: Hariyama|53/100|[from] item: Leftovers
|upkeep
|turn|9
|
|t:|1728066915
|move|p1a: Hariyama|Cross Chop|p2a: salamander|[miss]
|-miss|p1a: Hariyama|p2a: salamander
|move|p2a: salamander|Earthquake|p1a: Hariyama
|-damage|p1a: Hariyama|19/100
|
|-weather|Sandstorm|[upkeep]
|-damage|p1a: Hariyama|13/100|[from] Sandstorm
|-heal|p1a: Hariyama|19/100|[from] item: Leftovers
|upkeep
|turn|10
|
|t:|1728066925
|move|p1a: Hariyama|Cross Chop|p2a: salamander|[miss]
|-miss|p1a: Hariyama|p2a: salamander
|move|p2a: salamander|Earthquake|p1a: Hariyama
|-damage|p1a: Hariyama|0 fnt
|faint|p1a: Hariyama
|c|☆siummmette|boutta cry
|
|t:|1728066932
|switch|p1a: Forretress|Forretress, M|100/100
|-damage|p1a: Forretress|76/100|[from] Spikes
|
|-weather|Sandstorm|[upkeep]
|-heal|p1a: Forretress|82/100|[from] item: Leftovers
|upkeep
|turn|11
|c|☆advwtrainingwheels|rough luck man my b
|
|t:|1728066938
|switch|p2a: gegnar|Gengar, F, shiny|100/100
|move|p1a: Forretress|Rapid Spin|p2a: gegnar
|-immune|p2a: gegnar
|
|-weather|Sandstorm|[upkeep]
|-damage|p2a: gegnar|94/100|[from] Sandstorm
|-heal|p2a: gegnar|100/100|[from] item: Leftovers
|-heal|p1a: Forretress|88/100|[from] item: Leftovers
|upkeep
|turn|12
|
|t:|1728066948
|switch|p1a: Salamence|Salamence, M|100/100
|-ability|p1a: Salamence|Intimidate|boost
|-unboost|p2a: gegnar|atk|1
|move|p2a: gegnar|Taunt|p1a: Salamence
|-start|p1a: Salamence|move: Taunt
|
|-weather|Sandstorm|[upkeep]
|-damage|p2a: gegnar|94/100|[from] Sandstorm
|-damage|p1a: Salamence|94/100|[from] Sandstorm
|-heal|p2a: gegnar|100/100|[from] item: Leftovers
|-heal|p1a: Salamence|100/100|[from] item: Leftovers
|upkeep
|turn|13
|
|t:|1728066958
|switch|p2a: salamander|Swampert, M|99/100
|switch|p1a: Swampert|Swampert, F|100/100
|-damage|p1a: Swampert|76/100|[from] Spikes
|
|-weather|Sandstorm|[upkeep]
|-heal|p1a: Swampert|82/100|[from] item: Leftovers
|upkeep
|turn|14
|
|t:|1728066964
|move|p2a: salamander|Toxic|p1a: Swampert
|-status|p1a: Swampert|tox
|move|p1a: Swampert|Hydro Pump|p2a: salamander
|-damage|p2a: salamander|75/100
|
|-weather|Sandstorm|[upkeep]
|-heal|p1a: Swampert|88/100 tox|[from] item: Leftovers
|-damage|p1a: Swampert|82/100 tox|[from] psn
|upkeep
|turn|15
|
|t:|1728066978
|move|p1a: Swampert|Earthquake|p2a: salamander
|-damage|p2a: salamander|43/100
|move|p2a: salamander|Earthquake|p1a: Swampert
|-damage|p1a: Swampert|54/100 tox
|
|-weather|Sandstorm|[upkeep]
|-heal|p1a: Swampert|61/100 tox|[from] item: Leftovers
|-damage|p1a: Swampert|48/100 tox|[from] psn
|upkeep
|turn|16
|
|t:|1728066984
|switch|p2a: gegnar|Gengar, F, shiny|100/100
|move|p1a: Swampert|Hydro Pump|p2a: gegnar
|-damage|p2a: gegnar|61/100
|
|-weather|Sandstorm|[upkeep]
|-damage|p2a: gegnar|55/100|[from] Sandstorm
|-heal|p2a: gegnar|61/100|[from] item: Leftovers
|-heal|p1a: Swampert|54/100 tox|[from] item: Leftovers
|-damage|p1a: Swampert|36/100 tox|[from] psn
|upkeep
|turn|17
|
|t:|1728066997
|move|p2a: gegnar|Giga Drain|p1a: Swampert
|-supereffective|p1a: Swampert
|-damage|p1a: Swampert|0 fnt
|-heal|p2a: gegnar|83/100|[from] drain|[of] p1a: Swampert
|faint|p1a: Swampert
|
|t:|1728067003
|switch|p1a: Metagross|Metagross|100/100
|-damage|p1a: Metagross|76/100|[from] Spikes
|
|-weather|Sandstorm|[upkeep]
|-damage|p2a: gegnar|77/100|[from] Sandstorm
|-heal|p2a: gegnar|83/100|[from] item: Leftovers
|upkeep
|turn|18
|
|t:|1728067017
|switch|p2a: salamander|Swampert, M|43/100
|move|p1a: Metagross|Meteor Mash|p2a: salamander
|-resisted|p2a: salamander
|-damage|p2a: salamander|2/100
|-boost|p1a: Metagross|atk|1
|
|-weather|Sandstorm|[upkeep]
|upkeep
|turn|19
|
|t:|1728067023
|move|p1a: Metagross|Meteor Mash|p2a: salamander
|-resisted|p2a: salamander
|-damage|p2a: salamander|0 fnt
|-boost|p1a: Metagross|atk|1
|faint|p2a: salamander
|
|t:|1728067028
|switch|p2a: prawn star|Starmie, shiny|100/100
|
|-weather|Sandstorm|[upkeep]
|-damage|p2a: prawn star|94/100|[from] Sandstorm
|-heal|p2a: prawn star|100/100|[from] item: Leftovers
|upkeep
|turn|20
|
|t:|1728067033
|move|p2a: prawn star|Thunder Wave|p1a: Metagross
|-status|p1a: Metagross|par
|cant|p1a: Metagross|par
|
|-weather|Sandstorm|[upkeep]
|-damage|p2a: prawn star|94/100|[from] Sandstorm
|-heal|p2a: prawn star|100/100|[from] item: Leftovers
|upkeep
|turn|21
|
|t:|1728067041
|move|p2a: prawn star|Surf|p1a: Metagross
|-damage|p1a: Metagross|41/100 par
|move|p1a: Metagross|Meteor Mash|p2a: prawn star|[miss]
|-miss|p1a: Metagross|p2a: prawn star
|
|-weather|Sandstorm|[upkeep]
|-damage|p2a: prawn star|94/100|[from] Sandstorm
|-heal|p2a: prawn star|100/100|[from] item: Leftovers
|upkeep
|turn|22
|
|t:|1728067045
|move|p2a: prawn star|Surf|p1a: Metagross
|-crit|p1a: Metagross
|-damage|p1a: Metagross|0 fnt
|faint|p1a: Metagross
|
|t:|1728067049
|switch|p1a: Jolteon|Jolteon, M|94/100 tox
|-damage|p1a: Jolteon|69/100 tox|[from] Spikes
|
|-weather|Sandstorm|[upkeep]
|-damage|p1a: Jolteon|63/100 tox|[from] Sandstorm
|-damage|p2a: prawn star|94/100|[from] Sandstorm
|-heal|p1a: Jolteon|69/100 tox|[from] item: Leftovers
|-damage|p1a: Jolteon|63/100 tox|[from] psn
|-heal|p2a: prawn star|100/100|[from] item: Leftovers
|upkeep
|turn|23
|
|t:|1728067053
|switch|p2a: blisselisabeth|Blissey, F, shiny|100/100
|move|p1a: Jolteon|Thunderbolt|p2a: blisselisabeth
|-damage|p2a: blisselisabeth|86/100
|
|-weather|Sandstorm|[upkeep]
|-damage|p1a: Jolteon|57/100 tox|[from] Sandstorm
|-damage|p2a: blisselisabeth|80/100|[from] Sandstorm
|-heal|p1a: Jolteon|63/100 tox|[from] item: Leftovers
|-damage|p1a: Jolteon|51/100 tox|[from] psn
|-heal|p2a: blisselisabeth|86/100|[from] item: Leftovers
|upkeep
|turn|24
|
|t:|1728067059
|switch|p1a: Forretress|Forretress, M|88/100
|-damage|p1a: Forretress|63/100|[from] Spikes
|move|p2a: blisselisabeth|Ice Beam|p1a: Forretress
|-resisted|p1a: Forretress
|-crit|p1a: Forretress
|-damage|p1a: Forretress|48/100
|
|-weather|Sandstorm|[upkeep]
|-damage|p2a: blisselisabeth|80/100|[from] Sandstorm
|-heal|p2a: blisselisabeth|86/100|[from] item: Leftovers
|-heal|p1a: Forretress|54/100|[from] item: Leftovers
|upkeep
|turn|25
|
|t:|1728067063
|switch|p2a: gegnar|Gengar, F, shiny|83/100
|switch|p1a: Salamence|Salamence, M|100/100
|-ability|p1a: Salamence|Intimidate|boost
|-unboost|p2a: gegnar|atk|1
|
|-weather|Sandstorm|[upkeep]
|-damage|p2a: gegnar|77/100|[from] Sandstorm
|-damage|p1a: Salamence|94/100|[from] Sandstorm
|-heal|p2a: gegnar|83/100|[from] item: Leftovers
|-heal|p1a: Salamence|100/100|[from] item: Leftovers
|upkeep
|turn|26
|
|t:|1728067071
|move|p2a: gegnar|Will-O-Wisp|p1a: Salamence
|-status|p1a: Salamence|brn
|move|p1a: Salamence|Wish|p1a: Salamence
|
|-weather|Sandstorm|[upkeep]
|-damage|p2a: gegnar|77/100|[from] Sandstorm
|-damage|p1a: Salamence|94/100 brn|[from] Sandstorm
|-heal|p2a: gegnar|83/100|[from] item: Leftovers
|-heal|p1a: Salamence|100/100 brn|[from] item: Leftovers
|-damage|p1a: Salamence|88/100 brn|[from] brn
|upkeep
|turn|27
|
|t:|1728067082
|switch|p1a: Jolteon|Jolteon, M|51/100 tox
|-damage|p1a: Jolteon|26/100 tox|[from] Spikes
|move|p2a: gegnar|Thunderbolt|p1a: Jolteon
|-heal|p1a: Jolteon|51/100 tox|[from] ability: Volt Absorb|[of] p2a: gegnar
|
|-heal|p1a: Jolteon|100/100 tox|[from] move: Wish|[wisher] Salamence
|-weather|Sandstorm|[upkeep]
|-damage|p1a: Jolteon|94/100 tox|[from] Sandstorm
|-damage|p2a: gegnar|77/100|[from] Sandstorm
|-heal|p1a: Jolteon|100/100 tox|[from] item: Leftovers
|-damage|p1a: Jolteon|94/100 tox|[from] psn
|-heal|p2a: gegnar|83/100|[from] item: Leftovers
|upkeep
|turn|28
|
|t:|1728067091
|switch|p2a: blisselisabeth|Blissey, F, shiny|86/100
|move|p1a: Jolteon|Roar|p2a: blisselisabeth
|drag|p2a: gegnar|Gengar, F, shiny|83/100
|
|-weather|Sandstorm|[upkeep]
|-damage|p1a: Jolteon|88/100 tox|[from] Sandstorm
|-damage|p2a: gegnar|77/100|[from] Sandstorm
|-heal|p1a: Jolteon|94/100 tox|[from] item: Leftovers
|-damage|p1a: Jolteon|82/100 tox|[from] psn
|-heal|p2a: gegnar|83/100|[from] item: Leftovers
|upkeep
|turn|29
|
|t:|1728067097
|switch|p1a: Forretress|Forretress, M|54/100
|-damage|p1a: Forretress|29/100|[from] Spikes
|move|p2a: gegnar|Taunt|p1a: Forretress
|-start|p1a: Forretress|move: Taunt
|
|-weather|Sandstorm|[upkeep]
|-damage|p2a: gegnar|77/100|[from] Sandstorm
|-heal|p2a: gegnar|83/100|[from] item: Leftovers
|-heal|p1a: Forretress|35/100|[from] item: Leftovers
|upkeep
|turn|30
|
|t:|1728067105
|switch|p2a: prawn star|Starmie, shiny|100/100
|move|p1a: Forretress|Explosion|p2a: prawn star
|-damage|p2a: prawn star|0 fnt
|faint|p1a: Forretress
|faint|p2a: prawn star
|
|t:|1728067119
|switch|p2a: gegnar|Gengar, F, shiny|83/100
|switch|p1a: Jolteon|Jolteon, M|82/100 tox
|-damage|p1a: Jolteon|57/100 tox|[from] Spikes
|
|-weather|Sandstorm|[upkeep]
|-damage|p1a: Jolteon|51/100 tox|[from] Sandstorm
|-damage|p2a: gegnar|77/100|[from] Sandstorm
|-heal|p1a: Jolteon|57/100 tox|[from] item: Leftovers
|-damage|p1a: Jolteon|51/100 tox|[from] psn
|-heal|p2a: gegnar|83/100|[from] item: Leftovers
|upkeep
|turn|31
|
|t:|1728067123
|switch|p2a: blisselisabeth|Blissey, F, shiny|86/100
|move|p1a: Jolteon|Thunderbolt|p2a: blisselisabeth
|-damage|p2a: blisselisabeth|71/100
|
|-weather|Sandstorm|[upkeep]
|-damage|p1a: Jolteon|45/100 tox|[from] Sandstorm
|-damage|p2a: blisselisabeth|64/100|[from] Sandstorm
|-heal|p1a: Jolteon|51/100 tox|[from] item: Leftovers
|-damage|p1a: Jolteon|38/100 tox|[from] psn
|-heal|p2a: blisselisabeth|71/100|[from] item: Leftovers
|upkeep
|turn|32
|
|t:|1728067129
|switch|p1a: Salamence|Salamence, M|88/100 brn
|-ability|p1a: Salamence|Intimidate|boost
|-unboost|p2a: blisselisabeth|atk|1
|move|p2a: blisselisabeth|Ice Beam|p1a: Salamence
|-supereffective|p1a: Salamence
|-damage|p1a: Salamence|0 fnt
|faint|p1a: Salamence
|
|t:|1728067132
|switch|p1a: Jolteon|Jolteon, M|38/100 tox
|-damage|p1a: Jolteon|14/100 tox|[from] Spikes
|
|-weather|Sandstorm|[upkeep]
|-damage|p1a: Jolteon|7/100 tox|[from] Sandstorm
|-damage|p2a: blisselisabeth|64/100|[from] Sandstorm
|-heal|p1a: Jolteon|14/100 tox|[from] item: Leftovers
|-damage|p1a: Jolteon|7/100 tox|[from] psn
|-heal|p2a: blisselisabeth|71/100|[from] item: Leftovers
|upkeep
|turn|33
|
|t:|1728067137
|move|p1a: Jolteon|Thunderbolt|p2a: blisselisabeth
|-damage|p2a: blisselisabeth|54/100
|move|p2a: blisselisabeth|Seismic Toss|p1a: Jolteon
|-damage|p1a: Jolteon|0 fnt
|faint|p1a: Jolteon
|
|win|advwtrainingwheels
|c|☆siummmette|gg
|player|p1|
|c|☆advwtrainingwheels|gg
|player|p1|siummmette|265|

</script>
<script type="application/json" class="data" id="replaydata-smogtours-gen3ou-794641">
{"id":"smogtours-gen3ou-794641","format":"[Gen 3] OU","players":["siummmette","advwtrainingwheels"],"uploadtime":1728067137,"views":117,"formatid":"gen3ou","rating":null,"private":0,"password":null}
</script>

<script defer src="js/replays.js?9d40a366"></script>
