<!DOCTYPE html>
<meta charset="utf-8" />
<meta name="viewport" content="width=device-width" />

<title>[Gen 3] OU: Nardgo vs. ALlCE - Replays - Pok&eacute;mon Showdown!</title>

<meta name="description" content="Watch a replay of a Pok&eacute;mon battle between Nardgo and ALlCE! Format: [Gen 3] OU; Date: Oct 19, 2024" />
<!--

Hey, you! Looking in the source for the replay log?

You can find them in JSON format, just add `.json` at the end of a replay URL.

https://replay.pokemonshowdown.com/gen7randomdoublesbattle-865046831.json

Or, if you only need the log itself, add `.log` instead:

https://replay.pokemonshowdown.com/gen7randomdoublesbattle-865046831.log

-->

<link rel="stylesheet" href="//pokemonshowdown.com/style/global.css?0.023195364461161105" />
<link rel="stylesheet" href="//play.pokemonshowdown.com/style/font-awesome.css?0.13261647063804238" />
<link rel="stylesheet" href="//play.pokemonshowdown.com/style/battle.css?0.8753245789963631" />
<link rel="stylesheet" href="//play.pokemonshowdown.com/style/utilichart.css?0.8627959624976733" />

<!-- Global site tag (gtag.js) - Google Analytics -->
<script async src="https://www.googletagmanager.com/gtag/js?id=UA-26211653-1"></script>
<script>
  window.dataLayer = window.dataLayer || [];
  function gtag(){dataLayer.push(arguments);}
  gtag('js', new Date());

  gtag('config', 'UA-26211653-1');
</script>
<!-- End Google Analytics -->
<!-- Venatus Ad Manager - Install in <HEAD> of page -->
	<script src="https://hb.vntsm.com/v3/live/ad-manager.min.js" type="text/javascript" data-site-id="642aba63ec9a7b11c3c9c1be" data-mode="scan" async></script>
<!-- / Venatus Ad Manager -->

<style>
	@media (max-width:820px) {
		.battle {
			margin: 0 auto;
		}
		.battle-log {
			margin: 7px auto 0;
			max-width: 640px;
			height: 300px;
			position: static;
		}
	}
	.optgroup {
		display: inline-block;
		line-height: 22px;
		font-size: 10pt;
	}
	.optgroup .button {
		height: 25px;
		padding-top: 0;
		padding-bottom: 0;
	}
	.optgroup button.button {
		padding-left: 12px;
		padding-right: 12px;
	}
	.linklist {
		list-style: none;
		margin: 0.5em 0;
		padding: 0;
	}
	.linklist li {
		padding: 2px 0;
	}
	.sidebar {
		float: left;
		width: 320px;
	}
	.bar-wrapper {
		max-width: 1100px;
		margin: 0 auto;
	}
	.bar-wrapper.has-sidebar {
		max-width: 1430px;
	}
	.mainbar {
		margin: 0;
		padding-right: 1px;
	}
	.mainbar.has-sidebar {
		margin-left: 330px;
	}
	@media (min-width: 1511px) {
		.sidebar {
			width: 400px;
		}
		.bar-wrapper.has-sidebar {
			max-width: 1510px;
		}
		.mainbar.has-sidebar {
			margin-left: 410px;
		}
	}
	.section.first-section {
		margin-top: 9px;
	}
	.blocklink small {
		white-space: normal;
	}
	.button {
		vertical-align: middle;
	}
	.replay-controls {
		padding-top: 10px;
	}
	.replay-controls h1 {
		font-size: 16pt;
		font-weight: normal;
		color: #CCC;
	}
	.pagelink {
		text-align: center;
	}
	.pagelink a {
		width: 150px;
	}
	.textbox, .button {
		font-size: 11pt;
		vertical-align: middle;
	}
	@media (max-width: 450px) {
		.button {
			font-size: 9pt;
		}
	}
</style>

<div>

	<header>
		<div class="nav-wrapper"><ul class="nav">
			<li><a class="button nav-first" href="//pokemonshowdown.com/"><img src="//pokemonshowdown.com/images/pokemonshowdownbeta.png" srcset="//pokemonshowdown.com/images/pokemonshowdownbeta.png 1x, //pokemonshowdown.com/images/pokemonshowdownbeta@2x.png 2x" alt="Pok&eacute;mon Showdown" width="146" height="44" /> Home</a></li>
			<li><a class="button" href="//pokemonshowdown.com/dex/">Pok&eacute;dex</a></li>
			<li><a class="button cur" href="/">Replays</a></li>
			<li><a class="button" href="//pokemonshowdown.com/ladder/">Ladder</a></li>
			<li><a class="button nav-last" href="//pokemonshowdown.com/forums/">Forum</a></li>
			<li><a class="button greenbutton nav-first nav-last" href="//play.pokemonshowdown.com/">Play</a></li>
		</ul></div>
	</header>

	<div class="main" id="main">

		<noscript><section class="section">You need to enable JavaScript to use this page; sorry!</section></noscript>

	</div>

</div>

<script defer nomodule src="//play.pokemonshowdown.com/js/lib/ps-polyfill.js"></script>
<script defer src="//play.pokemonshowdown.com/js/lib/preact.min.js"></script>

<script defer src="//play.pokemonshowdown.com/config/config.js?2bddbc15"></script>
<script defer src="//play.pokemonshowdown.com/js/lib/jquery-1.11.0.min.js"></script>
<script defer src="//play.pokemonshowdown.com/js/lib/html-sanitizer-minified.js"></script>
<script defer src="//play.pokemonshowdown.com/js/battle-sound.js"></script>
<script defer src="//play.pokemonshowdown.com/js/battledata.js?0.7209276989879541"></script>
<script defer src="//play.pokemonshowdown.com/data/pokedex-mini.js?0.6111056340867951"></script>
<script defer src="//play.pokemonshowdown.com/data/pokedex-mini-bw.js?0.3532142036491459"></script>
<script defer src="//play.pokemonshowdown.com/data/graphics.js?0.24223875632456182"></script>
<script defer src="//play.pokemonshowdown.com/data/pokedex.js?0.38839984266356864"></script>
<script defer src="//play.pokemonshowdown.com/data/moves.js?0.21866028504024015"></script>
<script defer src="//play.pokemonshowdown.com/data/abilities.js?0.2005157953846628"></script>
<script defer src="//play.pokemonshowdown.com/data/items.js?0.9894211263848525"></script>
<script defer src="//play.pokemonshowdown.com/data/teambuilder-tables.js?0.6008791140282215"></script>
<script defer src="//play.pokemonshowdown.com/js/battle-tooltips.js?0.7580118955022959"></script>
<script defer src="//play.pokemonshowdown.com/js/battle.js?0.6057722274234274"></script>

<script defer src="js/utils.js?e31f9a17"></script>
<script defer src="js/replays-battle.js?7008c182"></script>

<!-- don't scrape this data! just add .json or .log after the URL!
Full API docs: https://github.com/smogon/pokemon-showdown-client/blob/master/WEB-API.md -->
<script type="text/plain" class="log" id="replaylog-smogtours-gen3ou-799924">
|inactive|Battle timer is ON: inactive players will automatically lose when time's up.
|t:|1729354515
|gametype|singles
|player|p1|Nardgo|265|
|player|p2|ALlCE|#splxvsharks2|
|teamsize|p1|6
|teamsize|p2|6
|gen|3
|tier|[Gen 3] OU
|rule|Sleep Clause Mod: Limit one foe put to sleep
|rule|Switch Priority Clause Mod: Faster Pokémon switch first
|rule|Species Clause: Limit one of each Pokémon
|rule|OHKO Clause: OHKO moves are banned
|rule|Evasion Items Clause: Evasion items are banned
|rule|Evasion Moves Clause: Evasion moves are banned
|rule|Endless Battle Clause: Forcing endless battles is banned
|rule|HP Percentage Mod: HP is shown in percentages
|rule|One Boost Passer Clause: Limit one Baton Passer that has a way to boost its stats
|rule|Freeze Clause Mod: Limit one foe frozen
|
|t:|1729354515
|start
|switch|p1a: Skarmory|Skarmory, M|100/100
|switch|p2a: Tyranitar|Tyranitar, M|100/100
|-weather|Sandstorm|[from] ability: Sand Stream|[of] p2a: Tyranitar
|turn|1
|c|☆ALlCE|hf!
|
|t:|1729354519
|move|p1a: Skarmory|Spikes|p2a: Tyranitar
|-sidestart|p2: ALlCE|Spikes
|move|p2a: Tyranitar|Fire Blast|p1a: Skarmory
|-supereffective|p1a: Skarmory
|-damage|p1a: Skarmory|32/100
|
|-weather|Sandstorm|[upkeep]
|-heal|p1a: Skarmory|38/100|[from] item: Leftovers
|upkeep
|turn|2
|c|☆ALlCE|/log ALlCE made the replay of this battle unlisted.
|c|☆Nardgo|what does it mean to make the replay unlisted?
|inactive|ALlCE has 270 seconds left.
|c|☆ALlCE|it wont show up on the scouts
|
|t:|1729354554
|move|p1a: Skarmory|Protect|p1a: Skarmory
|-singleturn|p1a: Skarmory|Protect
|move|p2a: Tyranitar|Fire Blast|p1a: Skarmory
|-activate|p1a: Skarmory|Protect
|
|-weather|Sandstorm|[upkeep]
|-heal|p1a: Skarmory|44/100|[from] item: Leftovers
|upkeep
|turn|3
|
|t:|1729354565
|switch|p1a: Blissey|Blissey, F|100/100
|move|p2a: Tyranitar|Fire Blast|p1a: Blissey
|-damage|p1a: Blissey|86/100
|-status|p1a: Blissey|brn
|
|-weather|Sandstorm|[upkeep]
|-damage|p1a: Blissey|80/100 brn|[from] Sandstorm
|-heal|p1a: Blissey|86/100 brn|[from] item: Leftovers
|-damage|p1a: Blissey|73/100 brn|[from] brn
|upkeep
|turn|4
|
|t:|1729354573
|switch|p2a: Starmie|Starmie|100/100
|-damage|p2a: Starmie|88/100|[from] Spikes
|move|p1a: Blissey|Seismic Toss|p2a: Starmie
|-damage|p2a: Starmie|57/100
|
|-weather|Sandstorm|[upkeep]
|-damage|p2a: Starmie|51/100|[from] Sandstorm
|-damage|p1a: Blissey|67/100 brn|[from] Sandstorm
|-heal|p2a: Starmie|57/100|[from] item: Leftovers
|-heal|p1a: Blissey|73/100 brn|[from] item: Leftovers
|-damage|p1a: Blissey|61/100 brn|[from] brn
|upkeep
|turn|5
|
|t:|1729354576
|-curestatus|p1a: Blissey|brn|[from] ability: Natural Cure
|switch|p1a: Misdreavus|Misdreavus, F|100/100
|move|p2a: Starmie|Rapid Spin|p1a: Misdreavus
|-immune|p1a: Misdreavus
|
|-weather|Sandstorm|[upkeep]
|-damage|p2a: Starmie|51/100|[from] Sandstorm
|-damage|p1a: Misdreavus|94/100|[from] Sandstorm
|-heal|p2a: Starmie|57/100|[from] item: Leftovers
|-heal|p1a: Misdreavus|100/100|[from] item: Leftovers
|upkeep
|turn|6
|
|t:|1729354589
|switch|p2a: Tyranitar|Tyranitar, M|100/100
|-damage|p2a: Tyranitar|88/100|[from] Spikes
|switch|p1a: Blissey|Blissey, F|61/100
|
|-weather|Sandstorm|[upkeep]
|-damage|p1a: Blissey|55/100|[from] Sandstorm
|-heal|p2a: Tyranitar|94/100|[from] item: Leftovers
|-heal|p1a: Blissey|61/100|[from] item: Leftovers
|upkeep
|turn|7
|
|t:|1729354594
|switch|p2a: Starmie|Starmie|57/100
|-damage|p2a: Starmie|45/100|[from] Spikes
|move|p1a: Blissey|Soft-Boiled|p1a: Blissey
|-heal|p1a: Blissey|100/100
|
|-weather|Sandstorm|[upkeep]
|-damage|p2a: Starmie|39/100|[from] Sandstorm
|-damage|p1a: Blissey|94/100|[from] Sandstorm
|-heal|p2a: Starmie|45/100|[from] item: Leftovers
|-heal|p1a: Blissey|100/100|[from] item: Leftovers
|upkeep
|turn|8
|
|t:|1729354597
|move|p2a: Starmie|Recover|p2a: Starmie
|-heal|p2a: Starmie|95/100
|move|p1a: Blissey|Seismic Toss|p2a: Starmie
|-damage|p2a: Starmie|64/100
|
|-weather|Sandstorm|[upkeep]
|-damage|p2a: Starmie|57/100|[from] Sandstorm
|-damage|p1a: Blissey|94/100|[from] Sandstorm
|-heal|p2a: Starmie|64/100|[from] item: Leftovers
|-heal|p1a: Blissey|100/100|[from] item: Leftovers
|upkeep
|turn|9
|
|t:|1729354602
|switch|p1a: Misdreavus|Misdreavus, F|100/100
|move|p2a: Starmie|Recover|p2a: Starmie
|-heal|p2a: Starmie|100/100
|
|-weather|Sandstorm|[upkeep]
|-damage|p2a: Starmie|94/100|[from] Sandstorm
|-damage|p1a: Misdreavus|94/100|[from] Sandstorm
|-heal|p2a: Starmie|100/100|[from] item: Leftovers
|-heal|p1a: Misdreavus|100/100|[from] item: Leftovers
|upkeep
|turn|10
|
|t:|1729354623
|switch|p1a: Flygon|Flygon, M|100/100
|move|p2a: Starmie|Surf|p1a: Flygon
|-damage|p1a: Flygon|65/100
|
|-weather|Sandstorm|[upkeep]
|-damage|p2a: Starmie|94/100|[from] Sandstorm
|-heal|p2a: Starmie|100/100|[from] item: Leftovers
|-heal|p1a: Flygon|71/100|[from] item: Leftovers
|upkeep
|turn|11
|
|t:|1729354628
|move|p1a: Flygon|Protect|p1a: Flygon
|-singleturn|p1a: Flygon|Protect
|move|p2a: Starmie|Rapid Spin|p1a: Flygon
|-activate|p1a: Flygon|Protect
|
|-weather|Sandstorm|[upkeep]
|-damage|p2a: Starmie|94/100|[from] Sandstorm
|-heal|p2a: Starmie|100/100|[from] item: Leftovers
|-heal|p1a: Flygon|77/100|[from] item: Leftovers
|upkeep
|turn|12
|
|t:|1729354633
|move|p2a: Starmie|Rapid Spin|p1a: Flygon
|-damage|p1a: Flygon|75/100
|-sideend|p2: ALlCE|Spikes|[from] move: Rapid Spin|[of] p2a: Starmie
|move|p1a: Flygon|Toxic|p2a: Starmie|[miss]
|-miss|p1a: Flygon|p2a: Starmie
|
|-weather|Sandstorm|[upkeep]
|-damage|p2a: Starmie|94/100|[from] Sandstorm
|-heal|p2a: Starmie|100/100|[from] item: Leftovers
|-heal|p1a: Flygon|81/100|[from] item: Leftovers
|upkeep
|turn|13
|
|t:|1729354640
|switch|p2a: Skarmory|Skarmory, F|100/100
|switch|p1a: Skarmory|Skarmory, M|44/100
|
|-weather|Sandstorm|[upkeep]
|-heal|p1a: Skarmory|50/100|[from] item: Leftovers
|upkeep
|turn|14
|
|t:|1729354644
|move|p2a: Skarmory|Taunt|p1a: Skarmory
|-start|p1a: Skarmory|move: Taunt
|cant|p1a: Skarmory|move: Taunt|Spikes
|
|-weather|Sandstorm|[upkeep]
|-heal|p1a: Skarmory|56/100|[from] item: Leftovers
|upkeep
|turn|15
|
|t:|1729354646
|switch|p1a: Moltres|Moltres|100/100
|move|p2a: Skarmory|Spikes|p1a: Moltres
|-sidestart|p1: Nardgo|Spikes
|
|-weather|Sandstorm|[upkeep]
|-damage|p1a: Moltres|94/100|[from] Sandstorm
|-heal|p1a: Moltres|100/100|[from] item: Leftovers
|upkeep
|turn|16
|
|t:|1729354657
|switch|p2a: Aerodactyl|Aerodactyl, M|100/100
|move|p1a: Moltres|Will-O-Wisp|p2a: Aerodactyl
|-status|p2a: Aerodactyl|brn
|
|-weather|Sandstorm|[upkeep]
|-damage|p1a: Moltres|94/100|[from] Sandstorm
|-damage|p2a: Aerodactyl|88/100 brn|[from] brn
|-heal|p1a: Moltres|100/100|[from] item: Leftovers
|upkeep
|turn|17
|
|t:|1729354664
|switch|p2a: Tyranitar|Tyranitar, M|94/100
|switch|p1a: Flygon|Flygon, M|81/100
|
|-weather|Sandstorm|[upkeep]
|-heal|p1a: Flygon|87/100|[from] item: Leftovers
|-heal|p2a: Tyranitar|99/100|[from] item: Leftovers
|upkeep
|turn|18
|
|t:|1729354668
|move|p1a: Flygon|Protect|p1a: Flygon
|-singleturn|p1a: Flygon|Protect
|move|p2a: Tyranitar|Ice Beam|p1a: Flygon
|-activate|p1a: Flygon|Protect
|
|-weather|Sandstorm|[upkeep]
|-heal|p1a: Flygon|93/100|[from] item: Leftovers
|-heal|p2a: Tyranitar|100/100|[from] item: Leftovers
|upkeep
|turn|19
|
|t:|1729354672
|-activate|p1a: Flygon|move: Pursuit
|move|p2a: Tyranitar|Pursuit|p1a: Flygon|[from]Pursuit
|-damage|p1a: Flygon|50/100
|switch|p1a: Blissey|Blissey, F|100/100
|-damage|p1a: Blissey|88/100|[from] Spikes
|
|-weather|Sandstorm|[upkeep]
|-damage|p1a: Blissey|82/100|[from] Sandstorm
|-heal|p1a: Blissey|88/100|[from] item: Leftovers
|upkeep
|turn|20
|
|t:|1729354678
|switch|p2a: Celebi|Celebi|100/100
|move|p1a: Blissey|Seismic Toss|p2a: Celebi
|-damage|p2a: Celebi|76/100
|
|-weather|Sandstorm|[upkeep]
|-damage|p2a: Celebi|69/100|[from] Sandstorm
|-damage|p1a: Blissey|82/100|[from] Sandstorm
|-heal|p2a: Celebi|76/100|[from] item: Leftovers
|-heal|p1a: Blissey|88/100|[from] item: Leftovers
|upkeep
|turn|21
|
|t:|1729354683
|switch|p1a: Moltres|Moltres|100/100
|move|p2a: Celebi|Leech Seed|p1a: Moltres
|-start|p1a: Moltres|move: Leech Seed
|
|-weather|Sandstorm|[upkeep]
|-damage|p1a: Moltres|94/100|[from] Sandstorm
|-damage|p2a: Celebi|69/100|[from] Sandstorm
|-heal|p1a: Moltres|100/100|[from] item: Leftovers
|-damage|p1a: Moltres|88/100|[from] Leech Seed|[of] p2a: Celebi
|-heal|p2a: Celebi|79/100|[silent]
|-heal|p2a: Celebi|86/100|[from] item: Leftovers
|upkeep
|turn|22
|
|t:|1729354686
|switch|p2a: Tyranitar|Tyranitar, M|100/100
|move|p1a: Moltres|Flamethrower|p2a: Tyranitar
|-resisted|p2a: Tyranitar
|-damage|p2a: Tyranitar|76/100
|
|-weather|Sandstorm|[upkeep]
|-damage|p1a: Moltres|82/100|[from] Sandstorm
|-heal|p1a: Moltres|88/100|[from] item: Leftovers
|-damage|p1a: Moltres|76/100|[from] Leech Seed|[of] p2a: Tyranitar
|-heal|p2a: Tyranitar|86/100|[silent]
|-heal|p2a: Tyranitar|92/100|[from] item: Leftovers
|upkeep
|turn|23
|
|t:|1729354692
|-activate|p1a: Moltres|move: Pursuit
|move|p2a: Tyranitar|Pursuit|p1a: Moltres|[from]Pursuit
|-damage|p1a: Moltres|36/100
|switch|p1a: Blissey|Blissey, F|88/100
|-damage|p1a: Blissey|76/100|[from] Spikes
|
|-weather|Sandstorm|[upkeep]
|-damage|p1a: Blissey|69/100|[from] Sandstorm
|-heal|p2a: Tyranitar|98/100|[from] item: Leftovers
|-heal|p1a: Blissey|76/100|[from] item: Leftovers
|upkeep
|turn|24
|
|t:|1729354695
|switch|p2a: Celebi|Celebi|86/100
|move|p1a: Blissey|Seismic Toss|p2a: Celebi
|-damage|p2a: Celebi|61/100
|
|-weather|Sandstorm|[upkeep]
|-damage|p2a: Celebi|54/100|[from] Sandstorm
|-damage|p1a: Blissey|69/100|[from] Sandstorm
|-heal|p2a: Celebi|61/100|[from] item: Leftovers
|-heal|p1a: Blissey|76/100|[from] item: Leftovers
|upkeep
|turn|25
|
|t:|1729354704
|switch|p1a: Moltres|Moltres|36/100
|move|p2a: Celebi|Leech Seed|p1a: Moltres
|-start|p1a: Moltres|move: Leech Seed
|
|-weather|Sandstorm|[upkeep]
|-damage|p1a: Moltres|29/100|[from] Sandstorm
|-damage|p2a: Celebi|54/100|[from] Sandstorm
|-heal|p1a: Moltres|36/100|[from] item: Leftovers
|-damage|p1a: Moltres|23/100|[from] Leech Seed|[of] p2a: Celebi
|-heal|p2a: Celebi|64/100|[silent]
|-heal|p2a: Celebi|71/100|[from] item: Leftovers
|upkeep
|turn|26
|
|t:|1729354710
|switch|p2a: Tyranitar|Tyranitar, M|98/100
|move|p1a: Moltres|Rest|p1a: Moltres
|-status|p1a: Moltres|slp|[from] move: Rest
|-heal|p1a: Moltres|100/100 slp|[silent]
|
|-weather|Sandstorm|[upkeep]
|-damage|p1a: Moltres|94/100 slp|[from] Sandstorm
|-heal|p1a: Moltres|100/100 slp|[from] item: Leftovers
|-damage|p1a: Moltres|88/100 slp|[from] Leech Seed|[of] p2a: Tyranitar
|-heal|p2a: Tyranitar|100/100|[silent]
|upkeep
|turn|27
|
|t:|1729354714
|-activate|p1a: Moltres|move: Pursuit
|move|p2a: Tyranitar|Pursuit|p1a: Moltres|[from]Pursuit
|-damage|p1a: Moltres|46/100 slp
|switch|p1a: Blissey|Blissey, F|76/100
|-damage|p1a: Blissey|63/100|[from] Spikes
|
|-weather|Sandstorm|[upkeep]
|-damage|p1a: Blissey|57/100|[from] Sandstorm
|-heal|p1a: Blissey|63/100|[from] item: Leftovers
|upkeep
|turn|28
|
|t:|1729354725
|switch|p2a: Celebi|Celebi|71/100
|move|p1a: Blissey|Aromatherapy|p1a: Blissey
|-cureteam|p1a: Blissey|[from] move: Aromatherapy
|
|-weather|Sandstorm|[upkeep]
|-damage|p2a: Celebi|64/100|[from] Sandstorm
|-damage|p1a: Blissey|57/100|[from] Sandstorm
|-heal|p2a: Celebi|71/100|[from] item: Leftovers
|-heal|p1a: Blissey|63/100|[from] item: Leftovers
|upkeep
|turn|29
|
|t:|1729354730
|move|p2a: Celebi|Leech Seed|p1a: Blissey
|-start|p1a: Blissey|move: Leech Seed
|move|p1a: Blissey|Ice Beam|p2a: Celebi
|-supereffective|p2a: Celebi
|-damage|p2a: Celebi|35/100
|
|-weather|Sandstorm|[upkeep]
|-damage|p2a: Celebi|28/100|[from] Sandstorm
|-damage|p1a: Blissey|57/100|[from] Sandstorm
|-heal|p2a: Celebi|35/100|[from] item: Leftovers
|-heal|p1a: Blissey|63/100|[from] item: Leftovers
|-damage|p1a: Blissey|51/100|[from] Leech Seed|[of] p2a: Celebi
|-heal|p2a: Celebi|55/100|[silent]
|upkeep
|turn|30
|
|t:|1729354738
|switch|p1a: Skarmory|Skarmory, M|56/100
|move|p2a: Celebi|Hidden Power|p1a: Skarmory
|-resisted|p1a: Skarmory
|-damage|p1a: Skarmory|50/100
|
|-weather|Sandstorm|[upkeep]
|-damage|p2a: Celebi|49/100|[from] Sandstorm
|-heal|p2a: Celebi|55/100|[from] item: Leftovers
|-heal|p1a: Skarmory|56/100|[from] item: Leftovers
|upkeep
|turn|31
|
|t:|1729354744
|switch|p2a: Tyranitar|Tyranitar, M|100/100
|move|p1a: Skarmory|Spikes|p2a: Tyranitar
|-sidestart|p2: ALlCE|Spikes
|
|-weather|Sandstorm|[upkeep]
|-heal|p1a: Skarmory|62/100|[from] item: Leftovers
|upkeep
|turn|32
|
|t:|1729354747
|move|p1a: Skarmory|Protect|p1a: Skarmory
|-singleturn|p1a: Skarmory|Protect
|move|p2a: Tyranitar|Crunch|p1a: Skarmory
|-activate|p1a: Skarmory|Protect
|
|-weather|Sandstorm|[upkeep]
|-heal|p1a: Skarmory|68/100|[from] item: Leftovers
|upkeep
|turn|33
|
|t:|1729354759
|switch|p1a: Zapdos|Zapdos|100/100
|move|p2a: Tyranitar|Fire Blast|p1a: Zapdos|[miss]
|-miss|p2a: Tyranitar|p1a: Zapdos
|
|-weather|Sandstorm|[upkeep]
|-damage|p1a: Zapdos|94/100|[from] Sandstorm
|-heal|p1a: Zapdos|100/100|[from] item: Leftovers
|upkeep
|turn|34
|
|t:|1729354764
|move|p1a: Zapdos|Thunderbolt|p2a: Tyranitar
|-damage|p2a: Tyranitar|67/100
|move|p2a: Tyranitar|Crunch|p1a: Zapdos
|-damage|p1a: Zapdos|75/100
|
|-weather|Sandstorm|[upkeep]
|-damage|p1a: Zapdos|69/100|[from] Sandstorm
|-heal|p1a: Zapdos|75/100|[from] item: Leftovers
|-heal|p2a: Tyranitar|73/100|[from] item: Leftovers
|upkeep
|turn|35
|
|t:|1729354769
|move|p1a: Zapdos|Thunderbolt|p2a: Tyranitar
|-damage|p2a: Tyranitar|37/100
|move|p2a: Tyranitar|Ice Beam|p1a: Zapdos
|-supereffective|p1a: Zapdos
|-damage|p1a: Zapdos|36/100
|
|-weather|Sandstorm|[upkeep]
|-damage|p1a: Zapdos|30/100|[from] Sandstorm
|-heal|p1a: Zapdos|36/100|[from] item: Leftovers
|-heal|p2a: Tyranitar|43/100|[from] item: Leftovers
|upkeep
|turn|36
|
|t:|1729354774
|move|p1a: Zapdos|Rest|p1a: Zapdos
|-status|p1a: Zapdos|slp|[from] move: Rest
|-heal|p1a: Zapdos|100/100 slp|[silent]
|move|p2a: Tyranitar|Ice Beam|p1a: Zapdos
|-supereffective|p1a: Zapdos
|-damage|p1a: Zapdos|63/100 slp
|
|-weather|Sandstorm|[upkeep]
|-damage|p1a: Zapdos|57/100 slp|[from] Sandstorm
|-heal|p1a: Zapdos|63/100 slp|[from] item: Leftovers
|-heal|p2a: Tyranitar|49/100|[from] item: Leftovers
|upkeep
|turn|37
|
|t:|1729354777
|switch|p1a: Blissey|Blissey, F|51/100
|-damage|p1a: Blissey|38/100|[from] Spikes
|move|p2a: Tyranitar|Ice Beam|p1a: Blissey
|-damage|p1a: Blissey|26/100
|
|-weather|Sandstorm|[upkeep]
|-damage|p1a: Blissey|20/100|[from] Sandstorm
|-heal|p2a: Tyranitar|55/100|[from] item: Leftovers
|-heal|p1a: Blissey|26/100|[from] item: Leftovers
|upkeep
|turn|38
|
|t:|1729354780
|switch|p2a: Starmie|Starmie|100/100
|-damage|p2a: Starmie|88/100|[from] Spikes
|move|p1a: Blissey|Soft-Boiled|p1a: Blissey
|-heal|p1a: Blissey|76/100
|
|-weather|Sandstorm|[upkeep]
|-damage|p2a: Starmie|82/100|[from] Sandstorm
|-damage|p1a: Blissey|70/100|[from] Sandstorm
|-heal|p2a: Starmie|88/100|[from] item: Leftovers
|-heal|p1a: Blissey|76/100|[from] item: Leftovers
|upkeep
|turn|39
|
|t:|1729354788
|switch|p1a: Misdreavus|Misdreavus, F|100/100
|move|p2a: Starmie|Rapid Spin|p1a: Misdreavus
|-immune|p1a: Misdreavus
|
|-weather|Sandstorm|[upkeep]
|-damage|p2a: Starmie|82/100|[from] Sandstorm
|-damage|p1a: Misdreavus|94/100|[from] Sandstorm
|-heal|p2a: Starmie|88/100|[from] item: Leftovers
|-heal|p1a: Misdreavus|100/100|[from] item: Leftovers
|upkeep
|turn|40
|
|t:|1729354791
|move|p2a: Starmie|Thunder Wave|p1a: Misdreavus
|-status|p1a: Misdreavus|par
|move|p1a: Misdreavus|Thunderbolt|p2a: Starmie
|-supereffective|p2a: Starmie
|-damage|p2a: Starmie|46/100
|
|-weather|Sandstorm|[upkeep]
|-damage|p2a: Starmie|40/100|[from] Sandstorm
|-damage|p1a: Misdreavus|94/100 par|[from] Sandstorm
|-heal|p2a: Starmie|46/100|[from] item: Leftovers
|-heal|p1a: Misdreavus|100/100 par|[from] item: Leftovers
|upkeep
|turn|41
|
|t:|1729354798
|move|p2a: Starmie|Recover|p2a: Starmie
|-heal|p2a: Starmie|96/100
|move|p1a: Misdreavus|Mean Look|p2a: Starmie
|-activate|p2a: Starmie|trapped
|
|-weather|Sandstorm|[upkeep]
|-damage|p2a: Starmie|90/100|[from] Sandstorm
|-damage|p1a: Misdreavus|94/100 par|[from] Sandstorm
|-heal|p2a: Starmie|96/100|[from] item: Leftovers
|-heal|p1a: Misdreavus|100/100 par|[from] item: Leftovers
|upkeep
|turn|42
|
|t:|1729354801
|move|p2a: Starmie|Surf|p1a: Misdreavus
|-damage|p1a: Misdreavus|73/100 par
|move|p1a: Misdreavus|Perish Song|p1a: Misdreavus
|-start|p1a: Misdreavus|perish3|[silent]
|-start|p2a: Starmie|perish3|[silent]
|-fieldactivate|move: Perish Song
|
|-weather|Sandstorm|[upkeep]
|-damage|p2a: Starmie|90/100|[from] Sandstorm
|-damage|p1a: Misdreavus|67/100 par|[from] Sandstorm
|-heal|p2a: Starmie|96/100|[from] item: Leftovers
|-heal|p1a: Misdreavus|73/100 par|[from] item: Leftovers
|-start|p2a: Starmie|perish3
|-start|p1a: Misdreavus|perish3
|upkeep
|turn|43
|
|t:|1729354805
|move|p2a: Starmie|Surf|p1a: Misdreavus
|-crit|p1a: Misdreavus
|-damage|p1a: Misdreavus|14/100 par
|move|p1a: Misdreavus|Rest|p1a: Misdreavus
|-status|p1a: Misdreavus|slp|[from] move: Rest
|-heal|p1a: Misdreavus|100/100 slp|[silent]
|
|-weather|Sandstorm|[upkeep]
|-damage|p2a: Starmie|90/100|[from] Sandstorm
|-damage|p1a: Misdreavus|94/100 slp|[from] Sandstorm
|-heal|p2a: Starmie|96/100|[from] item: Leftovers
|-heal|p1a: Misdreavus|100/100 slp|[from] item: Leftovers
|-start|p2a: Starmie|perish2
|-start|p1a: Misdreavus|perish2
|upkeep
|turn|44
|
|t:|1729354808
|move|p2a: Starmie|Surf|p1a: Misdreavus
|-damage|p1a: Misdreavus|72/100 slp
|cant|p1a: Misdreavus|slp
|
|-weather|Sandstorm|[upkeep]
|-damage|p2a: Starmie|90/100|[from] Sandstorm
|-damage|p1a: Misdreavus|66/100 slp|[from] Sandstorm
|-heal|p2a: Starmie|96/100|[from] item: Leftovers
|-heal|p1a: Misdreavus|72/100 slp|[from] item: Leftovers
|-start|p2a: Starmie|perish1
|-start|p1a: Misdreavus|perish1
|upkeep
|turn|45
|
|t:|1729354811
|switch|p1a: Blissey|Blissey, F|76/100
|-damage|p1a: Blissey|64/100|[from] Spikes
|move|p2a: Starmie|Rapid Spin|p1a: Blissey
|-damage|p1a: Blissey|61/100
|-sideend|p2: ALlCE|Spikes|[from] move: Rapid Spin|[of] p2a: Starmie
|
|-weather|Sandstorm|[upkeep]
|-damage|p2a: Starmie|90/100|[from] Sandstorm
|-damage|p1a: Blissey|54/100|[from] Sandstorm
|-heal|p2a: Starmie|96/100|[from] item: Leftovers
|-heal|p1a: Blissey|61/100|[from] item: Leftovers
|-start|p2a: Starmie|perish0
|upkeep
|faint|p2a: Starmie
|
|t:|1729354818
|switch|p2a: Metagross|Metagross|100/100
|turn|46
|
|t:|1729354829
|switch|p1a: Misdreavus|Misdreavus, F|72/100 slp
|move|p2a: Metagross|Meteor Mash|p1a: Misdreavus
|-damage|p1a: Misdreavus|0 fnt
|faint|p1a: Misdreavus
|
|t:|1729354832
|switch|p1a: Skarmory|Skarmory, M|68/100
|
|-weather|Sandstorm|[upkeep]
|-heal|p1a: Skarmory|74/100|[from] item: Leftovers
|upkeep
|turn|47
|
|t:|1729354834
|switch|p2a: Skarmory|Skarmory, F|100/100
|move|p1a: Skarmory|Spikes|p2a: Skarmory
|-sidestart|p2: ALlCE|Spikes
|
|-weather|Sandstorm|[upkeep]
|-heal|p1a: Skarmory|80/100|[from] item: Leftovers
|upkeep
|turn|48
|
|t:|1729354840
|switch|p1a: Moltres|Moltres|46/100
|move|p2a: Skarmory|Spikes|p1a: Moltres
|-sidestart|p1: Nardgo|Spikes
|
|-weather|Sandstorm|[upkeep]
|-damage|p1a: Moltres|40/100|[from] Sandstorm
|-heal|p1a: Moltres|46/100|[from] item: Leftovers
|upkeep
|turn|49
|
|t:|1729354847
|switch|p2a: Aerodactyl|Aerodactyl, M|88/100 brn
|move|p1a: Moltres|Flamethrower|p2a: Aerodactyl
|-resisted|p2a: Aerodactyl
|-damage|p2a: Aerodactyl|50/100 brn
|
|-weather|Sandstorm|[upkeep]
|-damage|p1a: Moltres|40/100|[from] Sandstorm
|-damage|p2a: Aerodactyl|38/100 brn|[from] brn
|-heal|p1a: Moltres|46/100|[from] item: Leftovers
|upkeep
|turn|50
|
|t:|1729354859
|switch|p2a: Skarmory|Skarmory, F|100/100
|switch|p1a: Skarmory|Skarmory, M|80/100
|
|-weather|Sandstorm|[upkeep]
|-heal|p1a: Skarmory|86/100|[from] item: Leftovers
|upkeep
|turn|51
|
|t:|1729354862
|switch|p1a: Blissey|Blissey, F|61/100
|-damage|p1a: Blissey|44/100|[from] Spikes
|move|p2a: Skarmory|Toxic|p1a: Blissey|[miss]
|-miss|p2a: Skarmory|p1a: Blissey
|
|-weather|Sandstorm|[upkeep]
|-damage|p1a: Blissey|38/100|[from] Sandstorm
|-heal|p1a: Blissey|44/100|[from] item: Leftovers
|upkeep
|turn|52
|
|t:|1729354866
|move|p2a: Skarmory|Taunt|p1a: Blissey
|-start|p1a: Blissey|move: Taunt
|move|p1a: Blissey|Seismic Toss|p2a: Skarmory
|-damage|p2a: Skarmory|71/100
|
|-weather|Sandstorm|[upkeep]
|-damage|p1a: Blissey|38/100|[from] Sandstorm
|-heal|p2a: Skarmory|77/100|[from] item: Leftovers
|-heal|p1a: Blissey|44/100|[from] item: Leftovers
|upkeep
|turn|53
|
|t:|1729354883
|move|p2a: Skarmory|Toxic|p1a: Blissey
|-status|p1a: Blissey|tox
|move|p1a: Blissey|Seismic Toss|p2a: Skarmory
|-damage|p2a: Skarmory|47/100
|
|-weather|Sandstorm|[upkeep]
|-damage|p1a: Blissey|38/100 tox|[from] Sandstorm
|-heal|p2a: Skarmory|53/100|[from] item: Leftovers
|-heal|p1a: Blissey|44/100 tox|[from] item: Leftovers
|-damage|p1a: Blissey|38/100 tox|[from] psn
|-end|p1a: Blissey|move: Taunt|[silent]
|upkeep
|turn|54
|
|t:|1729354888
|-curestatus|p1a: Blissey|tox|[from] ability: Natural Cure
|switch|p1a: Moltres|Moltres|46/100
|move|p2a: Skarmory|Spikes|p1a: Moltres
|-sidestart|p1: Nardgo|Spikes
|
|-weather|Sandstorm|[upkeep]
|-damage|p1a: Moltres|40/100|[from] Sandstorm
|-heal|p1a: Moltres|46/100|[from] item: Leftovers
|-heal|p2a: Skarmory|59/100|[from] item: Leftovers
|upkeep
|turn|55
|
|t:|1729354896
|switch|p2a: Aerodactyl|Aerodactyl, M|38/100 brn
|move|p1a: Moltres|Flamethrower|p2a: Aerodactyl
|-resisted|p2a: Aerodactyl
|-damage|p2a: Aerodactyl|0 fnt
|faint|p2a: Aerodactyl
|
|t:|1729354898
|switch|p2a: Tyranitar|Tyranitar, M|55/100
|-damage|p2a: Tyranitar|43/100|[from] Spikes
|
|-weather|Sandstorm|[upkeep]
|-damage|p1a: Moltres|40/100|[from] Sandstorm
|-heal|p1a: Moltres|46/100|[from] item: Leftovers
|-heal|p2a: Tyranitar|49/100|[from] item: Leftovers
|upkeep
|turn|56
|
|t:|1729354902
|move|p1a: Moltres|Hidden Power|p2a: Tyranitar
|-supereffective|p2a: Tyranitar
|-damage|p2a: Tyranitar|4/100
|move|p2a: Tyranitar|Crunch|p1a: Moltres
|-damage|p1a: Moltres|0 fnt
|faint|p1a: Moltres
|c|☆Nardgo|I should have calc'd
|
|t:|1729354922
|switch|p1a: Flygon|Flygon, M|50/100
|
|-weather|Sandstorm|[upkeep]
|-heal|p1a: Flygon|56/100|[from] item: Leftovers
|-heal|p2a: Tyranitar|10/100|[from] item: Leftovers
|upkeep
|turn|57
|
|t:|1729354926
|switch|p2a: Skarmory|Skarmory, F|59/100
|move|p1a: Flygon|Rock Slide|p2a: Skarmory
|-crit|p2a: Skarmory
|-damage|p2a: Skarmory|31/100
|
|-weather|Sandstorm|[upkeep]
|-heal|p1a: Flygon|62/100|[from] item: Leftovers
|-heal|p2a: Skarmory|37/100|[from] item: Leftovers
|upkeep
|turn|58
|
|t:|1729354931
|move|p1a: Flygon|Protect|p1a: Flygon
|-singleturn|p1a: Flygon|Protect
|move|p2a: Skarmory|Toxic|p1a: Flygon
|-activate|p1a: Flygon|Protect
|
|-weather|Sandstorm|[upkeep]
|-heal|p1a: Flygon|68/100|[from] item: Leftovers
|-heal|p2a: Skarmory|43/100|[from] item: Leftovers
|upkeep
|turn|59
|
|t:|1729354935
|switch|p1a: Skarmory|Skarmory, M|86/100
|move|p2a: Skarmory|Toxic|p1a: Skarmory
|-immune|p1a: Skarmory
|
|-weather|Sandstorm|[upkeep]
|-heal|p2a: Skarmory|49/100|[from] item: Leftovers
|-heal|p1a: Skarmory|92/100|[from] item: Leftovers
|upkeep
|turn|60
|
|t:|1729354937
|move|p1a: Skarmory|Drill Peck|p2a: Skarmory
|-resisted|p2a: Skarmory
|-damage|p2a: Skarmory|41/100
|move|p2a: Skarmory|Taunt|p1a: Skarmory
|-start|p1a: Skarmory|move: Taunt
|
|-weather|Sandstorm|[upkeep]
|-heal|p2a: Skarmory|47/100|[from] item: Leftovers
|-heal|p1a: Skarmory|98/100|[from] item: Leftovers
|upkeep
|turn|61
|
|t:|1729354949
|move|p1a: Skarmory|Drill Peck|p2a: Skarmory
|-resisted|p2a: Skarmory
|-crit|p2a: Skarmory
|-damage|p2a: Skarmory|28/100
|move|p2a: Skarmory|Taunt||[still]
|-fail|p2a: Skarmory
|
|-weather|Sandstorm|[upkeep]
|-heal|p2a: Skarmory|34/100|[from] item: Leftovers
|-heal|p1a: Skarmory|100/100|[from] item: Leftovers
|-end|p1a: Skarmory|move: Taunt|[silent]
|upkeep
|turn|62
|
|t:|1729354969
|move|p2a: Skarmory|Taunt|p1a: Skarmory
|-start|p1a: Skarmory|move: Taunt
|cant|p1a: Skarmory|move: Taunt|Spikes
|
|-weather|Sandstorm|[upkeep]
|-heal|p2a: Skarmory|40/100|[from] item: Leftovers
|upkeep
|turn|63
|
|t:|1729354972
|move|p1a: Skarmory|Drill Peck|p2a: Skarmory
|-resisted|p2a: Skarmory
|-damage|p2a: Skarmory|32/100
|move|p2a: Skarmory|Spikes||[still]
|-fail|p2a: Skarmory
|
|-weather|Sandstorm|[upkeep]
|-heal|p2a: Skarmory|38/100|[from] item: Leftovers
|-end|p1a: Skarmory|move: Taunt|[silent]
|upkeep
|turn|64
|
|t:|1729354975
|move|p2a: Skarmory|Taunt|p1a: Skarmory
|-start|p1a: Skarmory|move: Taunt
|move|p1a: Skarmory|Drill Peck|p2a: Skarmory
|-resisted|p2a: Skarmory
|-damage|p2a: Skarmory|30/100
|
|-weather|Sandstorm|[upkeep]
|-heal|p2a: Skarmory|36/100|[from] item: Leftovers
|upkeep
|turn|65
|
|t:|1729354988
|move|p1a: Skarmory|Drill Peck|p2a: Skarmory
|-resisted|p2a: Skarmory
|-damage|p2a: Skarmory|26/100
|move|p2a: Skarmory|Whirlwind|p1a: Skarmory
|drag|p1a: Blissey|Blissey, F|38/100
|-damage|p1a: Blissey|13/100|[from] Spikes
|
|-weather|Sandstorm|[upkeep]
|-damage|p1a: Blissey|7/100|[from] Sandstorm
|-heal|p2a: Skarmory|32/100|[from] item: Leftovers
|-heal|p1a: Blissey|13/100|[from] item: Leftovers
|upkeep
|turn|66
|
|t:|1729354999
|switch|p2a: Tyranitar|Tyranitar, M|10/100
|-damage|p2a: Tyranitar|0 fnt|[from] Spikes
|faint|p2a: Tyranitar
|
|t:|1729355002
|switch|p2a: Metagross|Metagross|100/100
|-damage|p2a: Metagross|88/100|[from] Spikes
|
|-weather|Sandstorm|[upkeep]
|-damage|p1a: Blissey|7/100|[from] Sandstorm
|-heal|p2a: Metagross|94/100|[from] item: Leftovers
|-heal|p1a: Blissey|13/100|[from] item: Leftovers
|upkeep
|turn|67
|
|t:|1729355006
|move|p2a: Metagross|Earthquake|p1a: Blissey
|-damage|p1a: Blissey|0 fnt
|faint|p1a: Blissey
|
|t:|1729355011
|switch|p1a: Skarmory|Skarmory, M|100/100
|
|-weather|Sandstorm|[upkeep]
|-heal|p2a: Metagross|99/100|[from] item: Leftovers
|upkeep
|turn|68
|
|t:|1729355015
|move|p2a: Metagross|Meteor Mash|p1a: Skarmory|[miss]
|-miss|p2a: Metagross|p1a: Skarmory
|move|p1a: Skarmory|Spikes|p2a: Metagross
|-sidestart|p2: ALlCE|Spikes
|
|-weather|Sandstorm|[upkeep]
|-heal|p2a: Metagross|100/100|[from] item: Leftovers
|upkeep
|turn|69
|
|t:|1729355021
|move|p2a: Metagross|Meteor Mash|p1a: Skarmory
|-resisted|p1a: Skarmory
|-damage|p1a: Skarmory|80/100
|move|p1a: Skarmory|Spikes|p2a: Metagross
|-sidestart|p2: ALlCE|Spikes
|
|-weather|Sandstorm|[upkeep]
|-heal|p1a: Skarmory|86/100|[from] item: Leftovers
|upkeep
|turn|70
|
|t:|1729355025
|move|p1a: Skarmory|Protect|p1a: Skarmory
|-singleturn|p1a: Skarmory|Protect
|move|p2a: Metagross|Meteor Mash|p1a: Skarmory
|-activate|p1a: Skarmory|Protect
|
|-weather|Sandstorm|[upkeep]
|-heal|p1a: Skarmory|92/100|[from] item: Leftovers
|upkeep
|turn|71
|
|t:|1729355027
|move|p2a: Metagross|Meteor Mash|p1a: Skarmory
|-resisted|p1a: Skarmory
|-damage|p1a: Skarmory|72/100
|move|p1a: Skarmory|Roar|p2a: Metagross
|drag|p2a: Celebi|Celebi|55/100
|-damage|p2a: Celebi|30/100|[from] Spikes
|
|-weather|Sandstorm|[upkeep]
|-damage|p2a: Celebi|24/100|[from] Sandstorm
|-heal|p2a: Celebi|30/100|[from] item: Leftovers
|-heal|p1a: Skarmory|78/100|[from] item: Leftovers
|upkeep
|turn|72
|
|t:|1729355031
|move|p2a: Celebi|Recover|p2a: Celebi
|-heal|p2a: Celebi|80/100
|move|p1a: Skarmory|Drill Peck|p2a: Celebi
|-supereffective|p2a: Celebi
|-damage|p2a: Celebi|39/100
|
|-weather|Sandstorm|[upkeep]
|-damage|p2a: Celebi|33/100|[from] Sandstorm
|-heal|p2a: Celebi|39/100|[from] item: Leftovers
|-heal|p1a: Skarmory|84/100|[from] item: Leftovers
|upkeep
|turn|73
|
|t:|1729355034
|move|p2a: Celebi|Recover|p2a: Celebi
|-heal|p2a: Celebi|89/100
|move|p1a: Skarmory|Drill Peck|p2a: Celebi
|-supereffective|p2a: Celebi
|-damage|p2a: Celebi|50/100
|
|-weather|Sandstorm|[upkeep]
|-damage|p2a: Celebi|43/100|[from] Sandstorm
|-heal|p2a: Celebi|50/100|[from] item: Leftovers
|-heal|p1a: Skarmory|90/100|[from] item: Leftovers
|upkeep
|turn|74
|
|t:|1729355037
|move|p2a: Celebi|Recover|p2a: Celebi
|-heal|p2a: Celebi|99/100
|move|p1a: Skarmory|Drill Peck|p2a: Celebi
|-supereffective|p2a: Celebi
|-crit|p2a: Celebi
|-damage|p2a: Celebi|30/100
|
|-weather|Sandstorm|[upkeep]
|-damage|p2a: Celebi|24/100|[from] Sandstorm
|-heal|p2a: Celebi|30/100|[from] item: Leftovers
|-heal|p1a: Skarmory|96/100|[from] item: Leftovers
|upkeep
|turn|75
|
|t:|1729355043
|move|p2a: Celebi|Recover|p2a: Celebi
|-heal|p2a: Celebi|80/100
|move|p1a: Skarmory|Drill Peck|p2a: Celebi
|-supereffective|p2a: Celebi
|-damage|p2a: Celebi|41/100
|
|-weather|Sandstorm|[upkeep]
|-damage|p2a: Celebi|35/100|[from] Sandstorm
|-heal|p2a: Celebi|41/100|[from] item: Leftovers
|-heal|p1a: Skarmory|100/100|[from] item: Leftovers
|upkeep
|turn|76
|
|t:|1729355046
|move|p2a: Celebi|Recover|p2a: Celebi
|-heal|p2a: Celebi|91/100
|move|p1a: Skarmory|Drill Peck|p2a: Celebi
|-supereffective|p2a: Celebi
|-crit|p2a: Celebi
|-damage|p2a: Celebi|14/100
|
|-weather|Sandstorm|[upkeep]
|-damage|p2a: Celebi|8/100|[from] Sandstorm
|-heal|p2a: Celebi|14/100|[from] item: Leftovers
|upkeep
|turn|77
|
|t:|1729355048
|move|p2a: Celebi|Recover|p2a: Celebi
|-heal|p2a: Celebi|64/100
|move|p1a: Skarmory|Drill Peck|p2a: Celebi
|-supereffective|p2a: Celebi
|-damage|p2a: Celebi|24/100
|
|-weather|Sandstorm|[upkeep]
|-damage|p2a: Celebi|18/100|[from] Sandstorm
|-heal|p2a: Celebi|24/100|[from] item: Leftovers
|upkeep
|turn|78
|
|t:|1729355051
|move|p2a: Celebi|Recover|p2a: Celebi
|-heal|p2a: Celebi|74/100
|move|p1a: Skarmory|Drill Peck|p2a: Celebi
|-supereffective|p2a: Celebi
|-damage|p2a: Celebi|36/100
|
|-weather|Sandstorm|[upkeep]
|-damage|p2a: Celebi|29/100|[from] Sandstorm
|-heal|p2a: Celebi|36/100|[from] item: Leftovers
|upkeep
|turn|79
|
|t:|1729355054
|move|p2a: Celebi|Recover|p2a: Celebi
|-heal|p2a: Celebi|86/100
|move|p1a: Skarmory|Drill Peck|p2a: Celebi
|-supereffective|p2a: Celebi
|-damage|p2a: Celebi|47/100
|
|-weather|Sandstorm|[upkeep]
|-damage|p2a: Celebi|40/100|[from] Sandstorm
|-heal|p2a: Celebi|47/100|[from] item: Leftovers
|upkeep
|turn|80
|
|t:|1729355059
|move|p2a: Celebi|Recover|p2a: Celebi
|-heal|p2a: Celebi|97/100
|move|p1a: Skarmory|Roar|p2a: Celebi
|drag|p2a: Metagross|Metagross|100/100
|-damage|p2a: Metagross|75/100|[from] Spikes
|
|-weather|Sandstorm|[upkeep]
|-heal|p2a: Metagross|82/100|[from] item: Leftovers
|upkeep
|turn|81
|
|t:|1729355062
|move|p2a: Metagross|Meteor Mash|p1a: Skarmory
|-resisted|p1a: Skarmory
|-damage|p1a: Skarmory|79/100
|move|p1a: Skarmory|Roar|p2a: Metagross
|drag|p2a: Celebi|Celebi|97/100
|-damage|p2a: Celebi|72/100|[from] Spikes
|
|-weather|Sandstorm|[upkeep]
|-damage|p2a: Celebi|65/100|[from] Sandstorm
|-heal|p2a: Celebi|72/100|[from] item: Leftovers
|-heal|p1a: Skarmory|85/100|[from] item: Leftovers
|upkeep
|turn|82
|
|t:|1729355067
|move|p1a: Skarmory|Protect|p1a: Skarmory
|-singleturn|p1a: Skarmory|Protect
|move|p2a: Celebi|Leech Seed|p1a: Skarmory
|-activate|p1a: Skarmory|Protect
|
|-weather|Sandstorm|[upkeep]
|-damage|p2a: Celebi|65/100|[from] Sandstorm
|-heal|p2a: Celebi|72/100|[from] item: Leftovers
|-heal|p1a: Skarmory|91/100|[from] item: Leftovers
|upkeep
|turn|83
|
|t:|1729355078
|move|p2a: Celebi|Leech Seed|p1a: Skarmory
|-start|p1a: Skarmory|move: Leech Seed
|move|p1a: Skarmory|Roar|p2a: Celebi
|drag|p2a: Skarmory|Skarmory, F|32/100
|
|-weather|Sandstorm|[upkeep]
|-heal|p2a: Skarmory|38/100|[from] item: Leftovers
|-heal|p1a: Skarmory|97/100|[from] item: Leftovers
|-damage|p1a: Skarmory|85/100|[from] Leech Seed|[of] p2a: Skarmory
|-heal|p2a: Skarmory|50/100|[silent]
|upkeep
|turn|84
|
|t:|1729355084
|switch|p1a: Zapdos|Zapdos|63/100 slp
|move|p2a: Skarmory|Toxic||[still]
|-fail|p2a: Skarmory
|
|-weather|Sandstorm|[upkeep]
|-damage|p1a: Zapdos|57/100 slp|[from] Sandstorm
|-heal|p1a: Zapdos|63/100 slp|[from] item: Leftovers
|-heal|p2a: Skarmory|56/100|[from] item: Leftovers
|upkeep
|turn|85
|
|t:|1729355086
|switch|p2a: Metagross|Metagross|82/100
|-damage|p2a: Metagross|57/100|[from] Spikes
|cant|p1a: Zapdos|slp
|
|-weather|Sandstorm|[upkeep]
|-damage|p1a: Zapdos|57/100 slp|[from] Sandstorm
|-heal|p1a: Zapdos|63/100 slp|[from] item: Leftovers
|-heal|p2a: Metagross|63/100|[from] item: Leftovers
|upkeep
|turn|86
|
|t:|1729355091
|switch|p1a: Skarmory|Skarmory, M|85/100
|move|p2a: Metagross|Meteor Mash|p1a: Skarmory
|-resisted|p1a: Skarmory
|-damage|p1a: Skarmory|65/100
|
|-weather|Sandstorm|[upkeep]
|-heal|p2a: Metagross|69/100|[from] item: Leftovers
|-heal|p1a: Skarmory|71/100|[from] item: Leftovers
|upkeep
|turn|87
|
|t:|1729355113
|move|p2a: Metagross|Meteor Mash|p1a: Skarmory|[miss]
|-miss|p2a: Metagross|p1a: Skarmory
|move|p1a: Skarmory|Roar|p2a: Metagross
|drag|p2a: Celebi|Celebi|72/100
|-damage|p2a: Celebi|47/100|[from] Spikes
|
|-weather|Sandstorm|[upkeep]
|-damage|p2a: Celebi|41/100|[from] Sandstorm
|-heal|p2a: Celebi|47/100|[from] item: Leftovers
|-heal|p1a: Skarmory|77/100|[from] item: Leftovers
|upkeep
|turn|88
|
|t:|1729355121
|move|p2a: Celebi|Recover|p2a: Celebi
|-heal|p2a: Celebi|97/100
|move|p1a: Skarmory|Roar|p2a: Celebi
|drag|p2a: Skarmory|Skarmory, F|56/100
|
|-weather|Sandstorm|[upkeep]
|-heal|p1a: Skarmory|83/100|[from] item: Leftovers
|-heal|p2a: Skarmory|62/100|[from] item: Leftovers
|upkeep
|turn|89
|
|t:|1729355130
|move|p1a: Skarmory|Roar|p2a: Skarmory
|drag|p2a: Celebi|Celebi|97/100
|-damage|p2a: Celebi|72/100|[from] Spikes
|
|-weather|Sandstorm|[upkeep]
|-damage|p2a: Celebi|66/100|[from] Sandstorm
|-heal|p2a: Celebi|72/100|[from] item: Leftovers
|-heal|p1a: Skarmory|89/100|[from] item: Leftovers
|upkeep
|turn|90
|
|t:|1729355137
|move|p1a: Skarmory|Protect|p1a: Skarmory
|-singleturn|p1a: Skarmory|Protect
|move|p2a: Celebi|Leech Seed|p1a: Skarmory
|-activate|p1a: Skarmory|Protect
|
|-weather|Sandstorm|[upkeep]
|-damage|p2a: Celebi|66/100|[from] Sandstorm
|-heal|p2a: Celebi|72/100|[from] item: Leftovers
|-heal|p1a: Skarmory|95/100|[from] item: Leftovers
|upkeep
|turn|91
|
|t:|1729355144
|move|p2a: Celebi|Leech Seed|p1a: Skarmory
|-start|p1a: Skarmory|move: Leech Seed
|move|p1a: Skarmory|Roar|p2a: Celebi
|drag|p2a: Metagross|Metagross|69/100
|-damage|p2a: Metagross|44/100|[from] Spikes
|
|-weather|Sandstorm|[upkeep]
|-heal|p2a: Metagross|50/100|[from] item: Leftovers
|-heal|p1a: Skarmory|100/100|[from] item: Leftovers
|-damage|p1a: Skarmory|88/100|[from] Leech Seed|[of] p2a: Metagross
|-heal|p2a: Metagross|61/100|[silent]
|upkeep
|turn|92
|
|t:|1729355147
|move|p2a: Metagross|Meteor Mash|p1a: Skarmory
|-resisted|p1a: Skarmory
|-damage|p1a: Skarmory|69/100
|-boost|p2a: Metagross|atk|1
|move|p1a: Skarmory|Roar|p2a: Metagross
|drag|p2a: Skarmory|Skarmory, F|62/100
|
|-weather|Sandstorm|[upkeep]
|-heal|p2a: Skarmory|68/100|[from] item: Leftovers
|-heal|p1a: Skarmory|75/100|[from] item: Leftovers
|-damage|p1a: Skarmory|63/100|[from] Leech Seed|[of] p2a: Skarmory
|-heal|p2a: Skarmory|81/100|[silent]
|upkeep
|turn|93
|
|t:|1729355153
|switch|p2a: Metagross|Metagross|61/100
|-damage|p2a: Metagross|36/100|[from] Spikes
|switch|p1a: Zapdos|Zapdos|63/100 slp
|
|-weather|Sandstorm|[upkeep]
|-damage|p1a: Zapdos|57/100 slp|[from] Sandstorm
|-heal|p1a: Zapdos|63/100 slp|[from] item: Leftovers
|-heal|p2a: Metagross|42/100|[from] item: Leftovers
|upkeep
|turn|94
|
|t:|1729355158
|switch|p1a: Skarmory|Skarmory, M|63/100
|move|p2a: Metagross|Explosion|p1a: Skarmory
|-resisted|p1a: Skarmory
|-damage|p1a: Skarmory|0 fnt
|faint|p2a: Metagross
|faint|p1a: Skarmory
|
|t:|1729355166
|switch|p2a: Celebi|Celebi|72/100
|switch|p1a: Zapdos|Zapdos|63/100 slp
|-damage|p2a: Celebi|47/100|[from] Spikes
|
|-weather|Sandstorm|[upkeep]
|-damage|p2a: Celebi|41/100|[from] Sandstorm
|-damage|p1a: Zapdos|57/100 slp|[from] Sandstorm
|-heal|p2a: Celebi|47/100|[from] item: Leftovers
|-heal|p1a: Zapdos|63/100 slp|[from] item: Leftovers
|upkeep
|turn|95
|
|t:|1729355170
|move|p2a: Celebi|Recover|p2a: Celebi
|-heal|p2a: Celebi|97/100
|cant|p1a: Zapdos|slp
|
|-weather|Sandstorm|[upkeep]
|-damage|p2a: Celebi|91/100|[from] Sandstorm
|-damage|p1a: Zapdos|57/100 slp|[from] Sandstorm
|-heal|p2a: Celebi|97/100|[from] item: Leftovers
|-heal|p1a: Zapdos|63/100 slp|[from] item: Leftovers
|upkeep
|turn|96
|
|t:|1729355179
|move|p2a: Celebi|Leech Seed|p1a: Zapdos
|-start|p1a: Zapdos|move: Leech Seed
|-curestatus|p1a: Zapdos|slp|[msg]
|move|p1a: Zapdos|Rest|p1a: Zapdos
|-status|p1a: Zapdos|slp|[from] move: Rest
|-heal|p1a: Zapdos|100/100 slp|[silent]
|
|-weather|Sandstorm|[upkeep]
|-damage|p2a: Celebi|91/100|[from] Sandstorm
|-damage|p1a: Zapdos|94/100 slp|[from] Sandstorm
|-heal|p2a: Celebi|97/100|[from] item: Leftovers
|-heal|p1a: Zapdos|100/100 slp|[from] item: Leftovers
|-damage|p1a: Zapdos|88/100 slp|[from] Leech Seed|[of] p2a: Celebi
|-heal|p2a: Celebi|100/100|[silent]
|upkeep
|turn|97
|
|t:|1729355188
|switch|p1a: Flygon|Flygon, M|68/100
|move|p2a: Celebi|Hidden Power|p1a: Flygon
|-damage|p1a: Flygon|38/100
|
|-weather|Sandstorm|[upkeep]
|-damage|p2a: Celebi|94/100|[from] Sandstorm
|-heal|p2a: Celebi|100/100|[from] item: Leftovers
|-heal|p1a: Flygon|44/100|[from] item: Leftovers
|upkeep
|turn|98
|
|t:|1729355191
|move|p1a: Flygon|Protect|p1a: Flygon
|-singleturn|p1a: Flygon|Protect
|move|p2a: Celebi|Hidden Power|p1a: Flygon
|-activate|p1a: Flygon|Protect
|
|-weather|Sandstorm|[upkeep]
|-damage|p2a: Celebi|94/100|[from] Sandstorm
|-heal|p2a: Celebi|100/100|[from] item: Leftovers
|-heal|p1a: Flygon|50/100|[from] item: Leftovers
|upkeep
|turn|99
|
|t:|1729355193
|switch|p1a: Zapdos|Zapdos|88/100 slp
|move|p2a: Celebi|Leech Seed|p1a: Zapdos
|-start|p1a: Zapdos|move: Leech Seed
|
|-weather|Sandstorm|[upkeep]
|-damage|p2a: Celebi|94/100|[from] Sandstorm
|-damage|p1a: Zapdos|82/100 slp|[from] Sandstorm
|-heal|p2a: Celebi|100/100|[from] item: Leftovers
|-heal|p1a: Zapdos|88/100 slp|[from] item: Leftovers
|-damage|p1a: Zapdos|76/100 slp|[from] Leech Seed|[of] p2a: Celebi
|upkeep
|turn|100
|
|t:|1729355199
|switch|p1a: Flygon|Flygon, M|50/100
|move|p2a: Celebi|Hidden Power|p1a: Flygon
|-crit|p1a: Flygon
|-damage|p1a: Flygon|0 fnt
|faint|p1a: Flygon
|
|t:|1729355202
|switch|p1a: Zapdos|Zapdos|76/100 slp
|
|-weather|Sandstorm|[upkeep]
|-damage|p2a: Celebi|94/100|[from] Sandstorm
|-damage|p1a: Zapdos|69/100 slp|[from] Sandstorm
|-heal|p2a: Celebi|100/100|[from] item: Leftovers
|-heal|p1a: Zapdos|76/100 slp|[from] item: Leftovers
|upkeep
|turn|101
|c|☆Nardgo|damn gg
|
|t:|1729355212
|move|p2a: Celebi|Leech Seed|p1a: Zapdos
|-start|p1a: Zapdos|move: Leech Seed
|cant|p1a: Zapdos|slp
|
|-weather|Sandstorm|[upkeep]
|-damage|p2a: Celebi|94/100|[from] Sandstorm
|-damage|p1a: Zapdos|69/100 slp|[from] Sandstorm
|-heal|p2a: Celebi|100/100|[from] item: Leftovers
|-heal|p1a: Zapdos|76/100 slp|[from] item: Leftovers
|-damage|p1a: Zapdos|63/100 slp|[from] Leech Seed|[of] p2a: Celebi
|upkeep
|turn|102
|
|t:|1729355216
|move|p2a: Celebi|Hidden Power|p1a: Zapdos
|-resisted|p1a: Zapdos
|-damage|p1a: Zapdos|53/100 slp
|cant|p1a: Zapdos|slp
|
|-weather|Sandstorm|[upkeep]
|-damage|p2a: Celebi|94/100|[from] Sandstorm
|-damage|p1a: Zapdos|47/100 slp|[from] Sandstorm
|-heal|p2a: Celebi|100/100|[from] item: Leftovers
|-heal|p1a: Zapdos|53/100 slp|[from] item: Leftovers
|-damage|p1a: Zapdos|40/100 slp|[from] Leech Seed|[of] p2a: Celebi
|upkeep
|turn|103
|
|t:|1729355224
|move|p2a: Celebi|Hidden Power|p1a: Zapdos
|-resisted|p1a: Zapdos
|-damage|p1a: Zapdos|30/100 slp
|-curestatus|p1a: Zapdos|slp|[msg]
|move|p1a: Zapdos|Rest|p1a: Zapdos
|-status|p1a: Zapdos|slp|[from] move: Rest
|-heal|p1a: Zapdos|100/100 slp|[silent]
|
|-weather|Sandstorm|[upkeep]
|-damage|p2a: Celebi|94/100|[from] Sandstorm
|-damage|p1a: Zapdos|94/100 slp|[from] Sandstorm
|-heal|p2a: Celebi|100/100|[from] item: Leftovers
|-heal|p1a: Zapdos|100/100 slp|[from] item: Leftovers
|-damage|p1a: Zapdos|88/100 slp|[from] Leech Seed|[of] p2a: Celebi
|upkeep
|turn|104
|
|t:|1729355228
|switch|p2a: Skarmory|Skarmory, F|81/100
|cant|p1a: Zapdos|slp
|move|p1a: Zapdos|Sleep Talk|p1a: Zapdos
|move|p1a: Zapdos|Thunderbolt|p2a: Skarmory|[from]Sleep Talk
|-supereffective|p2a: Skarmory
|-damage|p2a: Skarmory|6/100
|
|-weather|Sandstorm|[upkeep]
|-damage|p1a: Zapdos|82/100 slp|[from] Sandstorm
|-heal|p1a: Zapdos|88/100 slp|[from] item: Leftovers
|-damage|p1a: Zapdos|76/100 slp|[from] Leech Seed|[of] p2a: Skarmory
|-heal|p2a: Skarmory|20/100|[silent]
|-heal|p2a: Skarmory|26/100|[from] item: Leftovers
|upkeep
|turn|105
|
|t:|1729355235
|switch|p2a: Celebi|Celebi|100/100
|-damage|p2a: Celebi|76/100|[from] Spikes
|cant|p1a: Zapdos|slp
|move|p1a: Zapdos|Sleep Talk|p1a: Zapdos
|move|p1a: Zapdos|Roar|p2a: Celebi|[from]Sleep Talk
|drag|p2a: Skarmory|Skarmory, F|26/100
|
|-weather|Sandstorm|[upkeep]
|-damage|p1a: Zapdos|69/100 slp|[from] Sandstorm
|-heal|p1a: Zapdos|76/100 slp|[from] item: Leftovers
|-damage|p1a: Zapdos|63/100 slp|[from] Leech Seed|[of] p2a: Skarmory
|-heal|p2a: Skarmory|40/100|[silent]
|-heal|p2a: Skarmory|46/100|[from] item: Leftovers
|upkeep
|turn|106
|
|t:|1729355242
|switch|p2a: Celebi|Celebi|76/100
|-damage|p2a: Celebi|51/100|[from] Spikes
|-curestatus|p1a: Zapdos|slp|[msg]
|move|p1a: Zapdos|Roar|p2a: Celebi
|drag|p2a: Skarmory|Skarmory, F|46/100
|
|-weather|Sandstorm|[upkeep]
|-damage|p1a: Zapdos|57/100|[from] Sandstorm
|-heal|p1a: Zapdos|63/100|[from] item: Leftovers
|-damage|p1a: Zapdos|51/100|[from] Leech Seed|[of] p2a: Skarmory
|-heal|p2a: Skarmory|60/100|[silent]
|-heal|p2a: Skarmory|66/100|[from] item: Leftovers
|upkeep
|turn|107
|
|t:|1729355253
|switch|p2a: Celebi|Celebi|51/100
|-damage|p2a: Celebi|26/100|[from] Spikes
|move|p1a: Zapdos|Thunderbolt|p2a: Celebi
|-resisted|p2a: Celebi
|-damage|p2a: Celebi|12/100
|
|-weather|Sandstorm|[upkeep]
|-damage|p2a: Celebi|6/100|[from] Sandstorm
|-damage|p1a: Zapdos|45/100|[from] Sandstorm
|-heal|p2a: Celebi|12/100|[from] item: Leftovers
|-heal|p1a: Zapdos|51/100|[from] item: Leftovers
|-damage|p1a: Zapdos|38/100|[from] Leech Seed|[of] p2a: Celebi
|-heal|p2a: Celebi|24/100|[silent]
|upkeep
|turn|108
|
|t:|1729355259
|move|p2a: Celebi|Recover|p2a: Celebi
|-heal|p2a: Celebi|74/100
|move|p1a: Zapdos|Roar|p2a: Celebi
|drag|p2a: Skarmory|Skarmory, F|66/100
|
|-weather|Sandstorm|[upkeep]
|-damage|p1a: Zapdos|32/100|[from] Sandstorm
|-heal|p1a: Zapdos|38/100|[from] item: Leftovers
|-damage|p1a: Zapdos|26/100|[from] Leech Seed|[of] p2a: Skarmory
|-heal|p2a: Skarmory|80/100|[silent]
|-heal|p2a: Skarmory|86/100|[from] item: Leftovers
|upkeep
|turn|109
|
|t:|1729355266
|switch|p2a: Celebi|Celebi|74/100
|-damage|p2a: Celebi|49/100|[from] Spikes
|move|p1a: Zapdos|Rest|p1a: Zapdos
|-status|p1a: Zapdos|slp|[from] move: Rest
|-heal|p1a: Zapdos|100/100 slp|[silent]
|
|-weather|Sandstorm|[upkeep]
|-damage|p2a: Celebi|43/100|[from] Sandstorm
|-damage|p1a: Zapdos|94/100 slp|[from] Sandstorm
|-heal|p2a: Celebi|49/100|[from] item: Leftovers
|-heal|p1a: Zapdos|100/100 slp|[from] item: Leftovers
|-damage|p1a: Zapdos|88/100 slp|[from] Leech Seed|[of] p2a: Celebi
|-heal|p2a: Celebi|60/100|[silent]
|upkeep
|turn|110
|
|t:|1729355271
|move|p2a: Celebi|Recover|p2a: Celebi
|-heal|p2a: Celebi|100/100
|cant|p1a: Zapdos|slp
|move|p1a: Zapdos|Sleep Talk|p1a: Zapdos
|move|p1a: Zapdos|Rest|p1a: Zapdos|[from]Sleep Talk
|
|-weather|Sandstorm|[upkeep]
|-damage|p2a: Celebi|94/100|[from] Sandstorm
|-damage|p1a: Zapdos|82/100 slp|[from] Sandstorm
|-heal|p2a: Celebi|100/100|[from] item: Leftovers
|-heal|p1a: Zapdos|88/100 slp|[from] item: Leftovers
|-damage|p1a: Zapdos|76/100 slp|[from] Leech Seed|[of] p2a: Celebi
|upkeep
|turn|111
|
|t:|1729355285
|move|p2a: Celebi|Baton Pass|p2a: Celebi
|
|t:|1729355286
|switch|p2a: Skarmory|Skarmory, F|86/100|[from] Baton Pass
|cant|p1a: Zapdos|slp
|move|p1a: Zapdos|Sleep Talk|p1a: Zapdos
|move|p1a: Zapdos|Rest|p1a: Zapdos|[from]Sleep Talk
|
|-weather|Sandstorm|[upkeep]
|-damage|p1a: Zapdos|69/100 slp|[from] Sandstorm
|-heal|p1a: Zapdos|76/100 slp|[from] item: Leftovers
|-damage|p1a: Zapdos|63/100 slp|[from] Leech Seed|[of] p2a: Skarmory
|-heal|p2a: Skarmory|99/100|[silent]
|-heal|p2a: Skarmory|100/100|[from] item: Leftovers
|upkeep
|turn|112
|
|t:|1729355298
|switch|p2a: Celebi|Celebi|100/100
|-damage|p2a: Celebi|76/100|[from] Spikes
|-curestatus|p1a: Zapdos|slp|[msg]
|move|p1a: Zapdos|Roar|p2a: Celebi
|drag|p2a: Skarmory|Skarmory, F|100/100
|
|-weather|Sandstorm|[upkeep]
|-damage|p1a: Zapdos|57/100|[from] Sandstorm
|-heal|p1a: Zapdos|63/100|[from] item: Leftovers
|-damage|p1a: Zapdos|51/100|[from] Leech Seed|[of] p2a: Skarmory
|upkeep
|turn|113
|
|t:|1729355307
|move|p2a: Skarmory|Toxic|p1a: Zapdos
|-status|p1a: Zapdos|tox
|move|p1a: Zapdos|Roar|p2a: Skarmory
|drag|p2a: Celebi|Celebi|76/100
|-damage|p2a: Celebi|51/100|[from] Spikes
|
|-weather|Sandstorm|[upkeep]
|-damage|p2a: Celebi|45/100|[from] Sandstorm
|-damage|p1a: Zapdos|45/100 tox|[from] Sandstorm
|-heal|p2a: Celebi|51/100|[from] item: Leftovers
|-heal|p1a: Zapdos|51/100 tox|[from] item: Leftovers
|-damage|p1a: Zapdos|38/100 tox|[from] Leech Seed|[of] p2a: Celebi
|-heal|p2a: Celebi|62/100|[silent]
|-damage|p1a: Zapdos|32/100 tox|[from] psn
|upkeep
|turn|114
|
|t:|1729355313
|move|p2a: Celebi|Recover|p2a: Celebi
|-heal|p2a: Celebi|100/100
|move|p1a: Zapdos|Rest|p1a: Zapdos
|-status|p1a: Zapdos|slp|[from] move: Rest
|-heal|p1a: Zapdos|100/100 slp|[silent]
|
|-weather|Sandstorm|[upkeep]
|-damage|p2a: Celebi|94/100|[from] Sandstorm
|-damage|p1a: Zapdos|94/100 slp|[from] Sandstorm
|-heal|p2a: Celebi|100/100|[from] item: Leftovers
|-heal|p1a: Zapdos|100/100 slp|[from] item: Leftovers
|-damage|p1a: Zapdos|88/100 slp|[from] Leech Seed|[of] p2a: Celebi
|upkeep
|turn|115
|
|t:|1729355319
|move|p2a: Celebi|Hidden Power|p1a: Zapdos
|-resisted|p1a: Zapdos
|-damage|p1a: Zapdos|78/100 slp
|cant|p1a: Zapdos|slp
|
|-weather|Sandstorm|[upkeep]
|-damage|p2a: Celebi|94/100|[from] Sandstorm
|-damage|p1a: Zapdos|72/100 slp|[from] Sandstorm
|-heal|p2a: Celebi|100/100|[from] item: Leftovers
|-heal|p1a: Zapdos|78/100 slp|[from] item: Leftovers
|-damage|p1a: Zapdos|66/100 slp|[from] Leech Seed|[of] p2a: Celebi
|upkeep
|turn|116
|
|t:|1729355325
|move|p2a: Celebi|Hidden Power|p1a: Zapdos
|-resisted|p1a: Zapdos
|-crit|p1a: Zapdos
|-damage|p1a: Zapdos|45/100 slp
|cant|p1a: Zapdos|slp
|move|p1a: Zapdos|Sleep Talk|p1a: Zapdos
|move|p1a: Zapdos|Thunderbolt|p2a: Celebi|[from]Sleep Talk
|-resisted|p2a: Celebi
|-damage|p2a: Celebi|87/100
|
|-weather|Sandstorm|[upkeep]
|-damage|p2a: Celebi|81/100|[from] Sandstorm
|-damage|p1a: Zapdos|39/100 slp|[from] Sandstorm
|-heal|p2a: Celebi|87/100|[from] item: Leftovers
|-heal|p1a: Zapdos|45/100 slp|[from] item: Leftovers
|-damage|p1a: Zapdos|33/100 slp|[from] Leech Seed|[of] p2a: Celebi
|-heal|p2a: Celebi|99/100|[silent]
|upkeep
|turn|117
|
|t:|1729355331
|move|p2a: Celebi|Baton Pass|p2a: Celebi
|
|t:|1729355333
|switch|p2a: Skarmory|Skarmory, F|100/100|[from] Baton Pass
|-curestatus|p1a: Zapdos|slp|[msg]
|move|p1a: Zapdos|Rest|p1a: Zapdos
|-status|p1a: Zapdos|slp|[from] move: Rest
|-heal|p1a: Zapdos|100/100 slp|[silent]
|
|-weather|Sandstorm|[upkeep]
|-damage|p1a: Zapdos|94/100 slp|[from] Sandstorm
|-heal|p1a: Zapdos|100/100 slp|[from] item: Leftovers
|-damage|p1a: Zapdos|88/100 slp|[from] Leech Seed|[of] p2a: Skarmory
|upkeep
|turn|118
|
|t:|1729355339
|switch|p2a: Celebi|Celebi|99/100
|-damage|p2a: Celebi|74/100|[from] Spikes
|cant|p1a: Zapdos|slp
|move|p1a: Zapdos|Sleep Talk|p1a: Zapdos
|move|p1a: Zapdos|Thunderbolt|p2a: Celebi|[from]Sleep Talk
|-resisted|p2a: Celebi
|-damage|p2a: Celebi|59/100
|
|-weather|Sandstorm|[upkeep]
|-damage|p2a: Celebi|53/100|[from] Sandstorm
|-damage|p1a: Zapdos|82/100 slp|[from] Sandstorm
|-heal|p2a: Celebi|59/100|[from] item: Leftovers
|-heal|p1a: Zapdos|88/100 slp|[from] item: Leftovers
|-damage|p1a: Zapdos|76/100 slp|[from] Leech Seed|[of] p2a: Celebi
|-heal|p2a: Celebi|71/100|[silent]
|upkeep
|turn|119
|
|t:|1729355345
|move|p2a: Celebi|Recover|p2a: Celebi
|-heal|p2a: Celebi|100/100
|cant|p1a: Zapdos|slp
|move|p1a: Zapdos|Sleep Talk|p1a: Zapdos
|move|p1a: Zapdos|Roar|p2a: Celebi|[from]Sleep Talk
|drag|p2a: Skarmory|Skarmory, F|100/100
|
|-weather|Sandstorm|[upkeep]
|-damage|p1a: Zapdos|69/100 slp|[from] Sandstorm
|-heal|p1a: Zapdos|76/100 slp|[from] item: Leftovers
|-damage|p1a: Zapdos|63/100 slp|[from] Leech Seed|[of] p2a: Skarmory
|upkeep
|turn|120
|
|t:|1729355353
|switch|p2a: Celebi|Celebi|100/100
|-damage|p2a: Celebi|76/100|[from] Spikes
|-curestatus|p1a: Zapdos|slp|[msg]
|move|p1a: Zapdos|Roar|p2a: Celebi
|drag|p2a: Skarmory|Skarmory, F|100/100
|
|-weather|Sandstorm|[upkeep]
|-damage|p1a: Zapdos|57/100|[from] Sandstorm
|-heal|p1a: Zapdos|63/100|[from] item: Leftovers
|-damage|p1a: Zapdos|51/100|[from] Leech Seed|[of] p2a: Skarmory
|upkeep
|turn|121
|
|t:|1729355364
|switch|p2a: Celebi|Celebi|76/100
|-damage|p2a: Celebi|51/100|[from] Spikes
|move|p1a: Zapdos|Thunderbolt|p2a: Celebi
|-resisted|p2a: Celebi
|-damage|p2a: Celebi|37/100
|
|-weather|Sandstorm|[upkeep]
|-damage|p2a: Celebi|31/100|[from] Sandstorm
|-damage|p1a: Zapdos|45/100|[from] Sandstorm
|-heal|p2a: Celebi|37/100|[from] item: Leftovers
|-heal|p1a: Zapdos|51/100|[from] item: Leftovers
|-damage|p1a: Zapdos|38/100|[from] Leech Seed|[of] p2a: Celebi
|-heal|p2a: Celebi|49/100|[silent]
|upkeep
|turn|122
|
|t:|1729355373
|move|p2a: Celebi|Recover|p2a: Celebi
|-heal|p2a: Celebi|99/100
|move|p1a: Zapdos|Rest|p1a: Zapdos
|-status|p1a: Zapdos|slp|[from] move: Rest
|-heal|p1a: Zapdos|100/100 slp|[silent]
|
|-weather|Sandstorm|[upkeep]
|-damage|p2a: Celebi|92/100|[from] Sandstorm
|-damage|p1a: Zapdos|94/100 slp|[from] Sandstorm
|-heal|p2a: Celebi|99/100|[from] item: Leftovers
|-heal|p1a: Zapdos|100/100 slp|[from] item: Leftovers
|-damage|p1a: Zapdos|88/100 slp|[from] Leech Seed|[of] p2a: Celebi
|-heal|p2a: Celebi|100/100|[silent]
|upkeep
|turn|123
|
|t:|1729355383
|move|p2a: Celebi|Baton Pass|p2a: Celebi
|
|t:|1729355385
|switch|p2a: Skarmory|Skarmory, F|100/100|[from] Baton Pass
|cant|p1a: Zapdos|slp
|move|p1a: Zapdos|Sleep Talk|p1a: Zapdos
|move|p1a: Zapdos|Rest|p1a: Zapdos|[from]Sleep Talk
|
|-weather|Sandstorm|[upkeep]
|-damage|p1a: Zapdos|82/100 slp|[from] Sandstorm
|-heal|p1a: Zapdos|88/100 slp|[from] item: Leftovers
|-damage|p1a: Zapdos|76/100 slp|[from] Leech Seed|[of] p2a: Skarmory
|upkeep
|turn|124
|
|t:|1729355391
|switch|p2a: Celebi|Celebi|100/100
|-damage|p2a: Celebi|76/100|[from] Spikes
|cant|p1a: Zapdos|slp
|move|p1a: Zapdos|Sleep Talk|p1a: Zapdos
|move|p1a: Zapdos|Roar|p2a: Celebi|[from]Sleep Talk
|drag|p2a: Skarmory|Skarmory, F|100/100
|
|-weather|Sandstorm|[upkeep]
|-damage|p1a: Zapdos|69/100 slp|[from] Sandstorm
|-heal|p1a: Zapdos|76/100 slp|[from] item: Leftovers
|-damage|p1a: Zapdos|63/100 slp|[from] Leech Seed|[of] p2a: Skarmory
|upkeep
|turn|125
|
|t:|1729355398
|move|p2a: Skarmory|Taunt|p1a: Zapdos
|-start|p1a: Zapdos|move: Taunt
|-curestatus|p1a: Zapdos|slp|[msg]
|cant|p1a: Zapdos|move: Taunt|Roar
|
|-weather|Sandstorm|[upkeep]
|-damage|p1a: Zapdos|57/100|[from] Sandstorm
|-heal|p1a: Zapdos|63/100|[from] item: Leftovers
|-damage|p1a: Zapdos|51/100|[from] Leech Seed|[of] p2a: Skarmory
|upkeep
|turn|126
|
|t:|1729355421
|switch|p2a: Celebi|Celebi|76/100
|-damage|p2a: Celebi|51/100|[from] Spikes
|move|p1a: Zapdos|Thunderbolt|p2a: Celebi
|-resisted|p2a: Celebi
|-damage|p2a: Celebi|38/100
|
|-weather|Sandstorm|[upkeep]
|-damage|p2a: Celebi|31/100|[from] Sandstorm
|-damage|p1a: Zapdos|45/100|[from] Sandstorm
|-heal|p2a: Celebi|38/100|[from] item: Leftovers
|-heal|p1a: Zapdos|51/100|[from] item: Leftovers
|-damage|p1a: Zapdos|38/100|[from] Leech Seed|[of] p2a: Celebi
|-heal|p2a: Celebi|49/100|[silent]
|-end|p1a: Zapdos|move: Taunt|[silent]
|upkeep
|turn|127
|
|t:|1729355429
|move|p2a: Celebi|Recover|p2a: Celebi
|-heal|p2a: Celebi|99/100
|move|p1a: Zapdos|Rest|p1a: Zapdos
|-status|p1a: Zapdos|slp|[from] move: Rest
|-heal|p1a: Zapdos|100/100 slp|[silent]
|
|-weather|Sandstorm|[upkeep]
|-damage|p2a: Celebi|93/100|[from] Sandstorm
|-damage|p1a: Zapdos|94/100 slp|[from] Sandstorm
|-heal|p2a: Celebi|99/100|[from] item: Leftovers
|-heal|p1a: Zapdos|100/100 slp|[from] item: Leftovers
|-damage|p1a: Zapdos|88/100 slp|[from] Leech Seed|[of] p2a: Celebi
|-heal|p2a: Celebi|100/100|[silent]
|upkeep
|turn|128
|
|t:|1729355434
|move|p2a: Celebi|Hidden Power|p1a: Zapdos
|-resisted|p1a: Zapdos
|-damage|p1a: Zapdos|79/100 slp
|cant|p1a: Zapdos|slp
|move|p1a: Zapdos|Sleep Talk|p1a: Zapdos
|move|p1a: Zapdos|Rest|p1a: Zapdos|[from]Sleep Talk
|
|-weather|Sandstorm|[upkeep]
|-damage|p2a: Celebi|94/100|[from] Sandstorm
|-damage|p1a: Zapdos|73/100 slp|[from] Sandstorm
|-heal|p2a: Celebi|100/100|[from] item: Leftovers
|-heal|p1a: Zapdos|79/100 slp|[from] item: Leftovers
|-damage|p1a: Zapdos|66/100 slp|[from] Leech Seed|[of] p2a: Celebi
|upkeep
|turn|129
|
|t:|1729355437
|move|p2a: Celebi|Hidden Power|p1a: Zapdos
|-resisted|p1a: Zapdos
|-damage|p1a: Zapdos|58/100 slp
|cant|p1a: Zapdos|slp
|
|-weather|Sandstorm|[upkeep]
|-damage|p2a: Celebi|94/100|[from] Sandstorm
|-damage|p1a: Zapdos|51/100 slp|[from] Sandstorm
|-heal|p2a: Celebi|100/100|[from] item: Leftovers
|-heal|p1a: Zapdos|58/100 slp|[from] item: Leftovers
|-damage|p1a: Zapdos|45/100 slp|[from] Leech Seed|[of] p2a: Celebi
|upkeep
|turn|130
|
|t:|1729355442
|move|p2a: Celebi|Baton Pass|p2a: Celebi
|
|t:|1729355445
|switch|p2a: Skarmory|Skarmory, F|100/100|[from] Baton Pass
|-curestatus|p1a: Zapdos|slp|[msg]
|move|p1a: Zapdos|Rest|p1a: Zapdos
|-status|p1a: Zapdos|slp|[from] move: Rest
|-heal|p1a: Zapdos|100/100 slp|[silent]
|
|-weather|Sandstorm|[upkeep]
|-damage|p1a: Zapdos|94/100 slp|[from] Sandstorm
|-heal|p1a: Zapdos|100/100 slp|[from] item: Leftovers
|-damage|p1a: Zapdos|88/100 slp|[from] Leech Seed|[of] p2a: Skarmory
|upkeep
|turn|131
|
|t:|1729355447
|switch|p2a: Celebi|Celebi|100/100
|-damage|p2a: Celebi|76/100|[from] Spikes
|cant|p1a: Zapdos|slp
|move|p1a: Zapdos|Sleep Talk|p1a: Zapdos
|move|p1a: Zapdos|Thunderbolt|p2a: Celebi|[from]Sleep Talk
|-resisted|p2a: Celebi
|-damage|p2a: Celebi|61/100
|
|-weather|Sandstorm|[upkeep]
|-damage|p2a: Celebi|54/100|[from] Sandstorm
|-damage|p1a: Zapdos|82/100 slp|[from] Sandstorm
|-heal|p2a: Celebi|61/100|[from] item: Leftovers
|-heal|p1a: Zapdos|88/100 slp|[from] item: Leftovers
|-damage|p1a: Zapdos|76/100 slp|[from] Leech Seed|[of] p2a: Celebi
|-heal|p2a: Celebi|72/100|[silent]
|upkeep
|turn|132
|
|t:|1729355452
|move|p2a: Celebi|Hidden Power|p1a: Zapdos
|-resisted|p1a: Zapdos
|-damage|p1a: Zapdos|65/100 slp
|cant|p1a: Zapdos|slp
|move|p1a: Zapdos|Sleep Talk|p1a: Zapdos
|move|p1a: Zapdos|Thunderbolt|p2a: Celebi|[from]Sleep Talk
|-resisted|p2a: Celebi
|-damage|p2a: Celebi|58/100
|
|-weather|Sandstorm|[upkeep]
|-damage|p2a: Celebi|52/100|[from] Sandstorm
|-damage|p1a: Zapdos|59/100 slp|[from] Sandstorm
|-heal|p2a: Celebi|58/100|[from] item: Leftovers
|-heal|p1a: Zapdos|65/100 slp|[from] item: Leftovers
|-damage|p1a: Zapdos|53/100 slp|[from] Leech Seed|[of] p2a: Celebi
|-heal|p2a: Celebi|70/100|[silent]
|upkeep
|turn|133
|
|t:|1729355456
|move|p2a: Celebi|Recover|p2a: Celebi
|-heal|p2a: Celebi|100/100
|-curestatus|p1a: Zapdos|slp|[msg]
|move|p1a: Zapdos|Roar|p2a: Celebi
|drag|p2a: Skarmory|Skarmory, F|100/100
|
|-weather|Sandstorm|[upkeep]
|-damage|p1a: Zapdos|47/100|[from] Sandstorm
|-heal|p1a: Zapdos|53/100|[from] item: Leftovers
|-damage|p1a: Zapdos|41/100|[from] Leech Seed|[of] p2a: Skarmory
|upkeep
|turn|134
|
|t:|1729355460
|move|p2a: Skarmory|Taunt|p1a: Zapdos
|-start|p1a: Zapdos|move: Taunt
|cant|p1a: Zapdos|move: Taunt|Roar
|
|-weather|Sandstorm|[upkeep]
|-damage|p1a: Zapdos|34/100|[from] Sandstorm
|-heal|p1a: Zapdos|41/100|[from] item: Leftovers
|-damage|p1a: Zapdos|28/100|[from] Leech Seed|[of] p2a: Skarmory
|upkeep
|turn|135
|
|t:|1729355475
|move|p1a: Zapdos|Thunderbolt|p2a: Skarmory
|-supereffective|p2a: Skarmory
|-damage|p2a: Skarmory|22/100
|move|p2a: Skarmory|Toxic|p1a: Zapdos
|-status|p1a: Zapdos|tox
|
|-weather|Sandstorm|[upkeep]
|-damage|p1a: Zapdos|22/100 tox|[from] Sandstorm
|-heal|p1a: Zapdos|28/100 tox|[from] item: Leftovers
|-damage|p1a: Zapdos|16/100 tox|[from] Leech Seed|[of] p2a: Skarmory
|-heal|p2a: Skarmory|36/100|[silent]
|-damage|p1a: Zapdos|10/100 tox|[from] psn
|-end|p1a: Zapdos|move: Taunt|[silent]
|-heal|p2a: Skarmory|42/100|[from] item: Leftovers
|upkeep
|turn|136
|
|t:|1729355482
|move|p1a: Zapdos|Rest|p1a: Zapdos
|-status|p1a: Zapdos|slp|[from] move: Rest
|-heal|p1a: Zapdos|100/100 slp|[silent]
|move|p2a: Skarmory|Taunt|p1a: Zapdos
|-start|p1a: Zapdos|move: Taunt
|
|-weather|Sandstorm|[upkeep]
|-damage|p1a: Zapdos|94/100 slp|[from] Sandstorm
|-heal|p1a: Zapdos|100/100 slp|[from] item: Leftovers
|-damage|p1a: Zapdos|88/100 slp|[from] Leech Seed|[of] p2a: Skarmory
|-heal|p2a: Skarmory|56/100|[silent]
|-heal|p2a: Skarmory|62/100|[from] item: Leftovers
|upkeep
|turn|137
|
|t:|1729355487
|cant|p1a: Zapdos|slp
|move|p2a: Skarmory|Spikes||[still]
|-fail|p2a: Skarmory
|
|-weather|Sandstorm|[upkeep]
|-damage|p1a: Zapdos|82/100 slp|[from] Sandstorm
|-heal|p1a: Zapdos|88/100 slp|[from] item: Leftovers
|-damage|p1a: Zapdos|76/100 slp|[from] Leech Seed|[of] p2a: Skarmory
|-heal|p2a: Skarmory|76/100|[silent]
|-end|p1a: Zapdos|move: Taunt|[silent]
|-heal|p2a: Skarmory|82/100|[from] item: Leftovers
|upkeep
|turn|138
|
|t:|1729355490
|switch|p2a: Celebi|Celebi|100/100
|-damage|p2a: Celebi|76/100|[from] Spikes
|cant|p1a: Zapdos|slp
|
|-weather|Sandstorm|[upkeep]
|-damage|p2a: Celebi|69/100|[from] Sandstorm
|-damage|p1a: Zapdos|69/100 slp|[from] Sandstorm
|-heal|p2a: Celebi|76/100|[from] item: Leftovers
|-heal|p1a: Zapdos|76/100 slp|[from] item: Leftovers
|-damage|p1a: Zapdos|63/100 slp|[from] Leech Seed|[of] p2a: Celebi
|-heal|p2a: Celebi|87/100|[silent]
|upkeep
|turn|139
|
|t:|1729355500
|move|p2a: Celebi|Recover|p2a: Celebi
|-heal|p2a: Celebi|100/100
|-curestatus|p1a: Zapdos|slp|[msg]
|move|p1a: Zapdos|Roar|p2a: Celebi
|drag|p2a: Skarmory|Skarmory, F|82/100
|
|-weather|Sandstorm|[upkeep]
|-damage|p1a: Zapdos|57/100|[from] Sandstorm
|-heal|p1a: Zapdos|63/100|[from] item: Leftovers
|-damage|p1a: Zapdos|51/100|[from] Leech Seed|[of] p2a: Skarmory
|-heal|p2a: Skarmory|96/100|[silent]
|-heal|p2a: Skarmory|100/100|[from] item: Leftovers
|upkeep
|turn|140
|
|t:|1729355506
|move|p2a: Skarmory|Taunt|p1a: Zapdos
|-start|p1a: Zapdos|move: Taunt
|cant|p1a: Zapdos|move: Taunt|Roar
|
|-weather|Sandstorm|[upkeep]
|-damage|p1a: Zapdos|45/100|[from] Sandstorm
|-heal|p1a: Zapdos|51/100|[from] item: Leftovers
|-damage|p1a: Zapdos|38/100|[from] Leech Seed|[of] p2a: Skarmory
|upkeep
|turn|141
|
|t:|1729355512
|switch|p2a: Celebi|Celebi|100/100
|-damage|p2a: Celebi|76/100|[from] Spikes
|move|p1a: Zapdos|Thunderbolt|p2a: Celebi
|-resisted|p2a: Celebi
|-damage|p2a: Celebi|63/100
|
|-weather|Sandstorm|[upkeep]
|-damage|p2a: Celebi|56/100|[from] Sandstorm
|-damage|p1a: Zapdos|32/100|[from] Sandstorm
|-heal|p2a: Celebi|63/100|[from] item: Leftovers
|-heal|p1a: Zapdos|38/100|[from] item: Leftovers
|-damage|p1a: Zapdos|26/100|[from] Leech Seed|[of] p2a: Celebi
|-heal|p2a: Celebi|74/100|[silent]
|-end|p1a: Zapdos|move: Taunt|[silent]
|upkeep
|turn|142
|
|t:|1729355518
|move|p2a: Celebi|Baton Pass|p2a: Celebi
|
|t:|1729355520
|switch|p2a: Skarmory|Skarmory, F|100/100|[from] Baton Pass
|move|p1a: Zapdos|Roar|p2a: Skarmory
|drag|p2a: Celebi|Celebi|74/100
|-damage|p2a: Celebi|50/100|[from] Spikes
|
|-weather|Sandstorm|[upkeep]
|-damage|p2a: Celebi|43/100|[from] Sandstorm
|-damage|p1a: Zapdos|20/100|[from] Sandstorm
|-heal|p2a: Celebi|50/100|[from] item: Leftovers
|-heal|p1a: Zapdos|26/100|[from] item: Leftovers
|-damage|p1a: Zapdos|13/100|[from] Leech Seed|[of] p2a: Celebi
|-heal|p2a: Celebi|61/100|[silent]
|upkeep
|turn|143
|
|t:|1729355526
|move|p2a: Celebi|Hidden Power|p1a: Zapdos
|-resisted|p1a: Zapdos
|-damage|p1a: Zapdos|4/100
|move|p1a: Zapdos|Rest|p1a: Zapdos
|-status|p1a: Zapdos|slp|[from] move: Rest
|-heal|p1a: Zapdos|100/100 slp|[silent]
|
|-weather|Sandstorm|[upkeep]
|-damage|p2a: Celebi|55/100|[from] Sandstorm
|-damage|p1a: Zapdos|94/100 slp|[from] Sandstorm
|-heal|p2a: Celebi|61/100|[from] item: Leftovers
|-heal|p1a: Zapdos|100/100 slp|[from] item: Leftovers
|-damage|p1a: Zapdos|88/100 slp|[from] Leech Seed|[of] p2a: Celebi
|-heal|p2a: Celebi|73/100|[silent]
|upkeep
|turn|144
|
|t:|1729355534
|move|p2a: Celebi|Recover|p2a: Celebi
|-heal|p2a: Celebi|100/100
|cant|p1a: Zapdos|slp
|move|p1a: Zapdos|Sleep Talk|p1a: Zapdos
|move|p1a: Zapdos|Thunderbolt|p2a: Celebi|[from]Sleep Talk
|-resisted|p2a: Celebi
|-damage|p2a: Celebi|87/100
|
|-weather|Sandstorm|[upkeep]
|-damage|p2a: Celebi|81/100|[from] Sandstorm
|-damage|p1a: Zapdos|82/100 slp|[from] Sandstorm
|-heal|p2a: Celebi|87/100|[from] item: Leftovers
|-heal|p1a: Zapdos|88/100 slp|[from] item: Leftovers
|-damage|p1a: Zapdos|76/100 slp|[from] Leech Seed|[of] p2a: Celebi
|-heal|p2a: Celebi|99/100|[silent]
|upkeep
|turn|145
|
|t:|1729355539
|move|p2a: Celebi|Baton Pass|p2a: Celebi
|
|t:|1729355541
|switch|p2a: Skarmory|Skarmory, F|100/100|[from] Baton Pass
|cant|p1a: Zapdos|slp
|move|p1a: Zapdos|Sleep Talk|p1a: Zapdos
|move|p1a: Zapdos|Roar|p2a: Skarmory|[from]Sleep Talk
|drag|p2a: Celebi|Celebi|99/100
|-damage|p2a: Celebi|74/100|[from] Spikes
|
|-weather|Sandstorm|[upkeep]
|-damage|p2a: Celebi|67/100|[from] Sandstorm
|-damage|p1a: Zapdos|69/100 slp|[from] Sandstorm
|-heal|p2a: Celebi|74/100|[from] item: Leftovers
|-heal|p1a: Zapdos|76/100 slp|[from] item: Leftovers
|-damage|p1a: Zapdos|63/100 slp|[from] Leech Seed|[of] p2a: Celebi
|-heal|p2a: Celebi|85/100|[silent]
|upkeep
|turn|146
|
|t:|1729355552
|move|p2a: Celebi|Baton Pass|p2a: Celebi
|
|t:|1729355554
|switch|p2a: Skarmory|Skarmory, F|100/100|[from] Baton Pass
|-curestatus|p1a: Zapdos|slp|[msg]
|move|p1a: Zapdos|Thunderbolt|p2a: Skarmory
|-supereffective|p2a: Skarmory
|-damage|p2a: Skarmory|28/100
|
|-weather|Sandstorm|[upkeep]
|-damage|p1a: Zapdos|57/100|[from] Sandstorm
|-heal|p1a: Zapdos|63/100|[from] item: Leftovers
|-damage|p1a: Zapdos|51/100|[from] Leech Seed|[of] p2a: Skarmory
|-heal|p2a: Skarmory|42/100|[silent]
|-heal|p2a: Skarmory|48/100|[from] item: Leftovers
|upkeep
|turn|147
|
|t:|1729355561
|switch|p2a: Celebi|Celebi|85/100
|-damage|p2a: Celebi|60/100|[from] Spikes
|move|p1a: Zapdos|Thunderbolt|p2a: Celebi
|-resisted|p2a: Celebi
|-damage|p2a: Celebi|46/100
|
|-weather|Sandstorm|[upkeep]
|-damage|p2a: Celebi|39/100|[from] Sandstorm
|-damage|p1a: Zapdos|45/100|[from] Sandstorm
|-heal|p2a: Celebi|46/100|[from] item: Leftovers
|-heal|p1a: Zapdos|51/100|[from] item: Leftovers
|-damage|p1a: Zapdos|38/100|[from] Leech Seed|[of] p2a: Celebi
|-heal|p2a: Celebi|57/100|[silent]
|upkeep
|turn|148
|
|t:|1729355566
|move|p2a: Celebi|Recover|p2a: Celebi
|-heal|p2a: Celebi|100/100
|move|p1a: Zapdos|Rest|p1a: Zapdos
|-status|p1a: Zapdos|slp|[from] move: Rest
|-heal|p1a: Zapdos|100/100 slp|[silent]
|
|-weather|Sandstorm|[upkeep]
|-damage|p2a: Celebi|94/100|[from] Sandstorm
|-damage|p1a: Zapdos|94/100 slp|[from] Sandstorm
|-heal|p2a: Celebi|100/100|[from] item: Leftovers
|-heal|p1a: Zapdos|100/100 slp|[from] item: Leftovers
|-damage|p1a: Zapdos|88/100 slp|[from] Leech Seed|[of] p2a: Celebi
|upkeep
|turn|149
|
|t:|1729355574
|move|p2a: Celebi|Hidden Power|p1a: Zapdos
|-resisted|p1a: Zapdos
|-damage|p1a: Zapdos|78/100 slp
|cant|p1a: Zapdos|slp
|
|-weather|Sandstorm|[upkeep]
|-damage|p2a: Celebi|94/100|[from] Sandstorm
|-damage|p1a: Zapdos|72/100 slp|[from] Sandstorm
|-heal|p2a: Celebi|100/100|[from] item: Leftovers
|-heal|p1a: Zapdos|78/100 slp|[from] item: Leftovers
|-damage|p1a: Zapdos|65/100 slp|[from] Leech Seed|[of] p2a: Celebi
|upkeep
|turn|150
|
|t:|1729355581
|switch|p2a: Skarmory|Skarmory, F|48/100
|cant|p1a: Zapdos|slp
|
|-weather|Sandstorm|[upkeep]
|-damage|p1a: Zapdos|59/100 slp|[from] Sandstorm
|-heal|p1a: Zapdos|65/100 slp|[from] item: Leftovers
|-damage|p1a: Zapdos|53/100 slp|[from] Leech Seed|[of] p2a: Skarmory
|-heal|p2a: Skarmory|62/100|[silent]
|-heal|p2a: Skarmory|68/100|[from] item: Leftovers
|upkeep
|turn|151
|
|t:|1729355589
|switch|p2a: Celebi|Celebi|100/100
|-damage|p2a: Celebi|76/100|[from] Spikes
|-curestatus|p1a: Zapdos|slp|[msg]
|move|p1a: Zapdos|Thunderbolt|p2a: Celebi
|-resisted|p2a: Celebi
|-damage|p2a: Celebi|62/100
|
|-weather|Sandstorm|[upkeep]
|-damage|p2a: Celebi|56/100|[from] Sandstorm
|-damage|p1a: Zapdos|47/100|[from] Sandstorm
|-heal|p2a: Celebi|62/100|[from] item: Leftovers
|-heal|p1a: Zapdos|53/100|[from] item: Leftovers
|-damage|p1a: Zapdos|41/100|[from] Leech Seed|[of] p2a: Celebi
|-heal|p2a: Celebi|74/100|[silent]
|upkeep
|turn|152
|
|t:|1729355596
|switch|p2a: Skarmory|Skarmory, F|68/100
|move|p1a: Zapdos|Roar|p2a: Skarmory
|drag|p2a: Celebi|Celebi|74/100
|-damage|p2a: Celebi|49/100|[from] Spikes
|
|-weather|Sandstorm|[upkeep]
|-damage|p2a: Celebi|43/100|[from] Sandstorm
|-damage|p1a: Zapdos|34/100|[from] Sandstorm
|-heal|p2a: Celebi|49/100|[from] item: Leftovers
|-heal|p1a: Zapdos|41/100|[from] item: Leftovers
|-damage|p1a: Zapdos|28/100|[from] Leech Seed|[of] p2a: Celebi
|-heal|p2a: Celebi|61/100|[silent]
|upkeep
|turn|153
|
|t:|1729355604
|switch|p2a: Skarmory|Skarmory, F|68/100
|move|p1a: Zapdos|Thunderbolt|p2a: Skarmory
|-supereffective|p2a: Skarmory
|-damage|p2a: Skarmory|0 fnt
|faint|p2a: Skarmory
|
|t:|1729355609
|switch|p2a: Celebi|Celebi|61/100
|-damage|p2a: Celebi|36/100|[from] Spikes
|
|-weather|Sandstorm|[upkeep]
|-damage|p2a: Celebi|30/100|[from] Sandstorm
|-damage|p1a: Zapdos|22/100|[from] Sandstorm
|-heal|p2a: Celebi|36/100|[from] item: Leftovers
|-heal|p1a: Zapdos|28/100|[from] item: Leftovers
|-damage|p1a: Zapdos|16/100|[from] Leech Seed|[of] p2a: Celebi
|-heal|p2a: Celebi|48/100|[silent]
|upkeep
|turn|154
|
|t:|1729355612
|move|p2a: Celebi|Hidden Power|p1a: Zapdos
|-resisted|p1a: Zapdos
|-damage|p1a: Zapdos|7/100
|move|p1a: Zapdos|Rest|p1a: Zapdos
|-status|p1a: Zapdos|slp|[from] move: Rest
|-heal|p1a: Zapdos|100/100 slp|[silent]
|
|-weather|Sandstorm|[upkeep]
|-damage|p2a: Celebi|42/100|[from] Sandstorm
|-damage|p1a: Zapdos|94/100 slp|[from] Sandstorm
|-heal|p2a: Celebi|48/100|[from] item: Leftovers
|-heal|p1a: Zapdos|100/100 slp|[from] item: Leftovers
|-damage|p1a: Zapdos|88/100 slp|[from] Leech Seed|[of] p2a: Celebi
|-heal|p2a: Celebi|59/100|[silent]
|upkeep
|turn|155
|
|t:|1729355626
|move|p2a: Celebi|Recover|p2a: Celebi
|-heal|p2a: Celebi|100/100
|cant|p1a: Zapdos|slp
|move|p1a: Zapdos|Sleep Talk|p1a: Zapdos
|move|p1a: Zapdos|Roar||[from]Sleep Talk|[still]
|-fail|p1a: Zapdos
|
|-weather|Sandstorm|[upkeep]
|-damage|p2a: Celebi|94/100|[from] Sandstorm
|-damage|p1a: Zapdos|82/100 slp|[from] Sandstorm
|-heal|p2a: Celebi|100/100|[from] item: Leftovers
|-heal|p1a: Zapdos|88/100 slp|[from] item: Leftovers
|-damage|p1a: Zapdos|76/100 slp|[from] Leech Seed|[of] p2a: Celebi
|upkeep
|turn|156
|c|☆Nardgo|welp, para tbolt save me
|
|t:|1729355632
|move|p2a: Celebi|Baton Pass||[still]
|-fail|p2a: Celebi
|cant|p1a: Zapdos|slp
|move|p1a: Zapdos|Sleep Talk|p1a: Zapdos
|move|p1a: Zapdos|Rest|p1a: Zapdos|[from]Sleep Talk
|
|-weather|Sandstorm|[upkeep]
|-damage|p2a: Celebi|94/100|[from] Sandstorm
|-damage|p1a: Zapdos|69/100 slp|[from] Sandstorm
|-heal|p2a: Celebi|100/100|[from] item: Leftovers
|-heal|p1a: Zapdos|76/100 slp|[from] item: Leftovers
|-damage|p1a: Zapdos|63/100 slp|[from] Leech Seed|[of] p2a: Celebi
|upkeep
|turn|157
|
|t:|1729355637
|move|p2a: Celebi|Baton Pass||[still]
|-fail|p2a: Celebi
|-curestatus|p1a: Zapdos|slp|[msg]
|move|p1a: Zapdos|Thunderbolt|p2a: Celebi
|-resisted|p2a: Celebi
|-damage|p2a: Celebi|88/100
|
|-weather|Sandstorm|[upkeep]
|-damage|p2a: Celebi|82/100|[from] Sandstorm
|-damage|p1a: Zapdos|57/100|[from] Sandstorm
|-heal|p2a: Celebi|88/100|[from] item: Leftovers
|-heal|p1a: Zapdos|63/100|[from] item: Leftovers
|-damage|p1a: Zapdos|51/100|[from] Leech Seed|[of] p2a: Celebi
|-heal|p2a: Celebi|99/100|[silent]
|upkeep
|turn|158
|
|t:|1729355639
|move|p2a: Celebi|Baton Pass||[still]
|-fail|p2a: Celebi
|move|p1a: Zapdos|Thunderbolt|p2a: Celebi
|-resisted|p2a: Celebi
|-damage|p2a: Celebi|86/100
|
|-weather|Sandstorm|[upkeep]
|-damage|p2a: Celebi|80/100|[from] Sandstorm
|-damage|p1a: Zapdos|45/100|[from] Sandstorm
|-heal|p2a: Celebi|86/100|[from] item: Leftovers
|-heal|p1a: Zapdos|51/100|[from] item: Leftovers
|-damage|p1a: Zapdos|38/100|[from] Leech Seed|[of] p2a: Celebi
|-heal|p2a: Celebi|98/100|[silent]
|upkeep
|turn|159
|
|t:|1729355642
|move|p2a: Celebi|Baton Pass||[still]
|-fail|p2a: Celebi
|move|p1a: Zapdos|Thunderbolt|p2a: Celebi
|-resisted|p2a: Celebi
|-damage|p2a: Celebi|83/100
|
|-weather|Sandstorm|[upkeep]
|-damage|p2a: Celebi|77/100|[from] Sandstorm
|-damage|p1a: Zapdos|32/100|[from] Sandstorm
|-heal|p2a: Celebi|83/100|[from] item: Leftovers
|-heal|p1a: Zapdos|38/100|[from] item: Leftovers
|-damage|p1a: Zapdos|26/100|[from] Leech Seed|[of] p2a: Celebi
|-heal|p2a: Celebi|95/100|[silent]
|upkeep
|turn|160
|
|t:|1729355645
|move|p2a: Celebi|Baton Pass||[still]
|-fail|p2a: Celebi
|move|p1a: Zapdos|Thunderbolt|p2a: Celebi
|-resisted|p2a: Celebi
|-damage|p2a: Celebi|81/100
|
|-weather|Sandstorm|[upkeep]
|-damage|p2a: Celebi|74/100|[from] Sandstorm
|-damage|p1a: Zapdos|20/100|[from] Sandstorm
|-heal|p2a: Celebi|81/100|[from] item: Leftovers
|-heal|p1a: Zapdos|26/100|[from] item: Leftovers
|-damage|p1a: Zapdos|13/100|[from] Leech Seed|[of] p2a: Celebi
|-heal|p2a: Celebi|92/100|[silent]
|upkeep
|turn|161
|
|t:|1729355648
|move|p2a: Celebi|Baton Pass||[still]
|-fail|p2a: Celebi
|move|p1a: Zapdos|Thunderbolt|p2a: Celebi
|-resisted|p2a: Celebi
|-damage|p2a: Celebi|78/100
|-status|p2a: Celebi|par
|
|-weather|Sandstorm|[upkeep]
|-damage|p1a: Zapdos|7/100|[from] Sandstorm
|-damage|p2a: Celebi|72/100 par|[from] Sandstorm
|-heal|p1a: Zapdos|13/100|[from] item: Leftovers
|-damage|p1a: Zapdos|1/100|[from] Leech Seed|[of] p2a: Celebi
|-heal|p2a: Celebi|84/100 par|[silent]
|-heal|p2a: Celebi|90/100 par|[from] item: Leftovers
|upkeep
|turn|162
|c|☆ALlCE|oh?
|
|t:|1729355658
|move|p1a: Zapdos|Rest|p1a: Zapdos
|-status|p1a: Zapdos|slp|[from] move: Rest
|-heal|p1a: Zapdos|100/100 slp|[silent]
|move|p2a: Celebi|Baton Pass||[still]
|-fail|p2a: Celebi
|
|-weather|Sandstorm|[upkeep]
|-damage|p1a: Zapdos|94/100 slp|[from] Sandstorm
|-damage|p2a: Celebi|84/100 par|[from] Sandstorm
|-heal|p1a: Zapdos|100/100 slp|[from] item: Leftovers
|-damage|p1a: Zapdos|88/100 slp|[from] Leech Seed|[of] p2a: Celebi
|-heal|p2a: Celebi|95/100 par|[silent]
|-heal|p2a: Celebi|100/100 par|[from] item: Leftovers
|upkeep
|turn|163
|
|t:|1729355661
|cant|p1a: Zapdos|slp
|cant|p2a: Celebi|par
|
|-weather|Sandstorm|[upkeep]
|-damage|p1a: Zapdos|82/100 slp|[from] Sandstorm
|-damage|p2a: Celebi|94/100 par|[from] Sandstorm
|-heal|p1a: Zapdos|88/100 slp|[from] item: Leftovers
|-damage|p1a: Zapdos|76/100 slp|[from] Leech Seed|[of] p2a: Celebi
|-heal|p2a: Celebi|100/100 par|[silent]
|upkeep
|turn|164
|
|t:|1729355665
|cant|p1a: Zapdos|slp
|cant|p2a: Celebi|par
|
|-weather|Sandstorm|[upkeep]
|-damage|p1a: Zapdos|69/100 slp|[from] Sandstorm
|-damage|p2a: Celebi|94/100 par|[from] Sandstorm
|-heal|p1a: Zapdos|76/100 slp|[from] item: Leftovers
|-damage|p1a: Zapdos|63/100 slp|[from] Leech Seed|[of] p2a: Celebi
|-heal|p2a: Celebi|100/100 par|[silent]
|upkeep
|turn|165
|c|☆Nardgo|Ah I think I actually lose even if it gets to struggle
|c|☆Nardgo|cuz of the leech seed
|c|☆Nardgo|let me calc that real quick
|inactive|Nardgo has 270 seconds left.
|c|☆Nardgo|and I'll ff in I do
|inactive|Nardgo has 240 seconds left.
|c|☆ALlCE|u wont get to struggle
|c|☆ALlCE|u run out of rests soon
|c|☆Nardgo|Yeah struggle only does 5-7 anyway
|c|☆Nardgo|gg
|-message|Nardgo forfeited.
|
|win|ALlCE
|c|☆ALlCE|ggs
|c|☆Nardgo|Good luck on your future rounds, hope to see you in knockout stage
|player|p1|

</script>
<script type="application/json" class="data" id="replaydata-smogtours-gen3ou-799924">
{"id":"smogtours-gen3ou-799924","format":"[Gen 3] OU","players":["Nardgo","ALlCE"],"uploadtime":1729355749,"views":87,"formatid":"gen3ou","rating":null,"private":1,"password":null}
</script>

<script defer src="js/replays.js?9d40a366"></script>
