<!DOCTYPE html>
<meta charset="utf-8" />
<meta name="viewport" content="width=device-width" />

<title>[Gen 3] OU: euph0riADV vs. Dimiswooner - Replays - Pok&eacute;mon Showdown!</title>

<meta name="description" content="Watch a replay of a Pok&eacute;mon battle between euph0riADV and Dimiswooner! Format: [Gen 3] OU; Date: Oct 24, 2024" />
<!--

Hey, you! Looking in the source for the replay log?

You can find them in JSON format, just add `.json` at the end of a replay URL.

https://replay.pokemonshowdown.com/gen7randomdoublesbattle-865046831.json

Or, if you only need the log itself, add `.log` instead:

https://replay.pokemonshowdown.com/gen7randomdoublesbattle-865046831.log

-->

<link rel="stylesheet" href="//pokemonshowdown.com/style/global.css?0.023195364461161105" />
<link rel="stylesheet" href="//play.pokemonshowdown.com/style/font-awesome.css?0.13261647063804238" />
<link rel="stylesheet" href="//play.pokemonshowdown.com/style/battle.css?0.8753245789963631" />
<link rel="stylesheet" href="//play.pokemonshowdown.com/style/utilichart.css?0.8627959624976733" />

<!-- Global site tag (gtag.js) - Google Analytics -->
<script async src="https://www.googletagmanager.com/gtag/js?id=UA-26211653-1"></script>
<script>
  window.dataLayer = window.dataLayer || [];
  function gtag(){dataLayer.push(arguments);}
  gtag('js', new Date());

  gtag('config', 'UA-26211653-1');
</script>
<!-- End Google Analytics -->
<!-- Venatus Ad Manager - Install in <HEAD> of page -->
	<script src="https://hb.vntsm.com/v3/live/ad-manager.min.js" type="text/javascript" data-site-id="642aba63ec9a7b11c3c9c1be" data-mode="scan" async></script>
<!-- / Venatus Ad Manager -->

<style>
	@media (max-width:820px) {
		.battle {
			margin: 0 auto;
		}
		.battle-log {
			margin: 7px auto 0;
			max-width: 640px;
			height: 300px;
			position: static;
		}
	}
	.optgroup {
		display: inline-block;
		line-height: 22px;
		font-size: 10pt;
	}
	.optgroup .button {
		height: 25px;
		padding-top: 0;
		padding-bottom: 0;
	}
	.optgroup button.button {
		padding-left: 12px;
		padding-right: 12px;
	}
	.linklist {
		list-style: none;
		margin: 0.5em 0;
		padding: 0;
	}
	.linklist li {
		padding: 2px 0;
	}
	.sidebar {
		float: left;
		width: 320px;
	}
	.bar-wrapper {
		max-width: 1100px;
		margin: 0 auto;
	}
	.bar-wrapper.has-sidebar {
		max-width: 1430px;
	}
	.mainbar {
		margin: 0;
		padding-right: 1px;
	}
	.mainbar.has-sidebar {
		margin-left: 330px;
	}
	@media (min-width: 1511px) {
		.sidebar {
			width: 400px;
		}
		.bar-wrapper.has-sidebar {
			max-width: 1510px;
		}
		.mainbar.has-sidebar {
			margin-left: 410px;
		}
	}
	.section.first-section {
		margin-top: 9px;
	}
	.blocklink small {
		white-space: normal;
	}
	.button {
		vertical-align: middle;
	}
	.replay-controls {
		padding-top: 10px;
	}
	.replay-controls h1 {
		font-size: 16pt;
		font-weight: normal;
		color: #CCC;
	}
	.pagelink {
		text-align: center;
	}
	.pagelink a {
		width: 150px;
	}
	.textbox, .button {
		font-size: 11pt;
		vertical-align: middle;
	}
	@media (max-width: 450px) {
		.button {
			font-size: 9pt;
		}
	}
</style>

<div>

	<header>
		<div class="nav-wrapper"><ul class="nav">
			<li><a class="button nav-first" href="//pokemonshowdown.com/"><img src="//pokemonshowdown.com/images/pokemonshowdownbeta.png" srcset="//pokemonshowdown.com/images/pokemonshowdownbeta.png 1x, //pokemonshowdown.com/images/pokemonshowdownbeta@2x.png 2x" alt="Pok&eacute;mon Showdown" width="146" height="44" /> Home</a></li>
			<li><a class="button" href="//pokemonshowdown.com/dex/">Pok&eacute;dex</a></li>
			<li><a class="button cur" href="/">Replays</a></li>
			<li><a class="button" href="//pokemonshowdown.com/ladder/">Ladder</a></li>
			<li><a class="button nav-last" href="//pokemonshowdown.com/forums/">Forum</a></li>
			<li><a class="button greenbutton nav-first nav-last" href="//play.pokemonshowdown.com/">Play</a></li>
		</ul></div>
	</header>

	<div class="main" id="main">

		<noscript><section class="section">You need to enable JavaScript to use this page; sorry!</section></noscript>

	</div>

</div>

<script defer nomodule src="//play.pokemonshowdown.com/js/lib/ps-polyfill.js"></script>
<script defer src="//play.pokemonshowdown.com/js/lib/preact.min.js"></script>

<script defer src="//play.pokemonshowdown.com/config/config.js?2bddbc15"></script>
<script defer src="//play.pokemonshowdown.com/js/lib/jquery-1.11.0.min.js"></script>
<script defer src="//play.pokemonshowdown.com/js/lib/html-sanitizer-minified.js"></script>
<script defer src="//play.pokemonshowdown.com/js/battle-sound.js"></script>
<script defer src="//play.pokemonshowdown.com/js/battledata.js?0.7209276989879541"></script>
<script defer src="//play.pokemonshowdown.com/data/pokedex-mini.js?0.6111056340867951"></script>
<script defer src="//play.pokemonshowdown.com/data/pokedex-mini-bw.js?0.3532142036491459"></script>
<script defer src="//play.pokemonshowdown.com/data/graphics.js?0.24223875632456182"></script>
<script defer src="//play.pokemonshowdown.com/data/pokedex.js?0.38839984266356864"></script>
<script defer src="//play.pokemonshowdown.com/data/moves.js?0.21866028504024015"></script>
<script defer src="//play.pokemonshowdown.com/data/abilities.js?0.2005157953846628"></script>
<script defer src="//play.pokemonshowdown.com/data/items.js?0.9894211263848525"></script>
<script defer src="//play.pokemonshowdown.com/data/teambuilder-tables.js?0.6008791140282215"></script>
<script defer src="//play.pokemonshowdown.com/js/battle-tooltips.js?0.7580118955022959"></script>
<script defer src="//play.pokemonshowdown.com/js/battle.js?0.6057722274234274"></script>

<script defer src="js/utils.js?e31f9a17"></script>
<script defer src="js/replays-battle.js?7008c182"></script>

<!-- don't scrape this data! just add .json or .log after the URL!
Full API docs: https://github.com/smogon/pokemon-showdown-client/blob/master/WEB-API.md -->
<script type="text/plain" class="log" id="replaylog-smogtours-gen3ou-801500">
|inactive|Battle timer is ON: inactive players will automatically lose when time's up.
|t:|1729735330
|gametype|singles
|player|p1|euph0riADV|1|
|player|p2|Dimiswooner|ghetsis-gen5bw|
|teamsize|p1|6
|teamsize|p2|6
|gen|3
|tier|[Gen 3] OU
|rule|Sleep Clause Mod: Limit one foe put to sleep
|rule|Switch Priority Clause Mod: Faster Pokémon switch first
|rule|Species Clause: Limit one of each Pokémon
|rule|OHKO Clause: OHKO moves are banned
|rule|Evasion Items Clause: Evasion items are banned
|rule|Evasion Moves Clause: Evasion moves are banned
|rule|Endless Battle Clause: Forcing endless battles is banned
|rule|HP Percentage Mod: HP is shown in percentages
|rule|One Boost Passer Clause: Limit one Baton Passer that has a way to boost its stats
|rule|Freeze Clause Mod: Limit one foe frozen
|
|t:|1729735330
|start
|switch|p1a: Drift|Zapdos|100/100
|switch|p2a: Metagross|Metagross|100/100
|turn|1
|
|t:|1729735340
|switch|p2a: Celebi|Celebi|100/100
|move|p1a: Drift|Substitute|p1a: Drift
|-start|p1a: Drift|Substitute
|-damage|p1a: Drift|76/100
|
|-heal|p1a: Drift|82/100|[from] item: Leftovers
|upkeep
|turn|2
|
|t:|1729735358
|move|p1a: Drift|Hidden Power|p2a: Celebi
|-supereffective|p2a: Celebi
|-damage|p2a: Celebi|66/100
|move|p2a: Celebi|Baton Pass|p2a: Celebi
|inactive|Dimiswooner has 270 seconds left.
|
|t:|1729735398
|switch|p2a: Metagross|Metagross|100/100|[from] Baton Pass
|
|-heal|p1a: Drift|88/100|[from] item: Leftovers
|upkeep
|turn|3
|
|t:|1729735409
|move|p1a: Drift|Thunderbolt|p2a: Metagross
|-damage|p2a: Metagross|43/100
|move|p2a: Metagross|Shadow Ball|p1a: Drift
|-end|p1a: Drift|Substitute
|
|-heal|p1a: Drift|94/100|[from] item: Leftovers
|upkeep
|turn|4
|c|☆euph0riADV|I have never seen sb meta
|c|☆euph0riADV|that's crazy
|inactive|Dimiswooner has 240 seconds left.
|
|t:|1729735449
|switch|p2a: Claydol|Claydol|100/100
|move|p1a: Drift|Thunderbolt|p2a: Claydol
|-immune|p2a: Claydol
|
|-heal|p1a: Drift|100/100|[from] item: Leftovers
|upkeep
|turn|5
|
|t:|1729735454
|move|p1a: Drift|Substitute|p1a: Drift
|-start|p1a: Drift|Substitute
|-damage|p1a: Drift|76/100
|move|p2a: Claydol|Psychic|p1a: Drift
|-activate|p1a: Drift|Substitute|[damage]
|
|-heal|p1a: Drift|82/100|[from] item: Leftovers
|upkeep
|turn|6
|inactive|Dimiswooner has 240 seconds left.
|
|t:|1729735462
|move|p1a: Drift|Hidden Power|p2a: Claydol
|-supereffective|p2a: Claydol
|-damage|p2a: Claydol|57/100
|move|p2a: Claydol|Psychic|p1a: Drift
|-end|p1a: Drift|Substitute
|
|-heal|p1a: Drift|88/100|[from] item: Leftovers
|-heal|p2a: Claydol|63/100|[from] item: Leftovers
|upkeep
|turn|7
|inactive|Dimiswooner has 240 seconds left.
|
|t:|1729735499
|switch|p2a: Jirachi|Jirachi|100/100
|move|p1a: Drift|Substitute|p1a: Drift
|-start|p1a: Drift|Substitute
|-damage|p1a: Drift|63/100
|
|-heal|p1a: Drift|69/100|[from] item: Leftovers
|upkeep
|turn|8
|
|t:|1729735503
|move|p1a: Drift|Thunderbolt|p2a: Jirachi
|-crit|p2a: Jirachi
|-damage|p2a: Jirachi|8/100
|move|p2a: Jirachi|Wish|p2a: Jirachi
|
|-heal|p1a: Drift|76/100|[from] item: Leftovers
|-heal|p2a: Jirachi|14/100|[from] item: Leftovers
|upkeep
|turn|9
|
|t:|1729735509
|move|p2a: Jirachi|Protect|p2a: Jirachi
|-singleturn|p2a: Jirachi|Protect
|move|p1a: Drift|Hidden Power|p2a: Jirachi
|-activate|p2a: Jirachi|Protect
|
|-heal|p2a: Jirachi|64/100|[from] move: Wish|[wisher] Jirachi
|-heal|p1a: Drift|82/100|[from] item: Leftovers
|-heal|p2a: Jirachi|70/100|[from] item: Leftovers
|upkeep
|turn|10
|
|t:|1729735521
|move|p1a: Drift|Thunderbolt|p2a: Jirachi
|-damage|p2a: Jirachi|25/100
|move|p2a: Jirachi|Wish|p2a: Jirachi
|
|-heal|p1a: Drift|88/100|[from] item: Leftovers
|-heal|p2a: Jirachi|31/100|[from] item: Leftovers
|upkeep
|turn|11
|
|t:|1729735527
|move|p2a: Jirachi|Protect|p2a: Jirachi
|-singleturn|p2a: Jirachi|Protect
|move|p1a: Drift|Hidden Power|p2a: Jirachi
|-activate|p2a: Jirachi|Protect
|
|-heal|p2a: Jirachi|81/100|[from] move: Wish|[wisher] Jirachi
|-heal|p1a: Drift|94/100|[from] item: Leftovers
|-heal|p2a: Jirachi|87/100|[from] item: Leftovers
|upkeep
|turn|12
|
|t:|1729735531
|move|p1a: Drift|Thunderbolt|p2a: Jirachi
|-damage|p2a: Jirachi|41/100
|move|p2a: Jirachi|Fire Punch|p1a: Drift
|-activate|p1a: Drift|Substitute|[damage]
|
|-heal|p1a: Drift|100/100|[from] item: Leftovers
|-heal|p2a: Jirachi|47/100|[from] item: Leftovers
|upkeep
|turn|13
|inactive|Dimiswooner has 240 seconds left.
|
|t:|1729735547
|move|p2a: Jirachi|Protect|p2a: Jirachi
|-singleturn|p2a: Jirachi|Protect
|move|p1a: Drift|Thunderbolt|p2a: Jirachi
|-activate|p2a: Jirachi|Protect
|
|-heal|p2a: Jirachi|53/100|[from] item: Leftovers
|upkeep
|turn|14
|inactive|Dimiswooner has 240 seconds left.
|
|t:|1729735557
|move|p1a: Drift|Thunderbolt|p2a: Jirachi
|-crit|p2a: Jirachi
|-damage|p2a: Jirachi|0 fnt
|faint|p2a: Jirachi
|inactive|Dimiswooner has 240 seconds left.
|c|☆euph0riADV|my b
|c|☆euph0riADV|stupid luck
|inactive|Dimiswooner has 210 seconds left.
|c|☆Dimiswooner|it happens im just shocked that this team is suffering this badly into sub zap
|
|t:|1729735611
|switch|p2a: Claydol|Claydol|63/100
|
|-heal|p2a: Claydol|69/100|[from] item: Leftovers
|upkeep
|turn|15
|c|☆euph0riADV|Sub zap is sweet
|
|t:|1729735621
|move|p1a: Drift|Hidden Power|p2a: Claydol
|-supereffective|p2a: Claydol
|-damage|p2a: Claydol|21/100
|move|p2a: Claydol|Explosion|p1a: Drift
|-end|p1a: Drift|Substitute
|faint|p2a: Claydol
|inactive|Dimiswooner has 180 seconds left.
|inactive|Dimiswooner has 150 seconds left.
|
|t:|1729735681
|switch|p2a: Starmie|Starmie|100/100
|
|upkeep
|turn|16
|
|t:|1729735686
|move|p2a: Starmie|Thunder Wave|p1a: Drift
|-status|p1a: Drift|par
|move|p1a: Drift|Thunderbolt|p2a: Starmie
|-supereffective|p2a: Starmie
|-damage|p2a: Starmie|0 fnt
|faint|p2a: Starmie
|inactive|Dimiswooner has 150 seconds left.
|
|t:|1729735693
|switch|p2a: Celebi|Celebi|66/100
|
|-heal|p2a: Celebi|72/100|[from] item: Leftovers
|upkeep
|turn|17
|
|t:|1729735703
|move|p2a: Celebi|Leech Seed|p1a: Drift
|-start|p1a: Drift|move: Leech Seed
|cant|p1a: Drift|par
|
|-heal|p2a: Celebi|78/100|[from] item: Leftovers
|-damage|p1a: Drift|88/100 par|[from] Leech Seed|[of] p2a: Celebi
|-heal|p2a: Celebi|88/100|[silent]
|upkeep
|turn|18
|
|t:|1729735711
|move|p2a: Celebi|Baton Pass|p2a: Celebi
|
|t:|1729735712
|switch|p2a: Medicham|Medicham, M|100/100|[from] Baton Pass
|move|p1a: Drift|Hidden Power|p2a: Medicham
|-damage|p2a: Medicham|55/100
|
|-heal|p2a: Medicham|61/100|[from] item: Leftovers
|-heal|p1a: Drift|94/100 par|[from] item: Leftovers
|-damage|p1a: Drift|82/100 par|[from] Leech Seed|[of] p2a: Medicham
|-heal|p2a: Medicham|76/100|[silent]
|upkeep
|turn|19
|
|t:|1729735720
|move|p2a: Medicham|Substitute|p2a: Medicham
|-start|p2a: Medicham|Substitute
|-damage|p2a: Medicham|51/100
|move|p1a: Drift|Hidden Power|p2a: Medicham
|-end|p2a: Medicham|Substitute
|
|-heal|p2a: Medicham|57/100|[from] item: Leftovers
|-heal|p1a: Drift|88/100 par|[from] item: Leftovers
|-damage|p1a: Drift|76/100 par|[from] Leech Seed|[of] p2a: Medicham
|-heal|p2a: Medicham|73/100|[silent]
|upkeep
|turn|20
|
|t:|1729735727
|switch|p1a: Book|Celebi|100/100
|move|p2a: Medicham|Substitute|p2a: Medicham
|-start|p2a: Medicham|Substitute
|-damage|p2a: Medicham|48/100
|
|-heal|p2a: Medicham|54/100|[from] item: Leftovers
|upkeep
|turn|21
|
|t:|1729735742
|switch|p1a: Puddle|Swampert, M|100/100
|move|p2a: Medicham|Shadow Ball|p1a: Puddle
|-damage|p1a: Puddle|77/100
|-unboost|p1a: Puddle|spd|1
|
|-heal|p2a: Medicham|60/100|[from] item: Leftovers
|-heal|p1a: Puddle|83/100|[from] item: Leftovers
|upkeep
|turn|22
|
|t:|1729735747
|-singleturn|p2a: Medicham|move: Focus Punch
|move|p1a: Puddle|Rain Dance|p1a: Puddle
|-weather|RainDance
|move|p2a: Medicham|Focus Punch|p1a: Puddle
|-damage|p1a: Puddle|11/100
|
|-weather|RainDance|[upkeep]
|-heal|p2a: Medicham|66/100|[from] item: Leftovers
|-heal|p1a: Puddle|17/100|[from] item: Leftovers
|upkeep
|turn|23
|
|t:|1729735752
|move|p2a: Medicham|Brick Break|p1a: Puddle
|-damage|p1a: Puddle|0 fnt
|faint|p1a: Puddle
|
|t:|1729735758
|switch|p1a: Perfect Pillow|Ludicolo, M, shiny|100/100
|
|-weather|RainDance|[upkeep]
|-heal|p2a: Medicham|72/100|[from] item: Leftovers
|upkeep
|turn|24
|inactive|Dimiswooner has 210 seconds left.
|
|t:|1729735776
|-singleturn|p2a: Medicham|move: Focus Punch
|move|p1a: Perfect Pillow|Surf|p2a: Medicham
|-end|p2a: Medicham|Substitute
|move|p2a: Medicham|Focus Punch|p1a: Perfect Pillow
|-damage|p1a: Perfect Pillow|0 fnt
|faint|p1a: Perfect Pillow
|
|t:|1729735782
|switch|p1a: Bubble Dream|Kingdra, F|100/100
|
|-weather|RainDance|[upkeep]
|-heal|p2a: Medicham|78/100|[from] item: Leftovers
|upkeep
|turn|25
|inactive|Dimiswooner has 210 seconds left.
|
|t:|1729735810
|switch|p2a: Celebi|Celebi|88/100
|move|p1a: Bubble Dream|Hydro Pump|p2a: Celebi
|-resisted|p2a: Celebi
|-damage|p2a: Celebi|57/100
|
|-weather|RainDance|[upkeep]
|-heal|p2a: Celebi|63/100|[from] item: Leftovers
|upkeep
|turn|26
|
|t:|1729735820
|switch|p2a: Metagross|Metagross|43/100
|move|p1a: Bubble Dream|Ice Beam|p2a: Metagross
|-resisted|p2a: Metagross
|-damage|p2a: Metagross|27/100
|-status|p2a: Metagross|frz
|
|-weather|none
|upkeep
|turn|27
|c|☆euph0riADV|dude
|c|☆euph0riADV|im so sorry 
|
|t:|1729735836
|move|p1a: Bubble Dream|Hydro Pump|p2a: Metagross
|-damage|p2a: Metagross|0 fnt
|faint|p2a: Metagross
|
|t:|1729735843
|switch|p2a: Celebi|Celebi|63/100
|
|-heal|p2a: Celebi|69/100|[from] item: Leftovers
|upkeep
|turn|28
|
|t:|1729735845
|move|p2a: Celebi|Leech Seed|p1a: Bubble Dream
|-start|p1a: Bubble Dream|move: Leech Seed
|move|p1a: Bubble Dream|Rain Dance|p1a: Bubble Dream
|-weather|RainDance
|
|-weather|RainDance|[upkeep]
|-damage|p1a: Bubble Dream|88/100|[from] Leech Seed|[of] p2a: Celebi
|-heal|p2a: Celebi|80/100|[silent]
|-heal|p2a: Celebi|86/100|[from] item: Leftovers
|upkeep
|turn|29
|
|t:|1729735852
|switch|p1a: Book|Celebi|100/100
|move|p2a: Celebi|Recover|p2a: Celebi
|-heal|p2a: Celebi|100/100
|
|-weather|RainDance|[upkeep]
|upkeep
|turn|30
|inactive|Dimiswooner has 210 seconds left.
|
|t:|1729735869
|move|p1a: Book|Calm Mind|p1a: Book
|-boost|p1a: Book|spa|1
|-boost|p1a: Book|spd|1
|move|p2a: Celebi|Baton Pass|p2a: Celebi
|
|t:|1729735875
|switch|p2a: Medicham|Medicham, M|78/100|[from] Baton Pass
|
|-weather|RainDance|[upkeep]
|-heal|p2a: Medicham|84/100|[from] item: Leftovers
|upkeep
|turn|31
|
|t:|1729735899
|switch|p1a: Drift|Zapdos|76/100 par
|move|p2a: Medicham|Shadow Ball|p1a: Drift
|-damage|p1a: Drift|29/100 par
|
|-weather|RainDance|[upkeep]
|-heal|p2a: Medicham|91/100|[from] item: Leftovers
|-heal|p1a: Drift|35/100 par|[from] item: Leftovers
|upkeep
|turn|32
|inactive|Dimiswooner has 210 seconds left.
|
|t:|1729735933
|move|p2a: Medicham|Substitute|p2a: Medicham
|-start|p2a: Medicham|Substitute
|-damage|p2a: Medicham|66/100
|move|p1a: Drift|Thunderbolt|p2a: Medicham
|-end|p2a: Medicham|Substitute
|
|-weather|none
|-heal|p2a: Medicham|72/100|[from] item: Leftovers
|-heal|p1a: Drift|42/100 par|[from] item: Leftovers
|upkeep
|turn|33
|
|t:|1729735947
|move|p2a: Medicham|Shadow Ball|p1a: Drift
|-crit|p1a: Drift
|-damage|p1a: Drift|0 fnt
|faint|p1a: Drift
|
|t:|1729735951
|switch|p1a: Knot|Dugtrio, M, shiny|100/100
|
|-heal|p2a: Medicham|78/100|[from] item: Leftovers
|upkeep
|turn|34
|
|t:|1729735956
|move|p1a: Knot|Earthquake|p2a: Medicham
|-damage|p2a: Medicham|0 fnt
|faint|p2a: Medicham
|
|t:|1729735961
|switch|p2a: Celebi|Celebi|100/100
|
|upkeep
|turn|35
|inactive|Dimiswooner has 210 seconds left.
|
|t:|1729735967
|switch|p1a: Book|Celebi|100/100
|move|p2a: Celebi|Hidden Power|p1a: Book
|-resisted|p1a: Book
|-damage|p1a: Book|91/100
|
|-heal|p1a: Book|97/100|[from] item: Leftovers
|upkeep
|turn|36
|
|t:|1729735971
|move|p1a: Book|Calm Mind|p1a: Book
|-boost|p1a: Book|spa|1
|-boost|p1a: Book|spd|1
|move|p2a: Celebi|Hidden Power|p1a: Book
|-resisted|p1a: Book
|-damage|p1a: Book|91/100
|
|-heal|p1a: Book|97/100|[from] item: Leftovers
|upkeep
|turn|37
|
|t:|1729735975
|move|p1a: Book|Calm Mind|p1a: Book
|-boost|p1a: Book|spa|1
|-boost|p1a: Book|spd|1
|move|p2a: Celebi|Hidden Power|p1a: Book
|-resisted|p1a: Book
|-crit|p1a: Book
|-damage|p1a: Book|75/100
|
|-heal|p1a: Book|82/100|[from] item: Leftovers
|upkeep
|turn|38
|
|t:|1729735980
|move|p1a: Book|Calm Mind|p1a: Book
|-boost|p1a: Book|spa|1
|-boost|p1a: Book|spd|1
|move|p2a: Celebi|Hidden Power|p1a: Book
|-resisted|p1a: Book
|-damage|p1a: Book|78/100
|
|-heal|p1a: Book|84/100|[from] item: Leftovers
|upkeep
|turn|39
|
|t:|1729735981
|move|p1a: Book|Calm Mind|p1a: Book
|-boost|p1a: Book|spa|1
|-boost|p1a: Book|spd|1
|move|p2a: Celebi|Hidden Power|p1a: Book
|-resisted|p1a: Book
|-damage|p1a: Book|81/100
|
|-heal|p1a: Book|87/100|[from] item: Leftovers
|upkeep
|turn|40
|
|t:|1729735983
|move|p1a: Book|Calm Mind|p1a: Book
|-boost|p1a: Book|spa|1
|-boost|p1a: Book|spd|1
|move|p2a: Celebi|Hidden Power|p1a: Book
|-resisted|p1a: Book
|-damage|p1a: Book|84/100
|
|-heal|p1a: Book|91/100|[from] item: Leftovers
|upkeep
|turn|41
|
|t:|1729735984
|move|p1a: Book|Calm Mind|p1a: Book
|-boost|p1a: Book|spa|1
|-boost|p1a: Book|spd|1
|move|p2a: Celebi|Hidden Power|p1a: Book
|-resisted|p1a: Book
|-damage|p1a: Book|88/100
|
|-heal|p1a: Book|94/100|[from] item: Leftovers
|upkeep
|turn|42
|
|t:|1729735987
|move|p1a: Book|Calm Mind|p1a: Book
|-boost|p1a: Book|spa|0
|-boost|p1a: Book|spd|0
|move|p2a: Celebi|Hidden Power|p1a: Book
|-resisted|p1a: Book
|-damage|p1a: Book|91/100
|
|-heal|p1a: Book|98/100|[from] item: Leftovers
|upkeep
|turn|43
|
|t:|1729735988
|move|p1a: Book|Hidden Power|p2a: Celebi
|-supereffective|p2a: Celebi
|-damage|p2a: Celebi|0 fnt
|faint|p2a: Celebi
|
|win|euph0riADV
|c|☆euph0riADV|gg
|c|☆euph0riADV|wp
|c|☆euph0riADV|im really sorry about the luck stuff
|c|☆Dimiswooner|gg
|c|☆euph0riADV|rng is cracked sometimes
|c|☆Dimiswooner|thats just how the game is lol
|c|☆euph0riADV|for real
|c|☆euph0riADV|it was fun!

</script>
<script type="application/json" class="data" id="replaydata-smogtours-gen3ou-801500">
{"id":"smogtours-gen3ou-801500","format":"[Gen 3] OU","players":["euph0riADV","Dimiswooner"],"uploadtime":1729735988,"views":80,"formatid":"gen3ou","rating":null,"private":0,"password":null}
</script>

<script defer src="js/replays.js?9d40a366"></script>
