<!DOCTYPE html>
<meta charset="utf-8" />
<meta name="viewport" content="width=device-width" />

<title>[Gen 3] OU: Levy&#039;s Chair vs. Dr4gonl0rd - Replays - Pok&eacute;mon Showdown!</title>

<meta name="description" content="Watch a replay of a Pok&eacute;mon battle between Levy&#039;s Chair and Dr4gonl0rd! Format: [Gen 3] OU; Date: Oct 14, 2024" />
<!--

Hey, you! Looking in the source for the replay log?

You can find them in JSON format, just add `.json` at the end of a replay URL.

https://replay.pokemonshowdown.com/gen7randomdoublesbattle-865046831.json

Or, if you only need the log itself, add `.log` instead:

https://replay.pokemonshowdown.com/gen7randomdoublesbattle-865046831.log

-->

<link rel="stylesheet" href="//pokemonshowdown.com/style/global.css?0.023195364461161105" />
<link rel="stylesheet" href="//play.pokemonshowdown.com/style/font-awesome.css?0.13261647063804238" />
<link rel="stylesheet" href="//play.pokemonshowdown.com/style/battle.css?0.8753245789963631" />
<link rel="stylesheet" href="//play.pokemonshowdown.com/style/utilichart.css?0.8627959624976733" />

<!-- Global site tag (gtag.js) - Google Analytics -->
<script async src="https://www.googletagmanager.com/gtag/js?id=UA-26211653-1"></script>
<script>
  window.dataLayer = window.dataLayer || [];
  function gtag(){dataLayer.push(arguments);}
  gtag('js', new Date());

  gtag('config', 'UA-26211653-1');
</script>
<!-- End Google Analytics -->
<!-- Venatus Ad Manager - Install in <HEAD> of page -->
	<script src="https://hb.vntsm.com/v3/live/ad-manager.min.js" type="text/javascript" data-site-id="642aba63ec9a7b11c3c9c1be" data-mode="scan" async></script>
<!-- / Venatus Ad Manager -->

<style>
	@media (max-width:820px) {
		.battle {
			margin: 0 auto;
		}
		.battle-log {
			margin: 7px auto 0;
			max-width: 640px;
			height: 300px;
			position: static;
		}
	}
	.optgroup {
		display: inline-block;
		line-height: 22px;
		font-size: 10pt;
	}
	.optgroup .button {
		height: 25px;
		padding-top: 0;
		padding-bottom: 0;
	}
	.optgroup button.button {
		padding-left: 12px;
		padding-right: 12px;
	}
	.linklist {
		list-style: none;
		margin: 0.5em 0;
		padding: 0;
	}
	.linklist li {
		padding: 2px 0;
	}
	.sidebar {
		float: left;
		width: 320px;
	}
	.bar-wrapper {
		max-width: 1100px;
		margin: 0 auto;
	}
	.bar-wrapper.has-sidebar {
		max-width: 1430px;
	}
	.mainbar {
		margin: 0;
		padding-right: 1px;
	}
	.mainbar.has-sidebar {
		margin-left: 330px;
	}
	@media (min-width: 1511px) {
		.sidebar {
			width: 400px;
		}
		.bar-wrapper.has-sidebar {
			max-width: 1510px;
		}
		.mainbar.has-sidebar {
			margin-left: 410px;
		}
	}
	.section.first-section {
		margin-top: 9px;
	}
	.blocklink small {
		white-space: normal;
	}
	.button {
		vertical-align: middle;
	}
	.replay-controls {
		padding-top: 10px;
	}
	.replay-controls h1 {
		font-size: 16pt;
		font-weight: normal;
		color: #CCC;
	}
	.pagelink {
		text-align: center;
	}
	.pagelink a {
		width: 150px;
	}
	.textbox, .button {
		font-size: 11pt;
		vertical-align: middle;
	}
	@media (max-width: 450px) {
		.button {
			font-size: 9pt;
		}
	}
</style>

<div>

	<header>
		<div class="nav-wrapper"><ul class="nav">
			<li><a class="button nav-first" href="//pokemonshowdown.com/"><img src="//pokemonshowdown.com/images/pokemonshowdownbeta.png" srcset="//pokemonshowdown.com/images/pokemonshowdownbeta.png 1x, //pokemonshowdown.com/images/pokemonshowdownbeta@2x.png 2x" alt="Pok&eacute;mon Showdown" width="146" height="44" /> Home</a></li>
			<li><a class="button" href="//pokemonshowdown.com/dex/">Pok&eacute;dex</a></li>
			<li><a class="button cur" href="/">Replays</a></li>
			<li><a class="button" href="//pokemonshowdown.com/ladder/">Ladder</a></li>
			<li><a class="button nav-last" href="//pokemonshowdown.com/forums/">Forum</a></li>
			<li><a class="button greenbutton nav-first nav-last" href="//play.pokemonshowdown.com/">Play</a></li>
		</ul></div>
	</header>

	<div class="main" id="main">

		<noscript><section class="section">You need to enable JavaScript to use this page; sorry!</section></noscript>

	</div>

</div>

<script defer nomodule src="//play.pokemonshowdown.com/js/lib/ps-polyfill.js"></script>
<script defer src="//play.pokemonshowdown.com/js/lib/preact.min.js"></script>

<script defer src="//play.pokemonshowdown.com/config/config.js?2bddbc15"></script>
<script defer src="//play.pokemonshowdown.com/js/lib/jquery-1.11.0.min.js"></script>
<script defer src="//play.pokemonshowdown.com/js/lib/html-sanitizer-minified.js"></script>
<script defer src="//play.pokemonshowdown.com/js/battle-sound.js"></script>
<script defer src="//play.pokemonshowdown.com/js/battledata.js?0.7209276989879541"></script>
<script defer src="//play.pokemonshowdown.com/data/pokedex-mini.js?0.6111056340867951"></script>
<script defer src="//play.pokemonshowdown.com/data/pokedex-mini-bw.js?0.3532142036491459"></script>
<script defer src="//play.pokemonshowdown.com/data/graphics.js?0.24223875632456182"></script>
<script defer src="//play.pokemonshowdown.com/data/pokedex.js?0.38839984266356864"></script>
<script defer src="//play.pokemonshowdown.com/data/moves.js?0.21866028504024015"></script>
<script defer src="//play.pokemonshowdown.com/data/abilities.js?0.2005157953846628"></script>
<script defer src="//play.pokemonshowdown.com/data/items.js?0.9894211263848525"></script>
<script defer src="//play.pokemonshowdown.com/data/teambuilder-tables.js?0.6008791140282215"></script>
<script defer src="//play.pokemonshowdown.com/js/battle-tooltips.js?0.7580118955022959"></script>
<script defer src="//play.pokemonshowdown.com/js/battle.js?0.6057722274234274"></script>

<script defer src="js/utils.js?e31f9a17"></script>
<script defer src="js/replays-battle.js?7008c182"></script>

<!-- don't scrape this data! just add .json or .log after the URL!
Full API docs: https://github.com/smogon/pokemon-showdown-client/blob/master/WEB-API.md -->
<script type="text/plain" class="log" id="replaylog-smogtours-gen3ou-798748">
|inactive|Battle timer is ON: inactive players will automatically lose when time's up.
|t:|1728937419
|gametype|singles
|player|p1|Levy's Chair|1|
|player|p2|Dr4gonl0rd|266|
|teamsize|p1|6
|teamsize|p2|6
|gen|3
|tier|[Gen 3] OU
|rule|Sleep Clause Mod: Limit one foe put to sleep
|rule|Switch Priority Clause Mod: Faster Pokémon switch first
|rule|Species Clause: Limit one of each Pokémon
|rule|OHKO Clause: OHKO moves are banned
|rule|Evasion Items Clause: Evasion items are banned
|rule|Evasion Moves Clause: Evasion moves are banned
|rule|Endless Battle Clause: Forcing endless battles is banned
|rule|HP Percentage Mod: HP is shown in percentages
|rule|One Boost Passer Clause: Limit one Baton Passer that has a way to boost its stats
|rule|Freeze Clause Mod: Limit one foe frozen
|
|t:|1728937419
|start
|switch|p1a: Tyranitar|Tyranitar, M|100/100
|switch|p2a: Zaptwo|Zapdos|100/100
|-weather|Sandstorm|[from] ability: Sand Stream|[of] p1a: Tyranitar
|turn|1
|
|t:|1728937430
|move|p2a: Zaptwo|Baton Pass|p2a: Zaptwo
|
|t:|1728937432
|switch|p2a: Swampert|Swampert, F|100/100|[from] Baton Pass
|move|p1a: Tyranitar|Rock Slide|p2a: Swampert|[miss]
|-miss|p1a: Tyranitar|p2a: Swampert
|
|-weather|Sandstorm|[upkeep]
|upkeep
|turn|2
|
|t:|1728937440
|switch|p1a: Zapdos|Zapdos|100/100
|move|p2a: Swampert|Hydro Pump|p1a: Zapdos|[miss]
|-miss|p2a: Swampert|p1a: Zapdos
|
|-weather|Sandstorm|[upkeep]
|-damage|p1a: Zapdos|94/100|[from] Sandstorm
|-heal|p1a: Zapdos|100/100|[from] item: Leftovers
|upkeep
|turn|3
|
|t:|1728937453
|switch|p2a: Celeri|Celebi|100/100
|move|p1a: Zapdos|Toxic|p2a: Celeri
|-status|p2a: Celeri|tox
|
|-weather|Sandstorm|[upkeep]
|-damage|p2a: Celeri|94/100 tox|[from] Sandstorm
|-damage|p1a: Zapdos|94/100|[from] Sandstorm
|-heal|p2a: Celeri|100/100 tox|[from] item: Leftovers
|-damage|p2a: Celeri|94/100 tox|[from] psn
|-heal|p1a: Zapdos|100/100|[from] item: Leftovers
|upkeep
|turn|4
|
|t:|1728937460
|switch|p1a: Skarmory|Skarmory, F|100/100
|move|p2a: Celeri|Calm Mind|p2a: Celeri
|-boost|p2a: Celeri|spa|1
|-boost|p2a: Celeri|spd|1
|
|-weather|Sandstorm|[upkeep]
|-damage|p2a: Celeri|88/100 tox|[from] Sandstorm
|-heal|p2a: Celeri|94/100 tox|[from] item: Leftovers
|-damage|p2a: Celeri|82/100 tox|[from] psn
|upkeep
|turn|5
|
|t:|1728937470
|move|p2a: Celeri|Baton Pass|p2a: Celeri
|
|t:|1728937471
|-curestatus|p2a: Celeri|tox|[from] ability: Natural Cure
|switch|p2a: Charizard|Charizard, F|100/100|[from] Baton Pass
|move|p1a: Skarmory|Spikes|p2a: Charizard
|-sidestart|p2: Dr4gonl0rd|Spikes
|
|-weather|Sandstorm|[upkeep]
|-damage|p2a: Charizard|94/100|[from] Sandstorm
|-heal|p2a: Charizard|100/100|[from] item: Leftovers
|upkeep
|turn|6
|c|☆Levy's Chair|I think you can only have one batton passer
|inactive|Levy's Chair has 270 seconds left.
|c|☆Levy's Chair|jk
|c|☆Levy's Chair|one boost
|c|☆Levy's Chair|im wrong
|
|t:|1728937525
|switch|p1a: Tyranitar|Tyranitar, M|100/100
|move|p2a: Charizard|Fire Blast|p1a: Tyranitar
|-resisted|p1a: Tyranitar
|-damage|p1a: Tyranitar|65/100
|-status|p1a: Tyranitar|brn
|
|-weather|Sandstorm|[upkeep]
|-damage|p2a: Charizard|94/100|[from] Sandstorm
|-heal|p2a: Charizard|100/100|[from] item: Leftovers
|-heal|p1a: Tyranitar|71/100 brn|[from] item: Leftovers
|-damage|p1a: Tyranitar|59/100 brn|[from] brn
|upkeep
|turn|7
|c|☆Dr4gonl0rd|ah ok
|
|t:|1728937545
|switch|p1a: Zapdos|Zapdos|100/100
|move|p2a: Charizard|Substitute|p2a: Charizard
|-start|p2a: Charizard|Substitute
|-damage|p2a: Charizard|76/100
|
|-weather|Sandstorm|[upkeep]
|-damage|p2a: Charizard|70/100|[from] Sandstorm
|-damage|p1a: Zapdos|94/100|[from] Sandstorm
|-heal|p2a: Charizard|76/100|[from] item: Leftovers
|-heal|p1a: Zapdos|100/100|[from] item: Leftovers
|upkeep
|turn|8
|
|t:|1728937552
|move|p2a: Charizard|Fire Blast|p1a: Zapdos
|-damage|p1a: Zapdos|31/100
|move|p1a: Zapdos|Roar|p2a: Charizard
|drag|p2a: Zaptwo|Zapdos|100/100
|
|-weather|Sandstorm|[upkeep]
|-damage|p2a: Zaptwo|94/100|[from] Sandstorm
|-damage|p1a: Zapdos|25/100|[from] Sandstorm
|-heal|p2a: Zaptwo|100/100|[from] item: Leftovers
|-heal|p1a: Zapdos|31/100|[from] item: Leftovers
|upkeep
|turn|9
|
|t:|1728937570
|switch|p1a: Magneton|Magneton|100/100
|move|p2a: Zaptwo|Thunderbolt|p1a: Magneton
|-resisted|p1a: Magneton
|-damage|p1a: Magneton|50/100
|
|-weather|Sandstorm|[upkeep]
|-damage|p2a: Zaptwo|94/100|[from] Sandstorm
|-heal|p2a: Zaptwo|100/100|[from] item: Leftovers
|upkeep
|turn|10
|
|t:|1728937585
|move|p2a: Zaptwo|Thunderbolt|p1a: Magneton
|-resisted|p1a: Magneton
|-damage|p1a: Magneton|2/100
|move|p1a: Magneton|Toxic|p2a: Zaptwo
|-status|p2a: Zaptwo|tox
|
|-weather|Sandstorm|[upkeep]
|-damage|p2a: Zaptwo|94/100 tox|[from] Sandstorm
|-heal|p2a: Zaptwo|100/100 tox|[from] item: Leftovers
|-damage|p2a: Zaptwo|94/100 tox|[from] psn
|upkeep
|turn|11
|
|t:|1728937591
|move|p1a: Magneton|Protect|p1a: Magneton
|-singleturn|p1a: Magneton|Protect
|move|p2a: Zaptwo|Hidden Power|p1a: Magneton
|-activate|p1a: Magneton|Protect
|
|-weather|Sandstorm|[upkeep]
|-damage|p2a: Zaptwo|88/100 tox|[from] Sandstorm
|-heal|p2a: Zaptwo|94/100 tox|[from] item: Leftovers
|-damage|p2a: Zaptwo|82/100 tox|[from] psn
|upkeep
|turn|12
|
|t:|1728937602
|switch|p1a: Zapdos|Zapdos|31/100
|move|p2a: Zaptwo|Thunderbolt|p1a: Zapdos
|-damage|p1a: Zapdos|0 fnt
|faint|p1a: Zapdos
|
|t:|1728937607
|switch|p1a: Aerodactyl|Aerodactyl, M|100/100
|
|-weather|Sandstorm|[upkeep]
|-damage|p2a: Zaptwo|76/100 tox|[from] Sandstorm
|-heal|p2a: Zaptwo|82/100 tox|[from] item: Leftovers
|-damage|p2a: Zaptwo|63/100 tox|[from] psn
|upkeep
|turn|13
|
|t:|1728937616
|switch|p2a: Swampert|Swampert, F|100/100
|-damage|p2a: Swampert|88/100|[from] Spikes
|move|p1a: Aerodactyl|Double-Edge|p2a: Swampert
|-crit|p2a: Swampert
|-damage|p2a: Swampert|0 fnt
|faint|p2a: Swampert
|
|t:|1728937623
|switch|p2a: Big boy|Metagross|100/100
|-damage|p2a: Big boy|88/100|[from] Spikes
|
|-weather|Sandstorm|[upkeep]
|upkeep
|turn|14
|inactive|Levy's Chair has 270 seconds left.
|
|t:|1728937642
|switch|p1a: Magneton|Magneton|2/100
|move|p2a: Big boy|Meteor Mash|p1a: Magneton
|-resisted|p1a: Magneton
|-damage|p1a: Magneton|0 fnt
|faint|p1a: Magneton
|inactive|Levy's Chair has 270 seconds left.
|
|t:|1728937652
|switch|p1a: Donphan|Donphan, M|100/100
|
|-weather|Sandstorm|[upkeep]
|upkeep
|turn|15
|inactive|Levy's Chair has 270 seconds left.
|
|t:|1728937665
|switch|p2a: Celeri|Celebi|82/100
|-damage|p2a: Celeri|70/100|[from] Spikes
|move|p1a: Donphan|Hidden Power|p2a: Celeri
|-damage|p2a: Celeri|53/100
|
|-weather|Sandstorm|[upkeep]
|-damage|p2a: Celeri|47/100|[from] Sandstorm
|-heal|p2a: Celeri|53/100|[from] item: Leftovers
|upkeep
|turn|16
|
|t:|1728937673
|switch|p1a: Skarmory|Skarmory, F|100/100
|move|p2a: Celeri|Giga Drain|p1a: Skarmory
|-resisted|p1a: Skarmory
|-damage|p1a: Skarmory|96/100
|-heal|p2a: Celeri|55/100|[from] drain|[of] p1a: Skarmory
|
|-weather|Sandstorm|[upkeep]
|-damage|p2a: Celeri|49/100|[from] Sandstorm
|-heal|p2a: Celeri|55/100|[from] item: Leftovers
|-heal|p1a: Skarmory|100/100|[from] item: Leftovers
|upkeep
|turn|17
|
|t:|1728937683
|switch|p2a: Charizard|Charizard, F|76/100
|move|p1a: Skarmory|Toxic|p2a: Charizard
|-status|p2a: Charizard|tox
|
|-weather|Sandstorm|[upkeep]
|-damage|p2a: Charizard|70/100 tox|[from] Sandstorm
|-heal|p2a: Charizard|76/100 tox|[from] item: Leftovers
|-damage|p2a: Charizard|70/100 tox|[from] psn
|upkeep
|turn|18
|
|t:|1728937690
|move|p2a: Charizard|Fire Blast|p1a: Skarmory
|-supereffective|p1a: Skarmory
|-damage|p1a: Skarmory|0 fnt
|faint|p1a: Skarmory
|
|t:|1728937695
|switch|p1a: Aerodactyl|Aerodactyl, M|100/100
|
|-weather|Sandstorm|[upkeep]
|-damage|p2a: Charizard|63/100 tox|[from] Sandstorm
|-heal|p2a: Charizard|70/100 tox|[from] item: Leftovers
|-damage|p2a: Charizard|57/100 tox|[from] psn
|upkeep
|turn|19
|
|t:|1728937710
|move|p1a: Aerodactyl|Double-Edge|p2a: Charizard
|-damage|p2a: Charizard|0 fnt
|faint|p2a: Charizard
|
|t:|1728937714
|switch|p2a: Gengar|Gengar, F|100/100
|
|-weather|Sandstorm|[upkeep]
|-damage|p2a: Gengar|94/100|[from] Sandstorm
|-heal|p2a: Gengar|100/100|[from] item: Leftovers
|upkeep
|turn|20
|
|t:|1728937728
|switch|p1a: Tyranitar|Tyranitar, M|59/100 brn
|move|p2a: Gengar|Giga Drain|p1a: Tyranitar
|-supereffective|p1a: Tyranitar
|-damage|p1a: Tyranitar|27/100 brn
|
|-weather|Sandstorm|[upkeep]
|-damage|p2a: Gengar|94/100|[from] Sandstorm
|-heal|p2a: Gengar|100/100|[from] item: Leftovers
|-heal|p1a: Tyranitar|33/100 brn|[from] item: Leftovers
|-damage|p1a: Tyranitar|20/100 brn|[from] brn
|upkeep
|turn|21
|
|t:|1728937739
|move|p2a: Gengar|Giga Drain|p1a: Tyranitar
|-supereffective|p1a: Tyranitar
|-damage|p1a: Tyranitar|0 fnt
|faint|p1a: Tyranitar
|
|t:|1728937743
|switch|p1a: Aerodactyl|Aerodactyl, M|100/100
|
|-weather|Sandstorm|[upkeep]
|-damage|p2a: Gengar|94/100|[from] Sandstorm
|-heal|p2a: Gengar|100/100|[from] item: Leftovers
|upkeep
|turn|22
|
|t:|1728937758
|switch|p2a: Big boy|Metagross|88/100
|-damage|p2a: Big boy|76/100|[from] Spikes
|move|p1a: Aerodactyl|Rock Slide|p2a: Big boy
|-resisted|p2a: Big boy
|-damage|p2a: Big boy|57/100
|
|-weather|Sandstorm|[upkeep]
|upkeep
|turn|23
|
|t:|1728937773
|switch|p1a: Donphan|Donphan, M|100/100
|move|p2a: Big boy|Explosion|p1a: Donphan
|-crit|p1a: Donphan
|-damage|p1a: Donphan|0 fnt
|faint|p2a: Big boy
|faint|p1a: Donphan
|
|t:|1728937792
|switch|p2a: Gengar|Gengar, F|100/100
|switch|p1a: Aerodactyl|Aerodactyl, M|100/100
|
|-weather|Sandstorm|[upkeep]
|-damage|p2a: Gengar|94/100|[from] Sandstorm
|-heal|p2a: Gengar|100/100|[from] item: Leftovers
|upkeep
|turn|24
|
|t:|1728937802
|move|p1a: Aerodactyl|Rock Slide|p2a: Gengar
|-damage|p2a: Gengar|19/100
|cant|p2a: Gengar|flinch
|
|-weather|Sandstorm|[upkeep]
|-damage|p2a: Gengar|13/100|[from] Sandstorm
|-heal|p2a: Gengar|19/100|[from] item: Leftovers
|upkeep
|turn|25
|
|t:|1728937807
|move|p1a: Aerodactyl|Rock Slide|p2a: Gengar
|-damage|p2a: Gengar|0 fnt
|faint|p2a: Gengar
|
|t:|1728937811
|switch|p2a: Celeri|Celebi|55/100
|-damage|p2a: Celeri|43/100|[from] Spikes
|
|-weather|Sandstorm|[upkeep]
|-damage|p2a: Celeri|37/100|[from] Sandstorm
|-heal|p2a: Celeri|43/100|[from] item: Leftovers
|upkeep
|turn|26
|
|t:|1728937818
|move|p1a: Aerodactyl|Rock Slide|p2a: Celeri|[miss]
|-miss|p1a: Aerodactyl|p2a: Celeri
|move|p2a: Celeri|Hidden Power|p1a: Aerodactyl
|-supereffective|p1a: Aerodactyl
|-damage|p1a: Aerodactyl|55/100
|
|-weather|Sandstorm|[upkeep]
|-damage|p2a: Celeri|37/100|[from] Sandstorm
|-heal|p2a: Celeri|43/100|[from] item: Leftovers
|upkeep
|turn|27
|
|t:|1728937827
|move|p1a: Aerodactyl|Rock Slide|p2a: Celeri
|-damage|p2a: Celeri|6/100
|move|p2a: Celeri|Giga Drain|p1a: Aerodactyl
|-damage|p1a: Aerodactyl|25/100
|-heal|p2a: Celeri|17/100|[from] drain|[of] p1a: Aerodactyl
|
|-weather|Sandstorm|[upkeep]
|-damage|p2a: Celeri|11/100|[from] Sandstorm
|-heal|p2a: Celeri|17/100|[from] item: Leftovers
|upkeep
|turn|28
|
|t:|1728937837
|move|p1a: Aerodactyl|Rock Slide|p2a: Celeri
|-damage|p2a: Celeri|0 fnt
|faint|p2a: Celeri
|
|t:|1728937840
|switch|p2a: Zaptwo|Zapdos|63/100 tox
|
|-weather|Sandstorm|[upkeep]
|-damage|p2a: Zaptwo|57/100 tox|[from] Sandstorm
|-heal|p2a: Zaptwo|63/100 tox|[from] item: Leftovers
|-damage|p2a: Zaptwo|57/100 tox|[from] psn
|upkeep
|turn|29
|
|t:|1728937843
|move|p1a: Aerodactyl|Rock Slide|p2a: Zaptwo
|-supereffective|p2a: Zaptwo
|-damage|p2a: Zaptwo|0 fnt
|faint|p2a: Zaptwo
|
|win|Levy's Chair
|c|☆Levy's Chair|gg

</script>
<script type="application/json" class="data" id="replaydata-smogtours-gen3ou-798748">
{"id":"smogtours-gen3ou-798748","format":"[Gen 3] OU","players":["Levy's Chair","Dr4gonl0rd"],"uploadtime":1728937843,"views":109,"formatid":"gen3ou","rating":null,"private":0,"password":null}
</script>

<script defer src="js/replays.js?9d40a366"></script>
