<!DOCTYPE html>
<meta charset="utf-8" />
<meta name="viewport" content="width=device-width" />

<title>[Gen 3] OU: Darth33 vs. racerl - Replays - Pok&eacute;mon Showdown!</title>

<meta name="description" content="Watch a replay of a Pok&eacute;mon battle between Darth33 and racerl! Format: [Gen 3] OU; Date: Oct 4, 2024" />
<!--

Hey, you! Looking in the source for the replay log?

You can find them in JSON format, just add `.json` at the end of a replay URL.

https://replay.pokemonshowdown.com/gen7randomdoublesbattle-865046831.json

Or, if you only need the log itself, add `.log` instead:

https://replay.pokemonshowdown.com/gen7randomdoublesbattle-865046831.log

-->

<link rel="stylesheet" href="//pokemonshowdown.com/style/global.css?0.767286132409787" />
<link rel="stylesheet" href="//play.pokemonshowdown.com/style/font-awesome.css?0.9266228007934947" />
<link rel="stylesheet" href="//play.pokemonshowdown.com/style/battle.css?0.7924700842790926" />
<link rel="stylesheet" href="//play.pokemonshowdown.com/style/utilichart.css?0.8777417872839479" />

<!-- Global site tag (gtag.js) - Google Analytics -->
<script async src="https://www.googletagmanager.com/gtag/js?id=UA-26211653-1"></script>
<script>
  window.dataLayer = window.dataLayer || [];
  function gtag(){dataLayer.push(arguments);}
  gtag('js', new Date());

  gtag('config', 'UA-26211653-1');
</script>
<!-- End Google Analytics -->
<!-- Venatus Ad Manager - Install in <HEAD> of page -->
	<script src="https://hb.vntsm.com/v3/live/ad-manager.min.js" type="text/javascript" data-site-id="642aba63ec9a7b11c3c9c1be" data-mode="scan" async></script>
<!-- / Venatus Ad Manager -->

<style>
	@media (max-width:820px) {
		.battle {
			margin: 0 auto;
		}
		.battle-log {
			margin: 7px auto 0;
			max-width: 640px;
			height: 300px;
			position: static;
		}
	}
	.optgroup {
		display: inline-block;
		line-height: 22px;
		font-size: 10pt;
	}
	.optgroup .button {
		height: 25px;
		padding-top: 0;
		padding-bottom: 0;
	}
	.optgroup button.button {
		padding-left: 12px;
		padding-right: 12px;
	}
	.linklist {
		list-style: none;
		margin: 0.5em 0;
		padding: 0;
	}
	.linklist li {
		padding: 2px 0;
	}
	.sidebar {
		float: left;
		width: 320px;
	}
	.bar-wrapper {
		max-width: 1100px;
		margin: 0 auto;
	}
	.bar-wrapper.has-sidebar {
		max-width: 1430px;
	}
	.mainbar {
		margin: 0;
		padding-right: 1px;
	}
	.mainbar.has-sidebar {
		margin-left: 330px;
	}
	@media (min-width: 1511px) {
		.sidebar {
			width: 400px;
		}
		.bar-wrapper.has-sidebar {
			max-width: 1510px;
		}
		.mainbar.has-sidebar {
			margin-left: 410px;
		}
	}
	.section.first-section {
		margin-top: 9px;
	}
	.blocklink small {
		white-space: normal;
	}
	.button {
		vertical-align: middle;
	}
	.replay-controls {
		padding-top: 10px;
	}
	.replay-controls h1 {
		font-size: 16pt;
		font-weight: normal;
		color: #CCC;
	}
	.pagelink {
		text-align: center;
	}
	.pagelink a {
		width: 150px;
	}
	.textbox, .button {
		font-size: 11pt;
		vertical-align: middle;
	}
	@media (max-width: 450px) {
		.button {
			font-size: 9pt;
		}
	}
</style>

<div>

	<header>
		<div class="nav-wrapper"><ul class="nav">
			<li><a class="button nav-first" href="//pokemonshowdown.com/"><img src="//pokemonshowdown.com/images/pokemonshowdownbeta.png" srcset="//pokemonshowdown.com/images/pokemonshowdownbeta.png 1x, //pokemonshowdown.com/images/pokemonshowdownbeta@2x.png 2x" alt="Pok&eacute;mon Showdown" width="146" height="44" /> Home</a></li>
			<li><a class="button" href="//pokemonshowdown.com/dex/">Pok&eacute;dex</a></li>
			<li><a class="button cur" href="/">Replays</a></li>
			<li><a class="button" href="//pokemonshowdown.com/ladder/">Ladder</a></li>
			<li><a class="button nav-last" href="//pokemonshowdown.com/forums/">Forum</a></li>
			<li><a class="button greenbutton nav-first nav-last" href="//play.pokemonshowdown.com/">Play</a></li>
		</ul></div>
	</header>

	<div class="main" id="main">

		<noscript><section class="section">You need to enable JavaScript to use this page; sorry!</section></noscript>

	</div>

</div>

<script defer nomodule src="//play.pokemonshowdown.com/js/lib/ps-polyfill.js"></script>
<script defer src="//play.pokemonshowdown.com/js/lib/preact.min.js"></script>

<script defer src="//play.pokemonshowdown.com/config/config.js?6dec07f6"></script>
<script defer src="//play.pokemonshowdown.com/js/lib/jquery-1.11.0.min.js"></script>
<script defer src="//play.pokemonshowdown.com/js/lib/html-sanitizer-minified.js"></script>
<script defer src="//play.pokemonshowdown.com/js/battle-sound.js"></script>
<script defer src="//play.pokemonshowdown.com/js/battledata.js?0.6315294753075389"></script>
<script defer src="//play.pokemonshowdown.com/data/pokedex-mini.js?0.7603743185311358"></script>
<script defer src="//play.pokemonshowdown.com/data/pokedex-mini-bw.js?0.030888842834281283"></script>
<script defer src="//play.pokemonshowdown.com/data/graphics.js?0.05593094747507488"></script>
<script defer src="//play.pokemonshowdown.com/data/pokedex.js?0.47064822249611904"></script>
<script defer src="//play.pokemonshowdown.com/data/moves.js?0.8583693120512459"></script>
<script defer src="//play.pokemonshowdown.com/data/abilities.js?0.16017181182386842"></script>
<script defer src="//play.pokemonshowdown.com/data/items.js?0.4163379185673943"></script>
<script defer src="//play.pokemonshowdown.com/data/teambuilder-tables.js?0.31075597372830477"></script>
<script defer src="//play.pokemonshowdown.com/js/battle-tooltips.js?0.6536193500708172"></script>
<script defer src="//play.pokemonshowdown.com/js/battle.js?0.1916591943277901"></script>

<script defer src="js/utils.js?e31f9a17"></script>
<script defer src="js/replays-battle.js?7008c182"></script>

<!-- don't scrape this data! just add .json or .log after the URL!
Full API docs: https://github.com/smogon/pokemon-showdown-client/blob/master/WEB-API.md -->
<script type="text/plain" class="log" id="replaylog-smogtours-gen3ou-794522">
|inactive|Battle timer is ON: inactive players will automatically lose when time's up.
|t:|1728036500
|gametype|singles
|player|p1|Darth33|169|
|player|p2|racerl|101|
|teamsize|p1|6
|teamsize|p2|6
|gen|3
|tier|[Gen 3] OU
|rule|Sleep Clause Mod: Limit one foe put to sleep
|rule|Switch Priority Clause Mod: Faster Pokémon switch first
|rule|Species Clause: Limit one of each Pokémon
|rule|OHKO Clause: OHKO moves are banned
|rule|Evasion Items Clause: Evasion items are banned
|rule|Evasion Moves Clause: Evasion moves are banned
|rule|Endless Battle Clause: Forcing endless battles is banned
|rule|HP Percentage Mod: HP is shown in percentages
|rule|One Boost Passer Clause: Limit one Baton Passer that has a way to boost its stats
|rule|Freeze Clause Mod: Limit one foe frozen
|
|t:|1728036500
|start
|switch|p1a: Donghua|Medicham, F|100/100
|switch|p2a: Tyranitar|Tyranitar, F|100/100
|-weather|Sandstorm|[from] ability: Sand Stream|[of] p2a: Tyranitar
|turn|1
|inactive|racerl has 270 seconds left.
|
|t:|1728036539
|-singleturn|p1a: Donghua|move: Focus Punch
|switch|p2a: Skarmory|Skarmory, M|100/100
|move|p1a: Donghua|Focus Punch|p2a: Skarmory
|-damage|p2a: Skarmory|33/100
|
|-weather|Sandstorm|[upkeep]
|-damage|p1a: Donghua|94/100|[from] Sandstorm
|-heal|p2a: Skarmory|39/100|[from] item: Leftovers
|upkeep
|turn|2
|
|t:|1728036553
|switch|p1a: Zip Zap Zop|Magneton|100/100
|move|p2a: Skarmory|Spikes|p1a: Zip Zap Zop
|-sidestart|p1: Darth33|Spikes
|
|-weather|Sandstorm|[upkeep]
|-heal|p2a: Skarmory|45/100|[from] item: Leftovers
|upkeep
|turn|3
|
|t:|1728036560
|move|p1a: Zip Zap Zop|Thunderbolt|p2a: Skarmory
|-supereffective|p2a: Skarmory
|-crit|p2a: Skarmory
|-damage|p2a: Skarmory|0 fnt
|faint|p2a: Skarmory
|c|☆Darth33|glhf
|
|t:|1728036576
|switch|p2a: Swampert|Swampert, F|100/100
|
|-weather|Sandstorm|[upkeep]
|upkeep
|turn|4
|
|t:|1728036582
|switch|p1a: Makiling|Celebi|100/100
|-damage|p1a: Makiling|88/100|[from] Spikes
|move|p2a: Swampert|Ice Beam|p1a: Makiling
|-supereffective|p1a: Makiling
|-damage|p1a: Makiling|51/100
|
|-weather|Sandstorm|[upkeep]
|-damage|p1a: Makiling|45/100|[from] Sandstorm
|-heal|p1a: Makiling|51/100|[from] item: Leftovers
|upkeep
|turn|5
|
|t:|1728036595
|switch|p2a: Moltres|Moltres|100/100
|move|p1a: Makiling|Giga Drain|p2a: Moltres
|-resisted|p2a: Moltres
|-damage|p2a: Moltres|94/100
|-heal|p1a: Makiling|53/100|[from] drain|[of] p2a: Moltres
|
|-weather|Sandstorm|[upkeep]
|-damage|p1a: Makiling|47/100|[from] Sandstorm
|-damage|p2a: Moltres|88/100|[from] Sandstorm
|-heal|p1a: Makiling|53/100|[from] item: Leftovers
|-heal|p2a: Moltres|94/100|[from] item: Leftovers
|upkeep
|turn|6
|
|t:|1728036610
|move|p1a: Makiling|Baton Pass|p1a: Makiling
|
|t:|1728036617
|switch|p1a: Bayawak|Salamence, M|100/100|[from] Baton Pass
|-ability|p1a: Bayawak|Intimidate|boost
|-unboost|p2a: Moltres|atk|1
|move|p2a: Moltres|Will-O-Wisp|p1a: Bayawak
|-status|p1a: Bayawak|brn
|
|-weather|Sandstorm|[upkeep]
|-damage|p1a: Bayawak|94/100 brn|[from] Sandstorm
|-damage|p2a: Moltres|88/100|[from] Sandstorm
|-heal|p1a: Bayawak|100/100 brn|[from] item: Leftovers
|-damage|p1a: Bayawak|88/100 brn|[from] brn
|-heal|p2a: Moltres|94/100|[from] item: Leftovers
|upkeep
|turn|7
|
|t:|1728036635
|switch|p2a: Swampert|Swampert, F|100/100
|move|p1a: Bayawak|Dragon Dance|p1a: Bayawak
|-boost|p1a: Bayawak|atk|1
|-boost|p1a: Bayawak|spe|1
|
|-weather|Sandstorm|[upkeep]
|-damage|p1a: Bayawak|82/100 brn|[from] Sandstorm
|-heal|p1a: Bayawak|88/100 brn|[from] item: Leftovers
|-damage|p1a: Bayawak|76/100 brn|[from] brn
|upkeep
|turn|8
|
|t:|1728036645
|move|p1a: Bayawak|Hidden Power|p2a: Swampert
|-damage|p2a: Swampert|77/100
|move|p2a: Swampert|Ice Beam|p1a: Bayawak
|-supereffective|p1a: Bayawak
|-damage|p1a: Bayawak|0 fnt
|faint|p1a: Bayawak
|
|t:|1728036653
|switch|p1a: Donghua|Medicham, F|94/100
|-damage|p1a: Donghua|82/100|[from] Spikes
|
|-weather|Sandstorm|[upkeep]
|-damage|p1a: Donghua|76/100|[from] Sandstorm
|-heal|p2a: Swampert|83/100|[from] item: Leftovers
|upkeep
|turn|9
|
|t:|1728036662
|move|p2a: Swampert|Protect|p2a: Swampert
|-singleturn|p2a: Swampert|Protect
|move|p1a: Donghua|Brick Break|p2a: Swampert
|-activate|p2a: Swampert|Protect
|
|-weather|Sandstorm|[upkeep]
|-damage|p1a: Donghua|70/100|[from] Sandstorm
|-heal|p2a: Swampert|90/100|[from] item: Leftovers
|upkeep
|turn|10
|
|t:|1728036677
|switch|p2a: Gengar|Gengar, M|100/100
|move|p1a: Donghua|Brick Break|p2a: Gengar
|-immune|p2a: Gengar
|
|-weather|Sandstorm|[upkeep]
|-damage|p2a: Gengar|94/100|[from] Sandstorm
|-damage|p1a: Donghua|64/100|[from] Sandstorm
|-heal|p2a: Gengar|100/100|[from] item: Leftovers
|upkeep
|turn|11
|
|t:|1728036686
|move|p2a: Gengar|Will-O-Wisp|p1a: Donghua
|-status|p1a: Donghua|brn
|-enditem|p1a: Donghua|Lum Berry|[eat]
|-curestatus|p1a: Donghua|brn|[msg]
|move|p1a: Donghua|Shadow Ball|p2a: Gengar
|-supereffective|p2a: Gengar
|-damage|p2a: Gengar|0 fnt
|faint|p2a: Gengar
|
|t:|1728036702
|switch|p2a: Moltres|Moltres|94/100
|
|-weather|Sandstorm|[upkeep]
|-damage|p1a: Donghua|58/100|[from] Sandstorm
|-damage|p2a: Moltres|88/100|[from] Sandstorm
|-heal|p2a: Moltres|94/100|[from] item: Leftovers
|upkeep
|turn|12
|
|t:|1728036710
|move|p1a: Donghua|Rock Slide|p2a: Moltres
|-supereffective|p2a: Moltres
|-damage|p2a: Moltres|0 fnt
|faint|p2a: Moltres
|
|t:|1728036717
|switch|p2a: Swampert|Swampert, F|90/100
|
|-weather|Sandstorm|[upkeep]
|-damage|p1a: Donghua|52/100|[from] Sandstorm
|-heal|p2a: Swampert|96/100|[from] item: Leftovers
|upkeep
|turn|13
|
|t:|1728036725
|move|p1a: Donghua|Brick Break|p2a: Swampert
|-damage|p2a: Swampert|62/100
|move|p2a: Swampert|Earthquake|p1a: Donghua
|-damage|p1a: Donghua|0 fnt
|faint|p1a: Donghua
|
|t:|1728036730
|switch|p1a: Makiling|Celebi|53/100
|-damage|p1a: Makiling|41/100|[from] Spikes
|
|-weather|Sandstorm|[upkeep]
|-damage|p1a: Makiling|35/100|[from] Sandstorm
|-heal|p1a: Makiling|41/100|[from] item: Leftovers
|-heal|p2a: Swampert|68/100|[from] item: Leftovers
|upkeep
|turn|14
|
|t:|1728036741
|switch|p2a: Blissey|Blissey, F|100/100
|move|p1a: Makiling|Giga Drain|p2a: Blissey
|-damage|p2a: Blissey|91/100
|-heal|p1a: Makiling|49/100|[from] drain|[of] p2a: Blissey
|
|-weather|Sandstorm|[upkeep]
|-damage|p1a: Makiling|42/100|[from] Sandstorm
|-damage|p2a: Blissey|85/100|[from] Sandstorm
|-heal|p1a: Makiling|49/100|[from] item: Leftovers
|-heal|p2a: Blissey|91/100|[from] item: Leftovers
|upkeep
|turn|15
|
|t:|1728036754
|move|p1a: Makiling|Baton Pass|p1a: Makiling
|
|t:|1728036756
|switch|p1a: STEM|Metagross|100/100|[from] Baton Pass
|-damage|p1a: STEM|88/100|[from] Spikes
|move|p2a: Blissey|Ice Beam|p1a: STEM
|-resisted|p1a: STEM
|-damage|p1a: STEM|77/100
|
|-weather|Sandstorm|[upkeep]
|-damage|p2a: Blissey|85/100|[from] Sandstorm
|-heal|p1a: STEM|83/100|[from] item: Leftovers
|-heal|p2a: Blissey|91/100|[from] item: Leftovers
|upkeep
|turn|16
|
|t:|1728036769
|switch|p2a: Swampert|Swampert, F|68/100
|move|p1a: STEM|Agility|p1a: STEM
|-boost|p1a: STEM|spe|2
|
|-weather|Sandstorm|[upkeep]
|-heal|p1a: STEM|89/100|[from] item: Leftovers
|-heal|p2a: Swampert|74/100|[from] item: Leftovers
|upkeep
|turn|17
|
|t:|1728036797
|move|p2a: Swampert|Protect|p2a: Swampert
|-singleturn|p2a: Swampert|Protect
|move|p1a: STEM|Earthquake|p2a: Swampert
|-activate|p2a: Swampert|Protect
|
|-weather|Sandstorm|[upkeep]
|-heal|p1a: STEM|95/100|[from] item: Leftovers
|-heal|p2a: Swampert|80/100|[from] item: Leftovers
|upkeep
|turn|18
|
|t:|1728036804
|move|p1a: STEM|Earthquake|p2a: Swampert
|-damage|p2a: Swampert|53/100
|move|p2a: Swampert|Earthquake|p1a: STEM
|-supereffective|p1a: STEM
|-damage|p1a: STEM|39/100
|
|-weather|Sandstorm|[upkeep]
|-heal|p1a: STEM|45/100|[from] item: Leftovers
|-heal|p2a: Swampert|59/100|[from] item: Leftovers
|upkeep
|turn|19
|
|t:|1728036814
|move|p1a: STEM|Earthquake|p2a: Swampert
|-damage|p2a: Swampert|34/100
|move|p2a: Swampert|Earthquake|p1a: STEM
|-supereffective|p1a: STEM
|-damage|p1a: STEM|0 fnt
|faint|p1a: STEM
|
|t:|1728036819
|switch|p1a: Croakcune|Suicune|100/100
|-damage|p1a: Croakcune|88/100|[from] Spikes
|
|-weather|Sandstorm|[upkeep]
|-damage|p1a: Croakcune|82/100|[from] Sandstorm
|-heal|p1a: Croakcune|88/100|[from] item: Leftovers
|-heal|p2a: Swampert|40/100|[from] item: Leftovers
|upkeep
|turn|20
|
|t:|1728036825
|switch|p2a: Blissey|Blissey, F|91/100
|move|p1a: Croakcune|Surf|p2a: Blissey
|-damage|p2a: Blissey|77/100
|
|-weather|Sandstorm|[upkeep]
|-damage|p1a: Croakcune|82/100|[from] Sandstorm
|-damage|p2a: Blissey|71/100|[from] Sandstorm
|-heal|p1a: Croakcune|88/100|[from] item: Leftovers
|-heal|p2a: Blissey|77/100|[from] item: Leftovers
|upkeep
|turn|21
|
|t:|1728036829
|move|p1a: Croakcune|Calm Mind|p1a: Croakcune
|-boost|p1a: Croakcune|spa|1
|-boost|p1a: Croakcune|spd|1
|move|p2a: Blissey|Toxic|p1a: Croakcune
|-status|p1a: Croakcune|tox
|
|-weather|Sandstorm|[upkeep]
|-damage|p1a: Croakcune|82/100 tox|[from] Sandstorm
|-damage|p2a: Blissey|71/100|[from] Sandstorm
|-heal|p1a: Croakcune|88/100 tox|[from] item: Leftovers
|-damage|p1a: Croakcune|82/100 tox|[from] psn
|-heal|p2a: Blissey|77/100|[from] item: Leftovers
|upkeep
|turn|22
|
|t:|1728036835
|move|p1a: Croakcune|Calm Mind|p1a: Croakcune
|-boost|p1a: Croakcune|spa|1
|-boost|p1a: Croakcune|spd|1
|move|p2a: Blissey|Soft-Boiled|p2a: Blissey
|-heal|p2a: Blissey|100/100
|
|-weather|Sandstorm|[upkeep]
|-damage|p1a: Croakcune|76/100 tox|[from] Sandstorm
|-damage|p2a: Blissey|94/100|[from] Sandstorm
|-heal|p1a: Croakcune|82/100 tox|[from] item: Leftovers
|-damage|p1a: Croakcune|70/100 tox|[from] psn
|-heal|p2a: Blissey|100/100|[from] item: Leftovers
|upkeep
|turn|23
|
|t:|1728036840
|move|p1a: Croakcune|Calm Mind|p1a: Croakcune
|-boost|p1a: Croakcune|spa|1
|-boost|p1a: Croakcune|spd|1
|move|p2a: Blissey|Seismic Toss|p1a: Croakcune
|-damage|p1a: Croakcune|45/100 tox
|
|-weather|Sandstorm|[upkeep]
|-damage|p1a: Croakcune|39/100 tox|[from] Sandstorm
|-damage|p2a: Blissey|94/100|[from] Sandstorm
|-heal|p1a: Croakcune|45/100 tox|[from] item: Leftovers
|-damage|p1a: Croakcune|26/100 tox|[from] psn
|-heal|p2a: Blissey|100/100|[from] item: Leftovers
|upkeep
|turn|24
|
|t:|1728036848
|move|p1a: Croakcune|Rest|p1a: Croakcune
|-status|p1a: Croakcune|slp|[from] move: Rest
|-heal|p1a: Croakcune|100/100 slp|[silent]
|move|p2a: Blissey|Seismic Toss|p1a: Croakcune
|-damage|p1a: Croakcune|76/100 slp
|
|-weather|Sandstorm|[upkeep]
|-damage|p1a: Croakcune|70/100 slp|[from] Sandstorm
|-damage|p2a: Blissey|94/100|[from] Sandstorm
|-heal|p1a: Croakcune|76/100 slp|[from] item: Leftovers
|-heal|p2a: Blissey|100/100|[from] item: Leftovers
|upkeep
|turn|25
|
|t:|1728036863
|cant|p1a: Croakcune|slp
|move|p2a: Blissey|Seismic Toss|p1a: Croakcune
|-damage|p1a: Croakcune|51/100 slp
|
|-weather|Sandstorm|[upkeep]
|-damage|p1a: Croakcune|45/100 slp|[from] Sandstorm
|-damage|p2a: Blissey|94/100|[from] Sandstorm
|-heal|p1a: Croakcune|51/100 slp|[from] item: Leftovers
|-heal|p2a: Blissey|100/100|[from] item: Leftovers
|upkeep
|turn|26
|
|t:|1728036872
|cant|p1a: Croakcune|slp
|move|p2a: Blissey|Seismic Toss|p1a: Croakcune
|-damage|p1a: Croakcune|26/100 slp
|
|-weather|Sandstorm|[upkeep]
|-damage|p1a: Croakcune|20/100 slp|[from] Sandstorm
|-damage|p2a: Blissey|94/100|[from] Sandstorm
|-heal|p1a: Croakcune|26/100 slp|[from] item: Leftovers
|-heal|p2a: Blissey|100/100|[from] item: Leftovers
|upkeep
|turn|27
|
|t:|1728036878
|-curestatus|p1a: Croakcune|slp|[msg]
|move|p1a: Croakcune|Rest|p1a: Croakcune
|-status|p1a: Croakcune|slp|[from] move: Rest
|-heal|p1a: Croakcune|100/100 slp|[silent]
|move|p2a: Blissey|Toxic||[still]
|-fail|p2a: Blissey
|
|-weather|Sandstorm|[upkeep]
|-damage|p1a: Croakcune|94/100 slp|[from] Sandstorm
|-damage|p2a: Blissey|94/100|[from] Sandstorm
|-heal|p1a: Croakcune|100/100 slp|[from] item: Leftovers
|-heal|p2a: Blissey|100/100|[from] item: Leftovers
|upkeep
|turn|28
|
|t:|1728036885
|switch|p2a: Tyranitar|Tyranitar, F|100/100
|cant|p1a: Croakcune|slp
|
|-weather|Sandstorm|[upkeep]
|-damage|p1a: Croakcune|94/100 slp|[from] Sandstorm
|-heal|p1a: Croakcune|100/100 slp|[from] item: Leftovers
|upkeep
|turn|29
|
|t:|1728036891
|cant|p1a: Croakcune|slp
|move|p2a: Tyranitar|Taunt|p1a: Croakcune
|-start|p1a: Croakcune|move: Taunt
|
|-weather|Sandstorm|[upkeep]
|-damage|p1a: Croakcune|94/100 slp|[from] Sandstorm
|-heal|p1a: Croakcune|100/100 slp|[from] item: Leftovers
|upkeep
|turn|30
|
|t:|1728036896
|-curestatus|p1a: Croakcune|slp|[msg]
|move|p1a: Croakcune|Surf|p2a: Tyranitar
|-supereffective|p2a: Tyranitar
|-damage|p2a: Tyranitar|0 fnt
|faint|p2a: Tyranitar
|
|t:|1728036899
|switch|p2a: Blissey|Blissey, F|100/100
|
|-weather|Sandstorm|[upkeep]
|-damage|p1a: Croakcune|94/100|[from] Sandstorm
|-damage|p2a: Blissey|94/100|[from] Sandstorm
|-heal|p1a: Croakcune|100/100|[from] item: Leftovers
|-end|p1a: Croakcune|move: Taunt|[silent]
|-heal|p2a: Blissey|100/100|[from] item: Leftovers
|upkeep
|turn|31
|
|t:|1728036904
|move|p1a: Croakcune|Calm Mind|p1a: Croakcune
|-boost|p1a: Croakcune|spa|1
|-boost|p1a: Croakcune|spd|1
|move|p2a: Blissey|Seismic Toss|p1a: Croakcune
|-damage|p1a: Croakcune|76/100
|
|-weather|Sandstorm|[upkeep]
|-damage|p1a: Croakcune|70/100|[from] Sandstorm
|-damage|p2a: Blissey|94/100|[from] Sandstorm
|-heal|p1a: Croakcune|76/100|[from] item: Leftovers
|-heal|p2a: Blissey|100/100|[from] item: Leftovers
|upkeep
|turn|32
|
|t:|1728036915
|move|p1a: Croakcune|Surf|p2a: Blissey
|-damage|p2a: Blissey|57/100
|move|p2a: Blissey|Seismic Toss|p1a: Croakcune
|-damage|p1a: Croakcune|51/100
|
|-weather|Sandstorm|[upkeep]
|-damage|p1a: Croakcune|45/100|[from] Sandstorm
|-damage|p2a: Blissey|51/100|[from] Sandstorm
|-heal|p1a: Croakcune|51/100|[from] item: Leftovers
|-heal|p2a: Blissey|57/100|[from] item: Leftovers
|upkeep
|turn|33
|
|t:|1728036923
|move|p1a: Croakcune|Rest|p1a: Croakcune
|-status|p1a: Croakcune|slp|[from] move: Rest
|-heal|p1a: Croakcune|100/100 slp|[silent]
|move|p2a: Blissey|Soft-Boiled|p2a: Blissey
|-heal|p2a: Blissey|100/100
|
|-weather|Sandstorm|[upkeep]
|-damage|p1a: Croakcune|94/100 slp|[from] Sandstorm
|-damage|p2a: Blissey|94/100|[from] Sandstorm
|-heal|p1a: Croakcune|100/100 slp|[from] item: Leftovers
|-heal|p2a: Blissey|100/100|[from] item: Leftovers
|upkeep
|turn|34
|
|t:|1728036926
|cant|p1a: Croakcune|slp
|move|p2a: Blissey|Seismic Toss|p1a: Croakcune
|-damage|p1a: Croakcune|76/100 slp
|
|-weather|Sandstorm|[upkeep]
|-damage|p1a: Croakcune|70/100 slp|[from] Sandstorm
|-damage|p2a: Blissey|94/100|[from] Sandstorm
|-heal|p1a: Croakcune|76/100 slp|[from] item: Leftovers
|-heal|p2a: Blissey|100/100|[from] item: Leftovers
|upkeep
|turn|35
|
|t:|1728036928
|cant|p1a: Croakcune|slp
|move|p2a: Blissey|Seismic Toss|p1a: Croakcune
|-damage|p1a: Croakcune|51/100 slp
|
|-weather|Sandstorm|[upkeep]
|-damage|p1a: Croakcune|45/100 slp|[from] Sandstorm
|-damage|p2a: Blissey|94/100|[from] Sandstorm
|-heal|p1a: Croakcune|51/100 slp|[from] item: Leftovers
|-heal|p2a: Blissey|100/100|[from] item: Leftovers
|upkeep
|turn|36
|
|t:|1728036930
|-curestatus|p1a: Croakcune|slp|[msg]
|move|p1a: Croakcune|Calm Mind|p1a: Croakcune
|-boost|p1a: Croakcune|spa|1
|-boost|p1a: Croakcune|spd|1
|move|p2a: Blissey|Seismic Toss|p1a: Croakcune
|-damage|p1a: Croakcune|26/100
|
|-weather|Sandstorm|[upkeep]
|-damage|p1a: Croakcune|20/100|[from] Sandstorm
|-damage|p2a: Blissey|94/100|[from] Sandstorm
|-heal|p1a: Croakcune|26/100|[from] item: Leftovers
|-heal|p2a: Blissey|100/100|[from] item: Leftovers
|upkeep
|turn|37
|
|t:|1728036935
|move|p1a: Croakcune|Rest|p1a: Croakcune
|-status|p1a: Croakcune|slp|[from] move: Rest
|-heal|p1a: Croakcune|100/100 slp|[silent]
|move|p2a: Blissey|Seismic Toss|p1a: Croakcune
|-damage|p1a: Croakcune|76/100 slp
|
|-weather|Sandstorm|[upkeep]
|-damage|p1a: Croakcune|70/100 slp|[from] Sandstorm
|-damage|p2a: Blissey|94/100|[from] Sandstorm
|-heal|p1a: Croakcune|76/100 slp|[from] item: Leftovers
|-heal|p2a: Blissey|100/100|[from] item: Leftovers
|upkeep
|turn|38
|
|t:|1728036938
|switch|p2a: Swampert|Swampert, F|40/100
|cant|p1a: Croakcune|slp
|
|-weather|Sandstorm|[upkeep]
|-damage|p1a: Croakcune|70/100 slp|[from] Sandstorm
|-heal|p1a: Croakcune|76/100 slp|[from] item: Leftovers
|-heal|p2a: Swampert|46/100|[from] item: Leftovers
|upkeep
|turn|39
|
|t:|1728036942
|cant|p1a: Croakcune|slp
|move|p2a: Swampert|Earthquake|p1a: Croakcune
|-damage|p1a: Croakcune|50/100 slp
|
|-weather|Sandstorm|[upkeep]
|-damage|p1a: Croakcune|44/100 slp|[from] Sandstorm
|-heal|p1a: Croakcune|50/100 slp|[from] item: Leftovers
|-heal|p2a: Swampert|52/100|[from] item: Leftovers
|upkeep
|turn|40
|
|t:|1728036946
|-curestatus|p1a: Croakcune|slp|[msg]
|move|p1a: Croakcune|Surf|p2a: Swampert
|-damage|p2a: Swampert|0 fnt
|faint|p2a: Swampert
|
|t:|1728036949
|switch|p2a: Blissey|Blissey, F|100/100
|
|-weather|Sandstorm|[upkeep]
|-damage|p1a: Croakcune|44/100|[from] Sandstorm
|-damage|p2a: Blissey|94/100|[from] Sandstorm
|-heal|p1a: Croakcune|50/100|[from] item: Leftovers
|-heal|p2a: Blissey|100/100|[from] item: Leftovers
|upkeep
|turn|41
|
|t:|1728036955
|move|p1a: Croakcune|Calm Mind|p1a: Croakcune
|-boost|p1a: Croakcune|spa|1
|-boost|p1a: Croakcune|spd|1
|move|p2a: Blissey|Toxic|p1a: Croakcune
|-status|p1a: Croakcune|tox
|
|-weather|Sandstorm|[upkeep]
|-damage|p1a: Croakcune|44/100 tox|[from] Sandstorm
|-damage|p2a: Blissey|94/100|[from] Sandstorm
|-heal|p1a: Croakcune|50/100 tox|[from] item: Leftovers
|-damage|p1a: Croakcune|44/100 tox|[from] psn
|-heal|p2a: Blissey|100/100|[from] item: Leftovers
|upkeep
|turn|42
|
|t:|1728036960
|move|p1a: Croakcune|Rest|p1a: Croakcune
|-status|p1a: Croakcune|slp|[from] move: Rest
|-heal|p1a: Croakcune|100/100 slp|[silent]
|move|p2a: Blissey|Seismic Toss|p1a: Croakcune
|-damage|p1a: Croakcune|76/100 slp
|
|-weather|Sandstorm|[upkeep]
|-damage|p1a: Croakcune|70/100 slp|[from] Sandstorm
|-damage|p2a: Blissey|94/100|[from] Sandstorm
|-heal|p1a: Croakcune|76/100 slp|[from] item: Leftovers
|-heal|p2a: Blissey|100/100|[from] item: Leftovers
|upkeep
|turn|43
|
|t:|1728036963
|cant|p1a: Croakcune|slp
|move|p2a: Blissey|Seismic Toss|p1a: Croakcune
|-damage|p1a: Croakcune|51/100 slp
|
|-weather|Sandstorm|[upkeep]
|-damage|p1a: Croakcune|45/100 slp|[from] Sandstorm
|-damage|p2a: Blissey|94/100|[from] Sandstorm
|-heal|p1a: Croakcune|51/100 slp|[from] item: Leftovers
|-heal|p2a: Blissey|100/100|[from] item: Leftovers
|upkeep
|turn|44
|
|t:|1728036966
|cant|p1a: Croakcune|slp
|move|p2a: Blissey|Seismic Toss|p1a: Croakcune
|-damage|p1a: Croakcune|26/100 slp
|
|-weather|Sandstorm|[upkeep]
|-damage|p1a: Croakcune|20/100 slp|[from] Sandstorm
|-damage|p2a: Blissey|94/100|[from] Sandstorm
|-heal|p1a: Croakcune|26/100 slp|[from] item: Leftovers
|-heal|p2a: Blissey|100/100|[from] item: Leftovers
|upkeep
|turn|45
|
|t:|1728036969
|-curestatus|p1a: Croakcune|slp|[msg]
|move|p1a: Croakcune|Rest|p1a: Croakcune
|-status|p1a: Croakcune|slp|[from] move: Rest
|-heal|p1a: Croakcune|100/100 slp|[silent]
|move|p2a: Blissey|Seismic Toss|p1a: Croakcune
|-damage|p1a: Croakcune|76/100 slp
|
|-weather|Sandstorm|[upkeep]
|-damage|p1a: Croakcune|70/100 slp|[from] Sandstorm
|-damage|p2a: Blissey|94/100|[from] Sandstorm
|-heal|p1a: Croakcune|76/100 slp|[from] item: Leftovers
|-heal|p2a: Blissey|100/100|[from] item: Leftovers
|upkeep
|turn|46
|
|t:|1728036972
|cant|p1a: Croakcune|slp
|move|p2a: Blissey|Seismic Toss|p1a: Croakcune
|-damage|p1a: Croakcune|51/100 slp
|
|-weather|Sandstorm|[upkeep]
|-damage|p1a: Croakcune|45/100 slp|[from] Sandstorm
|-damage|p2a: Blissey|94/100|[from] Sandstorm
|-heal|p1a: Croakcune|51/100 slp|[from] item: Leftovers
|-heal|p2a: Blissey|100/100|[from] item: Leftovers
|upkeep
|turn|47
|
|t:|1728036978
|cant|p1a: Croakcune|slp
|move|p2a: Blissey|Ice Beam|p1a: Croakcune
|-resisted|p1a: Croakcune
|-damage|p1a: Croakcune|49/100 slp
|
|-weather|Sandstorm|[upkeep]
|-damage|p1a: Croakcune|43/100 slp|[from] Sandstorm
|-damage|p2a: Blissey|94/100|[from] Sandstorm
|-heal|p1a: Croakcune|49/100 slp|[from] item: Leftovers
|-heal|p2a: Blissey|100/100|[from] item: Leftovers
|upkeep
|turn|48
|
|t:|1728036986
|-curestatus|p1a: Croakcune|slp|[msg]
|move|p1a: Croakcune|Rest|p1a: Croakcune
|-status|p1a: Croakcune|slp|[from] move: Rest
|-heal|p1a: Croakcune|100/100 slp|[silent]
|move|p2a: Blissey|Ice Beam|p1a: Croakcune
|-resisted|p1a: Croakcune
|-crit|p1a: Croakcune
|-damage|p1a: Croakcune|85/100 slp
|
|-weather|Sandstorm|[upkeep]
|-damage|p1a: Croakcune|79/100 slp|[from] Sandstorm
|-damage|p2a: Blissey|94/100|[from] Sandstorm
|-heal|p1a: Croakcune|85/100 slp|[from] item: Leftovers
|-heal|p2a: Blissey|100/100|[from] item: Leftovers
|upkeep
|turn|49
|
|t:|1728036991
|cant|p1a: Croakcune|slp
|move|p2a: Blissey|Seismic Toss|p1a: Croakcune
|-damage|p1a: Croakcune|60/100 slp
|
|-weather|Sandstorm|[upkeep]
|-damage|p1a: Croakcune|54/100 slp|[from] Sandstorm
|-damage|p2a: Blissey|94/100|[from] Sandstorm
|-heal|p1a: Croakcune|60/100 slp|[from] item: Leftovers
|-heal|p2a: Blissey|100/100|[from] item: Leftovers
|upkeep
|turn|50
|
|t:|1728036996
|cant|p1a: Croakcune|slp
|move|p2a: Blissey|Toxic||[still]
|-fail|p2a: Blissey
|
|-weather|Sandstorm|[upkeep]
|-damage|p1a: Croakcune|54/100 slp|[from] Sandstorm
|-damage|p2a: Blissey|94/100|[from] Sandstorm
|-heal|p1a: Croakcune|60/100 slp|[from] item: Leftovers
|-heal|p2a: Blissey|100/100|[from] item: Leftovers
|upkeep
|turn|51
|
|t:|1728037000
|-curestatus|p1a: Croakcune|slp|[msg]
|move|p1a: Croakcune|Surf|p2a: Blissey
|-damage|p2a: Blissey|39/100
|move|p2a: Blissey|Ice Beam|p1a: Croakcune
|-resisted|p1a: Croakcune
|-damage|p1a: Croakcune|59/100
|
|-weather|Sandstorm|[upkeep]
|-damage|p1a: Croakcune|52/100|[from] Sandstorm
|-damage|p2a: Blissey|33/100|[from] Sandstorm
|-heal|p1a: Croakcune|59/100|[from] item: Leftovers
|-heal|p2a: Blissey|39/100|[from] item: Leftovers
|upkeep
|turn|52
|
|t:|1728037004
|move|p1a: Croakcune|Surf|p2a: Blissey
|-damage|p2a: Blissey|0 fnt
|faint|p2a: Blissey
|
|win|Darth33

</script>
<script type="application/json" class="data" id="replaydata-smogtours-gen3ou-794522">
{"id":"smogtours-gen3ou-794522","format":"[Gen 3] OU","players":["Darth33","racerl"],"uploadtime":1728037004,"views":95,"formatid":"gen3ou","rating":null,"private":0,"password":null}
</script>

<script defer src="js/replays.js?9d40a366"></script>
