<!DOCTYPE html>
<meta charset="utf-8" />
<meta name="viewport" content="width=device-width" />

<title>[Gen 3] OU: Surko vs. OzEngine - Replays - Pok&eacute;mon Showdown!</title>

<meta name="description" content="Watch a replay of a Pok&eacute;mon battle between Surko and OzEngine! Format: [Gen 3] OU; Date: Oct 5, 2024" />
<!--

Hey, you! Looking in the source for the replay log?

You can find them in JSON format, just add `.json` at the end of a replay URL.

https://replay.pokemonshowdown.com/gen7randomdoublesbattle-865046831.json

Or, if you only need the log itself, add `.log` instead:

https://replay.pokemonshowdown.com/gen7randomdoublesbattle-865046831.log

-->

<link rel="stylesheet" href="//pokemonshowdown.com/style/global.css?0.023195364461161105" />
<link rel="stylesheet" href="//play.pokemonshowdown.com/style/font-awesome.css?0.13261647063804238" />
<link rel="stylesheet" href="//play.pokemonshowdown.com/style/battle.css?0.8753245789963631" />
<link rel="stylesheet" href="//play.pokemonshowdown.com/style/utilichart.css?0.8627959624976733" />

<!-- Global site tag (gtag.js) - Google Analytics -->
<script async src="https://www.googletagmanager.com/gtag/js?id=UA-26211653-1"></script>
<script>
  window.dataLayer = window.dataLayer || [];
  function gtag(){dataLayer.push(arguments);}
  gtag('js', new Date());

  gtag('config', 'UA-26211653-1');
</script>
<!-- End Google Analytics -->
<!-- Venatus Ad Manager - Install in <HEAD> of page -->
	<script src="https://hb.vntsm.com/v3/live/ad-manager.min.js" type="text/javascript" data-site-id="642aba63ec9a7b11c3c9c1be" data-mode="scan" async></script>
<!-- / Venatus Ad Manager -->

<style>
	@media (max-width:820px) {
		.battle {
			margin: 0 auto;
		}
		.battle-log {
			margin: 7px auto 0;
			max-width: 640px;
			height: 300px;
			position: static;
		}
	}
	.optgroup {
		display: inline-block;
		line-height: 22px;
		font-size: 10pt;
	}
	.optgroup .button {
		height: 25px;
		padding-top: 0;
		padding-bottom: 0;
	}
	.optgroup button.button {
		padding-left: 12px;
		padding-right: 12px;
	}
	.linklist {
		list-style: none;
		margin: 0.5em 0;
		padding: 0;
	}
	.linklist li {
		padding: 2px 0;
	}
	.sidebar {
		float: left;
		width: 320px;
	}
	.bar-wrapper {
		max-width: 1100px;
		margin: 0 auto;
	}
	.bar-wrapper.has-sidebar {
		max-width: 1430px;
	}
	.mainbar {
		margin: 0;
		padding-right: 1px;
	}
	.mainbar.has-sidebar {
		margin-left: 330px;
	}
	@media (min-width: 1511px) {
		.sidebar {
			width: 400px;
		}
		.bar-wrapper.has-sidebar {
			max-width: 1510px;
		}
		.mainbar.has-sidebar {
			margin-left: 410px;
		}
	}
	.section.first-section {
		margin-top: 9px;
	}
	.blocklink small {
		white-space: normal;
	}
	.button {
		vertical-align: middle;
	}
	.replay-controls {
		padding-top: 10px;
	}
	.replay-controls h1 {
		font-size: 16pt;
		font-weight: normal;
		color: #CCC;
	}
	.pagelink {
		text-align: center;
	}
	.pagelink a {
		width: 150px;
	}
	.textbox, .button {
		font-size: 11pt;
		vertical-align: middle;
	}
	@media (max-width: 450px) {
		.button {
			font-size: 9pt;
		}
	}
</style>

<div>

	<header>
		<div class="nav-wrapper"><ul class="nav">
			<li><a class="button nav-first" href="//pokemonshowdown.com/"><img src="//pokemonshowdown.com/images/pokemonshowdownbeta.png" srcset="//pokemonshowdown.com/images/pokemonshowdownbeta.png 1x, //pokemonshowdown.com/images/pokemonshowdownbeta@2x.png 2x" alt="Pok&eacute;mon Showdown" width="146" height="44" /> Home</a></li>
			<li><a class="button" href="//pokemonshowdown.com/dex/">Pok&eacute;dex</a></li>
			<li><a class="button cur" href="/">Replays</a></li>
			<li><a class="button" href="//pokemonshowdown.com/ladder/">Ladder</a></li>
			<li><a class="button nav-last" href="//pokemonshowdown.com/forums/">Forum</a></li>
			<li><a class="button greenbutton nav-first nav-last" href="//play.pokemonshowdown.com/">Play</a></li>
		</ul></div>
	</header>

	<div class="main" id="main">

		<noscript><section class="section">You need to enable JavaScript to use this page; sorry!</section></noscript>

	</div>

</div>

<script defer nomodule src="//play.pokemonshowdown.com/js/lib/ps-polyfill.js"></script>
<script defer src="//play.pokemonshowdown.com/js/lib/preact.min.js"></script>

<script defer src="//play.pokemonshowdown.com/config/config.js?2bddbc15"></script>
<script defer src="//play.pokemonshowdown.com/js/lib/jquery-1.11.0.min.js"></script>
<script defer src="//play.pokemonshowdown.com/js/lib/html-sanitizer-minified.js"></script>
<script defer src="//play.pokemonshowdown.com/js/battle-sound.js"></script>
<script defer src="//play.pokemonshowdown.com/js/battledata.js?0.7209276989879541"></script>
<script defer src="//play.pokemonshowdown.com/data/pokedex-mini.js?0.6111056340867951"></script>
<script defer src="//play.pokemonshowdown.com/data/pokedex-mini-bw.js?0.3532142036491459"></script>
<script defer src="//play.pokemonshowdown.com/data/graphics.js?0.24223875632456182"></script>
<script defer src="//play.pokemonshowdown.com/data/pokedex.js?0.38839984266356864"></script>
<script defer src="//play.pokemonshowdown.com/data/moves.js?0.21866028504024015"></script>
<script defer src="//play.pokemonshowdown.com/data/abilities.js?0.2005157953846628"></script>
<script defer src="//play.pokemonshowdown.com/data/items.js?0.9894211263848525"></script>
<script defer src="//play.pokemonshowdown.com/data/teambuilder-tables.js?0.6008791140282215"></script>
<script defer src="//play.pokemonshowdown.com/js/battle-tooltips.js?0.7580118955022959"></script>
<script defer src="//play.pokemonshowdown.com/js/battle.js?0.6057722274234274"></script>

<script defer src="js/utils.js?e31f9a17"></script>
<script defer src="js/replays-battle.js?7008c182"></script>

<!-- don't scrape this data! just add .json or .log after the URL!
Full API docs: https://github.com/smogon/pokemon-showdown-client/blob/master/WEB-API.md -->
<script type="text/plain" class="log" id="replaylog-smogtours-gen3ou-794865">
|inactive|Battle timer is ON: inactive players will automatically lose when time's up.
|t:|1728127472
|gametype|singles
|player|p1|Surko|blue-gen3two|
|player|p2|OzEngine|265|
|teamsize|p1|6
|teamsize|p2|6
|gen|3
|tier|[Gen 3] OU
|rule|Sleep Clause Mod: Limit one foe put to sleep
|rule|Switch Priority Clause Mod: Faster Pokémon switch first
|rule|Species Clause: Limit one of each Pokémon
|rule|OHKO Clause: OHKO moves are banned
|rule|Evasion Items Clause: Evasion items are banned
|rule|Evasion Moves Clause: Evasion moves are banned
|rule|Endless Battle Clause: Forcing endless battles is banned
|rule|HP Percentage Mod: HP is shown in percentages
|rule|One Boost Passer Clause: Limit one Baton Passer that has a way to boost its stats
|rule|Freeze Clause Mod: Limit one foe frozen
|
|t:|1728127472
|start
|switch|p1a: Jirachi|Jirachi|100/100
|switch|p2a: Metagross|Metagross|100/100
|turn|1
|
|t:|1728127495
|switch|p1a: Skarmory|Skarmory, F|100/100
|move|p2a: Metagross|Earthquake|p1a: Skarmory
|-immune|p1a: Skarmory
|
|upkeep
|turn|2
|
|t:|1728127504
|switch|p2a: Charizard|Charizard, F|100/100
|move|p1a: Skarmory|Spikes|p2a: Charizard
|-sidestart|p2: OzEngine|Spikes
|
|upkeep
|turn|3
|
|t:|1728127532
|switch|p1a: Aerodactyl|Aerodactyl, F|100/100
|move|p2a: Charizard|Flamethrower|p1a: Aerodactyl
|-resisted|p1a: Aerodactyl
|-damage|p1a: Aerodactyl|69/100
|
|upkeep
|turn|4
|inactive|Surko has 270 seconds left.
|
|t:|1728127550
|switch|p2a: Claydol|Claydol|100/100
|move|p1a: Aerodactyl|Double-Edge|p2a: Claydol
|-damage|p2a: Claydol|30/100
|
|-heal|p2a: Claydol|36/100|[from] item: Leftovers
|upkeep
|turn|5
|
|t:|1728127560
|switch|p2a: Tyranitar|Tyranitar, F|100/100
|-damage|p2a: Tyranitar|88/100|[from] Spikes
|-weather|Sandstorm|[from] ability: Sand Stream|[of] p2a: Tyranitar
|move|p1a: Aerodactyl|Double-Edge|p2a: Tyranitar
|-resisted|p2a: Tyranitar
|-damage|p2a: Tyranitar|66/100
|
|-weather|Sandstorm|[upkeep]
|-heal|p2a: Tyranitar|72/100|[from] item: Leftovers
|upkeep
|turn|6
|
|t:|1728127569
|switch|p1a: Swampert|Swampert, F|100/100
|move|p2a: Tyranitar|Flamethrower|p1a: Swampert
|-resisted|p1a: Swampert
|-damage|p1a: Swampert|87/100
|
|-weather|Sandstorm|[upkeep]
|-heal|p2a: Tyranitar|78/100|[from] item: Leftovers
|-heal|p1a: Swampert|93/100|[from] item: Leftovers
|upkeep
|turn|7
|
|t:|1728127581
|switch|p2a: Celebi|Celebi|100/100
|-damage|p2a: Celebi|88/100|[from] Spikes
|switch|p1a: Jirachi|Jirachi|100/100
|
|-weather|Sandstorm|[upkeep]
|-damage|p2a: Celebi|82/100|[from] Sandstorm
|-heal|p2a: Celebi|88/100|[from] item: Leftovers
|upkeep
|turn|8
|
|t:|1728127594
|move|p2a: Celebi|Calm Mind|p2a: Celebi
|-boost|p2a: Celebi|spa|1
|-boost|p2a: Celebi|spd|1
|move|p1a: Jirachi|Ice Punch|p2a: Celebi
|-supereffective|p2a: Celebi
|-damage|p2a: Celebi|59/100
|
|-weather|Sandstorm|[upkeep]
|-damage|p2a: Celebi|53/100|[from] Sandstorm
|-heal|p2a: Celebi|59/100|[from] item: Leftovers
|upkeep
|turn|9
|
|t:|1728127604
|switch|p1a: Skarmory|Skarmory, F|100/100
|move|p2a: Celebi|Hidden Power|p1a: Skarmory
|-supereffective|p1a: Skarmory
|-crit|p1a: Skarmory
|-damage|p1a: Skarmory|0 fnt
|faint|p1a: Skarmory
|
|t:|1728127612
|switch|p1a: Aerodactyl|Aerodactyl, F|69/100
|
|-weather|Sandstorm|[upkeep]
|-damage|p2a: Celebi|53/100|[from] Sandstorm
|-heal|p2a: Celebi|59/100|[from] item: Leftovers
|upkeep
|turn|10
|
|t:|1728127632
|switch|p2a: Metagross|Metagross|100/100
|-damage|p2a: Metagross|88/100|[from] Spikes
|move|p1a: Aerodactyl|Hidden Power|p2a: Metagross
|-resisted|p2a: Metagross
|-damage|p2a: Metagross|71/100
|
|-weather|Sandstorm|[upkeep]
|-heal|p2a: Metagross|77/100|[from] item: Leftovers
|upkeep
|turn|11
|
|t:|1728127643
|switch|p1a: Swampert|Swampert, F|93/100
|move|p2a: Metagross|Earthquake|p1a: Swampert
|-damage|p1a: Swampert|71/100
|
|-weather|Sandstorm|[upkeep]
|-heal|p2a: Metagross|83/100|[from] item: Leftovers
|-heal|p1a: Swampert|77/100|[from] item: Leftovers
|upkeep
|turn|12
|inactive|Surko has 270 seconds left.
|
|t:|1728127680
|move|p2a: Metagross|Protect|p2a: Metagross
|-singleturn|p2a: Metagross|Protect
|move|p1a: Swampert|Ice Beam|p2a: Metagross
|-activate|p2a: Metagross|Protect
|
|-weather|Sandstorm|[upkeep]
|-heal|p2a: Metagross|89/100|[from] item: Leftovers
|-heal|p1a: Swampert|84/100|[from] item: Leftovers
|upkeep
|turn|13
|inactive|Surko has 270 seconds left.
|inactive|OzEngine has 270 seconds left.
|
|t:|1728127713
|switch|p2a: Tyranitar|Tyranitar, F|78/100
|-damage|p2a: Tyranitar|66/100|[from] Spikes
|move|p1a: Swampert|Protect||[still]
|-fail|p1a: Swampert
|
|-weather|Sandstorm|[upkeep]
|-heal|p2a: Tyranitar|72/100|[from] item: Leftovers
|-heal|p1a: Swampert|90/100|[from] item: Leftovers
|upkeep
|turn|14
|inactive|Surko has 270 seconds left.
|
|t:|1728127726
|switch|p1a: Jirachi|Jirachi|100/100
|move|p2a: Tyranitar|Crunch|p1a: Jirachi
|-damage|p1a: Jirachi|67/100
|
|-weather|Sandstorm|[upkeep]
|-heal|p1a: Jirachi|73/100|[from] item: Leftovers
|-heal|p2a: Tyranitar|78/100|[from] item: Leftovers
|upkeep
|turn|15
|
|t:|1728127735
|move|p1a: Jirachi|Dynamic Punch|p2a: Tyranitar|[miss]
|-miss|p1a: Jirachi|p2a: Tyranitar
|move|p2a: Tyranitar|Flamethrower|p1a: Jirachi
|-supereffective|p1a: Jirachi
|-damage|p1a: Jirachi|23/100
|-status|p1a: Jirachi|brn
|
|-weather|Sandstorm|[upkeep]
|-heal|p1a: Jirachi|29/100 brn|[from] item: Leftovers
|-damage|p1a: Jirachi|16/100 brn|[from] brn
|-heal|p2a: Tyranitar|84/100|[from] item: Leftovers
|upkeep
|turn|16
|
|t:|1728127751
|move|p1a: Jirachi|Thunder|p2a: Tyranitar|[miss]
|-miss|p1a: Jirachi|p2a: Tyranitar
|move|p2a: Tyranitar|Pursuit|p1a: Jirachi
|-damage|p1a: Jirachi|1/100 brn
|
|-weather|Sandstorm|[upkeep]
|-heal|p1a: Jirachi|7/100 brn|[from] item: Leftovers
|-damage|p1a: Jirachi|0 fnt|[from] brn
|faint|p1a: Jirachi
|-heal|p2a: Tyranitar|90/100|[from] item: Leftovers
|upkeep
|
|t:|1728127756
|switch|p1a: Swampert|Swampert, F|90/100
|turn|17
|inactive|OzEngine has 270 seconds left.
|
|t:|1728127805
|move|p2a: Tyranitar|Crunch|p1a: Swampert
|-damage|p1a: Swampert|59/100
|-unboost|p1a: Swampert|spd|1
|move|p1a: Swampert|Hydro Pump|p2a: Tyranitar
|-supereffective|p2a: Tyranitar
|-damage|p2a: Tyranitar|28/100
|
|-weather|Sandstorm|[upkeep]
|-heal|p2a: Tyranitar|35/100|[from] item: Leftovers
|-heal|p1a: Swampert|65/100|[from] item: Leftovers
|upkeep
|turn|18
|
|t:|1728127814
|move|p2a: Tyranitar|Crunch|p1a: Swampert
|-damage|p1a: Swampert|16/100
|move|p1a: Swampert|Earthquake|p2a: Tyranitar
|-supereffective|p2a: Tyranitar
|-damage|p2a: Tyranitar|0 fnt
|faint|p2a: Tyranitar
|inactive|OzEngine has 240 seconds left.
|
|t:|1728127835
|switch|p2a: Celebi|Celebi|59/100
|-damage|p2a: Celebi|47/100|[from] Spikes
|
|-weather|Sandstorm|[upkeep]
|-damage|p2a: Celebi|41/100|[from] Sandstorm
|-heal|p2a: Celebi|47/100|[from] item: Leftovers
|-heal|p1a: Swampert|22/100|[from] item: Leftovers
|upkeep
|turn|19
|inactive|OzEngine has 240 seconds left.
|
|t:|1728127847
|switch|p1a: Aerodactyl|Aerodactyl, F|69/100
|move|p2a: Celebi|Giga Drain|p1a: Aerodactyl
|-damage|p1a: Aerodactyl|25/100
|-heal|p2a: Celebi|65/100|[from] drain|[of] p1a: Aerodactyl
|
|-weather|Sandstorm|[upkeep]
|-damage|p2a: Celebi|59/100|[from] Sandstorm
|-heal|p2a: Celebi|65/100|[from] item: Leftovers
|upkeep
|turn|20
|inactive|OzEngine has 240 seconds left.
|inactive|OzEngine has 210 seconds left.
|
|t:|1728127892
|switch|p2a: Metagross|Metagross|89/100
|-damage|p2a: Metagross|77/100|[from] Spikes
|move|p1a: Aerodactyl|Hidden Power|p2a: Metagross
|-resisted|p2a: Metagross
|-damage|p2a: Metagross|61/100
|
|-weather|Sandstorm|[upkeep]
|-heal|p2a: Metagross|67/100|[from] item: Leftovers
|upkeep
|turn|21
|inactive|OzEngine has 210 seconds left.
|
|t:|1728127905
|switch|p1a: Swampert|Swampert, F|22/100
|move|p2a: Metagross|Meteor Mash|p1a: Swampert
|-resisted|p1a: Swampert
|-damage|p1a: Swampert|4/100
|
|-weather|Sandstorm|[upkeep]
|-heal|p2a: Metagross|74/100|[from] item: Leftovers
|-heal|p1a: Swampert|10/100|[from] item: Leftovers
|upkeep
|turn|22
|inactive|Surko has 270 seconds left.
|
|t:|1728127921
|move|p2a: Metagross|Earthquake|p1a: Swampert
|-damage|p1a: Swampert|0 fnt
|faint|p1a: Swampert
|
|t:|1728127923
|switch|p1a: Celebi|Celebi|100/100
|
|-weather|Sandstorm|[upkeep]
|-damage|p1a: Celebi|94/100|[from] Sandstorm
|-heal|p1a: Celebi|100/100|[from] item: Leftovers
|-heal|p2a: Metagross|80/100|[from] item: Leftovers
|upkeep
|turn|23
|
|t:|1728127932
|switch|p2a: Charizard|Charizard, F|100/100
|move|p1a: Celebi|Hidden Power|p2a: Charizard
|-resisted|p2a: Charizard
|-damage|p2a: Charizard|87/100
|
|-weather|Sandstorm|[upkeep]
|-damage|p2a: Charizard|81/100|[from] Sandstorm
|-damage|p1a: Celebi|94/100|[from] Sandstorm
|-heal|p2a: Charizard|87/100|[from] item: Leftovers
|-heal|p1a: Celebi|100/100|[from] item: Leftovers
|upkeep
|turn|24
|
|t:|1728127944
|move|p2a: Charizard|Overheat|p1a: Celebi
|-supereffective|p1a: Celebi
|-damage|p1a: Celebi|0 fnt
|-unboost|p2a: Charizard|spa|2
|faint|p1a: Celebi
|
|t:|1728127949
|switch|p1a: Tyranitar|Tyranitar, M|100/100
|
|-weather|Sandstorm|[upkeep]
|-damage|p2a: Charizard|81/100|[from] Sandstorm
|-heal|p2a: Charizard|87/100|[from] item: Leftovers
|upkeep
|turn|25
|inactive|OzEngine has 210 seconds left.
|
|t:|1728127987
|switch|p2a: Claydol|Claydol|36/100
|move|p1a: Tyranitar|Dragon Dance|p1a: Tyranitar
|-boost|p1a: Tyranitar|atk|1
|-boost|p1a: Tyranitar|spe|1
|
|-weather|Sandstorm|[upkeep]
|-heal|p2a: Claydol|42/100|[from] item: Leftovers
|upkeep
|turn|26
|inactive|OzEngine has 210 seconds left.
|
|t:|1728127998
|move|p1a: Tyranitar|Dragon Dance|p1a: Tyranitar
|-boost|p1a: Tyranitar|atk|1
|-boost|p1a: Tyranitar|spe|1
|move|p2a: Claydol|Earthquake|p1a: Tyranitar
|-supereffective|p1a: Tyranitar
|-damage|p1a: Tyranitar|35/100
|
|-weather|Sandstorm|[upkeep]
|-heal|p2a: Claydol|48/100|[from] item: Leftovers
|upkeep
|turn|27
|
|t:|1728128004
|move|p1a: Tyranitar|Hidden Power|p2a: Claydol
|-supereffective|p2a: Claydol
|-damage|p2a: Claydol|0 fnt
|faint|p2a: Claydol
|
|t:|1728128016
|switch|p2a: Salamence|Salamence, M|100/100
|-ability|p2a: Salamence|Intimidate|boost
|-unboost|p1a: Tyranitar|atk|1
|
|-weather|Sandstorm|[upkeep]
|-damage|p2a: Salamence|94/100|[from] Sandstorm
|-heal|p2a: Salamence|100/100|[from] item: Leftovers
|upkeep
|turn|28
|
|t:|1728128038
|switch|p2a: Celebi|Celebi|65/100
|-damage|p2a: Celebi|53/100|[from] Spikes
|move|p1a: Tyranitar|Dragon Dance|p1a: Tyranitar
|-boost|p1a: Tyranitar|atk|1
|-boost|p1a: Tyranitar|spe|1
|
|-weather|Sandstorm|[upkeep]
|-damage|p2a: Celebi|46/100|[from] Sandstorm
|-heal|p2a: Celebi|53/100|[from] item: Leftovers
|upkeep
|turn|29
|
|t:|1728128058
|move|p1a: Tyranitar|Hidden Power|p2a: Celebi
|-supereffective|p2a: Celebi
|-damage|p2a: Celebi|0 fnt
|faint|p2a: Celebi
|
|t:|1728128064
|switch|p2a: Salamence|Salamence, M|100/100
|-ability|p2a: Salamence|Intimidate|boost
|-unboost|p1a: Tyranitar|atk|1
|
|-weather|Sandstorm|[upkeep]
|-damage|p2a: Salamence|94/100|[from] Sandstorm
|-heal|p2a: Salamence|100/100|[from] item: Leftovers
|upkeep
|turn|30
|
|t:|1728128078
|switch|p2a: Charizard|Charizard, F|87/100
|move|p1a: Tyranitar|Rock Slide|p2a: Charizard
|-supereffective|p2a: Charizard
|-damage|p2a: Charizard|0 fnt
|faint|p2a: Charizard
|
|t:|1728128085
|switch|p2a: Salamence|Salamence, M|100/100
|-ability|p2a: Salamence|Intimidate|boost
|-unboost|p1a: Tyranitar|atk|1
|
|-weather|Sandstorm|[upkeep]
|-damage|p2a: Salamence|94/100|[from] Sandstorm
|-heal|p2a: Salamence|100/100|[from] item: Leftovers
|upkeep
|turn|31
|inactive|OzEngine has 210 seconds left.
|inactive|Surko has 270 seconds left.
|inactive|Surko has 240 seconds left.
|inactive|OzEngine has 180 seconds left.
|inactive|Surko has 210 seconds left.
|inactive|OzEngine has 150 seconds left.
|c|☆OzEngine|we ball
|inactive|Surko has 180 seconds left.
|
|t:|1728128213
|move|p1a: Tyranitar|Rock Slide|p2a: Salamence
|-supereffective|p2a: Salamence
|-damage|p2a: Salamence|0 fnt
|faint|p2a: Salamence
|
|t:|1728128217
|switch|p2a: Metagross|Metagross|80/100
|-damage|p2a: Metagross|67/100|[from] Spikes
|
|-weather|Sandstorm|[upkeep]
|-heal|p2a: Metagross|73/100|[from] item: Leftovers
|upkeep
|turn|32
|inactive|OzEngine has 150 seconds left.
|
|t:|1728128227
|move|p1a: Tyranitar|Earthquake|p2a: Metagross
|-supereffective|p2a: Metagross
|-damage|p2a: Metagross|24/100
|move|p2a: Metagross|Meteor Mash|p1a: Tyranitar
|-supereffective|p1a: Tyranitar
|-damage|p1a: Tyranitar|0 fnt
|faint|p1a: Tyranitar
|
|t:|1728128232
|switch|p1a: Aerodactyl|Aerodactyl, F|25/100
|
|-weather|Sandstorm|[upkeep]
|-heal|p2a: Metagross|30/100|[from] item: Leftovers
|upkeep
|turn|33
|
|t:|1728128234
|move|p2a: Metagross|Protect|p2a: Metagross
|-singleturn|p2a: Metagross|Protect
|move|p1a: Aerodactyl|Earthquake|p2a: Metagross
|-activate|p2a: Metagross|Protect
|
|-weather|Sandstorm|[upkeep]
|-heal|p2a: Metagross|36/100|[from] item: Leftovers
|upkeep
|turn|34
|
|t:|1728128238
|move|p2a: Metagross|Protect||[still]
|-fail|p2a: Metagross
|move|p1a: Aerodactyl|Earthquake|p2a: Metagross
|-supereffective|p2a: Metagross
|-damage|p2a: Metagross|0 fnt
|faint|p2a: Metagross
|
|win|Surko
|c|☆OzEngine|gg
|c|☆Surko|gg

</script>
<script type="application/json" class="data" id="replaydata-smogtours-gen3ou-794865">
{"id":"smogtours-gen3ou-794865","format":"[Gen 3] OU","players":["Surko","OzEngine"],"uploadtime":1728128238,"views":88,"formatid":"gen3ou","rating":null,"private":0,"password":null}
</script>

<script defer src="js/replays.js?9d40a366"></script>
