<!DOCTYPE html>
<meta charset="utf-8" />
<meta name="viewport" content="width=device-width" />

<title>[Gen 3] OU: allce vs. ThisGuyMuks - Replays - Pok&eacute;mon Showdown!</title>

<meta name="description" content="Watch a replay of a Pok&eacute;mon battle between allce and ThisGuyMuks! Format: [Gen 3] OU; Date: Nov 8, 2024" />
<!--

Hey, you! Looking in the source for the replay log?

You can find them in JSON format, just add `.json` at the end of a replay URL.

https://replay.pokemonshowdown.com/gen7randomdoublesbattle-865046831.json

Or, if you only need the log itself, add `.log` instead:

https://replay.pokemonshowdown.com/gen7randomdoublesbattle-865046831.log

-->

<link rel="stylesheet" href="//pokemonshowdown.com/style/global.css?0.023195364461161105" />
<link rel="stylesheet" href="//play.pokemonshowdown.com/style/font-awesome.css?0.13261647063804238" />
<link rel="stylesheet" href="//play.pokemonshowdown.com/style/battle.css?0.8753245789963631" />
<link rel="stylesheet" href="//play.pokemonshowdown.com/style/utilichart.css?0.8627959624976733" />

<!-- Global site tag (gtag.js) - Google Analytics -->
<script async src="https://www.googletagmanager.com/gtag/js?id=UA-26211653-1"></script>
<script>
  window.dataLayer = window.dataLayer || [];
  function gtag(){dataLayer.push(arguments);}
  gtag('js', new Date());

  gtag('config', 'UA-26211653-1');
</script>
<!-- End Google Analytics -->
<!-- Venatus Ad Manager - Install in <HEAD> of page -->
	<script src="https://hb.vntsm.com/v3/live/ad-manager.min.js" type="text/javascript" data-site-id="642aba63ec9a7b11c3c9c1be" data-mode="scan" async></script>
<!-- / Venatus Ad Manager -->

<style>
	@media (max-width:820px) {
		.battle {
			margin: 0 auto;
		}
		.battle-log {
			margin: 7px auto 0;
			max-width: 640px;
			height: 300px;
			position: static;
		}
	}
	.optgroup {
		display: inline-block;
		line-height: 22px;
		font-size: 10pt;
	}
	.optgroup .button {
		height: 25px;
		padding-top: 0;
		padding-bottom: 0;
	}
	.optgroup button.button {
		padding-left: 12px;
		padding-right: 12px;
	}
	.linklist {
		list-style: none;
		margin: 0.5em 0;
		padding: 0;
	}
	.linklist li {
		padding: 2px 0;
	}
	.sidebar {
		float: left;
		width: 320px;
	}
	.bar-wrapper {
		max-width: 1100px;
		margin: 0 auto;
	}
	.bar-wrapper.has-sidebar {
		max-width: 1430px;
	}
	.mainbar {
		margin: 0;
		padding-right: 1px;
	}
	.mainbar.has-sidebar {
		margin-left: 330px;
	}
	@media (min-width: 1511px) {
		.sidebar {
			width: 400px;
		}
		.bar-wrapper.has-sidebar {
			max-width: 1510px;
		}
		.mainbar.has-sidebar {
			margin-left: 410px;
		}
	}
	.section.first-section {
		margin-top: 9px;
	}
	.blocklink small {
		white-space: normal;
	}
	.button {
		vertical-align: middle;
	}
	.replay-controls {
		padding-top: 10px;
	}
	.replay-controls h1 {
		font-size: 16pt;
		font-weight: normal;
		color: #CCC;
	}
	.pagelink {
		text-align: center;
	}
	.pagelink a {
		width: 150px;
	}
	.textbox, .button {
		font-size: 11pt;
		vertical-align: middle;
	}
	@media (max-width: 450px) {
		.button {
			font-size: 9pt;
		}
	}
</style>

<div>

	<header>
		<div class="nav-wrapper"><ul class="nav">
			<li><a class="button nav-first" href="//pokemonshowdown.com/"><img src="//pokemonshowdown.com/images/pokemonshowdownbeta.png" srcset="//pokemonshowdown.com/images/pokemonshowdownbeta.png 1x, //pokemonshowdown.com/images/pokemonshowdownbeta@2x.png 2x" alt="Pok&eacute;mon Showdown" width="146" height="44" /> Home</a></li>
			<li><a class="button" href="//pokemonshowdown.com/dex/">Pok&eacute;dex</a></li>
			<li><a class="button cur" href="/">Replays</a></li>
			<li><a class="button" href="//pokemonshowdown.com/ladder/">Ladder</a></li>
			<li><a class="button nav-last" href="//pokemonshowdown.com/forums/">Forum</a></li>
			<li><a class="button greenbutton nav-first nav-last" href="//play.pokemonshowdown.com/">Play</a></li>
		</ul></div>
	</header>

	<div class="main" id="main">

		<noscript><section class="section">You need to enable JavaScript to use this page; sorry!</section></noscript>

	</div>

</div>

<script defer nomodule src="//play.pokemonshowdown.com/js/lib/ps-polyfill.js"></script>
<script defer src="//play.pokemonshowdown.com/js/lib/preact.min.js"></script>

<script defer src="//play.pokemonshowdown.com/config/config.js?2bddbc15"></script>
<script defer src="//play.pokemonshowdown.com/js/lib/jquery-1.11.0.min.js"></script>
<script defer src="//play.pokemonshowdown.com/js/lib/html-sanitizer-minified.js"></script>
<script defer src="//play.pokemonshowdown.com/js/battle-sound.js"></script>
<script defer src="//play.pokemonshowdown.com/js/battledata.js?0.7209276989879541"></script>
<script defer src="//play.pokemonshowdown.com/data/pokedex-mini.js?0.6111056340867951"></script>
<script defer src="//play.pokemonshowdown.com/data/pokedex-mini-bw.js?0.3532142036491459"></script>
<script defer src="//play.pokemonshowdown.com/data/graphics.js?0.24223875632456182"></script>
<script defer src="//play.pokemonshowdown.com/data/pokedex.js?0.38839984266356864"></script>
<script defer src="//play.pokemonshowdown.com/data/moves.js?0.21866028504024015"></script>
<script defer src="//play.pokemonshowdown.com/data/abilities.js?0.2005157953846628"></script>
<script defer src="//play.pokemonshowdown.com/data/items.js?0.9894211263848525"></script>
<script defer src="//play.pokemonshowdown.com/data/teambuilder-tables.js?0.6008791140282215"></script>
<script defer src="//play.pokemonshowdown.com/js/battle-tooltips.js?0.7580118955022959"></script>
<script defer src="//play.pokemonshowdown.com/js/battle.js?0.6057722274234274"></script>

<script defer src="js/utils.js?e31f9a17"></script>
<script defer src="js/replays-battle.js?7008c182"></script>

<!-- don't scrape this data! just add .json or .log after the URL!
Full API docs: https://github.com/smogon/pokemon-showdown-client/blob/master/WEB-API.md -->
<script type="text/plain" class="log" id="replaylog-smogtours-gen3ou-805223">
|inactive|Battle timer is ON: inactive players will automatically lose when time's up.
|t:|1731075722
|gametype|singles
|player|p1|allce|#uuplxsisters|
|player|p2|ThisGuyMuks|1|
|teamsize|p1|6
|teamsize|p2|6
|gen|3
|tier|[Gen 3] OU
|rule|Sleep Clause Mod: Limit one foe put to sleep
|rule|Switch Priority Clause Mod: Faster Pokémon switch first
|rule|Species Clause: Limit one of each Pokémon
|rule|OHKO Clause: OHKO moves are banned
|rule|Evasion Items Clause: Evasion items are banned
|rule|Evasion Moves Clause: Evasion moves are banned
|rule|Endless Battle Clause: Forcing endless battles is banned
|rule|HP Percentage Mod: HP is shown in percentages
|rule|One Boost Passer Clause: Limit one Baton Passer that has a way to boost its stats
|rule|Freeze Clause Mod: Limit one foe frozen
|
|t:|1731075722
|start
|switch|p1a: Tyranitar|Tyranitar, F|100/100
|switch|p2a: Skarmory|Skarmory, F|100/100
|-weather|Sandstorm|[from] ability: Sand Stream|[of] p1a: Tyranitar
|turn|1
|inactive|allce has 270 seconds left.
|
|t:|1731075765
|move|p1a: Tyranitar|Fire Blast|p2a: Skarmory
|-supereffective|p2a: Skarmory
|-damage|p2a: Skarmory|35/100
|move|p2a: Skarmory|Spikes|p1a: Tyranitar
|-sidestart|p1: allce|Spikes
|
|-weather|Sandstorm|[upkeep]
|-heal|p2a: Skarmory|41/100|[from] item: Leftovers
|upkeep
|turn|2
|
|t:|1731075774
|move|p2a: Skarmory|Protect|p2a: Skarmory
|-singleturn|p2a: Skarmory|Protect
|move|p1a: Tyranitar|Hidden Power|p2a: Skarmory
|-activate|p2a: Skarmory|Protect
|
|-weather|Sandstorm|[upkeep]
|-heal|p2a: Skarmory|47/100|[from] item: Leftovers
|upkeep
|turn|3
|c|☆allce|hf
|c|☆allce|/log allce made the replay of this battle unlisted.
|c|☆ThisGuyMuks|u2
|inactive|ThisGuyMuks has 270 seconds left.
|
|t:|1731075824
|switch|p2a: Blissey|Blissey, F|100/100
|move|p1a: Tyranitar|Fire Blast|p2a: Blissey
|-crit|p2a: Blissey
|-damage|p2a: Blissey|69/100
|
|-weather|Sandstorm|[upkeep]
|-damage|p2a: Blissey|63/100|[from] Sandstorm
|-heal|p2a: Blissey|69/100|[from] item: Leftovers
|upkeep
|turn|4
|
|t:|1731075829
|move|p1a: Tyranitar|Brick Break|p2a: Blissey
|-supereffective|p2a: Blissey
|-damage|p2a: Blissey|23/100
|move|p2a: Blissey|Toxic|p1a: Tyranitar
|-status|p1a: Tyranitar|tox
|-enditem|p1a: Tyranitar|Lum Berry|[eat]
|-curestatus|p1a: Tyranitar|tox|[msg]
|
|-weather|Sandstorm|[upkeep]
|-damage|p2a: Blissey|16/100|[from] Sandstorm
|-heal|p2a: Blissey|23/100|[from] item: Leftovers
|upkeep
|turn|5
|inactive|ThisGuyMuks has 270 seconds left.
|
|t:|1731075839
|-activate|p2a: Blissey|move: Pursuit
|move|p1a: Tyranitar|Pursuit|p2a: Blissey|[from]Pursuit
|-damage|p2a: Blissey|8/100
|switch|p2a: Zapdos|Zapdos|100/100
|
|-weather|Sandstorm|[upkeep]
|-damage|p2a: Zapdos|94/100|[from] Sandstorm
|-heal|p2a: Zapdos|100/100|[from] item: Leftovers
|upkeep
|turn|6
|inactive|ThisGuyMuks has 270 seconds left.
|
|t:|1731075847
|move|p2a: Zapdos|Thunderbolt|p1a: Tyranitar
|-damage|p1a: Tyranitar|58/100
|move|p1a: Tyranitar|Fire Blast|p2a: Zapdos
|-damage|p2a: Zapdos|58/100
|
|-weather|Sandstorm|[upkeep]
|-damage|p2a: Zapdos|51/100|[from] Sandstorm
|-heal|p2a: Zapdos|58/100|[from] item: Leftovers
|upkeep
|turn|7
|
|t:|1731075860
|move|p2a: Zapdos|Thunderbolt|p1a: Tyranitar
|-damage|p1a: Tyranitar|13/100
|move|p1a: Tyranitar|Fire Blast|p2a: Zapdos|[miss]
|-miss|p1a: Tyranitar|p2a: Zapdos
|
|-weather|Sandstorm|[upkeep]
|-damage|p2a: Zapdos|51/100|[from] Sandstorm
|-heal|p2a: Zapdos|58/100|[from] item: Leftovers
|upkeep
|turn|8
|
|t:|1731075869
|move|p2a: Zapdos|Thunderbolt|p1a: Tyranitar
|-damage|p1a: Tyranitar|0 fnt
|faint|p1a: Tyranitar
|
|t:|1731075871
|switch|p1a: Snorlax|Snorlax, M|100/100
|-damage|p1a: Snorlax|88/100|[from] Spikes
|
|-weather|Sandstorm|[upkeep]
|-damage|p2a: Zapdos|51/100|[from] Sandstorm
|-damage|p1a: Snorlax|82/100|[from] Sandstorm
|-heal|p2a: Zapdos|58/100|[from] item: Leftovers
|-heal|p1a: Snorlax|88/100|[from] item: Leftovers
|upkeep
|turn|9
|inactive|allce has 270 seconds left.
|
|t:|1731075917
|switch|p2a: Gengar|Gengar, M|100/100
|move|p1a: Snorlax|Double-Edge|p2a: Gengar
|-immune|p2a: Gengar
|
|-weather|Sandstorm|[upkeep]
|-damage|p2a: Gengar|94/100|[from] Sandstorm
|-damage|p1a: Snorlax|82/100|[from] Sandstorm
|-heal|p2a: Gengar|100/100|[from] item: Leftovers
|-heal|p1a: Snorlax|88/100|[from] item: Leftovers
|upkeep
|turn|10
|
|t:|1731075937
|switch|p1a: Milotic|Milotic, M|100/100
|-damage|p1a: Milotic|88/100|[from] Spikes
|move|p2a: Gengar|Will-O-Wisp|p1a: Milotic|[miss]
|-miss|p2a: Gengar|p1a: Milotic
|
|-weather|Sandstorm|[upkeep]
|-damage|p2a: Gengar|94/100|[from] Sandstorm
|-damage|p1a: Milotic|82/100|[from] Sandstorm
|-heal|p2a: Gengar|100/100|[from] item: Leftovers
|-heal|p1a: Milotic|88/100|[from] item: Leftovers
|upkeep
|turn|11
|inactive|ThisGuyMuks has 270 seconds left.
|
|t:|1731075978
|switch|p2a: Blissey|Blissey, F|8/100
|move|p1a: Milotic|Hypnosis|p2a: Blissey|[miss]
|-miss|p1a: Milotic|p2a: Blissey
|
|-weather|Sandstorm|[upkeep]
|-damage|p1a: Milotic|82/100|[from] Sandstorm
|-damage|p2a: Blissey|2/100|[from] Sandstorm
|-heal|p1a: Milotic|88/100|[from] item: Leftovers
|-heal|p2a: Blissey|8/100|[from] item: Leftovers
|upkeep
|turn|12
|
|t:|1731075984
|move|p1a: Milotic|Surf|p2a: Blissey
|-damage|p2a: Blissey|0 fnt
|faint|p2a: Blissey
|
|t:|1731075986
|switch|p2a: Zapdos|Zapdos|58/100
|
|-weather|Sandstorm|[upkeep]
|-damage|p2a: Zapdos|51/100|[from] Sandstorm
|-damage|p1a: Milotic|82/100|[from] Sandstorm
|-heal|p2a: Zapdos|58/100|[from] item: Leftovers
|-heal|p1a: Milotic|88/100|[from] item: Leftovers
|upkeep
|turn|13
|
|t:|1731075994
|switch|p1a: Snorlax|Snorlax, M|88/100
|-damage|p1a: Snorlax|75/100|[from] Spikes
|move|p2a: Zapdos|Thunderbolt|p1a: Snorlax
|-damage|p1a: Snorlax|47/100
|
|-weather|Sandstorm|[upkeep]
|-damage|p2a: Zapdos|51/100|[from] Sandstorm
|-damage|p1a: Snorlax|41/100|[from] Sandstorm
|-heal|p2a: Zapdos|58/100|[from] item: Leftovers
|-heal|p1a: Snorlax|47/100|[from] item: Leftovers
|upkeep
|turn|14
|inactive|allce has 270 seconds left.
|
|t:|1731076013
|switch|p2a: Skarmory|Skarmory, F|47/100
|move|p1a: Snorlax|Double-Edge|p2a: Skarmory
|-resisted|p2a: Skarmory
|-damage|p2a: Skarmory|26/100
|-damage|p1a: Snorlax|42/100|[from] Recoil|[of] p2a: Skarmory
|
|-weather|Sandstorm|[upkeep]
|-damage|p1a: Snorlax|36/100|[from] Sandstorm
|-heal|p2a: Skarmory|32/100|[from] item: Leftovers
|-heal|p1a: Snorlax|42/100|[from] item: Leftovers
|upkeep
|turn|15
|
|t:|1731076020
|-singleturn|p1a: Snorlax|move: Focus Punch
|move|p2a: Skarmory|Spikes|p1a: Snorlax
|-sidestart|p1: allce|Spikes
|move|p1a: Snorlax|Focus Punch|p2a: Skarmory
|-damage|p2a: Skarmory|0 fnt
|faint|p2a: Skarmory
|inactive|ThisGuyMuks has 270 seconds left.
|inactive|ThisGuyMuks has 240 seconds left.
|
|t:|1731076076
|switch|p2a: Tyranitar|Tyranitar, F, shiny|100/100
|
|-weather|Sandstorm|[upkeep]
|-damage|p1a: Snorlax|36/100|[from] Sandstorm
|-heal|p1a: Snorlax|42/100|[from] item: Leftovers
|upkeep
|turn|16
|inactive|allce has 270 seconds left.
|
|t:|1731076096
|-singleturn|p1a: Snorlax|move: Focus Punch
|move|p2a: Tyranitar|Brick Break|p1a: Snorlax
|-supereffective|p1a: Snorlax
|-damage|p1a: Snorlax|7/100
|move|p1a: Snorlax|Focus Punch||[still]
|cant|p1a: Snorlax|Focus Punch|Focus Punch
|
|-weather|Sandstorm|[upkeep]
|-damage|p1a: Snorlax|0 fnt|[from] Sandstorm
|faint|p1a: Snorlax
|upkeep
|inactive|allce has 270 seconds left.
|
|t:|1731076102
|switch|p1a: Breloom|Breloom, M|100/100
|-damage|p1a: Breloom|84/100|[from] Spikes
|turn|17
|
|t:|1731076115
|move|p1a: Breloom|Spore|p2a: Tyranitar
|-status|p2a: Tyranitar|slp|[from] move: Spore
|cant|p2a: Tyranitar|slp
|
|-weather|Sandstorm|[upkeep]
|-damage|p1a: Breloom|78/100|[from] Sandstorm
|-heal|p1a: Breloom|84/100|[from] item: Leftovers
|upkeep
|turn|18
|
|t:|1731076121
|switch|p2a: Gengar|Gengar, M|100/100
|move|p1a: Breloom|Stun Spore|p2a: Gengar|[miss]
|-miss|p1a: Breloom|p2a: Gengar
|
|-weather|Sandstorm|[upkeep]
|-damage|p2a: Gengar|94/100|[from] Sandstorm
|-damage|p1a: Breloom|78/100|[from] Sandstorm
|-heal|p2a: Gengar|100/100|[from] item: Leftovers
|-heal|p1a: Breloom|84/100|[from] item: Leftovers
|upkeep
|turn|19
|
|t:|1731076126
|move|p2a: Gengar|Fire Punch|p1a: Breloom
|-supereffective|p1a: Breloom
|-damage|p1a: Breloom|5/100
|move|p1a: Breloom|Stun Spore|p2a: Gengar
|-status|p2a: Gengar|par
|
|-weather|Sandstorm|[upkeep]
|-damage|p1a: Breloom|0 fnt|[from] Sandstorm
|-damage|p2a: Gengar|94/100 par|[from] Sandstorm
|faint|p1a: Breloom
|-heal|p2a: Gengar|100/100 par|[from] item: Leftovers
|upkeep
|
|t:|1731076135
|switch|p1a: Metagross|Metagross|100/100
|-damage|p1a: Metagross|84/100|[from] Spikes
|turn|20
|inactive|ThisGuyMuks has 240 seconds left.
|
|t:|1731076171
|switch|p2a: Tyranitar|Tyranitar, F, shiny|100/100 slp
|move|p1a: Metagross|Meteor Mash|p2a: Tyranitar
|-supereffective|p2a: Tyranitar
|-damage|p2a: Tyranitar|0 fnt
|faint|p2a: Tyranitar
|
|t:|1731076175
|switch|p2a: Flygon|Flygon, M|100/100
|
|-weather|Sandstorm|[upkeep]
|-heal|p1a: Metagross|90/100|[from] item: Leftovers
|upkeep
|turn|21
|
|t:|1731076203
|switch|p1a: Salamence|Salamence, F|100/100
|-ability|p1a: Salamence|Intimidate|boost
|-unboost|p2a: Flygon|atk|1
|move|p2a: Flygon|Earthquake|p1a: Salamence
|-immune|p1a: Salamence
|
|-weather|Sandstorm|[upkeep]
|-damage|p1a: Salamence|94/100|[from] Sandstorm
|-heal|p1a: Salamence|100/100|[from] item: Leftovers
|upkeep
|turn|22
|
|t:|1731076210
|move|p1a: Salamence|Dragon Claw|p2a: Flygon
|-supereffective|p2a: Flygon
|-damage|p2a: Flygon|16/100
|move|p2a: Flygon|Toxic|p1a: Salamence
|-status|p1a: Salamence|tox
|
|-weather|Sandstorm|[upkeep]
|-damage|p1a: Salamence|94/100 tox|[from] Sandstorm
|-heal|p1a: Salamence|100/100 tox|[from] item: Leftovers
|-damage|p1a: Salamence|94/100 tox|[from] psn
|-heal|p2a: Flygon|22/100|[from] item: Leftovers
|upkeep
|turn|23
|
|t:|1731076224
|move|p2a: Flygon|Protect|p2a: Flygon
|-singleturn|p2a: Flygon|Protect
|move|p1a: Salamence|Dragon Claw|p2a: Flygon
|-activate|p2a: Flygon|Protect
|
|-weather|Sandstorm|[upkeep]
|-damage|p1a: Salamence|88/100 tox|[from] Sandstorm
|-heal|p1a: Salamence|94/100 tox|[from] item: Leftovers
|-damage|p1a: Salamence|82/100 tox|[from] psn
|-heal|p2a: Flygon|28/100|[from] item: Leftovers
|upkeep
|turn|24
|
|t:|1731076232
|switch|p2a: Gengar|Gengar, M|100/100 par
|move|p1a: Salamence|Dragon Claw|p2a: Gengar
|-damage|p2a: Gengar|59/100 par
|
|-weather|Sandstorm|[upkeep]
|-damage|p1a: Salamence|76/100 tox|[from] Sandstorm
|-damage|p2a: Gengar|53/100 par|[from] Sandstorm
|-heal|p1a: Salamence|82/100 tox|[from] item: Leftovers
|-damage|p1a: Salamence|64/100 tox|[from] psn
|-heal|p2a: Gengar|59/100 par|[from] item: Leftovers
|upkeep
|turn|25
|
|t:|1731076243
|switch|p1a: Milotic|Milotic, M|88/100
|-damage|p1a: Milotic|72/100|[from] Spikes
|move|p2a: Gengar|Giga Drain|p1a: Milotic
|-supereffective|p1a: Milotic
|-damage|p1a: Milotic|47/100
|-heal|p2a: Gengar|74/100 par|[from] drain|[of] p1a: Milotic
|
|-weather|Sandstorm|[upkeep]
|-damage|p1a: Milotic|41/100|[from] Sandstorm
|-damage|p2a: Gengar|68/100 par|[from] Sandstorm
|-heal|p1a: Milotic|47/100|[from] item: Leftovers
|-heal|p2a: Gengar|74/100 par|[from] item: Leftovers
|upkeep
|turn|26
|inactive|ThisGuyMuks has 270 seconds left.
|inactive|allce has 270 seconds left.
|
|t:|1731076290
|move|p1a: Milotic|Recover|p1a: Milotic
|-heal|p1a: Milotic|97/100
|move|p2a: Gengar|Giga Drain|p1a: Milotic
|-supereffective|p1a: Milotic
|-damage|p1a: Milotic|73/100
|-heal|p2a: Gengar|88/100 par|[from] drain|[of] p1a: Milotic
|
|-weather|Sandstorm|[upkeep]
|-damage|p1a: Milotic|67/100|[from] Sandstorm
|-damage|p2a: Gengar|82/100 par|[from] Sandstorm
|-heal|p1a: Milotic|73/100|[from] item: Leftovers
|-heal|p2a: Gengar|88/100 par|[from] item: Leftovers
|upkeep
|turn|27
|
|t:|1731076297
|move|p1a: Milotic|Ice Beam|p2a: Gengar
|-damage|p2a: Gengar|61/100 par
|move|p2a: Gengar|Will-O-Wisp|p1a: Milotic
|-status|p1a: Milotic|brn
|
|-weather|Sandstorm|[upkeep]
|-damage|p1a: Milotic|67/100 brn|[from] Sandstorm
|-damage|p2a: Gengar|54/100 par|[from] Sandstorm
|-heal|p1a: Milotic|73/100 brn|[from] item: Leftovers
|-damage|p1a: Milotic|61/100 brn|[from] brn
|-heal|p2a: Gengar|61/100 par|[from] item: Leftovers
|upkeep
|turn|28
|inactive|ThisGuyMuks has 270 seconds left.
|
|t:|1731076304
|move|p1a: Milotic|Surf|p2a: Gengar
|-damage|p2a: Gengar|19/100 par
|cant|p2a: Gengar|par
|
|-weather|Sandstorm|[upkeep]
|-damage|p1a: Milotic|55/100 brn|[from] Sandstorm
|-damage|p2a: Gengar|13/100 par|[from] Sandstorm
|-heal|p1a: Milotic|61/100 brn|[from] item: Leftovers
|-damage|p1a: Milotic|48/100 brn|[from] brn
|-heal|p2a: Gengar|19/100 par|[from] item: Leftovers
|upkeep
|turn|29
|
|t:|1731076317
|move|p1a: Milotic|Surf|p2a: Gengar
|-damage|p2a: Gengar|0 fnt
|faint|p2a: Gengar
|
|t:|1731076319
|switch|p2a: Zapdos|Zapdos|58/100
|
|-weather|Sandstorm|[upkeep]
|-damage|p2a: Zapdos|51/100|[from] Sandstorm
|-damage|p1a: Milotic|42/100 brn|[from] Sandstorm
|-heal|p2a: Zapdos|58/100|[from] item: Leftovers
|-heal|p1a: Milotic|48/100 brn|[from] item: Leftovers
|-damage|p1a: Milotic|36/100 brn|[from] brn
|upkeep
|turn|30
|
|t:|1731076322
|move|p2a: Zapdos|Thunderbolt|p1a: Milotic
|-supereffective|p1a: Milotic
|-damage|p1a: Milotic|0 fnt
|faint|p1a: Milotic
|
|t:|1731076325
|switch|p1a: Metagross|Metagross|90/100
|-damage|p1a: Metagross|73/100|[from] Spikes
|
|-weather|Sandstorm|[upkeep]
|-damage|p2a: Zapdos|51/100|[from] Sandstorm
|-heal|p2a: Zapdos|58/100|[from] item: Leftovers
|-heal|p1a: Metagross|80/100|[from] item: Leftovers
|upkeep
|turn|31
|inactive|allce has 270 seconds left.
|inactive|allce has 240 seconds left.
|
|t:|1731076418
|switch|p2a: Flygon|Flygon, M|28/100
|move|p1a: Metagross|Agility|p1a: Metagross
|-boost|p1a: Metagross|spe|2
|
|-weather|Sandstorm|[upkeep]
|-heal|p1a: Metagross|86/100|[from] item: Leftovers
|-heal|p2a: Flygon|34/100|[from] item: Leftovers
|upkeep
|turn|32
|
|t:|1731076433
|move|p2a: Flygon|Protect|p2a: Flygon
|-singleturn|p2a: Flygon|Protect
|move|p1a: Metagross|Meteor Mash|p2a: Flygon
|-activate|p2a: Flygon|Protect
|
|-weather|Sandstorm|[upkeep]
|-heal|p1a: Metagross|92/100|[from] item: Leftovers
|-heal|p2a: Flygon|40/100|[from] item: Leftovers
|upkeep
|turn|33
|inactive|ThisGuyMuks has 270 seconds left.
|
|t:|1731076451
|move|p1a: Metagross|Meteor Mash|p2a: Flygon
|-damage|p2a: Flygon|0 fnt
|faint|p2a: Flygon
|
|t:|1731076454
|switch|p2a: Zapdos|Zapdos|58/100
|
|-weather|Sandstorm|[upkeep]
|-damage|p2a: Zapdos|51/100|[from] Sandstorm
|-heal|p1a: Metagross|98/100|[from] item: Leftovers
|-heal|p2a: Zapdos|58/100|[from] item: Leftovers
|upkeep
|turn|34
|c|☆ThisGuyMuks|gg
|
|t:|1731076461
|move|p1a: Metagross|Meteor Mash|p2a: Zapdos
|-resisted|p2a: Zapdos
|-damage|p2a: Zapdos|24/100
|move|p2a: Zapdos|Thunderbolt|p1a: Metagross
|-damage|p1a: Metagross|44/100
|
|-weather|Sandstorm|[upkeep]
|-damage|p2a: Zapdos|18/100|[from] Sandstorm
|-heal|p1a: Metagross|50/100|[from] item: Leftovers
|-heal|p2a: Zapdos|24/100|[from] item: Leftovers
|upkeep
|turn|35
|
|t:|1731076471
|move|p1a: Metagross|Explosion|p2a: Zapdos
|-damage|p2a: Zapdos|0 fnt
|faint|p1a: Metagross
|faint|p2a: Zapdos
|
|win|allce
|c|☆allce|gg

</script>
<script type="application/json" class="data" id="replaydata-smogtours-gen3ou-805223">
{"id":"smogtours-gen3ou-805223","format":"[Gen 3] OU","players":["allce","ThisGuyMuks"],"uploadtime":1731076471,"views":24,"formatid":"gen3ou","rating":null,"private":1,"password":null}
</script>

<script defer src="js/replays.js?9d40a366"></script>
