<!DOCTYPE html>
<meta charset="utf-8" />
<meta name="viewport" content="width=device-width" />

<title>[Gen 3] OU: Axselo vs. wizzyhatg - Replays - Pok&eacute;mon Showdown!</title>

<meta name="description" content="Watch a replay of a Pok&eacute;mon battle between Axselo and wizzyhatg! Format: [Gen 3] OU; Date: Oct 12, 2024" />
<!--

Hey, you! Looking in the source for the replay log?

You can find them in JSON format, just add `.json` at the end of a replay URL.

https://replay.pokemonshowdown.com/gen7randomdoublesbattle-865046831.json

Or, if you only need the log itself, add `.log` instead:

https://replay.pokemonshowdown.com/gen7randomdoublesbattle-865046831.log

-->

<link rel="stylesheet" href="//pokemonshowdown.com/style/global.css?0.023195364461161105" />
<link rel="stylesheet" href="//play.pokemonshowdown.com/style/font-awesome.css?0.13261647063804238" />
<link rel="stylesheet" href="//play.pokemonshowdown.com/style/battle.css?0.8753245789963631" />
<link rel="stylesheet" href="//play.pokemonshowdown.com/style/utilichart.css?0.8627959624976733" />

<!-- Global site tag (gtag.js) - Google Analytics -->
<script async src="https://www.googletagmanager.com/gtag/js?id=UA-26211653-1"></script>
<script>
  window.dataLayer = window.dataLayer || [];
  function gtag(){dataLayer.push(arguments);}
  gtag('js', new Date());

  gtag('config', 'UA-26211653-1');
</script>
<!-- End Google Analytics -->
<!-- Venatus Ad Manager - Install in <HEAD> of page -->
	<script src="https://hb.vntsm.com/v3/live/ad-manager.min.js" type="text/javascript" data-site-id="642aba63ec9a7b11c3c9c1be" data-mode="scan" async></script>
<!-- / Venatus Ad Manager -->

<style>
	@media (max-width:820px) {
		.battle {
			margin: 0 auto;
		}
		.battle-log {
			margin: 7px auto 0;
			max-width: 640px;
			height: 300px;
			position: static;
		}
	}
	.optgroup {
		display: inline-block;
		line-height: 22px;
		font-size: 10pt;
	}
	.optgroup .button {
		height: 25px;
		padding-top: 0;
		padding-bottom: 0;
	}
	.optgroup button.button {
		padding-left: 12px;
		padding-right: 12px;
	}
	.linklist {
		list-style: none;
		margin: 0.5em 0;
		padding: 0;
	}
	.linklist li {
		padding: 2px 0;
	}
	.sidebar {
		float: left;
		width: 320px;
	}
	.bar-wrapper {
		max-width: 1100px;
		margin: 0 auto;
	}
	.bar-wrapper.has-sidebar {
		max-width: 1430px;
	}
	.mainbar {
		margin: 0;
		padding-right: 1px;
	}
	.mainbar.has-sidebar {
		margin-left: 330px;
	}
	@media (min-width: 1511px) {
		.sidebar {
			width: 400px;
		}
		.bar-wrapper.has-sidebar {
			max-width: 1510px;
		}
		.mainbar.has-sidebar {
			margin-left: 410px;
		}
	}
	.section.first-section {
		margin-top: 9px;
	}
	.blocklink small {
		white-space: normal;
	}
	.button {
		vertical-align: middle;
	}
	.replay-controls {
		padding-top: 10px;
	}
	.replay-controls h1 {
		font-size: 16pt;
		font-weight: normal;
		color: #CCC;
	}
	.pagelink {
		text-align: center;
	}
	.pagelink a {
		width: 150px;
	}
	.textbox, .button {
		font-size: 11pt;
		vertical-align: middle;
	}
	@media (max-width: 450px) {
		.button {
			font-size: 9pt;
		}
	}
</style>

<div>

	<header>
		<div class="nav-wrapper"><ul class="nav">
			<li><a class="button nav-first" href="//pokemonshowdown.com/"><img src="//pokemonshowdown.com/images/pokemonshowdownbeta.png" srcset="//pokemonshowdown.com/images/pokemonshowdownbeta.png 1x, //pokemonshowdown.com/images/pokemonshowdownbeta@2x.png 2x" alt="Pok&eacute;mon Showdown" width="146" height="44" /> Home</a></li>
			<li><a class="button" href="//pokemonshowdown.com/dex/">Pok&eacute;dex</a></li>
			<li><a class="button cur" href="/">Replays</a></li>
			<li><a class="button" href="//pokemonshowdown.com/ladder/">Ladder</a></li>
			<li><a class="button nav-last" href="//pokemonshowdown.com/forums/">Forum</a></li>
			<li><a class="button greenbutton nav-first nav-last" href="//play.pokemonshowdown.com/">Play</a></li>
		</ul></div>
	</header>

	<div class="main" id="main">

		<noscript><section class="section">You need to enable JavaScript to use this page; sorry!</section></noscript>

	</div>

</div>

<script defer nomodule src="//play.pokemonshowdown.com/js/lib/ps-polyfill.js"></script>
<script defer src="//play.pokemonshowdown.com/js/lib/preact.min.js"></script>

<script defer src="//play.pokemonshowdown.com/config/config.js?2bddbc15"></script>
<script defer src="//play.pokemonshowdown.com/js/lib/jquery-1.11.0.min.js"></script>
<script defer src="//play.pokemonshowdown.com/js/lib/html-sanitizer-minified.js"></script>
<script defer src="//play.pokemonshowdown.com/js/battle-sound.js"></script>
<script defer src="//play.pokemonshowdown.com/js/battledata.js?0.7209276989879541"></script>
<script defer src="//play.pokemonshowdown.com/data/pokedex-mini.js?0.6111056340867951"></script>
<script defer src="//play.pokemonshowdown.com/data/pokedex-mini-bw.js?0.3532142036491459"></script>
<script defer src="//play.pokemonshowdown.com/data/graphics.js?0.24223875632456182"></script>
<script defer src="//play.pokemonshowdown.com/data/pokedex.js?0.38839984266356864"></script>
<script defer src="//play.pokemonshowdown.com/data/moves.js?0.21866028504024015"></script>
<script defer src="//play.pokemonshowdown.com/data/abilities.js?0.2005157953846628"></script>
<script defer src="//play.pokemonshowdown.com/data/items.js?0.9894211263848525"></script>
<script defer src="//play.pokemonshowdown.com/data/teambuilder-tables.js?0.6008791140282215"></script>
<script defer src="//play.pokemonshowdown.com/js/battle-tooltips.js?0.7580118955022959"></script>
<script defer src="//play.pokemonshowdown.com/js/battle.js?0.6057722274234274"></script>

<script defer src="js/utils.js?e31f9a17"></script>
<script defer src="js/replays-battle.js?7008c182"></script>

<!-- don't scrape this data! just add .json or .log after the URL!
Full API docs: https://github.com/smogon/pokemon-showdown-client/blob/master/WEB-API.md -->
<script type="text/plain" class="log" id="replaylog-smogtours-gen3ou-797514">
|inactive|Battle timer is ON: inactive players will automatically lose when time's up.
|t:|1728749201
|gametype|singles
|player|p1|Axselo|1|
|player|p2|wizzyhatg|2|
|teamsize|p1|6
|teamsize|p2|6
|gen|3
|tier|[Gen 3] OU
|rule|Sleep Clause Mod: Limit one foe put to sleep
|rule|Switch Priority Clause Mod: Faster Pokémon switch first
|rule|Species Clause: Limit one of each Pokémon
|rule|OHKO Clause: OHKO moves are banned
|rule|Evasion Items Clause: Evasion items are banned
|rule|Evasion Moves Clause: Evasion moves are banned
|rule|Endless Battle Clause: Forcing endless battles is banned
|rule|HP Percentage Mod: HP is shown in percentages
|rule|One Boost Passer Clause: Limit one Baton Passer that has a way to boost its stats
|rule|Freeze Clause Mod: Limit one foe frozen
|
|t:|1728749201
|start
|switch|p1a: Jolteon|Jolteon, M|100/100
|switch|p2a: Metagross|Metagross|100/100
|turn|1
|c|☆wizzyhatg|glhf!
|c|☆Axselo|gracias
|
|t:|1728749213
|move|p1a: Jolteon|Substitute|p1a: Jolteon
|-start|p1a: Jolteon|Substitute
|-damage|p1a: Jolteon|76/100
|move|p2a: Metagross|Double-Edge|p1a: Jolteon
|-end|p1a: Jolteon|Substitute
|-damage|p2a: Metagross|93/100|[from] Recoil|[of] p1a: Jolteon
|
|-heal|p1a: Jolteon|82/100|[from] item: Leftovers
|upkeep
|turn|2
|
|t:|1728749222
|move|p1a: Jolteon|Baton Pass|p1a: Jolteon
|
|t:|1728749223
|switch|p1a: Forretress|Forretress, M|100/100|[from] Baton Pass
|move|p2a: Metagross|Double-Edge|p1a: Forretress
|-resisted|p1a: Forretress
|-damage|p1a: Forretress|77/100
|-damage|p2a: Metagross|85/100|[from] Recoil|[of] p1a: Forretress
|
|-heal|p1a: Forretress|84/100|[from] item: Leftovers
|upkeep
|turn|3
|
|t:|1728749248
|switch|p2a: Salamence|Salamence, M|100/100
|-ability|p2a: Salamence|Intimidate|boost
|-unboost|p1a: Forretress|atk|1
|move|p1a: Forretress|Earthquake|p2a: Salamence
|-immune|p2a: Salamence
|
|-heal|p1a: Forretress|90/100|[from] item: Leftovers
|upkeep
|turn|4
|
|t:|1728749269
|switch|p1a: Vaporeon|Vaporeon, F|100/100
|move|p2a: Salamence|Dragon Dance|p2a: Salamence
|-boost|p2a: Salamence|atk|1
|-boost|p2a: Salamence|spe|1
|
|upkeep
|turn|5
|
|t:|1728749280
|move|p2a: Salamence|Hidden Power|p1a: Vaporeon
|-damage|p1a: Vaporeon|56/100
|move|p1a: Vaporeon|Roar|p2a: Salamence
|drag|p2a: Magneton|Magneton|100/100
|
|-heal|p1a: Vaporeon|62/100|[from] item: Leftovers
|upkeep
|turn|6
|
|t:|1728749288
|switch|p1a: Celebi|Celebi|100/100
|move|p2a: Magneton|Thunderbolt|p1a: Celebi
|-resisted|p1a: Celebi
|-damage|p1a: Celebi|82/100
|
|-heal|p1a: Celebi|88/100|[from] item: Leftovers
|upkeep
|turn|7
|
|t:|1728749317
|switch|p2a: Salamence|Salamence, M|100/100
|-ability|p2a: Salamence|Intimidate|boost
|-unboost|p1a: Celebi|atk|1
|move|p1a: Celebi|Leech Seed|p2a: Salamence
|-start|p2a: Salamence|move: Leech Seed
|
|-damage|p2a: Salamence|88/100|[from] Leech Seed|[of] p1a: Celebi
|-heal|p1a: Celebi|98/100|[silent]
|-heal|p1a: Celebi|100/100|[from] item: Leftovers
|upkeep
|turn|8
|
|t:|1728749332
|switch|p1a: Forretress|Forretress, M|90/100
|move|p2a: Salamence|Hidden Power|p1a: Forretress
|-damage|p1a: Forretress|61/100
|
|-heal|p2a: Salamence|94/100|[from] item: Leftovers
|-damage|p2a: Salamence|82/100|[from] Leech Seed|[of] p1a: Forretress
|-heal|p1a: Forretress|74/100|[silent]
|-heal|p1a: Forretress|80/100|[from] item: Leftovers
|upkeep
|turn|9
|
|t:|1728749348
|switch|p2a: Gyarados|Gyarados, M|100/100
|-ability|p2a: Gyarados|Intimidate|boost
|-unboost|p1a: Forretress|atk|1
|move|p1a: Forretress|Earthquake|p2a: Gyarados
|-immune|p2a: Gyarados
|
|-heal|p1a: Forretress|86/100|[from] item: Leftovers
|upkeep
|turn|10
|
|t:|1728749355
|move|p2a: Gyarados|Dragon Dance|p2a: Gyarados
|-boost|p2a: Gyarados|atk|1
|-boost|p2a: Gyarados|spe|1
|move|p1a: Forretress|Spikes|p2a: Gyarados
|-sidestart|p2: wizzyhatg|Spikes
|
|-heal|p1a: Forretress|92/100|[from] item: Leftovers
|upkeep
|turn|11
|
|t:|1728749377
|move|p2a: Gyarados|Dragon Dance|p2a: Gyarados
|-boost|p2a: Gyarados|atk|1
|-boost|p2a: Gyarados|spe|1
|move|p1a: Forretress|Zap Cannon|p2a: Gyarados|[miss]
|-miss|p1a: Forretress|p2a: Gyarados
|
|-heal|p1a: Forretress|99/100|[from] item: Leftovers
|upkeep
|turn|12
|inactive|wizzyhatg has 270 seconds left.
|
|t:|1728749422
|move|p2a: Gyarados|Earthquake|p1a: Forretress
|-damage|p1a: Forretress|47/100
|move|p1a: Forretress|Zap Cannon|p2a: Gyarados
|-supereffective|p2a: Gyarados
|-damage|p2a: Gyarados|41/100
|-status|p2a: Gyarados|par
|
|-heal|p2a: Gyarados|47/100 par|[from] item: Leftovers
|-heal|p1a: Forretress|53/100|[from] item: Leftovers
|upkeep
|turn|13
|
|t:|1728749436
|move|p2a: Gyarados|Earthquake|p1a: Forretress
|-damage|p1a: Forretress|4/100
|move|p1a: Forretress|Spikes|p2a: Gyarados
|-sidestart|p2: wizzyhatg|Spikes
|
|-heal|p2a: Gyarados|53/100 par|[from] item: Leftovers
|-heal|p1a: Forretress|10/100|[from] item: Leftovers
|upkeep
|turn|14
|
|t:|1728749449
|cant|p2a: Gyarados|par
|move|p1a: Forretress|Spikes|p2a: Gyarados
|-sidestart|p2: wizzyhatg|Spikes
|
|-heal|p2a: Gyarados|59/100 par|[from] item: Leftovers
|-heal|p1a: Forretress|16/100|[from] item: Leftovers
|upkeep
|turn|15
|
|t:|1728749458
|move|p2a: Gyarados|Double-Edge|p1a: Forretress
|-resisted|p1a: Forretress
|-damage|p1a: Forretress|0 fnt
|-damage|p2a: Gyarados|54/100 par|[from] Recoil|[of] p1a: Forretress
|faint|p1a: Forretress
|
|t:|1728749461
|switch|p1a: Jolteon|Jolteon, M|82/100
|
|-heal|p1a: Jolteon|88/100|[from] item: Leftovers
|-heal|p2a: Gyarados|61/100 par|[from] item: Leftovers
|upkeep
|turn|16
|
|t:|1728749464
|move|p1a: Jolteon|Thunderbolt|p2a: Gyarados
|-supereffective|p2a: Gyarados
|-damage|p2a: Gyarados|0 fnt
|faint|p2a: Gyarados
|
|t:|1728749474
|switch|p2a: Tyranitar|Tyranitar, M|100/100
|-damage|p2a: Tyranitar|76/100|[from] Spikes
|-weather|Sandstorm|[from] ability: Sand Stream|[of] p2a: Tyranitar
|
|-weather|Sandstorm|[upkeep]
|-damage|p1a: Jolteon|82/100|[from] Sandstorm
|-heal|p1a: Jolteon|88/100|[from] item: Leftovers
|upkeep
|turn|17
|
|t:|1728749488
|move|p1a: Jolteon|Substitute|p1a: Jolteon
|-start|p1a: Jolteon|Substitute
|-damage|p1a: Jolteon|63/100
|move|p2a: Tyranitar|Rock Slide|p1a: Jolteon
|-end|p1a: Jolteon|Substitute
|
|-weather|Sandstorm|[upkeep]
|-damage|p1a: Jolteon|57/100|[from] Sandstorm
|-heal|p1a: Jolteon|63/100|[from] item: Leftovers
|upkeep
|turn|18
|
|t:|1728749509
|move|p1a: Jolteon|Baton Pass|p1a: Jolteon
|
|t:|1728749511
|switch|p1a: Celebi|Celebi|100/100|[from] Baton Pass
|move|p2a: Tyranitar|Rock Slide|p1a: Celebi
|-damage|p1a: Celebi|69/100
|
|-weather|Sandstorm|[upkeep]
|-damage|p1a: Celebi|63/100|[from] Sandstorm
|-heal|p1a: Celebi|69/100|[from] item: Leftovers
|upkeep
|turn|19
|inactive|Axselo has 270 seconds left.
|inactive|wizzyhatg has 270 seconds left.
|inactive|Axselo has 240 seconds left.
|inactive|wizzyhatg has 240 seconds left.
|
|t:|1728749577
|move|p1a: Celebi|Baton Pass|p1a: Celebi
|
|t:|1728749580
|switch|p1a: Metagross|Metagross|100/100|[from] Baton Pass
|move|p2a: Tyranitar|Dragon Dance|p2a: Tyranitar
|-boost|p2a: Tyranitar|atk|1
|-boost|p2a: Tyranitar|spe|1
|
|-weather|Sandstorm|[upkeep]
|upkeep
|turn|20
|inactive|Axselo has 240 seconds left.
|inactive|wizzyhatg has 240 seconds left.
|
|t:|1728749607
|move|p2a: Tyranitar|Earthquake|p1a: Metagross
|-supereffective|p1a: Metagross
|-damage|p1a: Metagross|24/100
|move|p1a: Metagross|Agility|p1a: Metagross
|-boost|p1a: Metagross|spe|2
|
|-weather|Sandstorm|[upkeep]
|upkeep
|turn|21
|inactive|wizzyhatg has 240 seconds left.
|c|☆wizzyhatg|thats really an issue for me I fear
|
|t:|1728749623
|move|p1a: Metagross|Meteor Mash|p2a: Tyranitar
|-supereffective|p2a: Tyranitar
|-damage|p2a: Tyranitar|0 fnt
|faint|p2a: Tyranitar
|c|☆Axselo|I hope
|
|t:|1728749643
|switch|p2a: Salamence|Salamence, M|82/100
|-ability|p2a: Salamence|Intimidate|boost
|-fail|p1a: Metagross|unboost|[from] ability: Clear Body|[of] p1a: Metagross
|
|-weather|Sandstorm|[upkeep]
|-damage|p2a: Salamence|76/100|[from] Sandstorm
|-heal|p2a: Salamence|82/100|[from] item: Leftovers
|upkeep
|turn|22
|inactive|Axselo has 240 seconds left.
|
|t:|1728749661
|move|p1a: Metagross|Rock Slide|p2a: Salamence
|-supereffective|p2a: Salamence
|-damage|p2a: Salamence|3/100
|move|p2a: Salamence|Earthquake|p1a: Metagross
|-supereffective|p1a: Metagross
|-damage|p1a: Metagross|0 fnt
|faint|p1a: Metagross
|inactive|Axselo has 210 seconds left.
|
|t:|1728749691
|switch|p1a: Celebi|Celebi|69/100
|
|-weather|Sandstorm|[upkeep]
|-damage|p2a: Salamence|0 fnt|[from] Sandstorm
|-damage|p1a: Celebi|63/100|[from] Sandstorm
|faint|p2a: Salamence
|-heal|p1a: Celebi|69/100|[from] item: Leftovers
|upkeep
|
|t:|1728749715
|switch|p2a: Metagross|Metagross|85/100
|-damage|p2a: Metagross|60/100|[from] Spikes
|turn|23
|inactive|Axselo has 210 seconds left.
|inactive|wizzyhatg has 210 seconds left.
|
|t:|1728749734
|move|p2a: Metagross|Explosion|p1a: Celebi
|-damage|p1a: Celebi|0 fnt
|faint|p2a: Metagross
|faint|p1a: Celebi
|inactive|Axselo has 210 seconds left.
|
|t:|1728749743
|switch|p2a: Magneton|Magneton|100/100
|switch|p1a: Flareon|Flareon, M|100/100
|-damage|p2a: Magneton|76/100|[from] Spikes
|
|-weather|Sandstorm|[upkeep]
|-damage|p1a: Flareon|95/100|[from] Sandstorm
|-heal|p1a: Flareon|100/100|[from] item: Leftovers
|upkeep
|turn|24
|
|t:|1728749751
|move|p2a: Magneton|Thunderbolt|p1a: Flareon
|-damage|p1a: Flareon|65/100
|move|p1a: Flareon|Hidden Power|p2a: Magneton
|-supereffective|p2a: Magneton
|-damage|p2a: Magneton|10/100
|
|-weather|Sandstorm|[upkeep]
|-damage|p1a: Flareon|59/100|[from] Sandstorm
|-enditem|p2a: Magneton|Salac Berry|[eat]
|-boost|p2a: Magneton|spe|1|[from] item: Salac Berry
|-heal|p1a: Flareon|65/100|[from] item: Leftovers
|upkeep
|turn|25
|
|t:|1728749763
|move|p2a: Magneton|Thunderbolt|p1a: Flareon
|-damage|p1a: Flareon|29/100
|-status|p1a: Flareon|par
|move|p1a: Flareon|Hidden Power|p2a: Magneton
|-supereffective|p2a: Magneton
|-damage|p2a: Magneton|0 fnt
|faint|p2a: Magneton
|
|t:|1728749766
|switch|p2a: Celebi|Celebi|100/100
|-damage|p2a: Celebi|75/100|[from] Spikes
|
|-weather|Sandstorm|[upkeep]
|-damage|p2a: Celebi|69/100|[from] Sandstorm
|-damage|p1a: Flareon|23/100 par|[from] Sandstorm
|-heal|p2a: Celebi|75/100|[from] item: Leftovers
|-heal|p1a: Flareon|29/100 par|[from] item: Leftovers
|upkeep
|turn|26
|
|t:|1728749782
|move|p2a: Celebi|Leech Seed|p1a: Flareon
|-start|p1a: Flareon|move: Leech Seed
|move|p1a: Flareon|Toxic|p2a: Celebi
|-status|p2a: Celebi|tox
|
|-weather|Sandstorm|[upkeep]
|-damage|p2a: Celebi|69/100 tox|[from] Sandstorm
|-damage|p1a: Flareon|23/100 par|[from] Sandstorm
|-heal|p2a: Celebi|75/100 tox|[from] item: Leftovers
|-damage|p2a: Celebi|69/100 tox|[from] psn
|-heal|p1a: Flareon|29/100 par|[from] item: Leftovers
|-damage|p1a: Flareon|17/100 par|[from] Leech Seed|[of] p2a: Celebi
|-heal|p2a: Celebi|79/100 tox|[silent]
|upkeep
|turn|27
|
|t:|1728749791
|move|p2a: Celebi|Psychic|p1a: Flareon
|-damage|p1a: Flareon|0 fnt
|faint|p1a: Flareon
|
|t:|1728749794
|switch|p1a: Jolteon|Jolteon, M|63/100
|
|-weather|Sandstorm|[upkeep]
|-damage|p1a: Jolteon|57/100|[from] Sandstorm
|-damage|p2a: Celebi|73/100 tox|[from] Sandstorm
|-heal|p1a: Jolteon|63/100|[from] item: Leftovers
|-heal|p2a: Celebi|79/100 tox|[from] item: Leftovers
|-damage|p2a: Celebi|67/100 tox|[from] psn
|upkeep
|turn|28
|inactive|wizzyhatg has 240 seconds left.
|
|t:|1728749829
|move|p1a: Jolteon|Substitute|p1a: Jolteon
|-start|p1a: Jolteon|Substitute
|-damage|p1a: Jolteon|38/100
|move|p2a: Celebi|Psychic|p1a: Jolteon
|-end|p1a: Jolteon|Substitute
|
|-weather|Sandstorm|[upkeep]
|-damage|p1a: Jolteon|32/100|[from] Sandstorm
|-damage|p2a: Celebi|61/100 tox|[from] Sandstorm
|-heal|p1a: Jolteon|38/100|[from] item: Leftovers
|-heal|p2a: Celebi|67/100 tox|[from] item: Leftovers
|-damage|p2a: Celebi|49/100 tox|[from] psn
|upkeep
|turn|29
|inactive|Axselo has 240 seconds left.
|
|t:|1728749839
|move|p1a: Jolteon|Substitute|p1a: Jolteon
|-start|p1a: Jolteon|Substitute
|-damage|p1a: Jolteon|13/100
|move|p2a: Celebi|Psychic|p1a: Jolteon
|-end|p1a: Jolteon|Substitute
|
|-weather|Sandstorm|[upkeep]
|-damage|p1a: Jolteon|7/100|[from] Sandstorm
|-damage|p2a: Celebi|42/100 tox|[from] Sandstorm
|-heal|p1a: Jolteon|13/100|[from] item: Leftovers
|-heal|p2a: Celebi|49/100 tox|[from] item: Leftovers
|-damage|p2a: Celebi|24/100 tox|[from] psn
|upkeep
|turn|30
|c|☆wizzyhatg|gg
|inactive|Axselo has 240 seconds left.
|c|☆Axselo|gg
|
|t:|1728749850
|move|p1a: Jolteon|Thunderbolt|p2a: Celebi
|-resisted|p2a: Celebi
|-crit|p2a: Celebi
|-damage|p2a: Celebi|0 fnt
|faint|p2a: Celebi
|
|win|Axselo
|player|p1|
|player|p1|Axselo|1|

</script>
<script type="application/json" class="data" id="replaydata-smogtours-gen3ou-797514">
{"id":"smogtours-gen3ou-797514","format":"[Gen 3] OU","players":["Axselo","wizzyhatg"],"uploadtime":1728749850,"views":86,"formatid":"gen3ou","rating":null,"private":0,"password":null}
</script>

<script defer src="js/replays.js?9d40a366"></script>
