<!DOCTYPE html>
<meta charset="utf-8" />
<meta name="viewport" content="width=device-width" />

<title>[Gen 3] OU: xurkiyee vs. duckstroyer - Replays - Pok&eacute;mon Showdown!</title>

<meta name="description" content="Watch a replay of a Pok&eacute;mon battle between xurkiyee and duckstroyer! Format: [Gen 3] OU; Date: Oct 15, 2024" />
<!--

Hey, you! Looking in the source for the replay log?

You can find them in JSON format, just add `.json` at the end of a replay URL.

https://replay.pokemonshowdown.com/gen7randomdoublesbattle-865046831.json

Or, if you only need the log itself, add `.log` instead:

https://replay.pokemonshowdown.com/gen7randomdoublesbattle-865046831.log

-->

<link rel="stylesheet" href="//pokemonshowdown.com/style/global.css?0.023195364461161105" />
<link rel="stylesheet" href="//play.pokemonshowdown.com/style/font-awesome.css?0.13261647063804238" />
<link rel="stylesheet" href="//play.pokemonshowdown.com/style/battle.css?0.8753245789963631" />
<link rel="stylesheet" href="//play.pokemonshowdown.com/style/utilichart.css?0.8627959624976733" />

<!-- Global site tag (gtag.js) - Google Analytics -->
<script async src="https://www.googletagmanager.com/gtag/js?id=UA-26211653-1"></script>
<script>
  window.dataLayer = window.dataLayer || [];
  function gtag(){dataLayer.push(arguments);}
  gtag('js', new Date());

  gtag('config', 'UA-26211653-1');
</script>
<!-- End Google Analytics -->
<!-- Venatus Ad Manager - Install in <HEAD> of page -->
	<script src="https://hb.vntsm.com/v3/live/ad-manager.min.js" type="text/javascript" data-site-id="642aba63ec9a7b11c3c9c1be" data-mode="scan" async></script>
<!-- / Venatus Ad Manager -->

<style>
	@media (max-width:820px) {
		.battle {
			margin: 0 auto;
		}
		.battle-log {
			margin: 7px auto 0;
			max-width: 640px;
			height: 300px;
			position: static;
		}
	}
	.optgroup {
		display: inline-block;
		line-height: 22px;
		font-size: 10pt;
	}
	.optgroup .button {
		height: 25px;
		padding-top: 0;
		padding-bottom: 0;
	}
	.optgroup button.button {
		padding-left: 12px;
		padding-right: 12px;
	}
	.linklist {
		list-style: none;
		margin: 0.5em 0;
		padding: 0;
	}
	.linklist li {
		padding: 2px 0;
	}
	.sidebar {
		float: left;
		width: 320px;
	}
	.bar-wrapper {
		max-width: 1100px;
		margin: 0 auto;
	}
	.bar-wrapper.has-sidebar {
		max-width: 1430px;
	}
	.mainbar {
		margin: 0;
		padding-right: 1px;
	}
	.mainbar.has-sidebar {
		margin-left: 330px;
	}
	@media (min-width: 1511px) {
		.sidebar {
			width: 400px;
		}
		.bar-wrapper.has-sidebar {
			max-width: 1510px;
		}
		.mainbar.has-sidebar {
			margin-left: 410px;
		}
	}
	.section.first-section {
		margin-top: 9px;
	}
	.blocklink small {
		white-space: normal;
	}
	.button {
		vertical-align: middle;
	}
	.replay-controls {
		padding-top: 10px;
	}
	.replay-controls h1 {
		font-size: 16pt;
		font-weight: normal;
		color: #CCC;
	}
	.pagelink {
		text-align: center;
	}
	.pagelink a {
		width: 150px;
	}
	.textbox, .button {
		font-size: 11pt;
		vertical-align: middle;
	}
	@media (max-width: 450px) {
		.button {
			font-size: 9pt;
		}
	}
</style>

<div>

	<header>
		<div class="nav-wrapper"><ul class="nav">
			<li><a class="button nav-first" href="//pokemonshowdown.com/"><img src="//pokemonshowdown.com/images/pokemonshowdownbeta.png" srcset="//pokemonshowdown.com/images/pokemonshowdownbeta.png 1x, //pokemonshowdown.com/images/pokemonshowdownbeta@2x.png 2x" alt="Pok&eacute;mon Showdown" width="146" height="44" /> Home</a></li>
			<li><a class="button" href="//pokemonshowdown.com/dex/">Pok&eacute;dex</a></li>
			<li><a class="button cur" href="/">Replays</a></li>
			<li><a class="button" href="//pokemonshowdown.com/ladder/">Ladder</a></li>
			<li><a class="button nav-last" href="//pokemonshowdown.com/forums/">Forum</a></li>
			<li><a class="button greenbutton nav-first nav-last" href="//play.pokemonshowdown.com/">Play</a></li>
		</ul></div>
	</header>

	<div class="main" id="main">

		<noscript><section class="section">You need to enable JavaScript to use this page; sorry!</section></noscript>

	</div>

</div>

<script defer nomodule src="//play.pokemonshowdown.com/js/lib/ps-polyfill.js"></script>
<script defer src="//play.pokemonshowdown.com/js/lib/preact.min.js"></script>

<script defer src="//play.pokemonshowdown.com/config/config.js?2bddbc15"></script>
<script defer src="//play.pokemonshowdown.com/js/lib/jquery-1.11.0.min.js"></script>
<script defer src="//play.pokemonshowdown.com/js/lib/html-sanitizer-minified.js"></script>
<script defer src="//play.pokemonshowdown.com/js/battle-sound.js"></script>
<script defer src="//play.pokemonshowdown.com/js/battledata.js?0.7209276989879541"></script>
<script defer src="//play.pokemonshowdown.com/data/pokedex-mini.js?0.6111056340867951"></script>
<script defer src="//play.pokemonshowdown.com/data/pokedex-mini-bw.js?0.3532142036491459"></script>
<script defer src="//play.pokemonshowdown.com/data/graphics.js?0.24223875632456182"></script>
<script defer src="//play.pokemonshowdown.com/data/pokedex.js?0.38839984266356864"></script>
<script defer src="//play.pokemonshowdown.com/data/moves.js?0.21866028504024015"></script>
<script defer src="//play.pokemonshowdown.com/data/abilities.js?0.2005157953846628"></script>
<script defer src="//play.pokemonshowdown.com/data/items.js?0.9894211263848525"></script>
<script defer src="//play.pokemonshowdown.com/data/teambuilder-tables.js?0.6008791140282215"></script>
<script defer src="//play.pokemonshowdown.com/js/battle-tooltips.js?0.7580118955022959"></script>
<script defer src="//play.pokemonshowdown.com/js/battle.js?0.6057722274234274"></script>

<script defer src="js/utils.js?e31f9a17"></script>
<script defer src="js/replays-battle.js?7008c182"></script>

<!-- don't scrape this data! just add .json or .log after the URL!
Full API docs: https://github.com/smogon/pokemon-showdown-client/blob/master/WEB-API.md -->
<script type="text/plain" class="log" id="replaylog-smogtours-gen3ou-799006">
|inactive|Battle timer is ON: inactive players will automatically lose when time's up.
|t:|1729023397
|gametype|singles
|player|p1|xurkiyee|cheryl|
|player|p2|duckstroyer|wallace|
|teamsize|p1|6
|teamsize|p2|6
|gen|3
|tier|[Gen 3] OU
|rule|Sleep Clause Mod: Limit one foe put to sleep
|rule|Switch Priority Clause Mod: Faster Pokémon switch first
|rule|Species Clause: Limit one of each Pokémon
|rule|OHKO Clause: OHKO moves are banned
|rule|Evasion Items Clause: Evasion items are banned
|rule|Evasion Moves Clause: Evasion moves are banned
|rule|Endless Battle Clause: Forcing endless battles is banned
|rule|HP Percentage Mod: HP is shown in percentages
|rule|One Boost Passer Clause: Limit one Baton Passer that has a way to boost its stats
|rule|Freeze Clause Mod: Limit one foe frozen
|
|t:|1729023397
|start
|switch|p1a: Zapdos|Zapdos|100/100
|switch|p2a: Skarmory|Skarmory, F|100/100
|turn|1
|c|☆duckstroyer|gl hf
|c|☆xurkiyee|hf
|
|t:|1729023413
|move|p2a: Skarmory|Protect|p2a: Skarmory
|-singleturn|p2a: Skarmory|Protect
|move|p1a: Zapdos|Thunderbolt|p2a: Skarmory
|-activate|p2a: Skarmory|Protect
|
|upkeep
|turn|2
|
|t:|1729023423
|switch|p2a: Blissey|Blissey, F|100/100
|move|p1a: Zapdos|Baton Pass|p1a: Zapdos
|
|t:|1729023427
|switch|p1a: Breloom|Breloom, M|100/100|[from] Baton Pass
|
|upkeep
|turn|3
|
|t:|1729023435
|switch|p2a: Starmie|Starmie|100/100
|move|p1a: Breloom|Spore|p2a: Starmie
|-status|p2a: Starmie|slp|[from] move: Spore
|
|upkeep
|turn|4
|
|t:|1729023450
|-singleturn|p1a: Breloom|move: Focus Punch
|cant|p2a: Starmie|slp
|move|p1a: Breloom|Focus Punch|p2a: Starmie
|-resisted|p2a: Starmie
|-damage|p2a: Starmie|40/100 slp
|
|-heal|p2a: Starmie|46/100 slp|[from] item: Leftovers
|upkeep
|turn|5
|
|t:|1729023458
|-singleturn|p1a: Breloom|move: Focus Punch
|-curestatus|p2a: Starmie|slp|[from] ability: Natural Cure
|switch|p2a: Gengar|Gengar, F|100/100
|move|p1a: Breloom|Focus Punch|p2a: Gengar
|-immune|p2a: Gengar
|
|upkeep
|turn|6
|
|t:|1729023474
|switch|p1a: Snorlax|Snorlax, M|100/100
|move|p2a: Gengar|Will-O-Wisp|p1a: Snorlax
|-status|p1a: Snorlax|brn
|
|-damage|p1a: Snorlax|88/100 brn|[from] brn
|upkeep
|turn|7
|
|t:|1729023492
|switch|p2a: Skarmory|Skarmory, F|100/100
|switch|p1a: Zapdos|Zapdos|100/100
|
|upkeep
|turn|8
|
|t:|1729023499
|switch|p2a: Blissey|Blissey, F|100/100
|move|p1a: Zapdos|Thunderbolt|p2a: Blissey
|-damage|p2a: Blissey|84/100
|
|-heal|p2a: Blissey|90/100|[from] item: Leftovers
|upkeep
|turn|9
|
|t:|1729023506
|move|p1a: Zapdos|Baton Pass|p1a: Zapdos
|
|t:|1729023507
|switch|p1a: Snorlax|Snorlax, M|88/100 brn|[from] Baton Pass
|move|p2a: Blissey|Toxic||[still]
|-fail|p2a: Blissey
|
|-heal|p2a: Blissey|96/100|[from] item: Leftovers
|-heal|p1a: Snorlax|94/100 brn|[from] item: Leftovers
|-damage|p1a: Snorlax|82/100 brn|[from] brn
|upkeep
|turn|10
|
|t:|1729023536
|switch|p2a: Skarmory|Skarmory, F|100/100
|switch|p1a: Breloom|Breloom, M|100/100
|
|upkeep
|turn|11
|
|t:|1729023549
|move|p1a: Breloom|Spore|p2a: Skarmory
|-status|p2a: Skarmory|slp|[from] move: Spore
|cant|p2a: Skarmory|slp
|
|upkeep
|turn|12
|
|t:|1729023555
|switch|p1a: Tyranitar|Tyranitar, F|100/100
|-weather|Sandstorm|[from] ability: Sand Stream|[of] p1a: Tyranitar
|cant|p2a: Skarmory|slp
|
|-weather|Sandstorm|[upkeep]
|upkeep
|turn|13
|
|t:|1729023563
|move|p1a: Tyranitar|Rock Slide|p2a: Skarmory
|-damage|p2a: Skarmory|53/100 slp
|-curestatus|p2a: Skarmory|slp|[msg]
|move|p2a: Skarmory|Spikes|p1a: Tyranitar
|-sidestart|p1: xurkiyee|Spikes
|
|-weather|Sandstorm|[upkeep]
|-heal|p2a: Skarmory|59/100|[from] item: Leftovers
|upkeep
|turn|14
|
|t:|1729023570
|move|p2a: Skarmory|Protect|p2a: Skarmory
|-singleturn|p2a: Skarmory|Protect
|move|p1a: Tyranitar|Rock Slide|p2a: Skarmory
|-activate|p2a: Skarmory|Protect
|
|-weather|Sandstorm|[upkeep]
|-heal|p2a: Skarmory|65/100|[from] item: Leftovers
|upkeep
|turn|15
|
|t:|1729023579
|switch|p2a: Swampert|Swampert, F|100/100
|move|p1a: Tyranitar|Rock Slide|p2a: Swampert
|-resisted|p2a: Swampert
|-damage|p2a: Swampert|79/100
|
|-weather|Sandstorm|[upkeep]
|-heal|p2a: Swampert|86/100|[from] item: Leftovers
|upkeep
|turn|16
|
|t:|1729023589
|move|p1a: Tyranitar|Rock Slide|p2a: Swampert|[miss]
|-miss|p1a: Tyranitar|p2a: Swampert
|move|p2a: Swampert|Hydro Pump|p1a: Tyranitar
|-supereffective|p1a: Tyranitar
|-damage|p1a: Tyranitar|19/100
|
|-weather|Sandstorm|[upkeep]
|-heal|p2a: Swampert|92/100|[from] item: Leftovers
|upkeep
|turn|17
|
|t:|1729023598
|switch|p1a: Zapdos|Zapdos|100/100
|move|p2a: Swampert|Protect||[still]
|-fail|p2a: Swampert
|
|-weather|Sandstorm|[upkeep]
|-damage|p1a: Zapdos|94/100|[from] Sandstorm
|-heal|p1a: Zapdos|100/100|[from] item: Leftovers
|-heal|p2a: Swampert|98/100|[from] item: Leftovers
|upkeep
|turn|18
|
|t:|1729023602
|move|p2a: Swampert|Protect|p2a: Swampert
|-singleturn|p2a: Swampert|Protect
|move|p1a: Zapdos|Baton Pass|p1a: Zapdos
|
|t:|1729023604
|switch|p1a: Breloom|Breloom, M|100/100|[from] Baton Pass
|-damage|p1a: Breloom|88/100|[from] Spikes
|
|-weather|Sandstorm|[upkeep]
|-damage|p1a: Breloom|82/100|[from] Sandstorm
|-heal|p1a: Breloom|88/100|[from] item: Leftovers
|-heal|p2a: Swampert|100/100|[from] item: Leftovers
|upkeep
|turn|19
|
|t:|1729023613
|switch|p2a: Gengar|Gengar, F|100/100
|move|p1a: Breloom|Spore|p2a: Gengar
|-status|p2a: Gengar|slp|[from] move: Spore
|
|-weather|Sandstorm|[upkeep]
|-damage|p2a: Gengar|94/100 slp|[from] Sandstorm
|-damage|p1a: Breloom|82/100|[from] Sandstorm
|-heal|p2a: Gengar|100/100 slp|[from] item: Leftovers
|-heal|p1a: Breloom|88/100|[from] item: Leftovers
|upkeep
|turn|20
|
|t:|1729023624
|-singleturn|p1a: Breloom|move: Focus Punch
|switch|p2a: Swampert|Swampert, F|100/100
|move|p1a: Breloom|Focus Punch|p2a: Swampert
|-damage|p2a: Swampert|46/100
|
|-weather|Sandstorm|[upkeep]
|-damage|p1a: Breloom|82/100|[from] Sandstorm
|-heal|p1a: Breloom|88/100|[from] item: Leftovers
|-heal|p2a: Swampert|52/100|[from] item: Leftovers
|upkeep
|turn|21
|
|t:|1729023636
|move|p1a: Breloom|Substitute|p1a: Breloom
|-start|p1a: Breloom|Substitute
|-damage|p1a: Breloom|63/100
|move|p2a: Swampert|Ice Beam|p1a: Breloom
|-supereffective|p1a: Breloom
|-end|p1a: Breloom|Substitute
|
|-weather|Sandstorm|[upkeep]
|-damage|p1a: Breloom|57/100|[from] Sandstorm
|-heal|p1a: Breloom|63/100|[from] item: Leftovers
|-heal|p2a: Swampert|58/100|[from] item: Leftovers
|upkeep
|turn|22
|
|t:|1729023651
|switch|p1a: Snorlax|Snorlax, M|82/100 brn
|-damage|p1a: Snorlax|69/100 brn|[from] Spikes
|move|p2a: Swampert|Ice Beam|p1a: Snorlax
|-damage|p1a: Snorlax|57/100 brn
|
|-weather|Sandstorm|[upkeep]
|-damage|p1a: Snorlax|51/100 brn|[from] Sandstorm
|-heal|p2a: Swampert|65/100|[from] item: Leftovers
|-heal|p1a: Snorlax|57/100 brn|[from] item: Leftovers
|-damage|p1a: Snorlax|45/100 brn|[from] brn
|upkeep
|turn|23
|
|t:|1729023662
|move|p2a: Swampert|Ice Beam|p1a: Snorlax
|-damage|p1a: Snorlax|32/100 brn
|move|p1a: Snorlax|Curse|p1a: Snorlax
|-unboost|p1a: Snorlax|spe|1
|-boost|p1a: Snorlax|atk|1
|-boost|p1a: Snorlax|def|1
|
|-weather|Sandstorm|[upkeep]
|-damage|p1a: Snorlax|26/100 brn|[from] Sandstorm
|-heal|p2a: Swampert|71/100|[from] item: Leftovers
|-heal|p1a: Snorlax|32/100 brn|[from] item: Leftovers
|-damage|p1a: Snorlax|20/100 brn|[from] brn
|upkeep
|turn|24
|
|t:|1729023673
|move|p2a: Swampert|Hydro Pump|p1a: Snorlax
|-damage|p1a: Snorlax|0 fnt
|faint|p1a: Snorlax
|
|t:|1729023679
|switch|p1a: Zapdos|Zapdos|100/100
|
|-weather|Sandstorm|[upkeep]
|-damage|p1a: Zapdos|94/100|[from] Sandstorm
|-heal|p1a: Zapdos|100/100|[from] item: Leftovers
|-heal|p2a: Swampert|77/100|[from] item: Leftovers
|upkeep
|turn|25
|
|t:|1729023686
|move|p2a: Swampert|Protect|p2a: Swampert
|-singleturn|p2a: Swampert|Protect
|move|p1a: Zapdos|Hidden Power|p2a: Swampert
|-activate|p2a: Swampert|Protect
|
|-weather|Sandstorm|[upkeep]
|-damage|p1a: Zapdos|94/100|[from] Sandstorm
|-heal|p1a: Zapdos|100/100|[from] item: Leftovers
|-heal|p2a: Swampert|83/100|[from] item: Leftovers
|upkeep
|turn|26
|
|t:|1729023715
|switch|p2a: Blissey|Blissey, F|96/100
|move|p1a: Zapdos|Hidden Power|p2a: Blissey
|-damage|p2a: Blissey|88/100
|
|-weather|Sandstorm|[upkeep]
|-damage|p1a: Zapdos|94/100|[from] Sandstorm
|-damage|p2a: Blissey|82/100|[from] Sandstorm
|-heal|p1a: Zapdos|100/100|[from] item: Leftovers
|-heal|p2a: Blissey|88/100|[from] item: Leftovers
|upkeep
|turn|27
|
|t:|1729023725
|move|p1a: Zapdos|Thunderbolt|p2a: Blissey
|-damage|p2a: Blissey|73/100
|move|p2a: Blissey|Toxic|p1a: Zapdos
|-status|p1a: Zapdos|tox
|
|-weather|Sandstorm|[upkeep]
|-damage|p1a: Zapdos|94/100 tox|[from] Sandstorm
|-damage|p2a: Blissey|67/100|[from] Sandstorm
|-heal|p1a: Zapdos|100/100 tox|[from] item: Leftovers
|-damage|p1a: Zapdos|94/100 tox|[from] psn
|-heal|p2a: Blissey|73/100|[from] item: Leftovers
|upkeep
|turn|28
|
|t:|1729023736
|move|p1a: Zapdos|Baton Pass|p1a: Zapdos
|
|t:|1729023738
|switch|p1a: Metagross|Metagross|100/100|[from] Baton Pass
|-damage|p1a: Metagross|88/100|[from] Spikes
|move|p2a: Blissey|Toxic|p1a: Metagross
|-immune|p1a: Metagross
|
|-weather|Sandstorm|[upkeep]
|-damage|p2a: Blissey|67/100|[from] Sandstorm
|-heal|p2a: Blissey|73/100|[from] item: Leftovers
|upkeep
|turn|29
|
|t:|1729023757
|switch|p2a: Swampert|Swampert, F|83/100
|move|p1a: Metagross|Meteor Mash|p2a: Swampert|[miss]
|-miss|p1a: Metagross|p2a: Swampert
|
|-weather|Sandstorm|[upkeep]
|-heal|p2a: Swampert|90/100|[from] item: Leftovers
|upkeep
|turn|30
|c|☆duckstroyer|your mons do not like hitting the 90s this game
|
|t:|1729023771
|switch|p1a: Zapdos|Zapdos|94/100 tox
|move|p2a: Swampert|Earthquake|p1a: Zapdos
|-immune|p1a: Zapdos
|
|-weather|Sandstorm|[upkeep]
|-damage|p1a: Zapdos|88/100 tox|[from] Sandstorm
|-heal|p1a: Zapdos|94/100 tox|[from] item: Leftovers
|-damage|p1a: Zapdos|88/100 tox|[from] psn
|-heal|p2a: Swampert|96/100|[from] item: Leftovers
|upkeep
|turn|31
|
|t:|1729023782
|move|p2a: Swampert|Protect|p2a: Swampert
|-singleturn|p2a: Swampert|Protect
|move|p1a: Zapdos|Hidden Power|p2a: Swampert
|-activate|p2a: Swampert|Protect
|
|-weather|Sandstorm|[upkeep]
|-damage|p1a: Zapdos|82/100 tox|[from] Sandstorm
|-heal|p1a: Zapdos|88/100 tox|[from] item: Leftovers
|-damage|p1a: Zapdos|76/100 tox|[from] psn
|-heal|p2a: Swampert|100/100|[from] item: Leftovers
|upkeep
|turn|32
|
|t:|1729023792
|switch|p2a: Blissey|Blissey, F|73/100
|move|p1a: Zapdos|Baton Pass|p1a: Zapdos
|
|t:|1729023795
|switch|p1a: Breloom|Breloom, M|63/100|[from] Baton Pass
|-damage|p1a: Breloom|51/100|[from] Spikes
|
|-weather|Sandstorm|[upkeep]
|-damage|p1a: Breloom|45/100|[from] Sandstorm
|-damage|p2a: Blissey|67/100|[from] Sandstorm
|-heal|p1a: Breloom|51/100|[from] item: Leftovers
|-heal|p2a: Blissey|73/100|[from] item: Leftovers
|upkeep
|turn|33
|
|t:|1729023809
|move|p1a: Breloom|Substitute|p1a: Breloom
|-start|p1a: Breloom|Substitute
|-damage|p1a: Breloom|26/100
|move|p2a: Blissey|Ice Beam|p1a: Breloom
|-supereffective|p1a: Breloom
|-end|p1a: Breloom|Substitute
|
|-weather|Sandstorm|[upkeep]
|-damage|p1a: Breloom|20/100|[from] Sandstorm
|-damage|p2a: Blissey|67/100|[from] Sandstorm
|-heal|p1a: Breloom|26/100|[from] item: Leftovers
|-heal|p2a: Blissey|73/100|[from] item: Leftovers
|upkeep
|turn|34
|
|t:|1729023819
|switch|p1a: Metagross|Metagross|88/100
|-damage|p1a: Metagross|76/100|[from] Spikes
|move|p2a: Blissey|Ice Beam|p1a: Metagross
|-resisted|p1a: Metagross
|-damage|p1a: Metagross|64/100
|
|-weather|Sandstorm|[upkeep]
|-damage|p2a: Blissey|67/100|[from] Sandstorm
|-heal|p2a: Blissey|73/100|[from] item: Leftovers
|upkeep
|turn|35
|
|t:|1729023839
|switch|p2a: Skarmory|Skarmory, F|65/100
|move|p1a: Metagross|Explosion|p2a: Skarmory
|-resisted|p2a: Skarmory
|-damage|p2a: Skarmory|0 fnt
|faint|p1a: Metagross
|faint|p2a: Skarmory
|inactive|duckstroyer has 270 seconds left.
|inactive|xurkiyee has 270 seconds left.
|
|t:|1729023876
|switch|p1a: Swampert|Swampert, F|100/100
|switch|p2a: Blissey|Blissey, F|73/100
|-damage|p1a: Swampert|88/100|[from] Spikes
|
|-weather|Sandstorm|[upkeep]
|-damage|p2a: Blissey|67/100|[from] Sandstorm
|-heal|p2a: Blissey|73/100|[from] item: Leftovers
|upkeep
|turn|36
|inactive|duckstroyer has 270 seconds left.
|
|t:|1729023885
|move|p1a: Swampert|Substitute|p1a: Swampert
|-start|p1a: Swampert|Substitute
|-damage|p1a: Swampert|63/100
|move|p2a: Blissey|Toxic||[still]
|-fail|p2a: Blissey
|
|-weather|Sandstorm|[upkeep]
|-damage|p2a: Blissey|67/100|[from] Sandstorm
|-heal|p2a: Blissey|73/100|[from] item: Leftovers
|upkeep
|turn|37
|
|t:|1729023895
|switch|p2a: Gengar|Gengar, F|100/100 slp
|move|p1a: Swampert|Surf|p2a: Gengar
|-damage|p2a: Gengar|60/100 slp
|
|-weather|Sandstorm|[upkeep]
|-damage|p2a: Gengar|53/100 slp|[from] Sandstorm
|-heal|p2a: Gengar|60/100 slp|[from] item: Leftovers
|upkeep
|turn|38
|inactive|duckstroyer has 270 seconds left.
|
|t:|1729023917
|cant|p2a: Gengar|slp
|move|p1a: Swampert|Surf|p2a: Gengar
|-damage|p2a: Gengar|13/100 slp
|
|-weather|Sandstorm|[upkeep]
|-damage|p2a: Gengar|6/100 slp|[from] Sandstorm
|-heal|p2a: Gengar|13/100 slp|[from] item: Leftovers
|upkeep
|turn|39
|inactive|duckstroyer has 270 seconds left.
|
|t:|1729023925
|cant|p2a: Gengar|slp
|move|p1a: Swampert|Surf|p2a: Gengar
|-damage|p2a: Gengar|0 fnt
|faint|p2a: Gengar
|inactive|duckstroyer has 270 seconds left.
|
|t:|1729023934
|switch|p2a: Blissey|Blissey, F|73/100
|
|-weather|Sandstorm|[upkeep]
|-damage|p2a: Blissey|67/100|[from] Sandstorm
|-heal|p2a: Blissey|73/100|[from] item: Leftovers
|upkeep
|turn|40
|
|t:|1729023958
|move|p1a: Swampert|Surf|p2a: Blissey
|-damage|p2a: Blissey|57/100
|move|p2a: Blissey|Ice Beam|p1a: Swampert
|-activate|p1a: Swampert|Substitute|[damage]
|
|-weather|Sandstorm|[upkeep]
|-damage|p2a: Blissey|51/100|[from] Sandstorm
|-heal|p2a: Blissey|57/100|[from] item: Leftovers
|upkeep
|turn|41
|inactive|duckstroyer has 270 seconds left.
|
|t:|1729023989
|move|p1a: Swampert|Ice Beam|p2a: Blissey
|-damage|p2a: Blissey|48/100
|move|p2a: Blissey|Soft-Boiled|p2a: Blissey
|-heal|p2a: Blissey|97/100
|
|-weather|Sandstorm|[upkeep]
|-damage|p2a: Blissey|91/100|[from] Sandstorm
|-heal|p2a: Blissey|97/100|[from] item: Leftovers
|upkeep
|turn|42
|
|t:|1729023999
|move|p1a: Swampert|Ice Beam|p2a: Blissey
|-damage|p2a: Blissey|88/100
|move|p2a: Blissey|Ice Beam|p1a: Swampert
|-end|p1a: Swampert|Substitute
|
|-weather|Sandstorm|[upkeep]
|-damage|p2a: Blissey|82/100|[from] Sandstorm
|-heal|p2a: Blissey|88/100|[from] item: Leftovers
|upkeep
|turn|43
|
|t:|1729024014
|move|p1a: Swampert|Substitute|p1a: Swampert
|-start|p1a: Swampert|Substitute
|-damage|p1a: Swampert|38/100
|move|p2a: Blissey|Ice Beam|p1a: Swampert
|-activate|p1a: Swampert|Substitute|[damage]
|
|-weather|Sandstorm|[upkeep]
|-damage|p2a: Blissey|82/100|[from] Sandstorm
|-heal|p2a: Blissey|88/100|[from] item: Leftovers
|upkeep
|turn|44
|
|t:|1729024022
|move|p1a: Swampert|Ice Beam|p2a: Blissey
|-damage|p2a: Blissey|78/100
|move|p2a: Blissey|Ice Beam|p1a: Swampert
|-end|p1a: Swampert|Substitute
|
|-weather|Sandstorm|[upkeep]
|-damage|p2a: Blissey|72/100|[from] Sandstorm
|-heal|p2a: Blissey|78/100|[from] item: Leftovers
|upkeep
|turn|45
|
|t:|1729024037
|move|p1a: Swampert|Substitute|p1a: Swampert
|-start|p1a: Swampert|Substitute
|-damage|p1a: Swampert|13/100
|move|p2a: Blissey|Ice Beam|p1a: Swampert
|-activate|p1a: Swampert|Substitute|[damage]
|
|-weather|Sandstorm|[upkeep]
|-damage|p2a: Blissey|72/100|[from] Sandstorm
|-enditem|p1a: Swampert|Salac Berry|[eat]
|-boost|p1a: Swampert|spe|1|[from] item: Salac Berry
|-heal|p2a: Blissey|78/100|[from] item: Leftovers
|upkeep
|turn|46
|
|t:|1729024047
|move|p1a: Swampert|Endeavor|p2a: Blissey
|-damage|p2a: Blissey|7/100
|move|p2a: Blissey|Ice Beam|p1a: Swampert
|-end|p1a: Swampert|Substitute
|
|-weather|Sandstorm|[upkeep]
|-damage|p2a: Blissey|1/100|[from] Sandstorm
|-heal|p2a: Blissey|7/100|[from] item: Leftovers
|upkeep
|turn|47
|inactive|duckstroyer has 240 seconds left.
|
|t:|1729024084
|move|p1a: Swampert|Surf|p2a: Blissey
|-damage|p2a: Blissey|0 fnt
|faint|p2a: Blissey
|
|t:|1729024087
|switch|p2a: Starmie|Starmie|46/100
|
|-weather|Sandstorm|[upkeep]
|-damage|p2a: Starmie|40/100|[from] Sandstorm
|-heal|p2a: Starmie|46/100|[from] item: Leftovers
|upkeep
|turn|48
|inactive|duckstroyer has 240 seconds left.
|inactive|xurkiyee has 270 seconds left.
|
|t:|1729024135
|move|p2a: Starmie|Ice Beam|p1a: Swampert
|-damage|p1a: Swampert|0 fnt
|faint|p1a: Swampert
|
|t:|1729024141
|switch|p1a: Zapdos|Zapdos|76/100 tox
|
|-weather|Sandstorm|[upkeep]
|-damage|p2a: Starmie|40/100|[from] Sandstorm
|-damage|p1a: Zapdos|70/100 tox|[from] Sandstorm
|-heal|p2a: Starmie|46/100|[from] item: Leftovers
|-heal|p1a: Zapdos|76/100 tox|[from] item: Leftovers
|-damage|p1a: Zapdos|70/100 tox|[from] psn
|upkeep
|turn|49
|inactive|duckstroyer has 240 seconds left.
|
|t:|1729024158
|move|p2a: Starmie|Ice Beam|p1a: Zapdos
|-supereffective|p1a: Zapdos
|-damage|p1a: Zapdos|26/100 tox
|move|p1a: Zapdos|Agility|p1a: Zapdos
|-boost|p1a: Zapdos|spe|2
|
|-weather|Sandstorm|[upkeep]
|-damage|p1a: Zapdos|20/100 tox|[from] Sandstorm
|-damage|p2a: Starmie|40/100|[from] Sandstorm
|-heal|p1a: Zapdos|26/100 tox|[from] item: Leftovers
|-damage|p1a: Zapdos|14/100 tox|[from] psn
|-heal|p2a: Starmie|46/100|[from] item: Leftovers
|upkeep
|turn|50
|inactive|duckstroyer has 240 seconds left.
|
|t:|1729024169
|move|p1a: Zapdos|Hidden Power|p2a: Starmie
|-supereffective|p2a: Starmie
|-damage|p2a: Starmie|0 fnt
|faint|p2a: Starmie
|
|t:|1729024174
|switch|p2a: Swampert|Swampert, F|100/100
|
|-weather|Sandstorm|[upkeep]
|-damage|p1a: Zapdos|8/100 tox|[from] Sandstorm
|-heal|p1a: Zapdos|14/100 tox|[from] item: Leftovers
|-damage|p1a: Zapdos|0 fnt|[from] psn
|faint|p1a: Zapdos
|upkeep
|
|t:|1729024176
|switch|p1a: Breloom|Breloom, M|26/100
|-damage|p1a: Breloom|14/100|[from] Spikes
|turn|51
|
|t:|1729024189
|switch|p2a: Tyranitar|Tyranitar, F|100/100
|move|p1a: Breloom|Spore|p2a: Tyranitar
|-status|p2a: Tyranitar|slp|[from] move: Spore
|
|-weather|Sandstorm|[upkeep]
|-damage|p1a: Breloom|8/100|[from] Sandstorm
|-heal|p1a: Breloom|14/100|[from] item: Leftovers
|upkeep
|turn|52
|
|t:|1729024197
|move|p1a: Breloom|Leech Seed|p2a: Tyranitar
|-start|p2a: Tyranitar|move: Leech Seed
|cant|p2a: Tyranitar|slp
|
|-weather|Sandstorm|[upkeep]
|-damage|p1a: Breloom|8/100|[from] Sandstorm
|-heal|p1a: Breloom|14/100|[from] item: Leftovers
|-damage|p2a: Tyranitar|88/100 slp|[from] Leech Seed|[of] p1a: Breloom
|-heal|p1a: Breloom|33/100|[silent]
|upkeep
|turn|53
|
|t:|1729024213
|switch|p2a: Swampert|Swampert, F|100/100
|move|p1a: Breloom|Substitute|p1a: Breloom
|-start|p1a: Breloom|Substitute
|-damage|p1a: Breloom|8/100
|
|-weather|Sandstorm|[upkeep]
|-damage|p1a: Breloom|2/100|[from] Sandstorm
|-heal|p1a: Breloom|8/100|[from] item: Leftovers
|upkeep
|turn|54
|
|t:|1729024216
|move|p1a: Breloom|Leech Seed|p2a: Swampert
|-start|p2a: Swampert|move: Leech Seed
|move|p2a: Swampert|Ice Beam|p1a: Breloom
|-supereffective|p1a: Breloom
|-end|p1a: Breloom|Substitute
|
|-weather|Sandstorm|[upkeep]
|-damage|p1a: Breloom|2/100|[from] Sandstorm
|-heal|p1a: Breloom|8/100|[from] item: Leftovers
|-damage|p2a: Swampert|88/100|[from] Leech Seed|[of] p1a: Breloom
|-heal|p1a: Breloom|27/100|[silent]
|upkeep
|turn|55
|inactive|xurkiyee has 270 seconds left.
|
|t:|1729024247
|move|p1a: Breloom|Substitute|p1a: Breloom
|-start|p1a: Breloom|Substitute
|-damage|p1a: Breloom|2/100
|move|p2a: Swampert|Ice Beam|p1a: Breloom
|-supereffective|p1a: Breloom
|-end|p1a: Breloom|Substitute
|
|-weather|Sandstorm|[upkeep]
|-damage|p1a: Breloom|0 fnt|[from] Sandstorm
|faint|p1a: Breloom
|-heal|p2a: Swampert|94/100|[from] item: Leftovers
|upkeep
|
|t:|1729024249
|switch|p1a: Tyranitar|Tyranitar, F|19/100
|-damage|p1a: Tyranitar|7/100|[from] Spikes
|turn|56
|
|t:|1729024254
|move|p1a: Tyranitar|Rock Slide|p2a: Swampert
|-resisted|p2a: Swampert
|-crit|p2a: Swampert
|-damage|p2a: Swampert|51/100
|cant|p2a: Swampert|flinch
|
|-weather|Sandstorm|[upkeep]
|-heal|p2a: Swampert|58/100|[from] item: Leftovers
|-damage|p2a: Swampert|45/100|[from] Leech Seed|[of] p1a: Tyranitar
|-heal|p1a: Tyranitar|21/100|[silent]
|upkeep
|turn|57
|
|t:|1729024259
|move|p1a: Tyranitar|Rock Slide|p2a: Swampert
|-resisted|p2a: Swampert
|-damage|p2a: Swampert|24/100
|move|p2a: Swampert|Earthquake|p1a: Tyranitar
|-supereffective|p1a: Tyranitar
|-damage|p1a: Tyranitar|0 fnt
|faint|p1a: Tyranitar
|
|win|duckstroyer
|c|☆xurkiyee|gg
|c|☆duckstroyer|gg

</script>
<script type="application/json" class="data" id="replaydata-smogtours-gen3ou-799006">
{"id":"smogtours-gen3ou-799006","format":"[Gen 3] OU","players":["xurkiyee","duckstroyer"],"uploadtime":1729024259,"views":109,"formatid":"gen3ou","rating":null,"private":0,"password":null}
</script>

<script defer src="js/replays.js?9d40a366"></script>
