<!DOCTYPE html>
<meta charset="utf-8" />
<meta name="viewport" content="width=device-width" />

<title>[Gen 3] OU: A Welcome Guest vs. perogee - Replays - Pok&eacute;mon Showdown!</title>

<meta name="description" content="Watch a replay of a Pok&eacute;mon battle between A Welcome Guest and perogee! Format: [Gen 3] OU; Date: Oct 15, 2024" />
<!--

Hey, you! Looking in the source for the replay log?

You can find them in JSON format, just add `.json` at the end of a replay URL.

https://replay.pokemonshowdown.com/gen7randomdoublesbattle-865046831.json

Or, if you only need the log itself, add `.log` instead:

https://replay.pokemonshowdown.com/gen7randomdoublesbattle-865046831.log

-->

<link rel="stylesheet" href="//pokemonshowdown.com/style/global.css?0.023195364461161105" />
<link rel="stylesheet" href="//play.pokemonshowdown.com/style/font-awesome.css?0.13261647063804238" />
<link rel="stylesheet" href="//play.pokemonshowdown.com/style/battle.css?0.8753245789963631" />
<link rel="stylesheet" href="//play.pokemonshowdown.com/style/utilichart.css?0.8627959624976733" />

<!-- Global site tag (gtag.js) - Google Analytics -->
<script async src="https://www.googletagmanager.com/gtag/js?id=UA-26211653-1"></script>
<script>
  window.dataLayer = window.dataLayer || [];
  function gtag(){dataLayer.push(arguments);}
  gtag('js', new Date());

  gtag('config', 'UA-26211653-1');
</script>
<!-- End Google Analytics -->
<!-- Venatus Ad Manager - Install in <HEAD> of page -->
	<script src="https://hb.vntsm.com/v3/live/ad-manager.min.js" type="text/javascript" data-site-id="642aba63ec9a7b11c3c9c1be" data-mode="scan" async></script>
<!-- / Venatus Ad Manager -->

<style>
	@media (max-width:820px) {
		.battle {
			margin: 0 auto;
		}
		.battle-log {
			margin: 7px auto 0;
			max-width: 640px;
			height: 300px;
			position: static;
		}
	}
	.optgroup {
		display: inline-block;
		line-height: 22px;
		font-size: 10pt;
	}
	.optgroup .button {
		height: 25px;
		padding-top: 0;
		padding-bottom: 0;
	}
	.optgroup button.button {
		padding-left: 12px;
		padding-right: 12px;
	}
	.linklist {
		list-style: none;
		margin: 0.5em 0;
		padding: 0;
	}
	.linklist li {
		padding: 2px 0;
	}
	.sidebar {
		float: left;
		width: 320px;
	}
	.bar-wrapper {
		max-width: 1100px;
		margin: 0 auto;
	}
	.bar-wrapper.has-sidebar {
		max-width: 1430px;
	}
	.mainbar {
		margin: 0;
		padding-right: 1px;
	}
	.mainbar.has-sidebar {
		margin-left: 330px;
	}
	@media (min-width: 1511px) {
		.sidebar {
			width: 400px;
		}
		.bar-wrapper.has-sidebar {
			max-width: 1510px;
		}
		.mainbar.has-sidebar {
			margin-left: 410px;
		}
	}
	.section.first-section {
		margin-top: 9px;
	}
	.blocklink small {
		white-space: normal;
	}
	.button {
		vertical-align: middle;
	}
	.replay-controls {
		padding-top: 10px;
	}
	.replay-controls h1 {
		font-size: 16pt;
		font-weight: normal;
		color: #CCC;
	}
	.pagelink {
		text-align: center;
	}
	.pagelink a {
		width: 150px;
	}
	.textbox, .button {
		font-size: 11pt;
		vertical-align: middle;
	}
	@media (max-width: 450px) {
		.button {
			font-size: 9pt;
		}
	}
</style>

<div>

	<header>
		<div class="nav-wrapper"><ul class="nav">
			<li><a class="button nav-first" href="//pokemonshowdown.com/"><img src="//pokemonshowdown.com/images/pokemonshowdownbeta.png" srcset="//pokemonshowdown.com/images/pokemonshowdownbeta.png 1x, //pokemonshowdown.com/images/pokemonshowdownbeta@2x.png 2x" alt="Pok&eacute;mon Showdown" width="146" height="44" /> Home</a></li>
			<li><a class="button" href="//pokemonshowdown.com/dex/">Pok&eacute;dex</a></li>
			<li><a class="button cur" href="/">Replays</a></li>
			<li><a class="button" href="//pokemonshowdown.com/ladder/">Ladder</a></li>
			<li><a class="button nav-last" href="//pokemonshowdown.com/forums/">Forum</a></li>
			<li><a class="button greenbutton nav-first nav-last" href="//play.pokemonshowdown.com/">Play</a></li>
		</ul></div>
	</header>

	<div class="main" id="main">

		<noscript><section class="section">You need to enable JavaScript to use this page; sorry!</section></noscript>

	</div>

</div>

<script defer nomodule src="//play.pokemonshowdown.com/js/lib/ps-polyfill.js"></script>
<script defer src="//play.pokemonshowdown.com/js/lib/preact.min.js"></script>

<script defer src="//play.pokemonshowdown.com/config/config.js?2bddbc15"></script>
<script defer src="//play.pokemonshowdown.com/js/lib/jquery-1.11.0.min.js"></script>
<script defer src="//play.pokemonshowdown.com/js/lib/html-sanitizer-minified.js"></script>
<script defer src="//play.pokemonshowdown.com/js/battle-sound.js"></script>
<script defer src="//play.pokemonshowdown.com/js/battledata.js?0.7209276989879541"></script>
<script defer src="//play.pokemonshowdown.com/data/pokedex-mini.js?0.6111056340867951"></script>
<script defer src="//play.pokemonshowdown.com/data/pokedex-mini-bw.js?0.3532142036491459"></script>
<script defer src="//play.pokemonshowdown.com/data/graphics.js?0.24223875632456182"></script>
<script defer src="//play.pokemonshowdown.com/data/pokedex.js?0.38839984266356864"></script>
<script defer src="//play.pokemonshowdown.com/data/moves.js?0.21866028504024015"></script>
<script defer src="//play.pokemonshowdown.com/data/abilities.js?0.2005157953846628"></script>
<script defer src="//play.pokemonshowdown.com/data/items.js?0.9894211263848525"></script>
<script defer src="//play.pokemonshowdown.com/data/teambuilder-tables.js?0.6008791140282215"></script>
<script defer src="//play.pokemonshowdown.com/js/battle-tooltips.js?0.7580118955022959"></script>
<script defer src="//play.pokemonshowdown.com/js/battle.js?0.6057722274234274"></script>

<script defer src="js/utils.js?e31f9a17"></script>
<script defer src="js/replays-battle.js?7008c182"></script>

<!-- don't scrape this data! just add .json or .log after the URL!
Full API docs: https://github.com/smogon/pokemon-showdown-client/blob/master/WEB-API.md -->
<script type="text/plain" class="log" id="replaylog-smogtours-gen3ou-798875">
|inactive|Battle timer is ON: inactive players will automatically lose when time's up.
|t:|1728958498
|gametype|singles
|player|p1|A Welcome Guest|266|
|player|p2|perogee|burgh|
|teamsize|p1|6
|teamsize|p2|6
|gen|3
|tier|[Gen 3] OU
|rule|Sleep Clause Mod: Limit one foe put to sleep
|rule|Switch Priority Clause Mod: Faster Pokémon switch first
|rule|Species Clause: Limit one of each Pokémon
|rule|OHKO Clause: OHKO moves are banned
|rule|Evasion Items Clause: Evasion items are banned
|rule|Evasion Moves Clause: Evasion moves are banned
|rule|Endless Battle Clause: Forcing endless battles is banned
|rule|HP Percentage Mod: HP is shown in percentages
|rule|One Boost Passer Clause: Limit one Baton Passer that has a way to boost its stats
|rule|Freeze Clause Mod: Limit one foe frozen
|
|t:|1728958498
|start
|switch|p1a: Tyranitar|Tyranitar, M|100/100
|switch|p2a: Metagross|Metagross|100/100
|-weather|Sandstorm|[from] ability: Sand Stream|[of] p1a: Tyranitar
|turn|1
|inactive|A Welcome Guest also wants the timer to be on.
|c|☆A Welcome Guest|hf
|c|☆perogee|glhf
|
|t:|1728958515
|switch|p1a: Skarmory|Skarmory, F|100/100
|move|p2a: Metagross|Meteor Mash|p1a: Skarmory|[miss]
|-miss|p2a: Metagross|p1a: Skarmory
|
|-weather|Sandstorm|[upkeep]
|upkeep
|turn|2
|
|t:|1728958543
|switch|p2a: Magneton|Magneton|100/100
|move|p1a: Skarmory|Spikes|p2a: Magneton
|-sidestart|p2: perogee|Spikes
|
|-weather|Sandstorm|[upkeep]
|upkeep
|turn|3
|
|t:|1728958550
|move|p2a: Magneton|Thunderbolt|p1a: Skarmory
|-supereffective|p1a: Skarmory
|-crit|p1a: Skarmory
|-damage|p1a: Skarmory|0 fnt
|faint|p1a: Skarmory
|
|t:|1728958552
|switch|p1a: Dugtrio|Dugtrio, M|100/100
|
|-weather|Sandstorm|[upkeep]
|upkeep
|turn|4
|
|t:|1728958555
|move|p1a: Dugtrio|Earthquake|p2a: Magneton
|-supereffective|p2a: Magneton
|-damage|p2a: Magneton|0 fnt
|faint|p2a: Magneton
|
|t:|1728958561
|switch|p2a: Milotic|Milotic, M|100/100
|-damage|p2a: Milotic|88/100|[from] Spikes
|
|-weather|Sandstorm|[upkeep]
|-damage|p2a: Milotic|82/100|[from] Sandstorm
|-heal|p2a: Milotic|88/100|[from] item: Leftovers
|upkeep
|turn|5
|inactive|A Welcome Guest has 270 seconds left.
|
|t:|1728958607
|switch|p1a: Blissey|Blissey, F|100/100
|move|p2a: Milotic|Toxic|p1a: Blissey
|-status|p1a: Blissey|tox
|
|-weather|Sandstorm|[upkeep]
|-damage|p2a: Milotic|82/100|[from] Sandstorm
|-damage|p1a: Blissey|94/100 tox|[from] Sandstorm
|-heal|p2a: Milotic|88/100|[from] item: Leftovers
|-heal|p1a: Blissey|100/100 tox|[from] item: Leftovers
|-damage|p1a: Blissey|94/100 tox|[from] psn
|upkeep
|turn|6
|inactive|perogee has 270 seconds left.
|
|t:|1728958643
|move|p2a: Milotic|Surf|p1a: Blissey
|-damage|p1a: Blissey|80/100 tox
|move|p1a: Blissey|Thunderbolt|p2a: Milotic
|-supereffective|p2a: Milotic
|-damage|p2a: Milotic|55/100
|
|-weather|Sandstorm|[upkeep]
|-damage|p2a: Milotic|49/100|[from] Sandstorm
|-damage|p1a: Blissey|74/100 tox|[from] Sandstorm
|-heal|p2a: Milotic|55/100|[from] item: Leftovers
|-heal|p1a: Blissey|80/100 tox|[from] item: Leftovers
|-damage|p1a: Blissey|68/100 tox|[from] psn
|upkeep
|turn|7
|
|t:|1728958649
|move|p2a: Milotic|Recover|p2a: Milotic
|-heal|p2a: Milotic|100/100
|move|p1a: Blissey|Toxic|p2a: Milotic|[miss]
|-miss|p1a: Blissey|p2a: Milotic
|
|-weather|Sandstorm|[upkeep]
|-damage|p2a: Milotic|94/100|[from] Sandstorm
|-damage|p1a: Blissey|62/100 tox|[from] Sandstorm
|-heal|p2a: Milotic|100/100|[from] item: Leftovers
|-heal|p1a: Blissey|68/100 tox|[from] item: Leftovers
|-damage|p1a: Blissey|49/100 tox|[from] psn
|upkeep
|turn|8
|
|t:|1728958660
|move|p2a: Milotic|Surf|p1a: Blissey
|-damage|p1a: Blissey|37/100 tox
|move|p1a: Blissey|Soft-Boiled|p1a: Blissey
|-heal|p1a: Blissey|87/100 tox
|
|-weather|Sandstorm|[upkeep]
|-damage|p2a: Milotic|94/100|[from] Sandstorm
|-damage|p1a: Blissey|81/100 tox|[from] Sandstorm
|-heal|p2a: Milotic|100/100|[from] item: Leftovers
|-heal|p1a: Blissey|87/100 tox|[from] item: Leftovers
|-damage|p1a: Blissey|63/100 tox|[from] psn
|upkeep
|turn|9
|
|t:|1728958670
|-curestatus|p1a: Blissey|tox|[from] ability: Natural Cure
|switch|p1a: Salamence|Salamence, F|100/100
|-ability|p1a: Salamence|Intimidate|boost
|-unboost|p2a: Milotic|atk|1
|move|p2a: Milotic|Surf|p1a: Salamence
|-resisted|p1a: Salamence
|-damage|p1a: Salamence|83/100
|
|-weather|Sandstorm|[upkeep]
|-damage|p1a: Salamence|77/100|[from] Sandstorm
|-damage|p2a: Milotic|94/100|[from] Sandstorm
|-heal|p1a: Salamence|83/100|[from] item: Leftovers
|-heal|p2a: Milotic|100/100|[from] item: Leftovers
|upkeep
|turn|10
|
|t:|1728958685
|switch|p1a: Metagross|Metagross|100/100
|move|p2a: Milotic|Toxic|p1a: Metagross
|-immune|p1a: Metagross
|
|-weather|Sandstorm|[upkeep]
|-damage|p2a: Milotic|94/100|[from] Sandstorm
|-heal|p2a: Milotic|100/100|[from] item: Leftovers
|upkeep
|turn|11
|
|t:|1728958698
|switch|p2a: Gyarados|Gyarados, M|100/100
|-ability|p2a: Gyarados|Intimidate|boost
|-fail|p1a: Metagross|unboost|[from] ability: Clear Body|[of] p1a: Metagross
|move|p1a: Metagross|Earthquake|p2a: Gyarados
|-immune|p2a: Gyarados
|
|-weather|Sandstorm|[upkeep]
|-damage|p2a: Gyarados|94/100|[from] Sandstorm
|-heal|p2a: Gyarados|100/100|[from] item: Leftovers
|upkeep
|turn|12
|
|t:|1728958707
|switch|p1a: Salamence|Salamence, F|83/100
|-ability|p1a: Salamence|Intimidate|boost
|-unboost|p2a: Gyarados|atk|1
|move|p2a: Gyarados|Dragon Dance|p2a: Gyarados
|-boost|p2a: Gyarados|atk|1
|-boost|p2a: Gyarados|spe|1
|
|-weather|Sandstorm|[upkeep]
|-damage|p2a: Gyarados|94/100|[from] Sandstorm
|-damage|p1a: Salamence|77/100|[from] Sandstorm
|-heal|p2a: Gyarados|100/100|[from] item: Leftovers
|-heal|p1a: Salamence|83/100|[from] item: Leftovers
|upkeep
|turn|13
|
|t:|1728958710
|move|p2a: Gyarados|Hidden Power|p1a: Salamence
|-crit|p1a: Salamence
|-damage|p1a: Salamence|0 fnt
|faint|p1a: Salamence
|
|t:|1728958718
|switch|p1a: Tyranitar|Tyranitar, M|100/100
|
|-weather|Sandstorm|[upkeep]
|-damage|p2a: Gyarados|94/100|[from] Sandstorm
|-heal|p2a: Gyarados|100/100|[from] item: Leftovers
|upkeep
|turn|14
|
|t:|1728958730
|move|p2a: Gyarados|Earthquake|p1a: Tyranitar
|-supereffective|p1a: Tyranitar
|-damage|p1a: Tyranitar|46/100
|move|p1a: Tyranitar|Rock Slide|p2a: Gyarados
|-supereffective|p2a: Gyarados
|-damage|p2a: Gyarados|15/100
|
|-weather|Sandstorm|[upkeep]
|-damage|p2a: Gyarados|8/100|[from] Sandstorm
|-heal|p2a: Gyarados|15/100|[from] item: Leftovers
|upkeep
|turn|15
|
|t:|1728958734
|move|p2a: Gyarados|Earthquake|p1a: Tyranitar
|-supereffective|p1a: Tyranitar
|-damage|p1a: Tyranitar|0 fnt
|faint|p1a: Tyranitar
|
|t:|1728958736
|switch|p1a: Metagross|Metagross|100/100
|
|-weather|Sandstorm|[upkeep]
|-damage|p2a: Gyarados|8/100|[from] Sandstorm
|-heal|p2a: Gyarados|15/100|[from] item: Leftovers
|upkeep
|turn|16
|
|t:|1728958742
|move|p2a: Gyarados|Rest|p2a: Gyarados
|-status|p2a: Gyarados|slp|[from] move: Rest
|-heal|p2a: Gyarados|100/100 slp|[silent]
|move|p1a: Metagross|Meteor Mash|p2a: Gyarados
|-resisted|p2a: Gyarados
|-damage|p2a: Gyarados|72/100 slp
|
|-weather|Sandstorm|[upkeep]
|-damage|p2a: Gyarados|66/100 slp|[from] Sandstorm
|-heal|p2a: Gyarados|72/100 slp|[from] item: Leftovers
|upkeep
|turn|17
|
|t:|1728958764
|switch|p2a: Milotic|Milotic, M|100/100
|-damage|p2a: Milotic|88/100|[from] Spikes
|switch|p1a: Blissey|Blissey, F|63/100
|
|-weather|Sandstorm|[upkeep]
|-damage|p2a: Milotic|82/100|[from] Sandstorm
|-damage|p1a: Blissey|56/100|[from] Sandstorm
|-heal|p2a: Milotic|88/100|[from] item: Leftovers
|-heal|p1a: Blissey|63/100|[from] item: Leftovers
|upkeep
|turn|18
|
|t:|1728958767
|move|p2a: Milotic|Toxic|p1a: Blissey
|-status|p1a: Blissey|tox
|move|p1a: Blissey|Soft-Boiled|p1a: Blissey
|-heal|p1a: Blissey|100/100 tox
|
|-weather|Sandstorm|[upkeep]
|-damage|p2a: Milotic|82/100|[from] Sandstorm
|-damage|p1a: Blissey|94/100 tox|[from] Sandstorm
|-heal|p2a: Milotic|88/100|[from] item: Leftovers
|-heal|p1a: Blissey|100/100 tox|[from] item: Leftovers
|-damage|p1a: Blissey|94/100 tox|[from] psn
|upkeep
|turn|19
|
|t:|1728958773
|move|p2a: Milotic|Surf|p1a: Blissey
|-damage|p1a: Blissey|82/100 tox
|move|p1a: Blissey|Toxic|p2a: Milotic
|-status|p2a: Milotic|tox
|
|-weather|Sandstorm|[upkeep]
|-damage|p2a: Milotic|82/100 tox|[from] Sandstorm
|-damage|p1a: Blissey|76/100 tox|[from] Sandstorm
|-heal|p2a: Milotic|88/100 tox|[from] item: Leftovers
|-damage|p2a: Milotic|82/100 tox|[from] psn
|-heal|p1a: Blissey|82/100 tox|[from] item: Leftovers
|-damage|p1a: Blissey|70/100 tox|[from] psn
|upkeep
|turn|20
|
|t:|1728958777
|-curestatus|p1a: Blissey|tox|[from] ability: Natural Cure
|switch|p1a: Metagross|Metagross|100/100
|move|p2a: Milotic|Refresh|p2a: Milotic
|-curestatus|p2a: Milotic|tox|[msg]
|
|-weather|Sandstorm|[upkeep]
|-damage|p2a: Milotic|76/100|[from] Sandstorm
|-heal|p2a: Milotic|82/100|[from] item: Leftovers
|upkeep
|turn|21
|
|t:|1728958783
|move|p1a: Metagross|Earthquake|p2a: Milotic
|-damage|p2a: Milotic|56/100
|move|p2a: Milotic|Surf|p1a: Metagross
|-damage|p1a: Metagross|58/100
|
|-weather|Sandstorm|[upkeep]
|-damage|p2a: Milotic|50/100|[from] Sandstorm
|-heal|p2a: Milotic|56/100|[from] item: Leftovers
|upkeep
|turn|22
|
|t:|1728958787
|move|p1a: Metagross|Explosion|p2a: Milotic
|-damage|p2a: Milotic|0 fnt
|faint|p1a: Metagross
|faint|p2a: Milotic
|
|t:|1728958806
|switch|p1a: Dugtrio|Dugtrio, M|100/100
|switch|p2a: Snorlax|Snorlax, F|100/100
|-damage|p2a: Snorlax|88/100|[from] Spikes
|
|-weather|Sandstorm|[upkeep]
|-damage|p2a: Snorlax|82/100|[from] Sandstorm
|-heal|p2a: Snorlax|88/100|[from] item: Leftovers
|upkeep
|turn|23
|
|t:|1728958809
|move|p1a: Dugtrio|Earthquake|p2a: Snorlax
|-crit|p2a: Snorlax
|-damage|p2a: Snorlax|0 fnt
|faint|p2a: Snorlax
|
|t:|1728958819
|switch|p2a: Gyarados|Gyarados, M|72/100 slp
|-ability|p2a: Gyarados|Intimidate|boost
|-unboost|p1a: Dugtrio|atk|1
|
|-weather|Sandstorm|[upkeep]
|-damage|p2a: Gyarados|66/100 slp|[from] Sandstorm
|-heal|p2a: Gyarados|72/100 slp|[from] item: Leftovers
|upkeep
|turn|24
|
|t:|1728958832
|switch|p1a: Blissey|Blissey, F|70/100
|switch|p2a: Metagross|Metagross|100/100
|-damage|p2a: Metagross|88/100|[from] Spikes
|
|-weather|Sandstorm|[upkeep]
|-damage|p1a: Blissey|63/100|[from] Sandstorm
|-heal|p2a: Metagross|94/100|[from] item: Leftovers
|-heal|p1a: Blissey|70/100|[from] item: Leftovers
|upkeep
|turn|25
|
|t:|1728958838
|move|p2a: Metagross|Meteor Mash|p1a: Blissey
|-crit|p1a: Blissey
|-damage|p1a: Blissey|0 fnt
|faint|p1a: Blissey
|-message|A Welcome Guest forfeited.
|
|win|perogee
|c|☆A Welcome Guest|ggs
|player|p1|
|c|☆perogee|jjfggd
|c|☆perogee|ggs
|player|p2|
|player|p2|perogee|burgh|

</script>
<script type="application/json" class="data" id="replaydata-smogtours-gen3ou-798875">
{"id":"smogtours-gen3ou-798875","format":"[Gen 3] OU","players":["A Welcome Guest","perogee"],"uploadtime":1728958844,"views":93,"formatid":"gen3ou","rating":null,"private":0,"password":null}
</script>

<script defer src="js/replays.js?9d40a366"></script>
