<!DOCTYPE html>
<meta charset="utf-8" />
<meta name="viewport" content="width=device-width" />

<title>[Gen 3] OU: Eg0r vs. EhtishamEX - Replays - Pok&eacute;mon Showdown!</title>

<meta name="description" content="Watch a replay of a Pok&eacute;mon battle between Eg0r and EhtishamEX! Format: [Gen 3] OU; Date: Oct 15, 2024" />
<!--

Hey, you! Looking in the source for the replay log?

You can find them in JSON format, just add `.json` at the end of a replay URL.

https://replay.pokemonshowdown.com/gen7randomdoublesbattle-865046831.json

Or, if you only need the log itself, add `.log` instead:

https://replay.pokemonshowdown.com/gen7randomdoublesbattle-865046831.log

-->

<link rel="stylesheet" href="//pokemonshowdown.com/style/global.css?0.023195364461161105" />
<link rel="stylesheet" href="//play.pokemonshowdown.com/style/font-awesome.css?0.13261647063804238" />
<link rel="stylesheet" href="//play.pokemonshowdown.com/style/battle.css?0.8753245789963631" />
<link rel="stylesheet" href="//play.pokemonshowdown.com/style/utilichart.css?0.8627959624976733" />

<!-- Global site tag (gtag.js) - Google Analytics -->
<script async src="https://www.googletagmanager.com/gtag/js?id=UA-26211653-1"></script>
<script>
  window.dataLayer = window.dataLayer || [];
  function gtag(){dataLayer.push(arguments);}
  gtag('js', new Date());

  gtag('config', 'UA-26211653-1');
</script>
<!-- End Google Analytics -->
<!-- Venatus Ad Manager - Install in <HEAD> of page -->
	<script src="https://hb.vntsm.com/v3/live/ad-manager.min.js" type="text/javascript" data-site-id="642aba63ec9a7b11c3c9c1be" data-mode="scan" async></script>
<!-- / Venatus Ad Manager -->

<style>
	@media (max-width:820px) {
		.battle {
			margin: 0 auto;
		}
		.battle-log {
			margin: 7px auto 0;
			max-width: 640px;
			height: 300px;
			position: static;
		}
	}
	.optgroup {
		display: inline-block;
		line-height: 22px;
		font-size: 10pt;
	}
	.optgroup .button {
		height: 25px;
		padding-top: 0;
		padding-bottom: 0;
	}
	.optgroup button.button {
		padding-left: 12px;
		padding-right: 12px;
	}
	.linklist {
		list-style: none;
		margin: 0.5em 0;
		padding: 0;
	}
	.linklist li {
		padding: 2px 0;
	}
	.sidebar {
		float: left;
		width: 320px;
	}
	.bar-wrapper {
		max-width: 1100px;
		margin: 0 auto;
	}
	.bar-wrapper.has-sidebar {
		max-width: 1430px;
	}
	.mainbar {
		margin: 0;
		padding-right: 1px;
	}
	.mainbar.has-sidebar {
		margin-left: 330px;
	}
	@media (min-width: 1511px) {
		.sidebar {
			width: 400px;
		}
		.bar-wrapper.has-sidebar {
			max-width: 1510px;
		}
		.mainbar.has-sidebar {
			margin-left: 410px;
		}
	}
	.section.first-section {
		margin-top: 9px;
	}
	.blocklink small {
		white-space: normal;
	}
	.button {
		vertical-align: middle;
	}
	.replay-controls {
		padding-top: 10px;
	}
	.replay-controls h1 {
		font-size: 16pt;
		font-weight: normal;
		color: #CCC;
	}
	.pagelink {
		text-align: center;
	}
	.pagelink a {
		width: 150px;
	}
	.textbox, .button {
		font-size: 11pt;
		vertical-align: middle;
	}
	@media (max-width: 450px) {
		.button {
			font-size: 9pt;
		}
	}
</style>

<div>

	<header>
		<div class="nav-wrapper"><ul class="nav">
			<li><a class="button nav-first" href="//pokemonshowdown.com/"><img src="//pokemonshowdown.com/images/pokemonshowdownbeta.png" srcset="//pokemonshowdown.com/images/pokemonshowdownbeta.png 1x, //pokemonshowdown.com/images/pokemonshowdownbeta@2x.png 2x" alt="Pok&eacute;mon Showdown" width="146" height="44" /> Home</a></li>
			<li><a class="button" href="//pokemonshowdown.com/dex/">Pok&eacute;dex</a></li>
			<li><a class="button cur" href="/">Replays</a></li>
			<li><a class="button" href="//pokemonshowdown.com/ladder/">Ladder</a></li>
			<li><a class="button nav-last" href="//pokemonshowdown.com/forums/">Forum</a></li>
			<li><a class="button greenbutton nav-first nav-last" href="//play.pokemonshowdown.com/">Play</a></li>
		</ul></div>
	</header>

	<div class="main" id="main">

		<noscript><section class="section">You need to enable JavaScript to use this page; sorry!</section></noscript>

	</div>

</div>

<script defer nomodule src="//play.pokemonshowdown.com/js/lib/ps-polyfill.js"></script>
<script defer src="//play.pokemonshowdown.com/js/lib/preact.min.js"></script>

<script defer src="//play.pokemonshowdown.com/config/config.js?2bddbc15"></script>
<script defer src="//play.pokemonshowdown.com/js/lib/jquery-1.11.0.min.js"></script>
<script defer src="//play.pokemonshowdown.com/js/lib/html-sanitizer-minified.js"></script>
<script defer src="//play.pokemonshowdown.com/js/battle-sound.js"></script>
<script defer src="//play.pokemonshowdown.com/js/battledata.js?0.7209276989879541"></script>
<script defer src="//play.pokemonshowdown.com/data/pokedex-mini.js?0.6111056340867951"></script>
<script defer src="//play.pokemonshowdown.com/data/pokedex-mini-bw.js?0.3532142036491459"></script>
<script defer src="//play.pokemonshowdown.com/data/graphics.js?0.24223875632456182"></script>
<script defer src="//play.pokemonshowdown.com/data/pokedex.js?0.38839984266356864"></script>
<script defer src="//play.pokemonshowdown.com/data/moves.js?0.21866028504024015"></script>
<script defer src="//play.pokemonshowdown.com/data/abilities.js?0.2005157953846628"></script>
<script defer src="//play.pokemonshowdown.com/data/items.js?0.9894211263848525"></script>
<script defer src="//play.pokemonshowdown.com/data/teambuilder-tables.js?0.6008791140282215"></script>
<script defer src="//play.pokemonshowdown.com/js/battle-tooltips.js?0.7580118955022959"></script>
<script defer src="//play.pokemonshowdown.com/js/battle.js?0.6057722274234274"></script>

<script defer src="js/utils.js?e31f9a17"></script>
<script defer src="js/replays-battle.js?7008c182"></script>

<!-- don't scrape this data! just add .json or .log after the URL!
Full API docs: https://github.com/smogon/pokemon-showdown-client/blob/master/WEB-API.md -->
<script type="text/plain" class="log" id="replaylog-smogtours-gen3ou-798998">
|inactive|Battle timer is ON: inactive players will automatically lose when time's up.
|t:|1729022910
|gametype|singles
|player|p1|Eg0r|#ptpl3medicham|
|player|p2|EhtishamEX|az|
|teamsize|p1|6
|teamsize|p2|6
|gen|3
|tier|[Gen 3] OU
|rule|Sleep Clause Mod: Limit one foe put to sleep
|rule|Switch Priority Clause Mod: Faster Pokémon switch first
|rule|Species Clause: Limit one of each Pokémon
|rule|OHKO Clause: OHKO moves are banned
|rule|Evasion Items Clause: Evasion items are banned
|rule|Evasion Moves Clause: Evasion moves are banned
|rule|Endless Battle Clause: Forcing endless battles is banned
|rule|HP Percentage Mod: HP is shown in percentages
|rule|One Boost Passer Clause: Limit one Baton Passer that has a way to boost its stats
|rule|Freeze Clause Mod: Limit one foe frozen
|
|t:|1729022910
|start
|switch|p1a: Hariyama|Hariyama, M|100/100
|switch|p2a: DisruptingTheGame|Regirock, shiny|100/100
|turn|1
|c|☆Eg0r|hf
|c|☆EhtishamEX|u2
|inactive|EhtishamEX has 270 seconds left.
|
|t:|1729022953
|switch|p1a: Gengar|Gengar, M|100/100
|move|p2a: DisruptingTheGame|Explosion|p1a: Gengar
|-immune|p1a: Gengar
|faint|p2a: DisruptingTheGame
|
|t:|1729022963
|switch|p2a: Yellow Eyes|Claydol, shiny|100/100
|
|upkeep
|turn|2
|
|t:|1729022976
|switch|p1a: Tyranitar|Tyranitar, F|100/100
|-weather|Sandstorm|[from] ability: Sand Stream|[of] p1a: Tyranitar
|move|p2a: Yellow Eyes|Rain Dance|p2a: Yellow Eyes
|-weather|RainDance
|
|-weather|RainDance|[upkeep]
|upkeep
|turn|3
|
|t:|1729023004
|switch|p1a: Milotic|Milotic, M|100/100
|move|p2a: Yellow Eyes|Earthquake|p1a: Milotic
|-damage|p1a: Milotic|73/100
|
|-weather|RainDance|[upkeep]
|-heal|p1a: Milotic|79/100|[from] item: Leftovers
|upkeep
|turn|4
|
|t:|1729023014
|switch|p1a: Tyranitar|Tyranitar, F|100/100
|-weather|Sandstorm|[from] ability: Sand Stream|[of] p1a: Tyranitar
|switch|p2a: Metagross|Metagross|100/100
|
|-weather|Sandstorm|[upkeep]
|upkeep
|turn|5
|
|t:|1729023021
|switch|p1a: Forretress|Forretress, M|100/100
|move|p2a: Metagross|Meteor Mash|p1a: Forretress
|-resisted|p1a: Forretress
|-damage|p1a: Forretress|68/100
|
|-weather|Sandstorm|[upkeep]
|-heal|p1a: Forretress|74/100|[from] item: Leftovers
|upkeep
|turn|6
|inactive|Eg0r has 270 seconds left.
|
|t:|1729023054
|switch|p2a: Yellow Eyes|Claydol, shiny|100/100
|move|p1a: Forretress|Spikes|p2a: Yellow Eyes
|-sidestart|p2: EhtishamEX|Spikes
|
|-weather|Sandstorm|[upkeep]
|-heal|p1a: Forretress|80/100|[from] item: Leftovers
|upkeep
|turn|7
|
|t:|1729023065
|switch|p1a: Tyranitar|Tyranitar, F|100/100
|move|p2a: Yellow Eyes|Rapid Spin|p1a: Tyranitar
|-resisted|p1a: Tyranitar
|-damage|p1a: Tyranitar|99/100
|-sideend|p2: EhtishamEX|Spikes|[from] move: Rapid Spin|[of] p2a: Yellow Eyes
|
|-weather|Sandstorm|[upkeep]
|-heal|p1a: Tyranitar|100/100|[from] item: Leftovers
|upkeep
|turn|8
|
|t:|1729023073
|switch|p2a: Metagross|Metagross|100/100
|move|p1a: Tyranitar|Crunch|p2a: Metagross
|-damage|p2a: Metagross|61/100
|
|-weather|Sandstorm|[upkeep]
|upkeep
|turn|9
|
|t:|1729023080
|switch|p2a: Subway Surfer|Suicune|100/100
|switch|p1a: Forretress|Forretress, M|80/100
|
|-weather|Sandstorm|[upkeep]
|-damage|p2a: Subway Surfer|94/100|[from] Sandstorm
|-heal|p2a: Subway Surfer|100/100|[from] item: Leftovers
|-heal|p1a: Forretress|86/100|[from] item: Leftovers
|upkeep
|turn|10
|
|t:|1729023093
|switch|p2a: Gegar|Gengar, F|100/100
|move|p1a: Forretress|Spikes|p2a: Gegar
|-sidestart|p2: EhtishamEX|Spikes
|
|-weather|Sandstorm|[upkeep]
|-damage|p2a: Gegar|94/100|[from] Sandstorm
|-heal|p2a: Gegar|100/100|[from] item: Leftovers
|-heal|p1a: Forretress|93/100|[from] item: Leftovers
|upkeep
|turn|11
|
|t:|1729023098
|switch|p1a: Tyranitar|Tyranitar, F|100/100
|move|p2a: Gegar|Taunt|p1a: Tyranitar
|-start|p1a: Tyranitar|move: Taunt
|
|-weather|Sandstorm|[upkeep]
|-damage|p2a: Gegar|94/100|[from] Sandstorm
|-heal|p2a: Gegar|100/100|[from] item: Leftovers
|upkeep
|turn|12
|
|t:|1729023115
|-activate|p2a: Gegar|move: Pursuit
|move|p1a: Tyranitar|Pursuit|p2a: Gegar|[from]Pursuit
|-supereffective|p2a: Gegar
|-damage|p2a: Gegar|17/100
|switch|p2a: Subway Surfer|Suicune|100/100
|-damage|p2a: Subway Surfer|88/100|[from] Spikes
|
|-weather|Sandstorm|[upkeep]
|-damage|p2a: Subway Surfer|82/100|[from] Sandstorm
|-heal|p2a: Subway Surfer|88/100|[from] item: Leftovers
|-end|p1a: Tyranitar|move: Taunt|[silent]
|upkeep
|turn|13
|
|t:|1729023125
|switch|p1a: Blissey|Blissey, F|100/100
|move|p2a: Subway Surfer|Calm Mind|p2a: Subway Surfer
|-boost|p2a: Subway Surfer|spa|1
|-boost|p2a: Subway Surfer|spd|1
|
|-weather|Sandstorm|[upkeep]
|-damage|p2a: Subway Surfer|82/100|[from] Sandstorm
|-damage|p1a: Blissey|94/100|[from] Sandstorm
|-heal|p2a: Subway Surfer|88/100|[from] item: Leftovers
|-heal|p1a: Blissey|100/100|[from] item: Leftovers
|upkeep
|turn|14
|
|t:|1729023130
|move|p2a: Subway Surfer|Calm Mind|p2a: Subway Surfer
|-boost|p2a: Subway Surfer|spa|1
|-boost|p2a: Subway Surfer|spd|1
|move|p1a: Blissey|Thunder Wave|p2a: Subway Surfer
|-status|p2a: Subway Surfer|par
|
|-weather|Sandstorm|[upkeep]
|-damage|p1a: Blissey|94/100|[from] Sandstorm
|-damage|p2a: Subway Surfer|82/100 par|[from] Sandstorm
|-heal|p1a: Blissey|100/100|[from] item: Leftovers
|-heal|p2a: Subway Surfer|88/100 par|[from] item: Leftovers
|upkeep
|turn|15
|
|t:|1729023133
|move|p1a: Blissey|Seismic Toss|p2a: Subway Surfer
|-damage|p2a: Subway Surfer|63/100 par
|move|p2a: Subway Surfer|Calm Mind|p2a: Subway Surfer
|-boost|p2a: Subway Surfer|spa|1
|-boost|p2a: Subway Surfer|spd|1
|
|-weather|Sandstorm|[upkeep]
|-damage|p1a: Blissey|94/100|[from] Sandstorm
|-damage|p2a: Subway Surfer|57/100 par|[from] Sandstorm
|-heal|p1a: Blissey|100/100|[from] item: Leftovers
|-heal|p2a: Subway Surfer|63/100 par|[from] item: Leftovers
|upkeep
|turn|16
|
|t:|1729023136
|move|p1a: Blissey|Seismic Toss|p2a: Subway Surfer
|-damage|p2a: Subway Surfer|38/100 par
|cant|p2a: Subway Surfer|par
|
|-weather|Sandstorm|[upkeep]
|-damage|p1a: Blissey|94/100|[from] Sandstorm
|-damage|p2a: Subway Surfer|32/100 par|[from] Sandstorm
|-heal|p1a: Blissey|100/100|[from] item: Leftovers
|-heal|p2a: Subway Surfer|38/100 par|[from] item: Leftovers
|upkeep
|turn|17
|
|t:|1729023139
|move|p1a: Blissey|Seismic Toss|p2a: Subway Surfer
|-damage|p2a: Subway Surfer|13/100 par
|cant|p2a: Subway Surfer|par
|
|-weather|Sandstorm|[upkeep]
|-damage|p1a: Blissey|94/100|[from] Sandstorm
|-damage|p2a: Subway Surfer|7/100 par|[from] Sandstorm
|-heal|p1a: Blissey|100/100|[from] item: Leftovers
|-heal|p2a: Subway Surfer|13/100 par|[from] item: Leftovers
|upkeep
|turn|18
|
|t:|1729023150
|move|p1a: Blissey|Seismic Toss|p2a: Subway Surfer
|-damage|p2a: Subway Surfer|0 fnt
|faint|p2a: Subway Surfer
|
|t:|1729023155
|switch|p2a: Gegar|Gengar, F|17/100
|
|-weather|Sandstorm|[upkeep]
|-damage|p2a: Gegar|11/100|[from] Sandstorm
|-damage|p1a: Blissey|94/100|[from] Sandstorm
|-heal|p2a: Gegar|17/100|[from] item: Leftovers
|-heal|p1a: Blissey|100/100|[from] item: Leftovers
|upkeep
|turn|19
|
|t:|1729023169
|switch|p1a: Gengar|Gengar, M|100/100
|move|p2a: Gegar|Mean Look|p1a: Gengar
|-activate|p1a: Gengar|trapped
|
|-weather|Sandstorm|[upkeep]
|-damage|p2a: Gegar|11/100|[from] Sandstorm
|-damage|p1a: Gengar|94/100|[from] Sandstorm
|-heal|p2a: Gegar|17/100|[from] item: Leftovers
|-heal|p1a: Gengar|100/100|[from] item: Leftovers
|upkeep
|turn|20
|
|t:|1729023179
|switch|p2a: Yellow Eyes|Claydol, shiny|100/100
|move|p1a: Gengar|Will-O-Wisp|p2a: Yellow Eyes
|-status|p2a: Yellow Eyes|brn
|
|-weather|Sandstorm|[upkeep]
|-damage|p1a: Gengar|94/100|[from] Sandstorm
|-heal|p1a: Gengar|100/100|[from] item: Leftovers
|-damage|p2a: Yellow Eyes|88/100 brn|[from] brn
|upkeep
|turn|21
|
|t:|1729023189
|move|p1a: Gengar|Ice Punch|p2a: Yellow Eyes
|-supereffective|p2a: Yellow Eyes
|-damage|p2a: Yellow Eyes|47/100 brn
|move|p2a: Yellow Eyes|Rain Dance|p2a: Yellow Eyes
|-weather|RainDance
|
|-weather|RainDance|[upkeep]
|-heal|p2a: Yellow Eyes|53/100 brn|[from] item: Leftovers
|-damage|p2a: Yellow Eyes|41/100 brn|[from] brn
|upkeep
|turn|22
|
|t:|1729023195
|switch|p2a: Metagross|Metagross|61/100
|-damage|p2a: Metagross|49/100|[from] Spikes
|move|p1a: Gengar|Ice Punch|p2a: Metagross
|-resisted|p2a: Metagross
|-damage|p2a: Metagross|37/100
|
|-weather|RainDance|[upkeep]
|upkeep
|turn|23
|
|t:|1729023202
|switch|p1a: Forretress|Forretress, M|93/100
|move|p2a: Metagross|Explosion|p1a: Forretress
|-resisted|p1a: Forretress
|-crit|p1a: Forretress
|-damage|p1a: Forretress|0 fnt
|faint|p2a: Metagross
|faint|p1a: Forretress
|inactive|EhtishamEX has 270 seconds left.
|
|t:|1729023242
|switch|p2a: Gegar|Gengar, F|17/100
|switch|p1a: Tyranitar|Tyranitar, F|100/100
|-weather|Sandstorm|[from] ability: Sand Stream|[of] p1a: Tyranitar
|
|-weather|Sandstorm|[upkeep]
|-damage|p2a: Gegar|11/100|[from] Sandstorm
|-heal|p2a: Gegar|17/100|[from] item: Leftovers
|upkeep
|turn|24
|
|t:|1729023248
|switch|p1a: Gengar|Gengar, M|100/100
|move|p2a: Gegar|Destiny Bond|p2a: Gegar
|-singlemove|p2a: Gegar|Destiny Bond
|
|-weather|Sandstorm|[upkeep]
|-damage|p1a: Gengar|94/100|[from] Sandstorm
|-damage|p2a: Gegar|11/100|[from] Sandstorm
|-heal|p1a: Gengar|100/100|[from] item: Leftovers
|-heal|p2a: Gegar|17/100|[from] item: Leftovers
|upkeep
|turn|25
|inactive|EhtishamEX has 270 seconds left.
|
|t:|1729023266
|move|p1a: Gengar|Will-O-Wisp|p2a: Gegar
|-status|p2a: Gegar|brn
|move|p2a: Gegar|Perish Song|p2a: Gegar
|-start|p1a: Gengar|perish3|[silent]
|-start|p2a: Gegar|perish3|[silent]
|-fieldactivate|move: Perish Song
|
|-weather|Sandstorm|[upkeep]
|-damage|p1a: Gengar|94/100|[from] Sandstorm
|-damage|p2a: Gegar|11/100 brn|[from] Sandstorm
|-heal|p1a: Gengar|100/100|[from] item: Leftovers
|-heal|p2a: Gegar|17/100 brn|[from] item: Leftovers
|-damage|p2a: Gegar|5/100 brn|[from] brn
|-start|p2a: Gegar|perish3
|-start|p1a: Gengar|perish3
|upkeep
|turn|26
|inactive|EhtishamEX has 270 seconds left.
|
|t:|1729023277
|move|p1a: Gengar|Will-O-Wisp|p2a: Gegar|[miss]
|-miss|p1a: Gengar|p2a: Gegar
|move|p2a: Gegar|Taunt|p1a: Gengar
|-start|p1a: Gengar|move: Taunt
|
|-weather|Sandstorm|[upkeep]
|-damage|p2a: Gegar|0 fnt|[from] Sandstorm
|-damage|p1a: Gengar|94/100|[from] Sandstorm
|faint|p2a: Gegar
|-heal|p1a: Gengar|100/100|[from] item: Leftovers
|-start|p1a: Gengar|perish2
|upkeep
|
|t:|1729023284
|switch|p2a: Lovely Kiss|Jynx, F, shiny|100/100
|-damage|p2a: Lovely Kiss|88/100|[from] Spikes
|turn|27
|
|t:|1729023298
|move|p1a: Gengar|Fire Punch|p2a: Lovely Kiss
|-supereffective|p2a: Lovely Kiss
|-damage|p2a: Lovely Kiss|31/100
|move|p2a: Lovely Kiss|Substitute|p2a: Lovely Kiss
|-start|p2a: Lovely Kiss|Substitute
|-damage|p2a: Lovely Kiss|7/100
|
|-weather|Sandstorm|[upkeep]
|-damage|p1a: Gengar|94/100|[from] Sandstorm
|-damage|p2a: Lovely Kiss|1/100|[from] Sandstorm
|-heal|p1a: Gengar|100/100|[from] item: Leftovers
|-end|p1a: Gengar|move: Taunt|[silent]
|-heal|p2a: Lovely Kiss|7/100|[from] item: Leftovers
|-start|p1a: Gengar|perish1
|upkeep
|turn|28
|inactive|EhtishamEX has 270 seconds left.
|
|t:|1729023327
|move|p1a: Gengar|Fire Punch|p2a: Lovely Kiss
|-supereffective|p2a: Lovely Kiss
|-end|p2a: Lovely Kiss|Substitute
|move|p2a: Lovely Kiss|Calm Mind|p2a: Lovely Kiss
|-boost|p2a: Lovely Kiss|spa|1
|-boost|p2a: Lovely Kiss|spd|1
|
|-weather|Sandstorm|[upkeep]
|-damage|p1a: Gengar|94/100|[from] Sandstorm
|-damage|p2a: Lovely Kiss|1/100|[from] Sandstorm
|-heal|p1a: Gengar|100/100|[from] item: Leftovers
|-heal|p2a: Lovely Kiss|7/100|[from] item: Leftovers
|-start|p1a: Gengar|perish0
|upkeep
|faint|p1a: Gengar
|inactive|Eg0r has 270 seconds left.
|
|t:|1729023338
|switch|p1a: Milotic|Milotic, M|79/100
|turn|29
|
|t:|1729023345
|move|p2a: Lovely Kiss|Lovely Kiss|p1a: Milotic
|-status|p1a: Milotic|slp|[from] move: Lovely Kiss
|cant|p1a: Milotic|slp
|
|-weather|Sandstorm|[upkeep]
|-damage|p2a: Lovely Kiss|1/100|[from] Sandstorm
|-damage|p1a: Milotic|73/100 slp|[from] Sandstorm
|-heal|p2a: Lovely Kiss|7/100|[from] item: Leftovers
|-heal|p1a: Milotic|79/100 slp|[from] item: Leftovers
|upkeep
|turn|30
|
|t:|1729023348
|switch|p1a: Blissey|Blissey, F|100/100
|move|p2a: Lovely Kiss|Ice Beam|p1a: Blissey
|-damage|p1a: Blissey|73/100
|
|-weather|Sandstorm|[upkeep]
|-damage|p2a: Lovely Kiss|1/100|[from] Sandstorm
|-damage|p1a: Blissey|67/100|[from] Sandstorm
|-heal|p2a: Lovely Kiss|7/100|[from] item: Leftovers
|-heal|p1a: Blissey|73/100|[from] item: Leftovers
|upkeep
|turn|31
|
|t:|1729023352
|move|p2a: Lovely Kiss|Ice Beam|p1a: Blissey
|-damage|p1a: Blissey|48/100
|move|p1a: Blissey|Seismic Toss|p2a: Lovely Kiss
|-damage|p2a: Lovely Kiss|0 fnt
|faint|p2a: Lovely Kiss
|
|t:|1729023354
|switch|p2a: Yellow Eyes|Claydol, shiny|41/100 brn
|
|-weather|Sandstorm|[upkeep]
|-damage|p1a: Blissey|42/100|[from] Sandstorm
|-heal|p2a: Yellow Eyes|47/100 brn|[from] item: Leftovers
|-damage|p2a: Yellow Eyes|35/100 brn|[from] brn
|-heal|p1a: Blissey|48/100|[from] item: Leftovers
|upkeep
|turn|32
|
|t:|1729023359
|move|p2a: Yellow Eyes|Rapid Spin|p1a: Blissey
|-damage|p1a: Blissey|46/100
|-sideend|p2: EhtishamEX|Spikes|[from] move: Rapid Spin|[of] p2a: Yellow Eyes
|move|p1a: Blissey|Seismic Toss|p2a: Yellow Eyes
|-damage|p2a: Yellow Eyes|4/100 brn
|
|-weather|Sandstorm|[upkeep]
|-damage|p1a: Blissey|40/100|[from] Sandstorm
|-heal|p2a: Yellow Eyes|10/100 brn|[from] item: Leftovers
|-damage|p2a: Yellow Eyes|0 fnt|[from] brn
|faint|p2a: Yellow Eyes
|
|win|Eg0r
|upkeep
|c|☆EhtishamEX|gg
|c|☆Eg0r|gg
|c|☆Eg0r|/log Eg0r made the replay of this battle unlisted.
|player|p1|
|player|p2|
|player|p2|EhtishamEX|az|

</script>
<script type="application/json" class="data" id="replaydata-smogtours-gen3ou-798998">
{"id":"smogtours-gen3ou-798998","format":"[Gen 3] OU","players":["Eg0r","EhtishamEX"],"uploadtime":1729023359,"views":112,"formatid":"gen3ou","rating":null,"private":1,"password":null}
</script>

<script defer src="js/replays.js?9d40a366"></script>
