<!DOCTYPE html>
<meta charset="utf-8" />
<meta name="viewport" content="width=device-width" />

<title>[Gen 3] OU: UDM31 vs. mcgowin - Replays - Pok&eacute;mon Showdown!</title>

<meta name="description" content="Watch a replay of a Pok&eacute;mon battle between UDM31 and mcgowin! Format: [Gen 3] OU; Date: Oct 10, 2024" />
<!--

Hey, you! Looking in the source for the replay log?

You can find them in JSON format, just add `.json` at the end of a replay URL.

https://replay.pokemonshowdown.com/gen7randomdoublesbattle-865046831.json

Or, if you only need the log itself, add `.log` instead:

https://replay.pokemonshowdown.com/gen7randomdoublesbattle-865046831.log

-->

<link rel="stylesheet" href="//pokemonshowdown.com/style/global.css?0.767286132409787" />
<link rel="stylesheet" href="//play.pokemonshowdown.com/style/font-awesome.css?0.9266228007934947" />
<link rel="stylesheet" href="//play.pokemonshowdown.com/style/battle.css?0.7924700842790926" />
<link rel="stylesheet" href="//play.pokemonshowdown.com/style/utilichart.css?0.8777417872839479" />

<!-- Global site tag (gtag.js) - Google Analytics -->
<script async src="https://www.googletagmanager.com/gtag/js?id=UA-26211653-1"></script>
<script>
  window.dataLayer = window.dataLayer || [];
  function gtag(){dataLayer.push(arguments);}
  gtag('js', new Date());

  gtag('config', 'UA-26211653-1');
</script>
<!-- End Google Analytics -->
<!-- Venatus Ad Manager - Install in <HEAD> of page -->
	<script src="https://hb.vntsm.com/v3/live/ad-manager.min.js" type="text/javascript" data-site-id="642aba63ec9a7b11c3c9c1be" data-mode="scan" async></script>
<!-- / Venatus Ad Manager -->

<style>
	@media (max-width:820px) {
		.battle {
			margin: 0 auto;
		}
		.battle-log {
			margin: 7px auto 0;
			max-width: 640px;
			height: 300px;
			position: static;
		}
	}
	.optgroup {
		display: inline-block;
		line-height: 22px;
		font-size: 10pt;
	}
	.optgroup .button {
		height: 25px;
		padding-top: 0;
		padding-bottom: 0;
	}
	.optgroup button.button {
		padding-left: 12px;
		padding-right: 12px;
	}
	.linklist {
		list-style: none;
		margin: 0.5em 0;
		padding: 0;
	}
	.linklist li {
		padding: 2px 0;
	}
	.sidebar {
		float: left;
		width: 320px;
	}
	.bar-wrapper {
		max-width: 1100px;
		margin: 0 auto;
	}
	.bar-wrapper.has-sidebar {
		max-width: 1430px;
	}
	.mainbar {
		margin: 0;
		padding-right: 1px;
	}
	.mainbar.has-sidebar {
		margin-left: 330px;
	}
	@media (min-width: 1511px) {
		.sidebar {
			width: 400px;
		}
		.bar-wrapper.has-sidebar {
			max-width: 1510px;
		}
		.mainbar.has-sidebar {
			margin-left: 410px;
		}
	}
	.section.first-section {
		margin-top: 9px;
	}
	.blocklink small {
		white-space: normal;
	}
	.button {
		vertical-align: middle;
	}
	.replay-controls {
		padding-top: 10px;
	}
	.replay-controls h1 {
		font-size: 16pt;
		font-weight: normal;
		color: #CCC;
	}
	.pagelink {
		text-align: center;
	}
	.pagelink a {
		width: 150px;
	}
	.textbox, .button {
		font-size: 11pt;
		vertical-align: middle;
	}
	@media (max-width: 450px) {
		.button {
			font-size: 9pt;
		}
	}
</style>

<div>

	<header>
		<div class="nav-wrapper"><ul class="nav">
			<li><a class="button nav-first" href="//pokemonshowdown.com/"><img src="//pokemonshowdown.com/images/pokemonshowdownbeta.png" srcset="//pokemonshowdown.com/images/pokemonshowdownbeta.png 1x, //pokemonshowdown.com/images/pokemonshowdownbeta@2x.png 2x" alt="Pok&eacute;mon Showdown" width="146" height="44" /> Home</a></li>
			<li><a class="button" href="//pokemonshowdown.com/dex/">Pok&eacute;dex</a></li>
			<li><a class="button cur" href="/">Replays</a></li>
			<li><a class="button" href="//pokemonshowdown.com/ladder/">Ladder</a></li>
			<li><a class="button nav-last" href="//pokemonshowdown.com/forums/">Forum</a></li>
			<li><a class="button greenbutton nav-first nav-last" href="//play.pokemonshowdown.com/">Play</a></li>
		</ul></div>
	</header>

	<div class="main" id="main">

		<noscript><section class="section">You need to enable JavaScript to use this page; sorry!</section></noscript>

	</div>

</div>

<script defer nomodule src="//play.pokemonshowdown.com/js/lib/ps-polyfill.js"></script>
<script defer src="//play.pokemonshowdown.com/js/lib/preact.min.js"></script>

<script defer src="//play.pokemonshowdown.com/config/config.js?6dec07f6"></script>
<script defer src="//play.pokemonshowdown.com/js/lib/jquery-1.11.0.min.js"></script>
<script defer src="//play.pokemonshowdown.com/js/lib/html-sanitizer-minified.js"></script>
<script defer src="//play.pokemonshowdown.com/js/battle-sound.js"></script>
<script defer src="//play.pokemonshowdown.com/js/battledata.js?0.6315294753075389"></script>
<script defer src="//play.pokemonshowdown.com/data/pokedex-mini.js?0.7603743185311358"></script>
<script defer src="//play.pokemonshowdown.com/data/pokedex-mini-bw.js?0.030888842834281283"></script>
<script defer src="//play.pokemonshowdown.com/data/graphics.js?0.05593094747507488"></script>
<script defer src="//play.pokemonshowdown.com/data/pokedex.js?0.47064822249611904"></script>
<script defer src="//play.pokemonshowdown.com/data/moves.js?0.8583693120512459"></script>
<script defer src="//play.pokemonshowdown.com/data/abilities.js?0.16017181182386842"></script>
<script defer src="//play.pokemonshowdown.com/data/items.js?0.4163379185673943"></script>
<script defer src="//play.pokemonshowdown.com/data/teambuilder-tables.js?0.31075597372830477"></script>
<script defer src="//play.pokemonshowdown.com/js/battle-tooltips.js?0.6536193500708172"></script>
<script defer src="//play.pokemonshowdown.com/js/battle.js?0.1916591943277901"></script>

<script defer src="js/utils.js?e31f9a17"></script>
<script defer src="js/replays-battle.js?7008c182"></script>

<!-- don't scrape this data! just add .json or .log after the URL!
Full API docs: https://github.com/smogon/pokemon-showdown-client/blob/master/WEB-API.md -->
<script type="text/plain" class="log" id="replaylog-smogtours-gen3ou-797015">
|inactive|Battle timer is ON: inactive players will automatically lose when time's up.
|t:|1728593881
|gametype|singles
|player|p1|UDM31|#advpliv|
|player|p2|mcgowin|265|
|teamsize|p1|6
|teamsize|p2|6
|gen|3
|tier|[Gen 3] OU
|rule|Sleep Clause Mod: Limit one foe put to sleep
|rule|Switch Priority Clause Mod: Faster Pokémon switch first
|rule|Species Clause: Limit one of each Pokémon
|rule|OHKO Clause: OHKO moves are banned
|rule|Evasion Items Clause: Evasion items are banned
|rule|Evasion Moves Clause: Evasion moves are banned
|rule|Endless Battle Clause: Forcing endless battles is banned
|rule|HP Percentage Mod: HP is shown in percentages
|rule|One Boost Passer Clause: Limit one Baton Passer that has a way to boost its stats
|rule|Freeze Clause Mod: Limit one foe frozen
|
|t:|1728593881
|start
|switch|p1a: Tyranitar|Tyranitar, M|100/100
|switch|p2a: Glamour Profession|Zapdos|100/100
|-weather|Sandstorm|[from] ability: Sand Stream|[of] p1a: Tyranitar
|turn|1
|
|t:|1728593892
|switch|p2a: Third World Man|Swampert, M|100/100
|move|p1a: Tyranitar|Ancient Power|p2a: Third World Man
|-resisted|p2a: Third World Man
|-damage|p2a: Third World Man|92/100
|
|-weather|Sandstorm|[upkeep]
|-heal|p2a: Third World Man|98/100|[from] item: Leftovers
|upkeep
|turn|2
|
|t:|1728593899
|switch|p1a: Skarmory|Skarmory, M|100/100
|move|p2a: Third World Man|Hydro Pump|p1a: Skarmory|[miss]
|-miss|p2a: Third World Man|p1a: Skarmory
|
|-weather|Sandstorm|[upkeep]
|-heal|p2a: Third World Man|100/100|[from] item: Leftovers
|upkeep
|turn|3
|c|☆UDM31|mb
|
|t:|1728593916
|switch|p2a: Glamour Profession|Zapdos|100/100
|move|p1a: Skarmory|Spikes|p2a: Glamour Profession
|-sidestart|p2: mcgowin|Spikes
|
|-weather|Sandstorm|[upkeep]
|-damage|p2a: Glamour Profession|94/100|[from] Sandstorm
|-heal|p2a: Glamour Profession|100/100|[from] item: Leftovers
|upkeep
|turn|4
|
|t:|1728593930
|switch|p1a: Blissey|Blissey, F|100/100
|move|p2a: Glamour Profession|Thunderbolt|p1a: Blissey
|-crit|p1a: Blissey
|-damage|p1a: Blissey|60/100
|
|-weather|Sandstorm|[upkeep]
|-damage|p2a: Glamour Profession|94/100|[from] Sandstorm
|-damage|p1a: Blissey|54/100|[from] Sandstorm
|-heal|p2a: Glamour Profession|100/100|[from] item: Leftovers
|-heal|p1a: Blissey|60/100|[from] item: Leftovers
|upkeep
|turn|5
|
|t:|1728593952
|switch|p2a: Steely Dan|Skarmory, M|100/100
|move|p1a: Blissey|Soft-Boiled|p1a: Blissey
|-heal|p1a: Blissey|100/100
|
|-weather|Sandstorm|[upkeep]
|-damage|p1a: Blissey|94/100|[from] Sandstorm
|-heal|p1a: Blissey|100/100|[from] item: Leftovers
|upkeep
|turn|6
|
|t:|1728593962
|move|p1a: Blissey|Thunderbolt|p2a: Steely Dan
|-supereffective|p2a: Steely Dan
|-damage|p2a: Steely Dan|50/100
|move|p2a: Steely Dan|Roar|p1a: Blissey
|drag|p1a: Skarmory|Skarmory, M|100/100
|
|-weather|Sandstorm|[upkeep]
|-heal|p2a: Steely Dan|56/100|[from] item: Leftovers
|upkeep
|turn|7
|
|t:|1728593983
|switch|p1a: Charizard|Charizard, F|100/100
|move|p2a: Steely Dan|Taunt|p1a: Charizard
|-start|p1a: Charizard|move: Taunt
|
|-weather|Sandstorm|[upkeep]
|-damage|p1a: Charizard|94/100|[from] Sandstorm
|-heal|p1a: Charizard|100/100|[from] item: Leftovers
|-heal|p2a: Steely Dan|62/100|[from] item: Leftovers
|upkeep
|turn|8
|
|t:|1728594010
|switch|p2a: Third World Man|Swampert, M|100/100
|-damage|p2a: Third World Man|88/100|[from] Spikes
|move|p1a: Charizard|Fire Blast|p2a: Third World Man
|-resisted|p2a: Third World Man
|-damage|p2a: Third World Man|59/100
|
|-weather|Sandstorm|[upkeep]
|-damage|p1a: Charizard|94/100|[from] Sandstorm
|-heal|p1a: Charizard|100/100|[from] item: Leftovers
|-end|p1a: Charizard|move: Taunt|[silent]
|-heal|p2a: Third World Man|65/100|[from] item: Leftovers
|upkeep
|turn|9
|
|t:|1728594027
|move|p1a: Charizard|Substitute|p1a: Charizard
|-start|p1a: Charizard|Substitute
|-damage|p1a: Charizard|76/100
|move|p2a: Third World Man|Hydro Pump|p1a: Charizard
|-supereffective|p1a: Charizard
|-end|p1a: Charizard|Substitute
|
|-weather|Sandstorm|[upkeep]
|-damage|p1a: Charizard|70/100|[from] Sandstorm
|-heal|p1a: Charizard|76/100|[from] item: Leftovers
|-heal|p2a: Third World Man|72/100|[from] item: Leftovers
|upkeep
|turn|10
|
|t:|1728594035
|move|p1a: Charizard|Hidden Power|p2a: Third World Man
|-supereffective|p2a: Third World Man
|-damage|p2a: Third World Man|0 fnt
|faint|p2a: Third World Man
|
|t:|1728594049
|switch|p2a: My Rival|Tyranitar, F|100/100
|-damage|p2a: My Rival|88/100|[from] Spikes
|
|-weather|Sandstorm|[upkeep]
|-damage|p1a: Charizard|70/100|[from] Sandstorm
|-heal|p1a: Charizard|76/100|[from] item: Leftovers
|-heal|p2a: My Rival|94/100|[from] item: Leftovers
|upkeep
|turn|11
|
|t:|1728594066
|switch|p1a: Skarmory|Skarmory, M|100/100
|move|p2a: My Rival|Rock Slide|p1a: Skarmory
|-damage|p1a: Skarmory|64/100
|
|-weather|Sandstorm|[upkeep]
|-heal|p1a: Skarmory|70/100|[from] item: Leftovers
|-heal|p2a: My Rival|100/100|[from] item: Leftovers
|upkeep
|turn|12
|
|t:|1728594082
|switch|p1a: Metagross|Metagross|100/100
|switch|p2a: 19|Blissey, F|100/100
|-damage|p2a: 19|88/100|[from] Spikes
|
|-weather|Sandstorm|[upkeep]
|-damage|p2a: 19|82/100|[from] Sandstorm
|-heal|p2a: 19|88/100|[from] item: Leftovers
|upkeep
|turn|13
|inactive|UDM31 has 270 seconds left.
|
|t:|1728594102
|switch|p2a: Steely Dan|Skarmory, M|62/100
|move|p1a: Metagross|Meteor Mash|p2a: Steely Dan
|-resisted|p2a: Steely Dan
|-damage|p2a: Steely Dan|27/100
|
|-weather|Sandstorm|[upkeep]
|-heal|p2a: Steely Dan|33/100|[from] item: Leftovers
|upkeep
|turn|14
|
|t:|1728594115
|move|p2a: Steely Dan|Spikes|p1a: Metagross
|-sidestart|p1: UDM31|Spikes
|move|p1a: Metagross|Meteor Mash|p2a: Steely Dan
|-resisted|p2a: Steely Dan
|-damage|p2a: Steely Dan|0 fnt
|-boost|p1a: Metagross|atk|1
|faint|p2a: Steely Dan
|
|t:|1728594126
|switch|p2a: Glamour Profession|Zapdos|100/100
|
|-weather|Sandstorm|[upkeep]
|-damage|p2a: Glamour Profession|94/100|[from] Sandstorm
|-heal|p2a: Glamour Profession|100/100|[from] item: Leftovers
|upkeep
|turn|15
|
|t:|1728594130
|switch|p1a: Blissey|Blissey, F|100/100
|-damage|p1a: Blissey|88/100|[from] Spikes
|move|p2a: Glamour Profession|Thunderbolt|p1a: Blissey
|-crit|p1a: Blissey
|-damage|p1a: Blissey|45/100
|
|-weather|Sandstorm|[upkeep]
|-damage|p2a: Glamour Profession|94/100|[from] Sandstorm
|-damage|p1a: Blissey|39/100|[from] Sandstorm
|-heal|p2a: Glamour Profession|100/100|[from] item: Leftovers
|-heal|p1a: Blissey|45/100|[from] item: Leftovers
|upkeep
|turn|16
|
|t:|1728594140
|switch|p2a: 19|Blissey, F|88/100
|-damage|p2a: 19|76/100|[from] Spikes
|move|p1a: Blissey|Soft-Boiled|p1a: Blissey
|-heal|p1a: Blissey|95/100
|
|-weather|Sandstorm|[upkeep]
|-damage|p2a: 19|69/100|[from] Sandstorm
|-damage|p1a: Blissey|89/100|[from] Sandstorm
|-heal|p2a: 19|76/100|[from] item: Leftovers
|-heal|p1a: Blissey|95/100|[from] item: Leftovers
|upkeep
|turn|17
|inactive|UDM31 has 270 seconds left.
|
|t:|1728594189
|switch|p1a: Tyranitar|Tyranitar, M|100/100
|-damage|p1a: Tyranitar|88/100|[from] Spikes
|move|p2a: 19|Toxic|p1a: Tyranitar
|-status|p1a: Tyranitar|tox
|
|-weather|Sandstorm|[upkeep]
|-damage|p2a: 19|69/100|[from] Sandstorm
|-heal|p1a: Tyranitar|94/100 tox|[from] item: Leftovers
|-damage|p1a: Tyranitar|88/100 tox|[from] psn
|-heal|p2a: 19|76/100|[from] item: Leftovers
|upkeep
|turn|18
|
|t:|1728594218
|move|p1a: Tyranitar|Ancient Power|p2a: 19
|-damage|p2a: 19|48/100
|-boost|p1a: Tyranitar|atk|1
|-boost|p1a: Tyranitar|def|1
|-boost|p1a: Tyranitar|spa|1
|-boost|p1a: Tyranitar|spd|1
|-boost|p1a: Tyranitar|spe|1
|move|p2a: 19|Ice Beam|p1a: Tyranitar
|-damage|p1a: Tyranitar|75/100 tox
|
|-weather|Sandstorm|[upkeep]
|-damage|p2a: 19|42/100|[from] Sandstorm
|-heal|p1a: Tyranitar|81/100 tox|[from] item: Leftovers
|-damage|p1a: Tyranitar|69/100 tox|[from] psn
|-heal|p2a: 19|48/100|[from] item: Leftovers
|upkeep
|turn|19
|c|☆UDM31|mb
|inactive|mcgowin has 270 seconds left.
|
|t:|1728594234
|move|p1a: Tyranitar|Brick Break|p2a: 19
|-supereffective|p2a: 19
|-damage|p2a: 19|0 fnt
|faint|p2a: 19
|inactive|mcgowin has 270 seconds left.
|
|t:|1728594247
|switch|p2a: Glamour Profession|Zapdos|100/100
|
|-weather|Sandstorm|[upkeep]
|-damage|p2a: Glamour Profession|94/100|[from] Sandstorm
|-heal|p1a: Tyranitar|75/100 tox|[from] item: Leftovers
|-damage|p1a: Tyranitar|56/100 tox|[from] psn
|-heal|p2a: Glamour Profession|100/100|[from] item: Leftovers
|upkeep
|turn|20
|inactive|mcgowin has 270 seconds left.
|
|t:|1728594255
|move|p2a: Glamour Profession|Protect|p2a: Glamour Profession
|-singleturn|p2a: Glamour Profession|Protect
|move|p1a: Tyranitar|Ancient Power|p2a: Glamour Profession
|-activate|p2a: Glamour Profession|Protect
|
|-weather|Sandstorm|[upkeep]
|-damage|p2a: Glamour Profession|94/100|[from] Sandstorm
|-heal|p1a: Tyranitar|62/100 tox|[from] item: Leftovers
|-damage|p1a: Tyranitar|38/100 tox|[from] psn
|-heal|p2a: Glamour Profession|100/100|[from] item: Leftovers
|upkeep
|turn|21
|
|t:|1728594264
|move|p2a: Glamour Profession|Protect|p2a: Glamour Profession
|-singleturn|p2a: Glamour Profession|Protect
|move|p1a: Tyranitar|Ancient Power|p2a: Glamour Profession
|-activate|p2a: Glamour Profession|Protect
|
|-weather|Sandstorm|[upkeep]
|-damage|p2a: Glamour Profession|94/100|[from] Sandstorm
|-heal|p1a: Tyranitar|44/100 tox|[from] item: Leftovers
|-damage|p1a: Tyranitar|13/100 tox|[from] psn
|-heal|p2a: Glamour Profession|100/100|[from] item: Leftovers
|upkeep
|turn|22
|inactive|UDM31 has 270 seconds left.
|
|t:|1728594296
|switch|p2a: My Rival|Tyranitar, F|100/100
|-damage|p2a: My Rival|88/100|[from] Spikes
|move|p1a: Tyranitar|Ancient Power|p2a: My Rival
|-damage|p2a: My Rival|60/100
|
|-weather|Sandstorm|[upkeep]
|-heal|p1a: Tyranitar|19/100 tox|[from] item: Leftovers
|-damage|p1a: Tyranitar|0 fnt|[from] psn
|faint|p1a: Tyranitar
|-heal|p2a: My Rival|66/100|[from] item: Leftovers
|upkeep
|inactive|UDM31 has 240 seconds left.
|
|t:|1728594329
|switch|p1a: Claydol|Claydol|100/100
|turn|23
|inactive|UDM31 has 240 seconds left.
|
|t:|1728594338
|switch|p2a: Glamour Profession|Zapdos|100/100
|move|p1a: Claydol|Earthquake|p2a: Glamour Profession
|-immune|p2a: Glamour Profession
|
|-weather|Sandstorm|[upkeep]
|-damage|p2a: Glamour Profession|94/100|[from] Sandstorm
|-heal|p2a: Glamour Profession|100/100|[from] item: Leftovers
|upkeep
|turn|24
|
|t:|1728594345
|switch|p1a: Blissey|Blissey, F|95/100
|-damage|p1a: Blissey|82/100|[from] Spikes
|move|p2a: Glamour Profession|Hidden Power|p1a: Blissey
|-damage|p1a: Blissey|72/100
|
|-weather|Sandstorm|[upkeep]
|-damage|p2a: Glamour Profession|94/100|[from] Sandstorm
|-damage|p1a: Blissey|66/100|[from] Sandstorm
|-heal|p2a: Glamour Profession|100/100|[from] item: Leftovers
|-heal|p1a: Blissey|72/100|[from] item: Leftovers
|upkeep
|turn|25
|inactive|UDM31 has 240 seconds left.
|
|t:|1728594388
|move|p2a: Glamour Profession|Toxic|p1a: Blissey
|-status|p1a: Blissey|tox
|move|p1a: Blissey|Soft-Boiled|p1a: Blissey
|-heal|p1a: Blissey|100/100 tox
|
|-weather|Sandstorm|[upkeep]
|-damage|p2a: Glamour Profession|94/100|[from] Sandstorm
|-damage|p1a: Blissey|94/100 tox|[from] Sandstorm
|-heal|p2a: Glamour Profession|100/100|[from] item: Leftovers
|-heal|p1a: Blissey|100/100 tox|[from] item: Leftovers
|-damage|p1a: Blissey|94/100 tox|[from] psn
|upkeep
|turn|26
|
|t:|1728594406
|-curestatus|p1a: Blissey|tox|[from] ability: Natural Cure
|switch|p1a: Skarmory|Skarmory, M|70/100
|move|p2a: Glamour Profession|Protect||[still]
|-fail|p2a: Glamour Profession
|
|-weather|Sandstorm|[upkeep]
|-damage|p2a: Glamour Profession|94/100|[from] Sandstorm
|-heal|p2a: Glamour Profession|100/100|[from] item: Leftovers
|-heal|p1a: Skarmory|76/100|[from] item: Leftovers
|upkeep
|turn|27
|
|t:|1728594411
|move|p1a: Skarmory|Protect|p1a: Skarmory
|-singleturn|p1a: Skarmory|Protect
|move|p2a: Glamour Profession|Thunderbolt|p1a: Skarmory
|-activate|p1a: Skarmory|Protect
|
|-weather|Sandstorm|[upkeep]
|-damage|p2a: Glamour Profession|94/100|[from] Sandstorm
|-heal|p2a: Glamour Profession|100/100|[from] item: Leftovers
|-heal|p1a: Skarmory|82/100|[from] item: Leftovers
|upkeep
|turn|28
|
|t:|1728594417
|switch|p1a: Blissey|Blissey, F|94/100
|-damage|p1a: Blissey|82/100|[from] Spikes
|move|p2a: Glamour Profession|Thunderbolt|p1a: Blissey
|-damage|p1a: Blissey|61/100
|
|-weather|Sandstorm|[upkeep]
|-damage|p2a: Glamour Profession|94/100|[from] Sandstorm
|-damage|p1a: Blissey|55/100|[from] Sandstorm
|-heal|p2a: Glamour Profession|100/100|[from] item: Leftovers
|-heal|p1a: Blissey|61/100|[from] item: Leftovers
|upkeep
|turn|29
|
|t:|1728594441
|move|p2a: Glamour Profession|Toxic|p1a: Blissey
|-status|p1a: Blissey|tox
|move|p1a: Blissey|Ice Beam|p2a: Glamour Profession
|-supereffective|p2a: Glamour Profession
|-damage|p2a: Glamour Profession|47/100
|
|-weather|Sandstorm|[upkeep]
|-damage|p2a: Glamour Profession|41/100|[from] Sandstorm
|-damage|p1a: Blissey|55/100 tox|[from] Sandstorm
|-heal|p2a: Glamour Profession|47/100|[from] item: Leftovers
|-heal|p1a: Blissey|61/100 tox|[from] item: Leftovers
|-damage|p1a: Blissey|55/100 tox|[from] psn
|upkeep
|turn|30
|
|t:|1728594450
|move|p2a: Glamour Profession|Protect|p2a: Glamour Profession
|-singleturn|p2a: Glamour Profession|Protect
|move|p1a: Blissey|Soft-Boiled|p1a: Blissey
|-heal|p1a: Blissey|100/100 tox
|
|-weather|Sandstorm|[upkeep]
|-damage|p2a: Glamour Profession|41/100|[from] Sandstorm
|-damage|p1a: Blissey|94/100 tox|[from] Sandstorm
|-heal|p2a: Glamour Profession|47/100|[from] item: Leftovers
|-heal|p1a: Blissey|100/100 tox|[from] item: Leftovers
|-damage|p1a: Blissey|88/100 tox|[from] psn
|upkeep
|turn|31
|inactive|UDM31 has 240 seconds left.
|
|t:|1728594494
|switch|p2a: My Rival|Tyranitar, F|66/100
|-damage|p2a: My Rival|53/100|[from] Spikes
|move|p1a: Blissey|Ice Beam|p2a: My Rival
|-damage|p2a: My Rival|34/100
|
|-weather|Sandstorm|[upkeep]
|-damage|p1a: Blissey|82/100 tox|[from] Sandstorm
|-heal|p2a: My Rival|40/100|[from] item: Leftovers
|-heal|p1a: Blissey|88/100 tox|[from] item: Leftovers
|-damage|p1a: Blissey|70/100 tox|[from] psn
|upkeep
|turn|32
|inactive|UDM31 has 210 seconds left.
|inactive|mcgowin has 270 seconds left.
|
|t:|1728594550
|-singleturn|p2a: My Rival|move: Focus Punch
|-curestatus|p1a: Blissey|tox|[from] ability: Natural Cure
|switch|p1a: Skarmory|Skarmory, M|82/100
|move|p2a: My Rival|Focus Punch|p1a: Skarmory
|-damage|p1a: Skarmory|37/100
|
|-weather|Sandstorm|[upkeep]
|-heal|p1a: Skarmory|43/100|[from] item: Leftovers
|-heal|p2a: My Rival|46/100|[from] item: Leftovers
|upkeep
|turn|33
|inactive|mcgowin has 240 seconds left.
|
|t:|1728594572
|switch|p1a: Claydol|Claydol|100/100
|switch|p2a: Gaucho|Gengar, M|100/100
|
|-weather|Sandstorm|[upkeep]
|-damage|p2a: Gaucho|95/100|[from] Sandstorm
|-heal|p2a: Gaucho|100/100|[from] item: Leftovers
|upkeep
|turn|34
|inactive|mcgowin has 240 seconds left.
|
|t:|1728594589
|move|p2a: Gaucho|Giga Drain|p1a: Claydol
|-supereffective|p1a: Claydol
|-damage|p1a: Claydol|71/100
|move|p1a: Claydol|Psychic|p2a: Gaucho
|-supereffective|p2a: Gaucho
|-damage|p2a: Gaucho|52/100
|
|-weather|Sandstorm|[upkeep]
|-damage|p2a: Gaucho|46/100|[from] Sandstorm
|-heal|p2a: Gaucho|52/100|[from] item: Leftovers
|-heal|p1a: Claydol|77/100|[from] item: Leftovers
|upkeep
|turn|35
|inactive|UDM31 has 180 seconds left.
|
|t:|1728594611
|move|p2a: Gaucho|Giga Drain|p1a: Claydol
|-supereffective|p1a: Claydol
|-damage|p1a: Claydol|44/100
|-heal|p2a: Gaucho|70/100|[from] drain|[of] p1a: Claydol
|move|p1a: Claydol|Psychic|p2a: Gaucho
|-supereffective|p2a: Gaucho
|-damage|p2a: Gaucho|22/100
|
|-weather|Sandstorm|[upkeep]
|-damage|p2a: Gaucho|16/100|[from] Sandstorm
|-heal|p2a: Gaucho|22/100|[from] item: Leftovers
|-heal|p1a: Claydol|50/100|[from] item: Leftovers
|upkeep
|turn|36
|inactive|mcgowin has 240 seconds left.
|inactive|UDM31 has 180 seconds left.
|
|t:|1728594636
|switch|p2a: My Rival|Tyranitar, F|46/100
|-damage|p2a: My Rival|34/100|[from] Spikes
|move|p1a: Claydol|Psychic|p2a: My Rival
|-immune|p2a: My Rival
|
|-weather|Sandstorm|[upkeep]
|-heal|p1a: Claydol|56/100|[from] item: Leftovers
|-heal|p2a: My Rival|40/100|[from] item: Leftovers
|upkeep
|turn|37
|
|t:|1728594645
|switch|p2a: Glamour Profession|Zapdos|47/100
|move|p1a: Claydol|Earthquake|p2a: Glamour Profession
|-immune|p2a: Glamour Profession
|
|-weather|Sandstorm|[upkeep]
|-damage|p2a: Glamour Profession|41/100|[from] Sandstorm
|-heal|p2a: Glamour Profession|47/100|[from] item: Leftovers
|-heal|p1a: Claydol|63/100|[from] item: Leftovers
|upkeep
|turn|38
|inactive|mcgowin has 210 seconds left.
|
|t:|1728594688
|switch|p1a: Blissey|Blissey, F|70/100
|-damage|p1a: Blissey|57/100|[from] Spikes
|move|p2a: Glamour Profession|Toxic|p1a: Blissey
|-status|p1a: Blissey|tox
|
|-weather|Sandstorm|[upkeep]
|-damage|p2a: Glamour Profession|41/100|[from] Sandstorm
|-damage|p1a: Blissey|51/100 tox|[from] Sandstorm
|-heal|p2a: Glamour Profession|47/100|[from] item: Leftovers
|-heal|p1a: Blissey|57/100 tox|[from] item: Leftovers
|-damage|p1a: Blissey|51/100 tox|[from] psn
|upkeep
|turn|39
|inactive|mcgowin has 210 seconds left.
|
|t:|1728594702
|move|p2a: Glamour Profession|Thunderbolt|p1a: Blissey
|-damage|p1a: Blissey|31/100 tox
|move|p1a: Blissey|Soft-Boiled|p1a: Blissey
|-heal|p1a: Blissey|81/100 tox
|
|-weather|Sandstorm|[upkeep]
|-damage|p2a: Glamour Profession|41/100|[from] Sandstorm
|-damage|p1a: Blissey|74/100 tox|[from] Sandstorm
|-heal|p2a: Glamour Profession|47/100|[from] item: Leftovers
|-heal|p1a: Blissey|81/100 tox|[from] item: Leftovers
|-damage|p1a: Blissey|68/100 tox|[from] psn
|upkeep
|turn|40
|inactive|mcgowin has 210 seconds left.
|
|t:|1728594718
|move|p2a: Glamour Profession|Protect|p2a: Glamour Profession
|-singleturn|p2a: Glamour Profession|Protect
|move|p1a: Blissey|Soft-Boiled|p1a: Blissey
|-heal|p1a: Blissey|100/100 tox
|
|-weather|Sandstorm|[upkeep]
|-damage|p2a: Glamour Profession|41/100|[from] Sandstorm
|-damage|p1a: Blissey|94/100 tox|[from] Sandstorm
|-heal|p2a: Glamour Profession|47/100|[from] item: Leftovers
|-heal|p1a: Blissey|100/100 tox|[from] item: Leftovers
|-damage|p1a: Blissey|82/100 tox|[from] psn
|upkeep
|turn|41
|inactive|mcgowin has 210 seconds left.
|
|t:|1728594738
|switch|p2a: My Rival|Tyranitar, F|40/100
|-damage|p2a: My Rival|28/100|[from] Spikes
|-curestatus|p1a: Blissey|tox|[from] ability: Natural Cure
|switch|p1a: Skarmory|Skarmory, M|43/100
|
|-weather|Sandstorm|[upkeep]
|-heal|p1a: Skarmory|49/100|[from] item: Leftovers
|-heal|p2a: My Rival|34/100|[from] item: Leftovers
|upkeep
|turn|42
|inactive|mcgowin has 210 seconds left.
|
|t:|1728594750
|-singleturn|p2a: My Rival|move: Focus Punch
|move|p1a: Skarmory|Drill Peck|p2a: My Rival
|-resisted|p2a: My Rival
|-damage|p2a: My Rival|25/100
|move|p2a: My Rival|Focus Punch||[still]
|cant|p2a: My Rival|Focus Punch|Focus Punch
|
|-weather|Sandstorm|[upkeep]
|-heal|p1a: Skarmory|55/100|[from] item: Leftovers
|-heal|p2a: My Rival|31/100|[from] item: Leftovers
|upkeep
|turn|43
|inactive|mcgowin has 210 seconds left.
|inactive|UDM31 has 180 seconds left.
|
|t:|1728594773
|move|p1a: Skarmory|Protect|p1a: Skarmory
|-singleturn|p1a: Skarmory|Protect
|move|p2a: My Rival|Rock Slide|p1a: Skarmory
|-activate|p1a: Skarmory|Protect
|
|-weather|Sandstorm|[upkeep]
|-heal|p1a: Skarmory|61/100|[from] item: Leftovers
|-heal|p2a: My Rival|37/100|[from] item: Leftovers
|upkeep
|turn|44
|inactive|UDM31 has 180 seconds left.
|
|t:|1728594779
|move|p2a: My Rival|Rock Slide|p1a: Skarmory
|-damage|p1a: Skarmory|26/100
|move|p1a: Skarmory|Roar|p2a: My Rival
|drag|p2a: Gaucho|Gengar, M|22/100
|
|-weather|Sandstorm|[upkeep]
|-damage|p2a: Gaucho|16/100|[from] Sandstorm
|-heal|p2a: Gaucho|22/100|[from] item: Leftovers
|-heal|p1a: Skarmory|32/100|[from] item: Leftovers
|upkeep
|turn|45
|inactive|UDM31 has 180 seconds left.
|
|t:|1728594800
|move|p1a: Skarmory|Protect|p1a: Skarmory
|-singleturn|p1a: Skarmory|Protect
|move|p2a: Gaucho|Fire Punch|p1a: Skarmory
|-activate|p1a: Skarmory|Protect
|
|-weather|Sandstorm|[upkeep]
|-damage|p2a: Gaucho|16/100|[from] Sandstorm
|-heal|p2a: Gaucho|22/100|[from] item: Leftovers
|-heal|p1a: Skarmory|38/100|[from] item: Leftovers
|upkeep
|turn|46
|
|t:|1728594813
|move|p2a: Gaucho|Fire Punch|p1a: Skarmory
|-supereffective|p1a: Skarmory
|-crit|p1a: Skarmory
|-damage|p1a: Skarmory|0 fnt
|faint|p1a: Skarmory
|
|t:|1728594822
|switch|p1a: Claydol|Claydol|63/100
|
|-weather|Sandstorm|[upkeep]
|-damage|p2a: Gaucho|16/100|[from] Sandstorm
|-heal|p2a: Gaucho|22/100|[from] item: Leftovers
|-heal|p1a: Claydol|69/100|[from] item: Leftovers
|upkeep
|turn|47
|
|t:|1728594840
|switch|p2a: My Rival|Tyranitar, F|37/100
|-damage|p2a: My Rival|25/100|[from] Spikes
|move|p1a: Claydol|Psychic|p2a: My Rival
|-immune|p2a: My Rival
|
|-weather|Sandstorm|[upkeep]
|-heal|p1a: Claydol|75/100|[from] item: Leftovers
|-heal|p2a: My Rival|31/100|[from] item: Leftovers
|upkeep
|turn|48
|
|t:|1728594846
|move|p1a: Claydol|Earthquake|p2a: My Rival
|-supereffective|p2a: My Rival
|-damage|p2a: My Rival|0 fnt
|faint|p2a: My Rival
|
|t:|1728594852
|switch|p2a: Glamour Profession|Zapdos|47/100
|
|-weather|Sandstorm|[upkeep]
|-damage|p2a: Glamour Profession|41/100|[from] Sandstorm
|-heal|p2a: Glamour Profession|47/100|[from] item: Leftovers
|-heal|p1a: Claydol|81/100|[from] item: Leftovers
|upkeep
|turn|49
|inactive|UDM31 has 180 seconds left.
|inactive|UDM31 has 150 seconds left.
|
|t:|1728594896
|switch|p1a: Metagross|Metagross|100/100
|-damage|p1a: Metagross|88/100|[from] Spikes
|move|p2a: Glamour Profession|Hidden Power|p1a: Metagross
|-resisted|p1a: Metagross
|-damage|p1a: Metagross|73/100
|
|-weather|Sandstorm|[upkeep]
|-damage|p2a: Glamour Profession|41/100|[from] Sandstorm
|-heal|p2a: Glamour Profession|47/100|[from] item: Leftovers
|upkeep
|turn|50
|inactive|UDM31 has 150 seconds left.
|inactive|mcgowin has 240 seconds left.
|
|t:|1728594907
|move|p2a: Glamour Profession|Protect|p2a: Glamour Profession
|-singleturn|p2a: Glamour Profession|Protect
|move|p1a: Metagross|Rock Slide|p2a: Glamour Profession
|-activate|p2a: Glamour Profession|Protect
|
|-weather|Sandstorm|[upkeep]
|-damage|p2a: Glamour Profession|41/100|[from] Sandstorm
|-heal|p2a: Glamour Profession|47/100|[from] item: Leftovers
|upkeep
|turn|51
|
|t:|1728594913
|move|p2a: Glamour Profession|Thunderbolt|p1a: Metagross
|-damage|p1a: Metagross|17/100
|move|p1a: Metagross|Rock Slide|p2a: Glamour Profession
|-supereffective|p2a: Glamour Profession
|-damage|p2a: Glamour Profession|0 fnt
|faint|p2a: Glamour Profession
|
|t:|1728594918
|switch|p2a: Gaucho|Gengar, M|22/100
|
|-weather|Sandstorm|[upkeep]
|-damage|p2a: Gaucho|16/100|[from] Sandstorm
|-heal|p2a: Gaucho|22/100|[from] item: Leftovers
|upkeep
|turn|52
|c|☆mcgowin|gg
|
|t:|1728594923
|move|p2a: Gaucho|Fire Punch|p1a: Metagross
|-supereffective|p1a: Metagross
|-damage|p1a: Metagross|0 fnt
|faint|p1a: Metagross
|
|t:|1728594927
|switch|p1a: Blissey|Blissey, F|82/100
|-damage|p1a: Blissey|70/100|[from] Spikes
|
|-weather|Sandstorm|[upkeep]
|-damage|p2a: Gaucho|16/100|[from] Sandstorm
|-damage|p1a: Blissey|63/100|[from] Sandstorm
|-heal|p2a: Gaucho|22/100|[from] item: Leftovers
|-heal|p1a: Blissey|70/100|[from] item: Leftovers
|upkeep
|turn|53
|inactive|UDM31 has 180 seconds left.
|inactive|mcgowin has 270 seconds left.
|c|☆UDM31|if you have ice punch it isn't gg yet
|
|t:|1728594938
|move|p2a: Gaucho|Explosion|p1a: Blissey
|-damage|p1a: Blissey|0 fnt
|faint|p2a: Gaucho
|faint|p1a: Blissey
|
|win|UDM31
|c|☆UDM31|gg
|player|p2|

</script>
<script type="application/json" class="data" id="replaydata-smogtours-gen3ou-797015">
{"id":"smogtours-gen3ou-797015","format":"[Gen 3] OU","players":["UDM31","mcgowin"],"uploadtime":1728594938,"views":124,"formatid":"gen3ou","rating":null,"private":1,"password":null}
</script>

<script defer src="js/replays.js?9d40a366"></script>
