<!DOCTYPE html>
<meta charset="utf-8" />
<meta name="viewport" content="width=device-width" />

<title>[Gen 3] OU: kalarse vs. TreinerOrenge - Replays - Pok&eacute;mon Showdown!</title>

<meta name="description" content="Watch a replay of a Pok&eacute;mon battle between kalarse and TreinerOrenge! Format: [Gen 3] OU; Date: Oct 27, 2024" />
<!--

Hey, you! Looking in the source for the replay log?

You can find them in JSON format, just add `.json` at the end of a replay URL.

https://replay.pokemonshowdown.com/gen7randomdoublesbattle-865046831.json

Or, if you only need the log itself, add `.log` instead:

https://replay.pokemonshowdown.com/gen7randomdoublesbattle-865046831.log

-->

<link rel="stylesheet" href="//pokemonshowdown.com/style/global.css?0.023195364461161105" />
<link rel="stylesheet" href="//play.pokemonshowdown.com/style/font-awesome.css?0.13261647063804238" />
<link rel="stylesheet" href="//play.pokemonshowdown.com/style/battle.css?0.8753245789963631" />
<link rel="stylesheet" href="//play.pokemonshowdown.com/style/utilichart.css?0.8627959624976733" />

<!-- Global site tag (gtag.js) - Google Analytics -->
<script async src="https://www.googletagmanager.com/gtag/js?id=UA-26211653-1"></script>
<script>
  window.dataLayer = window.dataLayer || [];
  function gtag(){dataLayer.push(arguments);}
  gtag('js', new Date());

  gtag('config', 'UA-26211653-1');
</script>
<!-- End Google Analytics -->
<!-- Venatus Ad Manager - Install in <HEAD> of page -->
	<script src="https://hb.vntsm.com/v3/live/ad-manager.min.js" type="text/javascript" data-site-id="642aba63ec9a7b11c3c9c1be" data-mode="scan" async></script>
<!-- / Venatus Ad Manager -->

<style>
	@media (max-width:820px) {
		.battle {
			margin: 0 auto;
		}
		.battle-log {
			margin: 7px auto 0;
			max-width: 640px;
			height: 300px;
			position: static;
		}
	}
	.optgroup {
		display: inline-block;
		line-height: 22px;
		font-size: 10pt;
	}
	.optgroup .button {
		height: 25px;
		padding-top: 0;
		padding-bottom: 0;
	}
	.optgroup button.button {
		padding-left: 12px;
		padding-right: 12px;
	}
	.linklist {
		list-style: none;
		margin: 0.5em 0;
		padding: 0;
	}
	.linklist li {
		padding: 2px 0;
	}
	.sidebar {
		float: left;
		width: 320px;
	}
	.bar-wrapper {
		max-width: 1100px;
		margin: 0 auto;
	}
	.bar-wrapper.has-sidebar {
		max-width: 1430px;
	}
	.mainbar {
		margin: 0;
		padding-right: 1px;
	}
	.mainbar.has-sidebar {
		margin-left: 330px;
	}
	@media (min-width: 1511px) {
		.sidebar {
			width: 400px;
		}
		.bar-wrapper.has-sidebar {
			max-width: 1510px;
		}
		.mainbar.has-sidebar {
			margin-left: 410px;
		}
	}
	.section.first-section {
		margin-top: 9px;
	}
	.blocklink small {
		white-space: normal;
	}
	.button {
		vertical-align: middle;
	}
	.replay-controls {
		padding-top: 10px;
	}
	.replay-controls h1 {
		font-size: 16pt;
		font-weight: normal;
		color: #CCC;
	}
	.pagelink {
		text-align: center;
	}
	.pagelink a {
		width: 150px;
	}
	.textbox, .button {
		font-size: 11pt;
		vertical-align: middle;
	}
	@media (max-width: 450px) {
		.button {
			font-size: 9pt;
		}
	}
</style>

<div>

	<header>
		<div class="nav-wrapper"><ul class="nav">
			<li><a class="button nav-first" href="//pokemonshowdown.com/"><img src="//pokemonshowdown.com/images/pokemonshowdownbeta.png" srcset="//pokemonshowdown.com/images/pokemonshowdownbeta.png 1x, //pokemonshowdown.com/images/pokemonshowdownbeta@2x.png 2x" alt="Pok&eacute;mon Showdown" width="146" height="44" /> Home</a></li>
			<li><a class="button" href="//pokemonshowdown.com/dex/">Pok&eacute;dex</a></li>
			<li><a class="button cur" href="/">Replays</a></li>
			<li><a class="button" href="//pokemonshowdown.com/ladder/">Ladder</a></li>
			<li><a class="button nav-last" href="//pokemonshowdown.com/forums/">Forum</a></li>
			<li><a class="button greenbutton nav-first nav-last" href="//play.pokemonshowdown.com/">Play</a></li>
		</ul></div>
	</header>

	<div class="main" id="main">

		<noscript><section class="section">You need to enable JavaScript to use this page; sorry!</section></noscript>

	</div>

</div>

<script defer nomodule src="//play.pokemonshowdown.com/js/lib/ps-polyfill.js"></script>
<script defer src="//play.pokemonshowdown.com/js/lib/preact.min.js"></script>

<script defer src="//play.pokemonshowdown.com/config/config.js?2bddbc15"></script>
<script defer src="//play.pokemonshowdown.com/js/lib/jquery-1.11.0.min.js"></script>
<script defer src="//play.pokemonshowdown.com/js/lib/html-sanitizer-minified.js"></script>
<script defer src="//play.pokemonshowdown.com/js/battle-sound.js"></script>
<script defer src="//play.pokemonshowdown.com/js/battledata.js?0.7209276989879541"></script>
<script defer src="//play.pokemonshowdown.com/data/pokedex-mini.js?0.6111056340867951"></script>
<script defer src="//play.pokemonshowdown.com/data/pokedex-mini-bw.js?0.3532142036491459"></script>
<script defer src="//play.pokemonshowdown.com/data/graphics.js?0.24223875632456182"></script>
<script defer src="//play.pokemonshowdown.com/data/pokedex.js?0.38839984266356864"></script>
<script defer src="//play.pokemonshowdown.com/data/moves.js?0.21866028504024015"></script>
<script defer src="//play.pokemonshowdown.com/data/abilities.js?0.2005157953846628"></script>
<script defer src="//play.pokemonshowdown.com/data/items.js?0.9894211263848525"></script>
<script defer src="//play.pokemonshowdown.com/data/teambuilder-tables.js?0.6008791140282215"></script>
<script defer src="//play.pokemonshowdown.com/js/battle-tooltips.js?0.7580118955022959"></script>
<script defer src="//play.pokemonshowdown.com/js/battle.js?0.6057722274234274"></script>

<script defer src="js/utils.js?e31f9a17"></script>
<script defer src="js/replays-battle.js?7008c182"></script>

<!-- don't scrape this data! just add .json or .log after the URL!
Full API docs: https://github.com/smogon/pokemon-showdown-client/blob/master/WEB-API.md -->
<script type="text/plain" class="log" id="replaylog-smogtours-gen3ou-802577">
|inactive|Battle timer is ON: inactive players will automatically lose when time's up.
|t:|1730052899
|gametype|singles
|player|p1|kalarse|fantina|
|player|p2|TreinerOrenge|#dpppliii|
|teamsize|p1|6
|teamsize|p2|6
|gen|3
|tier|[Gen 3] OU
|rule|Sleep Clause Mod: Limit one foe put to sleep
|rule|Switch Priority Clause Mod: Faster Pokémon switch first
|rule|Species Clause: Limit one of each Pokémon
|rule|OHKO Clause: OHKO moves are banned
|rule|Evasion Items Clause: Evasion items are banned
|rule|Evasion Moves Clause: Evasion moves are banned
|rule|Endless Battle Clause: Forcing endless battles is banned
|rule|HP Percentage Mod: HP is shown in percentages
|rule|One Boost Passer Clause: Limit one Baton Passer that has a way to boost its stats
|rule|Freeze Clause Mod: Limit one foe frozen
|
|t:|1730052899
|start
|switch|p1a: Zapdos|Zapdos|100/100
|switch|p2a: Skarmory|Skarmory, M|100/100
|turn|1
|c|☆kalarse|glhf
|
|t:|1730052913
|switch|p2a: Snorlax|Snorlax, M|100/100
|move|p1a: Zapdos|Thunderbolt|p2a: Snorlax
|-damage|p2a: Snorlax|78/100
|
|-heal|p2a: Snorlax|84/100|[from] item: Leftovers
|upkeep
|turn|2
|c|☆TreinerOrenge|u2
|
|t:|1730052924
|move|p1a: Zapdos|Baton Pass|p1a: Zapdos
|
|t:|1730052927
|switch|p1a: Gengar|Gengar, M|100/100|[from] Baton Pass
|move|p2a: Snorlax|Return|p1a: Gengar
|-immune|p1a: Gengar
|
|-heal|p2a: Snorlax|90/100|[from] item: Leftovers
|upkeep
|turn|3
|
|t:|1730052936
|switch|p2a: Tyranitar|Tyranitar, M|100/100
|-weather|Sandstorm|[from] ability: Sand Stream|[of] p2a: Tyranitar
|move|p1a: Gengar|Will-O-Wisp|p2a: Tyranitar
|-status|p2a: Tyranitar|brn
|
|-weather|Sandstorm|[upkeep]
|-damage|p1a: Gengar|94/100|[from] Sandstorm
|-heal|p1a: Gengar|100/100|[from] item: Leftovers
|-damage|p2a: Tyranitar|88/100 brn|[from] brn
|upkeep
|turn|4
|
|t:|1730052961
|-activate|p1a: Gengar|move: Pursuit
|move|p2a: Tyranitar|Pursuit|p1a: Gengar|[from]Pursuit
|-supereffective|p1a: Gengar
|-damage|p1a: Gengar|3/100
|switch|p1a: Dugtrio|Dugtrio, M|100/100
|
|-weather|Sandstorm|[upkeep]
|-heal|p2a: Tyranitar|94/100 brn|[from] item: Leftovers
|-damage|p2a: Tyranitar|82/100 brn|[from] brn
|upkeep
|turn|5
|
|t:|1730052976
|move|p1a: Dugtrio|Earthquake|p2a: Tyranitar
|-supereffective|p2a: Tyranitar
|-damage|p2a: Tyranitar|1/100 brn
|move|p2a: Tyranitar|Crunch|p1a: Dugtrio
|-damage|p1a: Dugtrio|29/100
|
|-weather|Sandstorm|[upkeep]
|-heal|p2a: Tyranitar|7/100 brn|[from] item: Leftovers
|-damage|p2a: Tyranitar|0 fnt|[from] brn
|faint|p2a: Tyranitar
|upkeep
|
|t:|1730052979
|switch|p2a: Skarmory|Skarmory, M|100/100
|turn|6
|
|t:|1730052995
|switch|p1a: Zapdos|Zapdos|100/100
|move|p2a: Skarmory|Spikes|p1a: Zapdos
|-sidestart|p1: kalarse|Spikes
|
|-weather|Sandstorm|[upkeep]
|-damage|p1a: Zapdos|94/100|[from] Sandstorm
|-heal|p1a: Zapdos|100/100|[from] item: Leftovers
|upkeep
|turn|7
|
|t:|1730053005
|move|p2a: Skarmory|Protect|p2a: Skarmory
|-singleturn|p2a: Skarmory|Protect
|move|p1a: Zapdos|Thunderbolt|p2a: Skarmory
|-activate|p2a: Skarmory|Protect
|
|-weather|Sandstorm|[upkeep]
|-damage|p1a: Zapdos|94/100|[from] Sandstorm
|-heal|p1a: Zapdos|100/100|[from] item: Leftovers
|upkeep
|turn|8
|
|t:|1730053014
|switch|p2a: Flygon|Flygon, M|100/100
|move|p1a: Zapdos|Thunderbolt|p2a: Flygon
|-immune|p2a: Flygon
|
|-weather|Sandstorm|[upkeep]
|-damage|p1a: Zapdos|94/100|[from] Sandstorm
|-heal|p1a: Zapdos|100/100|[from] item: Leftovers
|upkeep
|turn|9
|
|t:|1730053026
|switch|p1a: Celebi|Celebi|100/100
|-damage|p1a: Celebi|88/100|[from] Spikes
|move|p2a: Flygon|Rock Slide|p1a: Celebi
|-damage|p1a: Celebi|66/100
|
|-weather|Sandstorm|[upkeep]
|-damage|p1a: Celebi|59/100|[from] Sandstorm
|-heal|p1a: Celebi|66/100|[from] item: Leftovers
|upkeep
|turn|10
|
|t:|1730053040
|switch|p2a: Skarmory|Skarmory, M|100/100
|move|p1a: Celebi|Baton Pass|p1a: Celebi
|
|t:|1730053045
|switch|p1a: Zapdos|Zapdos|100/100|[from] Baton Pass
|
|-weather|Sandstorm|[upkeep]
|-damage|p1a: Zapdos|94/100|[from] Sandstorm
|-heal|p1a: Zapdos|100/100|[from] item: Leftovers
|upkeep
|turn|11
|
|t:|1730053053
|switch|p2a: Snorlax|Snorlax, M|90/100
|move|p1a: Zapdos|Substitute|p1a: Zapdos
|-start|p1a: Zapdos|Substitute
|-damage|p1a: Zapdos|76/100
|
|-weather|Sandstorm|[upkeep]
|-damage|p1a: Zapdos|70/100|[from] Sandstorm
|-damage|p2a: Snorlax|84/100|[from] Sandstorm
|-heal|p1a: Zapdos|76/100|[from] item: Leftovers
|-heal|p2a: Snorlax|90/100|[from] item: Leftovers
|upkeep
|turn|12
|
|t:|1730053064
|move|p1a: Zapdos|Thunderbolt|p2a: Snorlax
|-damage|p2a: Snorlax|63/100
|move|p2a: Snorlax|Return|p1a: Zapdos
|-end|p1a: Zapdos|Substitute
|
|-weather|Sandstorm|[upkeep]
|-damage|p1a: Zapdos|70/100|[from] Sandstorm
|-damage|p2a: Snorlax|57/100|[from] Sandstorm
|-heal|p1a: Zapdos|76/100|[from] item: Leftovers
|-heal|p2a: Snorlax|63/100|[from] item: Leftovers
|upkeep
|turn|13
|
|t:|1730053080
|move|p1a: Zapdos|Baton Pass|p1a: Zapdos
|
|t:|1730053082
|switch|p1a: Gengar|Gengar, M|3/100|[from] Baton Pass
|move|p2a: Snorlax|Return|p1a: Gengar
|-immune|p1a: Gengar
|
|-weather|Sandstorm|[upkeep]
|-damage|p1a: Gengar|0 fnt|[from] Sandstorm
|-damage|p2a: Snorlax|57/100|[from] Sandstorm
|faint|p1a: Gengar
|-heal|p2a: Snorlax|63/100|[from] item: Leftovers
|upkeep
|
|t:|1730053094
|switch|p1a: Dugtrio|Dugtrio, M|29/100
|-damage|p1a: Dugtrio|17/100|[from] Spikes
|turn|14
|
|t:|1730053099
|move|p1a: Dugtrio|Earthquake|p2a: Snorlax
|-damage|p2a: Snorlax|23/100
|move|p2a: Snorlax|Return|p1a: Dugtrio
|-damage|p1a: Dugtrio|0 fnt
|faint|p1a: Dugtrio
|
|t:|1730053117
|switch|p1a: Suicune|Suicune|100/100
|-damage|p1a: Suicune|88/100|[from] Spikes
|
|-weather|Sandstorm|[upkeep]
|-damage|p1a: Suicune|82/100|[from] Sandstorm
|-damage|p2a: Snorlax|17/100|[from] Sandstorm
|-heal|p1a: Suicune|88/100|[from] item: Leftovers
|-heal|p2a: Snorlax|23/100|[from] item: Leftovers
|upkeep
|turn|15
|
|t:|1730053127
|switch|p2a: Magneton|Magneton|100/100
|move|p1a: Suicune|Surf|p2a: Magneton
|-damage|p2a: Magneton|29/100
|
|-weather|Sandstorm|[upkeep]
|-damage|p1a: Suicune|82/100|[from] Sandstorm
|-heal|p1a: Suicune|88/100|[from] item: Leftovers
|upkeep
|turn|16
|
|t:|1730053140
|move|p1a: Suicune|Surf|p2a: Magneton
|-damage|p2a: Magneton|0 fnt
|faint|p2a: Magneton
|
|t:|1730053145
|switch|p2a: Skarmory|Skarmory, M|100/100
|
|-weather|Sandstorm|[upkeep]
|-damage|p1a: Suicune|82/100|[from] Sandstorm
|-heal|p1a: Suicune|88/100|[from] item: Leftovers
|upkeep
|turn|17
|
|t:|1730053154
|move|p1a: Suicune|Calm Mind|p1a: Suicune
|-boost|p1a: Suicune|spa|1
|-boost|p1a: Suicune|spd|1
|move|p2a: Skarmory|Toxic|p1a: Suicune
|-status|p1a: Suicune|tox
|
|-weather|Sandstorm|[upkeep]
|-damage|p1a: Suicune|82/100 tox|[from] Sandstorm
|-heal|p1a: Suicune|88/100 tox|[from] item: Leftovers
|-damage|p1a: Suicune|82/100 tox|[from] psn
|upkeep
|turn|18
|
|t:|1730053164
|move|p1a: Suicune|Hidden Power|p2a: Skarmory
|-supereffective|p2a: Skarmory
|-damage|p2a: Skarmory|48/100
|move|p2a: Skarmory|Spikes|p1a: Suicune
|-sidestart|p1: kalarse|Spikes
|
|-weather|Sandstorm|[upkeep]
|-damage|p1a: Suicune|76/100 tox|[from] Sandstorm
|-heal|p1a: Suicune|82/100 tox|[from] item: Leftovers
|-damage|p1a: Suicune|70/100 tox|[from] psn
|-heal|p2a: Skarmory|54/100|[from] item: Leftovers
|upkeep
|turn|19
|
|t:|1730053174
|move|p2a: Skarmory|Protect|p2a: Skarmory
|-singleturn|p2a: Skarmory|Protect
|move|p1a: Suicune|Calm Mind|p1a: Suicune
|-boost|p1a: Suicune|spa|1
|-boost|p1a: Suicune|spd|1
|
|-weather|Sandstorm|[upkeep]
|-damage|p1a: Suicune|64/100 tox|[from] Sandstorm
|-heal|p1a: Suicune|70/100 tox|[from] item: Leftovers
|-damage|p1a: Suicune|52/100 tox|[from] psn
|-heal|p2a: Skarmory|60/100|[from] item: Leftovers
|upkeep
|turn|20
|
|t:|1730053185
|switch|p2a: Milotic|Milotic, F|100/100
|move|p1a: Suicune|Hidden Power|p2a: Milotic
|-supereffective|p2a: Milotic
|-damage|p2a: Milotic|41/100
|
|-weather|Sandstorm|[upkeep]
|-damage|p1a: Suicune|46/100 tox|[from] Sandstorm
|-damage|p2a: Milotic|35/100|[from] Sandstorm
|-heal|p1a: Suicune|52/100 tox|[from] item: Leftovers
|-damage|p1a: Suicune|28/100 tox|[from] psn
|-heal|p2a: Milotic|41/100|[from] item: Leftovers
|upkeep
|turn|21
|
|t:|1730053205
|move|p1a: Suicune|Surf|p2a: Milotic
|-resisted|p2a: Milotic
|-damage|p2a: Milotic|14/100
|move|p2a: Milotic|Recover|p2a: Milotic
|-heal|p2a: Milotic|64/100
|
|-weather|Sandstorm|[upkeep]
|-damage|p1a: Suicune|22/100 tox|[from] Sandstorm
|-damage|p2a: Milotic|58/100|[from] Sandstorm
|-heal|p1a: Suicune|28/100 tox|[from] item: Leftovers
|-damage|p1a: Suicune|0 fnt|[from] psn
|faint|p1a: Suicune
|-heal|p2a: Milotic|64/100|[from] item: Leftovers
|upkeep
|inactive|kalarse has 270 seconds left.
|
|t:|1730053232
|switch|p1a: Celebi|Celebi|66/100
|-damage|p1a: Celebi|49/100|[from] Spikes
|turn|22
|
|t:|1730053242
|switch|p2a: Skarmory|Skarmory, M|60/100
|move|p1a: Celebi|Calm Mind|p1a: Celebi
|-boost|p1a: Celebi|spa|1
|-boost|p1a: Celebi|spd|1
|
|-weather|Sandstorm|[upkeep]
|-damage|p1a: Celebi|43/100|[from] Sandstorm
|-heal|p1a: Celebi|49/100|[from] item: Leftovers
|-heal|p2a: Skarmory|66/100|[from] item: Leftovers
|upkeep
|turn|23
|
|t:|1730053254
|switch|p2a: Flygon|Flygon, M|100/100
|move|p1a: Celebi|Baton Pass|p1a: Celebi
|inactive|kalarse has 270 seconds left.
|
|t:|1730053282
|switch|p1a: Jirachi|Jirachi|100/100|[from] Baton Pass
|-damage|p1a: Jirachi|84/100|[from] Spikes
|
|-weather|Sandstorm|[upkeep]
|-heal|p1a: Jirachi|90/100|[from] item: Leftovers
|upkeep
|turn|24
|
|t:|1730053292
|move|p2a: Flygon|Earthquake|p1a: Jirachi
|-supereffective|p1a: Jirachi
|-damage|p1a: Jirachi|0 fnt
|faint|p1a: Jirachi
|
|t:|1730053298
|switch|p1a: Celebi|Celebi|49/100
|-damage|p1a: Celebi|32/100|[from] Spikes
|
|-weather|Sandstorm|[upkeep]
|-damage|p1a: Celebi|26/100|[from] Sandstorm
|-heal|p1a: Celebi|32/100|[from] item: Leftovers
|upkeep
|turn|25
|
|t:|1730053305
|switch|p2a: Skarmory|Skarmory, M|66/100
|move|p1a: Celebi|Calm Mind|p1a: Celebi
|-boost|p1a: Celebi|spa|1
|-boost|p1a: Celebi|spd|1
|
|-weather|Sandstorm|[upkeep]
|-damage|p1a: Celebi|26/100|[from] Sandstorm
|-heal|p1a: Celebi|32/100|[from] item: Leftovers
|-heal|p2a: Skarmory|72/100|[from] item: Leftovers
|upkeep
|turn|26
|
|t:|1730053316
|move|p1a: Celebi|Baton Pass|p1a: Celebi
|
|t:|1730053317
|switch|p1a: Zapdos|Zapdos|76/100|[from] Baton Pass
|move|p2a: Skarmory|Toxic|p1a: Zapdos
|-status|p1a: Zapdos|tox
|
|-weather|Sandstorm|[upkeep]
|-damage|p1a: Zapdos|70/100 tox|[from] Sandstorm
|-heal|p1a: Zapdos|76/100 tox|[from] item: Leftovers
|-damage|p1a: Zapdos|70/100 tox|[from] psn
|-heal|p2a: Skarmory|78/100|[from] item: Leftovers
|upkeep
|turn|27
|inactive|kalarse has 270 seconds left.
|
|t:|1730053332
|move|p2a: Skarmory|Protect|p2a: Skarmory
|-singleturn|p2a: Skarmory|Protect
|move|p1a: Zapdos|Thunderbolt|p2a: Skarmory
|-activate|p2a: Skarmory|Protect
|
|-weather|Sandstorm|[upkeep]
|-damage|p1a: Zapdos|64/100 tox|[from] Sandstorm
|-heal|p1a: Zapdos|70/100 tox|[from] item: Leftovers
|-damage|p1a: Zapdos|58/100 tox|[from] psn
|-heal|p2a: Skarmory|84/100|[from] item: Leftovers
|upkeep
|turn|28
|inactive|kalarse has 270 seconds left.
|
|t:|1730053342
|switch|p2a: Snorlax|Snorlax, M|23/100
|move|p1a: Zapdos|Hidden Power|p2a: Snorlax
|-damage|p2a: Snorlax|5/100
|
|-weather|Sandstorm|[upkeep]
|-damage|p1a: Zapdos|52/100 tox|[from] Sandstorm
|-damage|p2a: Snorlax|0 fnt|[from] Sandstorm
|faint|p2a: Snorlax
|-heal|p1a: Zapdos|58/100 tox|[from] item: Leftovers
|-damage|p1a: Zapdos|40/100 tox|[from] psn
|upkeep
|
|t:|1730053348
|switch|p2a: Skarmory|Skarmory, M|84/100
|turn|29
|
|t:|1730053355
|move|p2a: Skarmory|Protect|p2a: Skarmory
|-singleturn|p2a: Skarmory|Protect
|move|p1a: Zapdos|Baton Pass|p1a: Zapdos
|
|t:|1730053359
|switch|p1a: Celebi|Celebi|32/100|[from] Baton Pass
|-damage|p1a: Celebi|16/100|[from] Spikes
|
|-weather|Sandstorm|[upkeep]
|-damage|p1a: Celebi|10/100|[from] Sandstorm
|-heal|p1a: Celebi|16/100|[from] item: Leftovers
|-heal|p2a: Skarmory|90/100|[from] item: Leftovers
|upkeep
|turn|30
|
|t:|1730053372
|move|p1a: Celebi|Hidden Power|p2a: Skarmory
|-supereffective|p2a: Skarmory
|-damage|p2a: Skarmory|33/100
|move|p2a: Skarmory|Drill Peck|p1a: Celebi
|-supereffective|p1a: Celebi
|-damage|p1a: Celebi|0 fnt
|faint|p1a: Celebi
|
|t:|1730053379
|switch|p1a: Zapdos|Zapdos|40/100 tox
|
|-weather|Sandstorm|[upkeep]
|-damage|p1a: Zapdos|34/100 tox|[from] Sandstorm
|-heal|p1a: Zapdos|40/100 tox|[from] item: Leftovers
|-damage|p1a: Zapdos|34/100 tox|[from] psn
|-heal|p2a: Skarmory|39/100|[from] item: Leftovers
|upkeep
|turn|31
|c|☆kalarse|gg
|c|☆TreinerOrenge|ggs
|-message|kalarse forfeited.
|
|win|TreinerOrenge

</script>
<script type="application/json" class="data" id="replaydata-smogtours-gen3ou-802577">
{"id":"smogtours-gen3ou-802577","format":"[Gen 3] OU","players":["kalarse","TreinerOrenge"],"uploadtime":1730053388,"views":110,"formatid":"gen3ou","rating":null,"private":0,"password":null}
</script>

<script defer src="js/replays.js?9d40a366"></script>
