<!DOCTYPE html>
<meta charset="utf-8" />
<meta name="viewport" content="width=device-width" />

<title>[Gen 3] OU: stypur vs. GoldThe1andOnly - Replays - Pok&eacute;mon Showdown!</title>

<meta name="description" content="Watch a replay of a Pok&eacute;mon battle between stypur and GoldThe1andOnly! Format: [Gen 3] OU; Date: Oct 27, 2024" />
<!--

Hey, you! Looking in the source for the replay log?

You can find them in JSON format, just add `.json` at the end of a replay URL.

https://replay.pokemonshowdown.com/gen7randomdoublesbattle-865046831.json

Or, if you only need the log itself, add `.log` instead:

https://replay.pokemonshowdown.com/gen7randomdoublesbattle-865046831.log

-->

<link rel="stylesheet" href="//pokemonshowdown.com/style/global.css?0.023195364461161105" />
<link rel="stylesheet" href="//play.pokemonshowdown.com/style/font-awesome.css?0.13261647063804238" />
<link rel="stylesheet" href="//play.pokemonshowdown.com/style/battle.css?0.8753245789963631" />
<link rel="stylesheet" href="//play.pokemonshowdown.com/style/utilichart.css?0.8627959624976733" />

<!-- Global site tag (gtag.js) - Google Analytics -->
<script async src="https://www.googletagmanager.com/gtag/js?id=UA-26211653-1"></script>
<script>
  window.dataLayer = window.dataLayer || [];
  function gtag(){dataLayer.push(arguments);}
  gtag('js', new Date());

  gtag('config', 'UA-26211653-1');
</script>
<!-- End Google Analytics -->
<!-- Venatus Ad Manager - Install in <HEAD> of page -->
	<script src="https://hb.vntsm.com/v3/live/ad-manager.min.js" type="text/javascript" data-site-id="642aba63ec9a7b11c3c9c1be" data-mode="scan" async></script>
<!-- / Venatus Ad Manager -->

<style>
	@media (max-width:820px) {
		.battle {
			margin: 0 auto;
		}
		.battle-log {
			margin: 7px auto 0;
			max-width: 640px;
			height: 300px;
			position: static;
		}
	}
	.optgroup {
		display: inline-block;
		line-height: 22px;
		font-size: 10pt;
	}
	.optgroup .button {
		height: 25px;
		padding-top: 0;
		padding-bottom: 0;
	}
	.optgroup button.button {
		padding-left: 12px;
		padding-right: 12px;
	}
	.linklist {
		list-style: none;
		margin: 0.5em 0;
		padding: 0;
	}
	.linklist li {
		padding: 2px 0;
	}
	.sidebar {
		float: left;
		width: 320px;
	}
	.bar-wrapper {
		max-width: 1100px;
		margin: 0 auto;
	}
	.bar-wrapper.has-sidebar {
		max-width: 1430px;
	}
	.mainbar {
		margin: 0;
		padding-right: 1px;
	}
	.mainbar.has-sidebar {
		margin-left: 330px;
	}
	@media (min-width: 1511px) {
		.sidebar {
			width: 400px;
		}
		.bar-wrapper.has-sidebar {
			max-width: 1510px;
		}
		.mainbar.has-sidebar {
			margin-left: 410px;
		}
	}
	.section.first-section {
		margin-top: 9px;
	}
	.blocklink small {
		white-space: normal;
	}
	.button {
		vertical-align: middle;
	}
	.replay-controls {
		padding-top: 10px;
	}
	.replay-controls h1 {
		font-size: 16pt;
		font-weight: normal;
		color: #CCC;
	}
	.pagelink {
		text-align: center;
	}
	.pagelink a {
		width: 150px;
	}
	.textbox, .button {
		font-size: 11pt;
		vertical-align: middle;
	}
	@media (max-width: 450px) {
		.button {
			font-size: 9pt;
		}
	}
</style>

<div>

	<header>
		<div class="nav-wrapper"><ul class="nav">
			<li><a class="button nav-first" href="//pokemonshowdown.com/"><img src="//pokemonshowdown.com/images/pokemonshowdownbeta.png" srcset="//pokemonshowdown.com/images/pokemonshowdownbeta.png 1x, //pokemonshowdown.com/images/pokemonshowdownbeta@2x.png 2x" alt="Pok&eacute;mon Showdown" width="146" height="44" /> Home</a></li>
			<li><a class="button" href="//pokemonshowdown.com/dex/">Pok&eacute;dex</a></li>
			<li><a class="button cur" href="/">Replays</a></li>
			<li><a class="button" href="//pokemonshowdown.com/ladder/">Ladder</a></li>
			<li><a class="button nav-last" href="//pokemonshowdown.com/forums/">Forum</a></li>
			<li><a class="button greenbutton nav-first nav-last" href="//play.pokemonshowdown.com/">Play</a></li>
		</ul></div>
	</header>

	<div class="main" id="main">

		<noscript><section class="section">You need to enable JavaScript to use this page; sorry!</section></noscript>

	</div>

</div>

<script defer nomodule src="//play.pokemonshowdown.com/js/lib/ps-polyfill.js"></script>
<script defer src="//play.pokemonshowdown.com/js/lib/preact.min.js"></script>

<script defer src="//play.pokemonshowdown.com/config/config.js?2bddbc15"></script>
<script defer src="//play.pokemonshowdown.com/js/lib/jquery-1.11.0.min.js"></script>
<script defer src="//play.pokemonshowdown.com/js/lib/html-sanitizer-minified.js"></script>
<script defer src="//play.pokemonshowdown.com/js/battle-sound.js"></script>
<script defer src="//play.pokemonshowdown.com/js/battledata.js?0.7209276989879541"></script>
<script defer src="//play.pokemonshowdown.com/data/pokedex-mini.js?0.6111056340867951"></script>
<script defer src="//play.pokemonshowdown.com/data/pokedex-mini-bw.js?0.3532142036491459"></script>
<script defer src="//play.pokemonshowdown.com/data/graphics.js?0.24223875632456182"></script>
<script defer src="//play.pokemonshowdown.com/data/pokedex.js?0.38839984266356864"></script>
<script defer src="//play.pokemonshowdown.com/data/moves.js?0.21866028504024015"></script>
<script defer src="//play.pokemonshowdown.com/data/abilities.js?0.2005157953846628"></script>
<script defer src="//play.pokemonshowdown.com/data/items.js?0.9894211263848525"></script>
<script defer src="//play.pokemonshowdown.com/data/teambuilder-tables.js?0.6008791140282215"></script>
<script defer src="//play.pokemonshowdown.com/js/battle-tooltips.js?0.7580118955022959"></script>
<script defer src="//play.pokemonshowdown.com/js/battle.js?0.6057722274234274"></script>

<script defer src="js/utils.js?e31f9a17"></script>
<script defer src="js/replays-battle.js?7008c182"></script>

<!-- don't scrape this data! just add .json or .log after the URL!
Full API docs: https://github.com/smogon/pokemon-showdown-client/blob/master/WEB-API.md -->
<script type="text/plain" class="log" id="replaylog-smogtours-gen3ou-802357">
|inactive|Battle timer is ON: inactive players will automatically lose when time's up.
|t:|1729988047
|gametype|singles
|player|p1|stypur|swimmerf|
|player|p2|GoldThe1andOnly|elesa-masters|
|teamsize|p1|6
|teamsize|p2|6
|gen|3
|tier|[Gen 3] OU
|rule|Sleep Clause Mod: Limit one foe put to sleep
|rule|Switch Priority Clause Mod: Faster Pokémon switch first
|rule|Species Clause: Limit one of each Pokémon
|rule|OHKO Clause: OHKO moves are banned
|rule|Evasion Items Clause: Evasion items are banned
|rule|Evasion Moves Clause: Evasion moves are banned
|rule|Endless Battle Clause: Forcing endless battles is banned
|rule|HP Percentage Mod: HP is shown in percentages
|rule|One Boost Passer Clause: Limit one Baton Passer that has a way to boost its stats
|rule|Freeze Clause Mod: Limit one foe frozen
|
|t:|1729988047
|start
|switch|p1a: Hariyama|Hariyama, F|100/100
|switch|p2a: Celebi|Celebi|100/100
|turn|1
|
|t:|1729988058
|move|p2a: Celebi|Psychic|p1a: Hariyama
|-supereffective|p1a: Hariyama
|-damage|p1a: Hariyama|28/100
|move|p1a: Hariyama|Hidden Power|p2a: Celebi
|-supereffective|p2a: Celebi
|-damage|p2a: Celebi|21/100
|
|-heal|p2a: Celebi|27/100|[from] item: Leftovers
|-heal|p1a: Hariyama|34/100|[from] item: Leftovers
|upkeep
|turn|2
|
|t:|1729988065
|switch|p1a: Jirachi|Jirachi|100/100
|move|p2a: Celebi|Psychic|p1a: Jirachi
|-resisted|p1a: Jirachi
|-damage|p1a: Jirachi|95/100
|
|-heal|p2a: Celebi|33/100|[from] item: Leftovers
|-heal|p1a: Jirachi|100/100|[from] item: Leftovers
|upkeep
|turn|3
|
|t:|1729988069
|move|p2a: Celebi|Recover|p2a: Celebi
|-heal|p2a: Celebi|83/100
|move|p1a: Jirachi|Body Slam|p2a: Celebi
|-damage|p2a: Celebi|67/100
|
|-heal|p2a: Celebi|73/100|[from] item: Leftovers
|upkeep
|turn|4
|
|t:|1729988079
|switch|p2a: Tyranitar|Tyranitar, F|100/100
|-weather|Sandstorm|[from] ability: Sand Stream|[of] p2a: Tyranitar
|move|p1a: Jirachi|Body Slam|p2a: Tyranitar
|-resisted|p2a: Tyranitar
|-damage|p2a: Tyranitar|93/100
|-status|p2a: Tyranitar|par
|
|-weather|Sandstorm|[upkeep]
|-heal|p2a: Tyranitar|99/100 par|[from] item: Leftovers
|upkeep
|turn|5
|
|t:|1729988091
|move|p1a: Jirachi|Wish|p1a: Jirachi
|move|p2a: Tyranitar|Earthquake|p1a: Jirachi
|-supereffective|p1a: Jirachi
|-damage|p1a: Jirachi|45/100
|
|-weather|Sandstorm|[upkeep]
|-heal|p1a: Jirachi|51/100|[from] item: Leftovers
|-heal|p2a: Tyranitar|100/100 par|[from] item: Leftovers
|upkeep
|turn|6
|
|t:|1729988101
|switch|p1a: Marowak|Marowak, F|100/100
|switch|p2a: Moltres|Moltres|100/100
|
|-weather|Sandstorm|[upkeep]
|-damage|p2a: Moltres|94/100|[from] Sandstorm
|-heal|p2a: Moltres|100/100|[from] item: Leftovers
|upkeep
|turn|7
|
|t:|1729988118
|switch|p2a: Celebi|Celebi|73/100
|switch|p1a: Starmie|Starmie|100/100
|
|-weather|Sandstorm|[upkeep]
|-damage|p1a: Starmie|94/100|[from] Sandstorm
|-damage|p2a: Celebi|67/100|[from] Sandstorm
|-heal|p1a: Starmie|100/100|[from] item: Leftovers
|-heal|p2a: Celebi|73/100|[from] item: Leftovers
|upkeep
|turn|8
|
|t:|1729988128
|switch|p1a: Jirachi|Jirachi|51/100
|move|p2a: Celebi|Leech Seed|p1a: Jirachi
|-start|p1a: Jirachi|move: Leech Seed
|
|-weather|Sandstorm|[upkeep]
|-damage|p2a: Celebi|67/100|[from] Sandstorm
|-heal|p2a: Celebi|73/100|[from] item: Leftovers
|-heal|p1a: Jirachi|57/100|[from] item: Leftovers
|-damage|p1a: Jirachi|45/100|[from] Leech Seed|[of] p2a: Celebi
|-heal|p2a: Celebi|86/100|[silent]
|upkeep
|turn|9
|
|t:|1729988136
|switch|p2a: Tyranitar|Tyranitar, F|100/100 par
|move|p1a: Jirachi|Wish|p1a: Jirachi
|
|-weather|Sandstorm|[upkeep]
|-heal|p1a: Jirachi|51/100|[from] item: Leftovers
|-damage|p1a: Jirachi|39/100|[from] Leech Seed|[of] p2a: Tyranitar
|upkeep
|turn|10
|
|t:|1729988150
|-activate|p1a: Jirachi|move: Pursuit
|move|p2a: Tyranitar|Pursuit|p1a: Jirachi|[from]Pursuit
|-damage|p1a: Jirachi|20/100
|switch|p1a: Marowak|Marowak, F|100/100
|
|-weather|Sandstorm|[upkeep]
|upkeep
|turn|11
|
|t:|1729988164
|switch|p2a: Forretress|Forretress, M|100/100
|move|p1a: Marowak|Rock Slide|p2a: Forretress
|-damage|p2a: Forretress|73/100
|
|-weather|Sandstorm|[upkeep]
|-heal|p2a: Forretress|79/100|[from] item: Leftovers
|upkeep
|turn|12
|
|t:|1729988172
|switch|p1a: Jirachi|Jirachi|20/100
|move|p2a: Forretress|Spikes|p1a: Jirachi
|-sidestart|p1: stypur|Spikes
|
|-weather|Sandstorm|[upkeep]
|-heal|p1a: Jirachi|26/100|[from] item: Leftovers
|-heal|p2a: Forretress|86/100|[from] item: Leftovers
|upkeep
|turn|13
|
|t:|1729988180
|switch|p2a: Tyranitar|Tyranitar, F|100/100 par
|move|p1a: Jirachi|Wish|p1a: Jirachi
|
|-weather|Sandstorm|[upkeep]
|-heal|p1a: Jirachi|32/100|[from] item: Leftovers
|upkeep
|turn|14
|
|t:|1729988184
|move|p1a: Jirachi|Protect|p1a: Jirachi
|-singleturn|p1a: Jirachi|Protect
|move|p2a: Tyranitar|Pursuit|p1a: Jirachi
|-activate|p1a: Jirachi|Protect
|
|-heal|p1a: Jirachi|82/100|[from] move: Wish|[wisher] Jirachi
|-weather|Sandstorm|[upkeep]
|-heal|p1a: Jirachi|88/100|[from] item: Leftovers
|upkeep
|turn|15
|
|t:|1729988189
|move|p1a: Jirachi|Wish|p1a: Jirachi
|move|p2a: Tyranitar|Earthquake|p1a: Jirachi
|-supereffective|p1a: Jirachi
|-damage|p1a: Jirachi|34/100
|
|-weather|Sandstorm|[upkeep]
|-heal|p1a: Jirachi|40/100|[from] item: Leftovers
|upkeep
|turn|16
|
|t:|1729988196
|switch|p2a: Swampert|Swampert, F|100/100
|move|p1a: Jirachi|Protect||[still]
|-fail|p1a: Jirachi
|
|-heal|p1a: Jirachi|90/100|[from] move: Wish|[wisher] Jirachi
|-weather|Sandstorm|[upkeep]
|-heal|p1a: Jirachi|96/100|[from] item: Leftovers
|upkeep
|turn|17
|
|t:|1729988202
|switch|p1a: Celebi|Celebi|100/100
|-damage|p1a: Celebi|88/100|[from] Spikes
|switch|p2a: Tyranitar|Tyranitar, F|100/100 par
|
|-weather|Sandstorm|[upkeep]
|-damage|p1a: Celebi|82/100|[from] Sandstorm
|-heal|p1a: Celebi|88/100|[from] item: Leftovers
|upkeep
|turn|18
|
|t:|1729988212
|switch|p2a: Forretress|Forretress, M|86/100
|move|p1a: Celebi|Leech Seed|p2a: Forretress
|-start|p2a: Forretress|move: Leech Seed
|
|-weather|Sandstorm|[upkeep]
|-damage|p1a: Celebi|82/100|[from] Sandstorm
|-heal|p1a: Celebi|88/100|[from] item: Leftovers
|-heal|p2a: Forretress|92/100|[from] item: Leftovers
|-damage|p2a: Forretress|79/100|[from] Leech Seed|[of] p1a: Celebi
|-heal|p1a: Celebi|99/100|[silent]
|upkeep
|turn|19
|
|t:|1729988236
|switch|p1a: Salamence|Salamence, M|100/100
|-ability|p1a: Salamence|Intimidate|boost
|-unboost|p2a: Forretress|atk|1
|move|p2a: Forretress|Hidden Power|p1a: Salamence
|-resisted|p1a: Salamence
|-damage|p1a: Salamence|95/100
|
|-weather|Sandstorm|[upkeep]
|-damage|p1a: Salamence|89/100|[from] Sandstorm
|-heal|p1a: Salamence|95/100|[from] item: Leftovers
|-heal|p2a: Forretress|86/100|[from] item: Leftovers
|-damage|p2a: Forretress|73/100|[from] Leech Seed|[of] p1a: Salamence
|-heal|p1a: Salamence|100/100|[silent]
|upkeep
|turn|20
|
|t:|1729988249
|switch|p1a: Hariyama|Hariyama, F|34/100
|-damage|p1a: Hariyama|22/100|[from] Spikes
|switch|p2a: Tyranitar|Tyranitar, F|100/100 par
|
|-weather|Sandstorm|[upkeep]
|-damage|p1a: Hariyama|16/100|[from] Sandstorm
|-heal|p1a: Hariyama|22/100|[from] item: Leftovers
|upkeep
|turn|21
|
|t:|1729988261
|switch|p2a: Moltres|Moltres|100/100
|move|p1a: Hariyama|Knock Off|p2a: Moltres
|-damage|p2a: Moltres|98/100
|-enditem|p2a: Moltres|Leftovers|[from] move: Knock Off|[of] p1a: Hariyama
|-hint|In Gens 3-4, Knock Off only makes the target's item unusable; it cannot obtain a new item.
|
|-weather|Sandstorm|[upkeep]
|-damage|p2a: Moltres|92/100|[from] Sandstorm
|-damage|p1a: Hariyama|16/100|[from] Sandstorm
|-heal|p1a: Hariyama|22/100|[from] item: Leftovers
|upkeep
|turn|22
|
|t:|1729988267
|switch|p1a: Starmie|Starmie|100/100
|-damage|p1a: Starmie|88/100|[from] Spikes
|move|p2a: Moltres|Flamethrower|p1a: Starmie
|-resisted|p1a: Starmie
|-damage|p1a: Starmie|55/100
|
|-weather|Sandstorm|[upkeep]
|-damage|p1a: Starmie|49/100|[from] Sandstorm
|-damage|p2a: Moltres|86/100|[from] Sandstorm
|-heal|p1a: Starmie|55/100|[from] item: Leftovers
|upkeep
|turn|23
|
|t:|1729988273
|switch|p2a: Celebi|Celebi|86/100
|move|p1a: Starmie|Rapid Spin|p2a: Celebi
|-damage|p2a: Celebi|83/100
|-sideend|p1: stypur|Spikes|[from] move: Rapid Spin|[of] p1a: Starmie
|
|-weather|Sandstorm|[upkeep]
|-damage|p1a: Starmie|49/100|[from] Sandstorm
|-damage|p2a: Celebi|77/100|[from] Sandstorm
|-heal|p1a: Starmie|55/100|[from] item: Leftovers
|-heal|p2a: Celebi|83/100|[from] item: Leftovers
|upkeep
|turn|24
|
|t:|1729988287
|switch|p1a: Celebi|Celebi|99/100
|move|p2a: Celebi|Leech Seed|p1a: Celebi
|-immune|p1a: Celebi
|
|-weather|Sandstorm|[upkeep]
|-damage|p2a: Celebi|77/100|[from] Sandstorm
|-damage|p1a: Celebi|93/100|[from] Sandstorm
|-heal|p1a: Celebi|99/100|[from] item: Leftovers
|-heal|p2a: Celebi|83/100|[from] item: Leftovers
|upkeep
|turn|25
|
|t:|1729988293
|switch|p2a: Forretress|Forretress, M|73/100
|move|p1a: Celebi|Psychic|p2a: Forretress
|-resisted|p2a: Forretress
|-damage|p2a: Forretress|57/100
|-unboost|p2a: Forretress|spd|1
|
|-weather|Sandstorm|[upkeep]
|-damage|p1a: Celebi|93/100|[from] Sandstorm
|-heal|p1a: Celebi|99/100|[from] item: Leftovers
|-heal|p2a: Forretress|63/100|[from] item: Leftovers
|upkeep
|turn|26
|
|t:|1729988301
|switch|p1a: Salamence|Salamence, M|100/100
|-ability|p1a: Salamence|Intimidate|boost
|-unboost|p2a: Forretress|atk|1
|move|p2a: Forretress|Spikes|p1a: Salamence
|-sidestart|p1: stypur|Spikes
|
|-weather|Sandstorm|[upkeep]
|-damage|p1a: Salamence|94/100|[from] Sandstorm
|-heal|p1a: Salamence|100/100|[from] item: Leftovers
|-heal|p2a: Forretress|69/100|[from] item: Leftovers
|upkeep
|turn|27
|
|t:|1729988310
|switch|p2a: Moltres|Moltres|86/100
|move|p1a: Salamence|Wish|p1a: Salamence
|
|-weather|Sandstorm|[upkeep]
|-damage|p2a: Moltres|80/100|[from] Sandstorm
|-damage|p1a: Salamence|94/100|[from] Sandstorm
|-heal|p1a: Salamence|100/100|[from] item: Leftovers
|upkeep
|turn|28
|
|t:|1729988315
|switch|p1a: Starmie|Starmie|55/100
|-damage|p1a: Starmie|43/100|[from] Spikes
|move|p2a: Moltres|Will-O-Wisp|p1a: Starmie
|-status|p1a: Starmie|brn
|
|-heal|p1a: Starmie|93/100 brn|[from] move: Wish|[wisher] Salamence
|-weather|Sandstorm|[upkeep]
|-damage|p1a: Starmie|87/100 brn|[from] Sandstorm
|-damage|p2a: Moltres|74/100|[from] Sandstorm
|-heal|p1a: Starmie|93/100 brn|[from] item: Leftovers
|-damage|p1a: Starmie|81/100 brn|[from] brn
|upkeep
|turn|29
|inactive|GoldThe1andOnly has 270 seconds left.
|
|t:|1729988357
|switch|p2a: Celebi|Celebi|83/100
|move|p1a: Starmie|Rapid Spin|p2a: Celebi
|-damage|p2a: Celebi|82/100
|-sideend|p1: stypur|Spikes|[from] move: Rapid Spin|[of] p1a: Starmie
|
|-weather|Sandstorm|[upkeep]
|-damage|p1a: Starmie|75/100 brn|[from] Sandstorm
|-damage|p2a: Celebi|76/100|[from] Sandstorm
|-heal|p1a: Starmie|81/100 brn|[from] item: Leftovers
|-damage|p1a: Starmie|68/100 brn|[from] brn
|-heal|p2a: Celebi|82/100|[from] item: Leftovers
|upkeep
|turn|30
|
|t:|1729988363
|-curestatus|p1a: Starmie|brn|[from] ability: Natural Cure
|switch|p1a: Celebi|Celebi|99/100
|switch|p2a: Forretress|Forretress, M|69/100
|
|-weather|Sandstorm|[upkeep]
|-damage|p1a: Celebi|93/100|[from] Sandstorm
|-heal|p1a: Celebi|99/100|[from] item: Leftovers
|-heal|p2a: Forretress|76/100|[from] item: Leftovers
|upkeep
|turn|31
|
|t:|1729988378
|switch|p1a: Jirachi|Jirachi|96/100
|move|p2a: Forretress|Spikes|p1a: Jirachi
|-sidestart|p1: stypur|Spikes
|
|-weather|Sandstorm|[upkeep]
|-heal|p1a: Jirachi|100/100|[from] item: Leftovers
|-heal|p2a: Forretress|82/100|[from] item: Leftovers
|upkeep
|turn|32
|
|t:|1729988385
|switch|p2a: Tyranitar|Tyranitar, F|100/100 par
|move|p1a: Jirachi|Wish|p1a: Jirachi
|
|-weather|Sandstorm|[upkeep]
|upkeep
|turn|33
|
|t:|1729988388
|switch|p1a: Marowak|Marowak, F|100/100
|-damage|p1a: Marowak|88/100|[from] Spikes
|move|p2a: Tyranitar|Crunch|p1a: Marowak
|-crit|p1a: Marowak
|-damage|p1a: Marowak|4/100
|
|-heal|p1a: Marowak|54/100|[from] move: Wish|[wisher] Jirachi
|-weather|Sandstorm|[upkeep]
|upkeep
|turn|34
|
|t:|1729988400
|switch|p2a: Celebi|Celebi|82/100
|move|p1a: Marowak|Earthquake|p2a: Celebi
|-resisted|p2a: Celebi
|-damage|p2a: Celebi|46/100
|
|-weather|Sandstorm|[upkeep]
|-damage|p2a: Celebi|40/100|[from] Sandstorm
|-heal|p2a: Celebi|46/100|[from] item: Leftovers
|upkeep
|turn|35
|
|t:|1729988405
|switch|p1a: Celebi|Celebi|99/100
|-damage|p1a: Celebi|87/100|[from] Spikes
|move|p2a: Celebi|Hidden Power|p1a: Celebi
|-resisted|p1a: Celebi
|-damage|p1a: Celebi|75/100
|
|-weather|Sandstorm|[upkeep]
|-damage|p2a: Celebi|40/100|[from] Sandstorm
|-damage|p1a: Celebi|69/100|[from] Sandstorm
|-heal|p2a: Celebi|46/100|[from] item: Leftovers
|-heal|p1a: Celebi|75/100|[from] item: Leftovers
|upkeep
|turn|36
|
|t:|1729988412
|move|p1a: Celebi|Leech Seed|p2a: Celebi
|-immune|p2a: Celebi
|move|p2a: Celebi|Recover|p2a: Celebi
|-heal|p2a: Celebi|96/100
|
|-weather|Sandstorm|[upkeep]
|-damage|p1a: Celebi|69/100|[from] Sandstorm
|-damage|p2a: Celebi|90/100|[from] Sandstorm
|-heal|p2a: Celebi|96/100|[from] item: Leftovers
|-heal|p1a: Celebi|75/100|[from] item: Leftovers
|upkeep
|turn|37
|
|t:|1729988415
|move|p1a: Celebi|Leech Seed|p2a: Celebi
|-immune|p2a: Celebi
|move|p2a: Celebi|Psychic|p1a: Celebi
|-resisted|p1a: Celebi
|-damage|p1a: Celebi|62/100
|
|-weather|Sandstorm|[upkeep]
|-damage|p2a: Celebi|90/100|[from] Sandstorm
|-damage|p1a: Celebi|56/100|[from] Sandstorm
|-heal|p2a: Celebi|96/100|[from] item: Leftovers
|-heal|p1a: Celebi|62/100|[from] item: Leftovers
|upkeep
|turn|38
|
|t:|1729988418
|move|p1a: Celebi|Recover|p1a: Celebi
|-heal|p1a: Celebi|100/100
|move|p2a: Celebi|Psychic|p1a: Celebi
|-resisted|p1a: Celebi
|-damage|p1a: Celebi|88/100
|
|-weather|Sandstorm|[upkeep]
|-damage|p1a: Celebi|82/100|[from] Sandstorm
|-damage|p2a: Celebi|90/100|[from] Sandstorm
|-heal|p1a: Celebi|88/100|[from] item: Leftovers
|-heal|p2a: Celebi|96/100|[from] item: Leftovers
|upkeep
|turn|39
|
|t:|1729988421
|move|p1a: Celebi|Hidden Power|p2a: Celebi
|-resisted|p2a: Celebi
|-damage|p2a: Celebi|88/100
|move|p2a: Celebi|Psychic|p1a: Celebi
|-resisted|p1a: Celebi
|-damage|p1a: Celebi|76/100
|
|-weather|Sandstorm|[upkeep]
|-damage|p1a: Celebi|70/100|[from] Sandstorm
|-damage|p2a: Celebi|82/100|[from] Sandstorm
|-heal|p1a: Celebi|76/100|[from] item: Leftovers
|-heal|p2a: Celebi|88/100|[from] item: Leftovers
|upkeep
|turn|40
|
|t:|1729988428
|move|p1a: Celebi|Recover|p1a: Celebi
|-heal|p1a: Celebi|100/100
|move|p2a: Celebi|Psychic|p1a: Celebi
|-resisted|p1a: Celebi
|-damage|p1a: Celebi|88/100
|
|-weather|Sandstorm|[upkeep]
|-damage|p2a: Celebi|82/100|[from] Sandstorm
|-damage|p1a: Celebi|82/100|[from] Sandstorm
|-heal|p1a: Celebi|88/100|[from] item: Leftovers
|-heal|p2a: Celebi|88/100|[from] item: Leftovers
|upkeep
|turn|41
|
|t:|1729988434
|switch|p1a: Jirachi|Jirachi|100/100
|-damage|p1a: Jirachi|88/100|[from] Spikes
|move|p2a: Celebi|Psychic|p1a: Jirachi
|-resisted|p1a: Jirachi
|-damage|p1a: Jirachi|83/100
|-unboost|p1a: Jirachi|spd|1
|
|-weather|Sandstorm|[upkeep]
|-damage|p2a: Celebi|82/100|[from] Sandstorm
|-heal|p2a: Celebi|88/100|[from] item: Leftovers
|-heal|p1a: Jirachi|89/100|[from] item: Leftovers
|upkeep
|turn|42
|
|t:|1729988438
|move|p2a: Celebi|Leech Seed|p1a: Jirachi
|-start|p1a: Jirachi|move: Leech Seed
|move|p1a: Jirachi|Body Slam|p2a: Celebi
|-damage|p2a: Celebi|70/100
|
|-weather|Sandstorm|[upkeep]
|-damage|p2a: Celebi|64/100|[from] Sandstorm
|-heal|p2a: Celebi|70/100|[from] item: Leftovers
|-heal|p1a: Jirachi|96/100|[from] item: Leftovers
|-damage|p1a: Jirachi|83/100|[from] Leech Seed|[of] p2a: Celebi
|-heal|p2a: Celebi|83/100|[silent]
|upkeep
|turn|43
|
|t:|1729988446
|switch|p2a: Tyranitar|Tyranitar, F|100/100 par
|move|p1a: Jirachi|Body Slam|p2a: Tyranitar
|-resisted|p2a: Tyranitar
|-crit|p2a: Tyranitar
|-damage|p2a: Tyranitar|84/100 par
|
|-weather|Sandstorm|[upkeep]
|-heal|p1a: Jirachi|89/100|[from] item: Leftovers
|-damage|p1a: Jirachi|77/100|[from] Leech Seed|[of] p2a: Tyranitar
|-heal|p2a: Tyranitar|97/100 par|[silent]
|-heal|p2a: Tyranitar|100/100 par|[from] item: Leftovers
|upkeep
|turn|44
|
|t:|1729988454
|switch|p1a: Salamence|Salamence, M|100/100
|-ability|p1a: Salamence|Intimidate|boost
|-unboost|p2a: Tyranitar|atk|1
|move|p2a: Tyranitar|Crunch|p1a: Salamence
|-damage|p1a: Salamence|72/100
|-unboost|p1a: Salamence|spd|1
|
|-weather|Sandstorm|[upkeep]
|-damage|p1a: Salamence|65/100|[from] Sandstorm
|-heal|p1a: Salamence|72/100|[from] item: Leftovers
|upkeep
|turn|45
|
|t:|1729988461
|move|p1a: Salamence|Protect|p1a: Salamence
|-singleturn|p1a: Salamence|Protect
|move|p2a: Tyranitar|Crunch|p1a: Salamence
|-activate|p1a: Salamence|Protect
|
|-weather|Sandstorm|[upkeep]
|-damage|p1a: Salamence|65/100|[from] Sandstorm
|-heal|p1a: Salamence|72/100|[from] item: Leftovers
|upkeep
|turn|46
|
|t:|1729988464
|move|p1a: Salamence|Wish|p1a: Salamence
|cant|p2a: Tyranitar|par
|
|-weather|Sandstorm|[upkeep]
|-damage|p1a: Salamence|65/100|[from] Sandstorm
|-heal|p1a: Salamence|72/100|[from] item: Leftovers
|upkeep
|turn|47
|
|t:|1729988471
|switch|p1a: Hariyama|Hariyama, F|22/100
|-damage|p1a: Hariyama|9/100|[from] Spikes
|cant|p2a: Tyranitar|par
|
|-heal|p1a: Hariyama|59/100|[from] move: Wish|[wisher] Salamence
|-weather|Sandstorm|[upkeep]
|-damage|p1a: Hariyama|53/100|[from] Sandstorm
|-heal|p1a: Hariyama|59/100|[from] item: Leftovers
|upkeep
|turn|48
|
|t:|1729988492
|switch|p2a: Celebi|Celebi|83/100
|move|p1a: Hariyama|Knock Off|p2a: Celebi
|-supereffective|p2a: Celebi
|-damage|p2a: Celebi|80/100
|-enditem|p2a: Celebi|Leftovers|[from] move: Knock Off|[of] p1a: Hariyama
|
|-weather|Sandstorm|[upkeep]
|-damage|p2a: Celebi|74/100|[from] Sandstorm
|-damage|p1a: Hariyama|53/100|[from] Sandstorm
|-heal|p1a: Hariyama|59/100|[from] item: Leftovers
|upkeep
|turn|49
|
|t:|1729988497
|switch|p1a: Celebi|Celebi|88/100
|-damage|p1a: Celebi|75/100|[from] Spikes
|move|p2a: Celebi|Psychic|p1a: Celebi
|-resisted|p1a: Celebi
|-damage|p1a: Celebi|63/100
|-unboost|p1a: Celebi|spd|1
|
|-weather|Sandstorm|[upkeep]
|-damage|p2a: Celebi|67/100|[from] Sandstorm
|-damage|p1a: Celebi|57/100|[from] Sandstorm
|-heal|p1a: Celebi|63/100|[from] item: Leftovers
|upkeep
|turn|50
|
|t:|1729988509
|switch|p2a: Moltres|Moltres|74/100
|move|p1a: Celebi|Recover|p1a: Celebi
|-heal|p1a: Celebi|100/100
|
|-weather|Sandstorm|[upkeep]
|-damage|p2a: Moltres|68/100|[from] Sandstorm
|-damage|p1a: Celebi|94/100|[from] Sandstorm
|-heal|p1a: Celebi|100/100|[from] item: Leftovers
|upkeep
|turn|51
|
|t:|1729988514
|switch|p1a: Starmie|Starmie|68/100
|-damage|p1a: Starmie|56/100|[from] Spikes
|move|p2a: Moltres|Will-O-Wisp|p1a: Starmie|[miss]
|-miss|p2a: Moltres|p1a: Starmie
|
|-weather|Sandstorm|[upkeep]
|-damage|p1a: Starmie|50/100|[from] Sandstorm
|-damage|p2a: Moltres|62/100|[from] Sandstorm
|-heal|p1a: Starmie|56/100|[from] item: Leftovers
|upkeep
|turn|52
|
|t:|1729988522
|move|p1a: Starmie|Rapid Spin|p2a: Moltres
|-damage|p2a: Moltres|59/100
|-sideend|p1: stypur|Spikes|[from] move: Rapid Spin|[of] p1a: Starmie
|move|p2a: Moltres|Hidden Power|p1a: Starmie
|-supereffective|p1a: Starmie
|-damage|p1a: Starmie|0 fnt
|faint|p1a: Starmie
|
|t:|1729988539
|switch|p1a: Jirachi|Jirachi|77/100
|
|-weather|Sandstorm|[upkeep]
|-damage|p2a: Moltres|53/100|[from] Sandstorm
|-heal|p1a: Jirachi|83/100|[from] item: Leftovers
|upkeep
|turn|53
|
|t:|1729988560
|switch|p2a: Tyranitar|Tyranitar, F|100/100 par
|move|p1a: Jirachi|Wish|p1a: Jirachi
|
|-weather|Sandstorm|[upkeep]
|-heal|p1a: Jirachi|89/100|[from] item: Leftovers
|upkeep
|turn|54
|
|t:|1729988566
|switch|p1a: Hariyama|Hariyama, F|59/100
|move|p2a: Tyranitar|Earthquake|p1a: Hariyama
|-damage|p1a: Hariyama|22/100
|
|-heal|p1a: Hariyama|72/100|[from] move: Wish|[wisher] Jirachi
|-weather|Sandstorm|[upkeep]
|-damage|p1a: Hariyama|66/100|[from] Sandstorm
|-heal|p1a: Hariyama|72/100|[from] item: Leftovers
|upkeep
|turn|55
|
|t:|1729988573
|switch|p2a: Moltres|Moltres|53/100
|move|p1a: Hariyama|Hidden Power|p2a: Moltres
|-resisted|p2a: Moltres
|-crit|p2a: Moltres
|-damage|p2a: Moltres|39/100
|
|-weather|Sandstorm|[upkeep]
|-damage|p2a: Moltres|33/100|[from] Sandstorm
|-damage|p1a: Hariyama|66/100|[from] Sandstorm
|-heal|p1a: Hariyama|72/100|[from] item: Leftovers
|upkeep
|turn|56
|
|t:|1729988589
|switch|p2a: Forretress|Forretress, M|82/100
|switch|p1a: Salamence|Salamence, M|72/100
|-ability|p1a: Salamence|Intimidate|boost
|-unboost|p2a: Forretress|atk|1
|
|-weather|Sandstorm|[upkeep]
|-damage|p1a: Salamence|65/100|[from] Sandstorm
|-heal|p1a: Salamence|72/100|[from] item: Leftovers
|-heal|p2a: Forretress|88/100|[from] item: Leftovers
|upkeep
|turn|57
|
|t:|1729988598
|switch|p2a: Tyranitar|Tyranitar, F|100/100 par
|move|p1a: Salamence|Wish|p1a: Salamence
|
|-weather|Sandstorm|[upkeep]
|-damage|p1a: Salamence|65/100|[from] Sandstorm
|-heal|p1a: Salamence|72/100|[from] item: Leftovers
|upkeep
|turn|58
|
|t:|1729988603
|switch|p1a: Hariyama|Hariyama, F|72/100
|switch|p2a: Celebi|Celebi|67/100
|
|-heal|p1a: Hariyama|100/100|[from] move: Wish|[wisher] Salamence
|-weather|Sandstorm|[upkeep]
|-damage|p2a: Celebi|61/100|[from] Sandstorm
|-damage|p1a: Hariyama|94/100|[from] Sandstorm
|-heal|p1a: Hariyama|100/100|[from] item: Leftovers
|upkeep
|turn|59
|
|t:|1729988608
|move|p2a: Celebi|Psychic|p1a: Hariyama
|-supereffective|p1a: Hariyama
|-damage|p1a: Hariyama|33/100
|move|p1a: Hariyama|Hidden Power|p2a: Celebi
|-supereffective|p2a: Celebi
|-damage|p2a: Celebi|0 fnt
|faint|p2a: Celebi
|
|t:|1729988622
|switch|p2a: Moltres|Moltres|33/100
|
|-weather|Sandstorm|[upkeep]
|-damage|p2a: Moltres|26/100|[from] Sandstorm
|-damage|p1a: Hariyama|27/100|[from] Sandstorm
|-heal|p1a: Hariyama|33/100|[from] item: Leftovers
|upkeep
|turn|60
|
|t:|1729988625
|switch|p1a: Salamence|Salamence, M|72/100
|-ability|p1a: Salamence|Intimidate|boost
|-unboost|p2a: Moltres|atk|1
|move|p2a: Moltres|Flamethrower|p1a: Salamence
|-resisted|p1a: Salamence
|-damage|p1a: Salamence|45/100
|
|-weather|Sandstorm|[upkeep]
|-damage|p2a: Moltres|20/100|[from] Sandstorm
|-damage|p1a: Salamence|39/100|[from] Sandstorm
|-heal|p1a: Salamence|45/100|[from] item: Leftovers
|upkeep
|turn|61
|
|t:|1729988640
|switch|p2a: Tyranitar|Tyranitar, F|100/100 par
|move|p1a: Salamence|Wish|p1a: Salamence
|
|-weather|Sandstorm|[upkeep]
|-damage|p1a: Salamence|39/100|[from] Sandstorm
|-heal|p1a: Salamence|45/100|[from] item: Leftovers
|upkeep
|turn|62
|
|t:|1729988661
|move|p1a: Salamence|Protect|p1a: Salamence
|-singleturn|p1a: Salamence|Protect
|move|p2a: Tyranitar|Earthquake|p1a: Salamence
|-activate|p1a: Salamence|Protect
|
|-heal|p1a: Salamence|95/100|[from] move: Wish|[wisher] Salamence
|-weather|Sandstorm|[upkeep]
|-damage|p1a: Salamence|89/100|[from] Sandstorm
|-heal|p1a: Salamence|95/100|[from] item: Leftovers
|upkeep
|turn|63
|
|t:|1729988664
|move|p1a: Salamence|Wish|p1a: Salamence
|move|p2a: Tyranitar|Rock Slide|p1a: Salamence
|-supereffective|p1a: Salamence
|-damage|p1a: Salamence|28/100
|
|-weather|Sandstorm|[upkeep]
|-damage|p1a: Salamence|22/100|[from] Sandstorm
|-heal|p1a: Salamence|28/100|[from] item: Leftovers
|upkeep
|turn|64
|
|t:|1729988671
|switch|p1a: Hariyama|Hariyama, F|33/100
|move|p2a: Tyranitar|Earthquake|p1a: Hariyama
|-damage|p1a: Hariyama|0 fnt
|faint|p1a: Hariyama
|
|t:|1729988676
|switch|p1a: Marowak|Marowak, F|54/100
|
|-heal|p1a: Marowak|100/100|[from] move: Wish|[wisher] Salamence
|-weather|Sandstorm|[upkeep]
|upkeep
|turn|65
|
|t:|1729988699
|-singleturn|p1a: Marowak|move: Focus Punch
|switch|p2a: Forretress|Forretress, M|88/100
|move|p1a: Marowak|Focus Punch|p2a: Forretress
|-damage|p2a: Forretress|25/100
|
|-weather|Sandstorm|[upkeep]
|-heal|p2a: Forretress|31/100|[from] item: Leftovers
|upkeep
|turn|66
|
|t:|1729988711
|move|p1a: Marowak|Earthquake|p2a: Forretress
|-damage|p2a: Forretress|0 fnt
|faint|p2a: Forretress
|inactive|GoldThe1andOnly has 270 seconds left.
|
|t:|1729988745
|switch|p2a: Swampert|Swampert, F|100/100
|
|-weather|Sandstorm|[upkeep]
|upkeep
|turn|67
|
|t:|1729988749
|switch|p1a: Celebi|Celebi|100/100
|move|p2a: Swampert|Surf|p1a: Celebi
|-resisted|p1a: Celebi
|-damage|p1a: Celebi|89/100
|
|-weather|Sandstorm|[upkeep]
|-damage|p1a: Celebi|82/100|[from] Sandstorm
|-heal|p1a: Celebi|89/100|[from] item: Leftovers
|upkeep
|turn|68
|inactive|GoldThe1andOnly has 270 seconds left.
|
|t:|1729988769
|switch|p2a: Tyranitar|Tyranitar, F|100/100 par
|move|p1a: Celebi|Hidden Power|p2a: Tyranitar
|-supereffective|p2a: Tyranitar
|-crit|p2a: Tyranitar
|-damage|p2a: Tyranitar|9/100 par
|
|-weather|Sandstorm|[upkeep]
|-damage|p1a: Celebi|82/100|[from] Sandstorm
|-heal|p1a: Celebi|89/100|[from] item: Leftovers
|-heal|p2a: Tyranitar|15/100 par|[from] item: Leftovers
|upkeep
|turn|69
|
|t:|1729988775
|move|p1a: Celebi|Hidden Power|p2a: Tyranitar
|-supereffective|p2a: Tyranitar
|-damage|p2a: Tyranitar|0 fnt
|faint|p2a: Tyranitar
|
|t:|1729988777
|switch|p2a: Aerodactyl|Aerodactyl, F|100/100
|
|-weather|Sandstorm|[upkeep]
|-damage|p1a: Celebi|82/100|[from] Sandstorm
|-heal|p1a: Celebi|89/100|[from] item: Leftovers
|upkeep
|turn|70
|
|t:|1729988788
|switch|p2a: Moltres|Moltres|20/100
|switch|p1a: Jirachi|Jirachi|89/100
|
|-weather|Sandstorm|[upkeep]
|-damage|p2a: Moltres|14/100|[from] Sandstorm
|-heal|p1a: Jirachi|96/100|[from] item: Leftovers
|upkeep
|turn|71
|
|t:|1729988793
|move|p1a: Jirachi|Protect|p1a: Jirachi
|-singleturn|p1a: Jirachi|Protect
|move|p2a: Moltres|Flamethrower|p1a: Jirachi
|-activate|p1a: Jirachi|Protect
|
|-weather|Sandstorm|[upkeep]
|-damage|p2a: Moltres|8/100|[from] Sandstorm
|-heal|p1a: Jirachi|100/100|[from] item: Leftovers
|upkeep
|turn|72
|
|t:|1729988804
|move|p2a: Moltres|Flamethrower|p1a: Jirachi
|-supereffective|p1a: Jirachi
|-crit|p1a: Jirachi
|-damage|p1a: Jirachi|0 fnt
|faint|p1a: Jirachi
|
|t:|1729988812
|switch|p1a: Salamence|Salamence, M|28/100
|-ability|p1a: Salamence|Intimidate|boost
|-unboost|p2a: Moltres|atk|1
|
|-weather|Sandstorm|[upkeep]
|-damage|p2a: Moltres|2/100|[from] Sandstorm
|-damage|p1a: Salamence|22/100|[from] Sandstorm
|-heal|p1a: Salamence|28/100|[from] item: Leftovers
|upkeep
|turn|73
|
|t:|1729988819
|move|p1a: Salamence|Protect|p1a: Salamence
|-singleturn|p1a: Salamence|Protect
|move|p2a: Moltres|Flamethrower|p1a: Salamence
|-activate|p1a: Salamence|Protect
|
|-weather|Sandstorm|[upkeep]
|-damage|p2a: Moltres|0 fnt|[from] Sandstorm
|-damage|p1a: Salamence|22/100|[from] Sandstorm
|faint|p2a: Moltres
|-heal|p1a: Salamence|28/100|[from] item: Leftovers
|upkeep
|
|t:|1729988821
|switch|p2a: Aerodactyl|Aerodactyl, F|100/100
|turn|74
|
|t:|1729988832
|switch|p1a: Celebi|Celebi|89/100
|move|p2a: Aerodactyl|Double-Edge|p1a: Celebi
|-damage|p1a: Celebi|47/100
|
|-weather|Sandstorm|[upkeep]
|-damage|p1a: Celebi|41/100|[from] Sandstorm
|-heal|p1a: Celebi|47/100|[from] item: Leftovers
|upkeep
|turn|75
|
|t:|1729988840
|move|p2a: Aerodactyl|Double-Edge|p1a: Celebi
|-damage|p1a: Celebi|9/100
|move|p1a: Celebi|Recover|p1a: Celebi
|-heal|p1a: Celebi|59/100
|
|-weather|Sandstorm|[upkeep]
|-damage|p1a: Celebi|53/100|[from] Sandstorm
|-heal|p1a: Celebi|59/100|[from] item: Leftovers
|upkeep
|turn|76
|
|t:|1729988844
|move|p2a: Aerodactyl|Double-Edge|p1a: Celebi
|-damage|p1a: Celebi|18/100
|move|p1a: Celebi|Recover|p1a: Celebi
|-heal|p1a: Celebi|68/100
|
|-weather|Sandstorm|[upkeep]
|-damage|p1a: Celebi|61/100|[from] Sandstorm
|-heal|p1a: Celebi|68/100|[from] item: Leftovers
|upkeep
|turn|77
|
|t:|1729988852
|switch|p2a: Swampert|Swampert, F|100/100
|switch|p1a: Salamence|Salamence, M|28/100
|-ability|p1a: Salamence|Intimidate|boost
|-unboost|p2a: Swampert|atk|1
|
|-weather|Sandstorm|[upkeep]
|-damage|p1a: Salamence|22/100|[from] Sandstorm
|-heal|p1a: Salamence|28/100|[from] item: Leftovers
|upkeep
|turn|78
|
|t:|1729988858
|move|p1a: Salamence|Wish|p1a: Salamence
|move|p2a: Swampert|Surf|p1a: Salamence
|-resisted|p1a: Salamence
|-damage|p1a: Salamence|13/100
|
|-weather|Sandstorm|[upkeep]
|-damage|p1a: Salamence|7/100|[from] Sandstorm
|-heal|p1a: Salamence|13/100|[from] item: Leftovers
|upkeep
|turn|79
|
|t:|1729988864
|move|p1a: Salamence|Protect|p1a: Salamence
|-singleturn|p1a: Salamence|Protect
|move|p2a: Swampert|Toxic|p1a: Salamence
|-activate|p1a: Salamence|Protect
|
|-heal|p1a: Salamence|63/100|[from] move: Wish|[wisher] Salamence
|-weather|Sandstorm|[upkeep]
|-damage|p1a: Salamence|57/100|[from] Sandstorm
|-heal|p1a: Salamence|63/100|[from] item: Leftovers
|upkeep
|turn|80
|
|t:|1729988871
|switch|p1a: Celebi|Celebi|68/100
|move|p2a: Swampert|Toxic|p1a: Celebi
|-status|p1a: Celebi|tox
|
|-weather|Sandstorm|[upkeep]
|-damage|p1a: Celebi|61/100 tox|[from] Sandstorm
|-heal|p1a: Celebi|68/100 tox|[from] item: Leftovers
|-damage|p1a: Celebi|61/100 tox|[from] psn
|upkeep
|turn|81
|
|t:|1729988875
|switch|p2a: Aerodactyl|Aerodactyl, F|100/100
|move|p1a: Celebi|Recover|p1a: Celebi
|-heal|p1a: Celebi|100/100 tox
|
|-weather|Sandstorm|[upkeep]
|-damage|p1a: Celebi|94/100 tox|[from] Sandstorm
|-heal|p1a: Celebi|100/100 tox|[from] item: Leftovers
|-damage|p1a: Celebi|88/100 tox|[from] psn
|upkeep
|turn|82
|
|t:|1729988903
|-curestatus|p1a: Celebi|tox|[from] ability: Natural Cure
|switch|p1a: Salamence|Salamence, M|63/100
|-ability|p1a: Salamence|Intimidate|boost
|-unboost|p2a: Aerodactyl|atk|1
|move|p2a: Aerodactyl|Hidden Power|p1a: Salamence
|-damage|p1a: Salamence|40/100
|
|-weather|Sandstorm|[upkeep]
|-damage|p1a: Salamence|34/100|[from] Sandstorm
|-heal|p1a: Salamence|40/100|[from] item: Leftovers
|upkeep
|turn|83
|
|t:|1729988915
|switch|p2a: Swampert|Swampert, F|100/100
|move|p1a: Salamence|Wish|p1a: Salamence
|
|-weather|Sandstorm|[upkeep]
|-damage|p1a: Salamence|34/100|[from] Sandstorm
|-heal|p1a: Salamence|40/100|[from] item: Leftovers
|upkeep
|turn|84
|
|t:|1729988920
|move|p1a: Salamence|Protect|p1a: Salamence
|-singleturn|p1a: Salamence|Protect
|move|p2a: Swampert|Toxic|p1a: Salamence
|-activate|p1a: Salamence|Protect
|
|-heal|p1a: Salamence|90/100|[from] move: Wish|[wisher] Salamence
|-weather|Sandstorm|[upkeep]
|-damage|p1a: Salamence|84/100|[from] Sandstorm
|-heal|p1a: Salamence|90/100|[from] item: Leftovers
|upkeep
|turn|85
|
|t:|1729988922
|switch|p1a: Celebi|Celebi|88/100
|move|p2a: Swampert|Toxic|p1a: Celebi
|-status|p1a: Celebi|tox
|
|-weather|Sandstorm|[upkeep]
|-damage|p1a: Celebi|82/100 tox|[from] Sandstorm
|-heal|p1a: Celebi|88/100 tox|[from] item: Leftovers
|-damage|p1a: Celebi|82/100 tox|[from] psn
|upkeep
|turn|86
|
|t:|1729988936
|switch|p2a: Aerodactyl|Aerodactyl, F|100/100
|move|p1a: Celebi|Hidden Power|p2a: Aerodactyl
|-crit|p2a: Aerodactyl
|-damage|p2a: Aerodactyl|28/100
|
|-weather|Sandstorm|[upkeep]
|-damage|p1a: Celebi|76/100 tox|[from] Sandstorm
|-heal|p1a: Celebi|82/100 tox|[from] item: Leftovers
|-damage|p1a: Celebi|70/100 tox|[from] psn
|upkeep
|turn|87
|
|t:|1729988943
|-curestatus|p1a: Celebi|tox|[from] ability: Natural Cure
|switch|p1a: Salamence|Salamence, M|90/100
|-ability|p1a: Salamence|Intimidate|boost
|-unboost|p2a: Aerodactyl|atk|1
|move|p2a: Aerodactyl|Rock Slide|p1a: Salamence
|-supereffective|p1a: Salamence
|-damage|p1a: Salamence|40/100
|
|-weather|Sandstorm|[upkeep]
|-damage|p1a: Salamence|34/100|[from] Sandstorm
|-heal|p1a: Salamence|40/100|[from] item: Leftovers
|upkeep
|turn|88
|
|t:|1729988952
|switch|p1a: Celebi|Celebi|70/100
|move|p2a: Aerodactyl|Rock Slide|p1a: Celebi
|-damage|p1a: Celebi|44/100
|
|-weather|Sandstorm|[upkeep]
|-damage|p1a: Celebi|37/100|[from] Sandstorm
|-heal|p1a: Celebi|44/100|[from] item: Leftovers
|upkeep
|turn|89
|
|t:|1729988958
|switch|p2a: Swampert|Swampert, F|100/100
|move|p1a: Celebi|Recover|p1a: Celebi
|-heal|p1a: Celebi|94/100
|
|-weather|Sandstorm|[upkeep]
|-damage|p1a: Celebi|87/100|[from] Sandstorm
|-heal|p1a: Celebi|94/100|[from] item: Leftovers
|upkeep
|turn|90
|
|t:|1729988962
|move|p1a: Celebi|Hidden Power|p2a: Swampert
|-supereffective|p2a: Swampert
|-damage|p2a: Swampert|5/100
|move|p2a: Swampert|Toxic|p1a: Celebi
|-status|p1a: Celebi|tox
|
|-weather|Sandstorm|[upkeep]
|-damage|p1a: Celebi|87/100 tox|[from] Sandstorm
|-heal|p1a: Celebi|94/100 tox|[from] item: Leftovers
|-damage|p1a: Celebi|87/100 tox|[from] psn
|-heal|p2a: Swampert|11/100|[from] item: Leftovers
|upkeep
|turn|91
|
|t:|1729988968
|move|p1a: Celebi|Hidden Power|p2a: Swampert
|-supereffective|p2a: Swampert
|-damage|p2a: Swampert|0 fnt
|faint|p2a: Swampert
|
|t:|1729988970
|switch|p2a: Aerodactyl|Aerodactyl, F|28/100
|
|-weather|Sandstorm|[upkeep]
|-damage|p1a: Celebi|81/100 tox|[from] Sandstorm
|-heal|p1a: Celebi|87/100 tox|[from] item: Leftovers
|-damage|p1a: Celebi|75/100 tox|[from] psn
|upkeep
|turn|92
|
|t:|1729988973
|-curestatus|p1a: Celebi|tox|[from] ability: Natural Cure
|switch|p1a: Salamence|Salamence, M|40/100
|-ability|p1a: Salamence|Intimidate|boost
|-unboost|p2a: Aerodactyl|atk|1
|move|p2a: Aerodactyl|Double-Edge|p1a: Salamence
|-damage|p1a: Salamence|14/100
|
|-weather|Sandstorm|[upkeep]
|-damage|p1a: Salamence|8/100|[from] Sandstorm
|-heal|p1a: Salamence|14/100|[from] item: Leftovers
|upkeep
|turn|93
|
|t:|1729988977
|move|p2a: Aerodactyl|Double-Edge|p1a: Salamence
|-damage|p1a: Salamence|0 fnt
|faint|p1a: Salamence
|
|t:|1729988979
|switch|p1a: Marowak|Marowak, F|100/100
|
|-weather|Sandstorm|[upkeep]
|upkeep
|turn|94
|
|t:|1729988983
|move|p2a: Aerodactyl|Double-Edge|p1a: Marowak
|-damage|p1a: Marowak|58/100
|move|p1a: Marowak|Hidden Power|p2a: Aerodactyl
|-resisted|p2a: Aerodactyl
|-damage|p2a: Aerodactyl|0 fnt
|faint|p2a: Aerodactyl
|
|win|stypur
|c|☆stypur|gg
|c|☆GoldThe1andOnly|gg
|player|p2|

</script>
<script type="application/json" class="data" id="replaydata-smogtours-gen3ou-802357">
{"id":"smogtours-gen3ou-802357","format":"[Gen 3] OU","players":["stypur","GoldThe1andOnly"],"uploadtime":1729988983,"views":76,"formatid":"gen3ou","rating":null,"private":0,"password":null}
</script>

<script defer src="js/replays.js?9d40a366"></script>
