<!DOCTYPE html>
<meta charset="utf-8" />
<meta name="viewport" content="width=device-width" />

<title>[Gen 3] OU: Tree69420 vs. go-go-zeppeli-1890 - Replays - Pok&eacute;mon Showdown!</title>

<meta name="description" content="Watch a replay of a Pok&eacute;mon battle between Tree69420 and go-go-zeppeli-1890! Format: [Gen 3] OU; Date: Nov 14, 2024" />
<!--

Hey, you! Looking in the source for the replay log?

You can find them in JSON format, just add `.json` at the end of a replay URL.

https://replay.pokemonshowdown.com/gen7randomdoublesbattle-865046831.json

Or, if you only need the log itself, add `.log` instead:

https://replay.pokemonshowdown.com/gen7randomdoublesbattle-865046831.log

-->

<link rel="stylesheet" href="//pokemonshowdown.com/style/global.css?0.767286132409787" />
<link rel="stylesheet" href="//play.pokemonshowdown.com/style/font-awesome.css?0.9266228007934947" />
<link rel="stylesheet" href="//play.pokemonshowdown.com/style/battle.css?0.7924700842790926" />
<link rel="stylesheet" href="//play.pokemonshowdown.com/style/utilichart.css?0.8777417872839479" />

<!-- Global site tag (gtag.js) - Google Analytics -->
<script async src="https://www.googletagmanager.com/gtag/js?id=UA-26211653-1"></script>
<script>
  window.dataLayer = window.dataLayer || [];
  function gtag(){dataLayer.push(arguments);}
  gtag('js', new Date());

  gtag('config', 'UA-26211653-1');
</script>
<!-- End Google Analytics -->
<!-- Venatus Ad Manager - Install in <HEAD> of page -->
	<script src="https://hb.vntsm.com/v3/live/ad-manager.min.js" type="text/javascript" data-site-id="642aba63ec9a7b11c3c9c1be" data-mode="scan" async></script>
<!-- / Venatus Ad Manager -->

<style>
	@media (max-width:820px) {
		.battle {
			margin: 0 auto;
		}
		.battle-log {
			margin: 7px auto 0;
			max-width: 640px;
			height: 300px;
			position: static;
		}
	}
	.optgroup {
		display: inline-block;
		line-height: 22px;
		font-size: 10pt;
	}
	.optgroup .button {
		height: 25px;
		padding-top: 0;
		padding-bottom: 0;
	}
	.optgroup button.button {
		padding-left: 12px;
		padding-right: 12px;
	}
	.linklist {
		list-style: none;
		margin: 0.5em 0;
		padding: 0;
	}
	.linklist li {
		padding: 2px 0;
	}
	.sidebar {
		float: left;
		width: 320px;
	}
	.bar-wrapper {
		max-width: 1100px;
		margin: 0 auto;
	}
	.bar-wrapper.has-sidebar {
		max-width: 1430px;
	}
	.mainbar {
		margin: 0;
		padding-right: 1px;
	}
	.mainbar.has-sidebar {
		margin-left: 330px;
	}
	@media (min-width: 1511px) {
		.sidebar {
			width: 400px;
		}
		.bar-wrapper.has-sidebar {
			max-width: 1510px;
		}
		.mainbar.has-sidebar {
			margin-left: 410px;
		}
	}
	.section.first-section {
		margin-top: 9px;
	}
	.blocklink small {
		white-space: normal;
	}
	.button {
		vertical-align: middle;
	}
	.replay-controls {
		padding-top: 10px;
	}
	.replay-controls h1 {
		font-size: 16pt;
		font-weight: normal;
		color: #CCC;
	}
	.pagelink {
		text-align: center;
	}
	.pagelink a {
		width: 150px;
	}
	.textbox, .button {
		font-size: 11pt;
		vertical-align: middle;
	}
	@media (max-width: 450px) {
		.button {
			font-size: 9pt;
		}
	}
</style>

<div>

	<header>
		<div class="nav-wrapper"><ul class="nav">
			<li><a class="button nav-first" href="//pokemonshowdown.com/"><img src="//pokemonshowdown.com/images/pokemonshowdownbeta.png" srcset="//pokemonshowdown.com/images/pokemonshowdownbeta.png 1x, //pokemonshowdown.com/images/pokemonshowdownbeta@2x.png 2x" alt="Pok&eacute;mon Showdown" width="146" height="44" /> Home</a></li>
			<li><a class="button" href="//pokemonshowdown.com/dex/">Pok&eacute;dex</a></li>
			<li><a class="button cur" href="/">Replays</a></li>
			<li><a class="button" href="//pokemonshowdown.com/ladder/">Ladder</a></li>
			<li><a class="button nav-last" href="//pokemonshowdown.com/forums/">Forum</a></li>
			<li><a class="button greenbutton nav-first nav-last" href="//play.pokemonshowdown.com/">Play</a></li>
		</ul></div>
	</header>

	<div class="main" id="main">

		<noscript><section class="section">You need to enable JavaScript to use this page; sorry!</section></noscript>

	</div>

</div>

<script defer nomodule src="//play.pokemonshowdown.com/js/lib/ps-polyfill.js"></script>
<script defer src="//play.pokemonshowdown.com/js/lib/preact.min.js"></script>

<script defer src="//play.pokemonshowdown.com/config/config.js?6dec07f6"></script>
<script defer src="//play.pokemonshowdown.com/js/lib/jquery-1.11.0.min.js"></script>
<script defer src="//play.pokemonshowdown.com/js/lib/html-sanitizer-minified.js"></script>
<script defer src="//play.pokemonshowdown.com/js/battle-sound.js"></script>
<script defer src="//play.pokemonshowdown.com/js/battledata.js?0.6315294753075389"></script>
<script defer src="//play.pokemonshowdown.com/data/pokedex-mini.js?0.7603743185311358"></script>
<script defer src="//play.pokemonshowdown.com/data/pokedex-mini-bw.js?0.030888842834281283"></script>
<script defer src="//play.pokemonshowdown.com/data/graphics.js?0.05593094747507488"></script>
<script defer src="//play.pokemonshowdown.com/data/pokedex.js?0.47064822249611904"></script>
<script defer src="//play.pokemonshowdown.com/data/moves.js?0.8583693120512459"></script>
<script defer src="//play.pokemonshowdown.com/data/abilities.js?0.16017181182386842"></script>
<script defer src="//play.pokemonshowdown.com/data/items.js?0.4163379185673943"></script>
<script defer src="//play.pokemonshowdown.com/data/teambuilder-tables.js?0.31075597372830477"></script>
<script defer src="//play.pokemonshowdown.com/js/battle-tooltips.js?0.6536193500708172"></script>
<script defer src="//play.pokemonshowdown.com/js/battle.js?0.1916591943277901"></script>

<script defer src="js/utils.js?e31f9a17"></script>
<script defer src="js/replays-battle.js?7008c182"></script>

<!-- don't scrape this data! just add .json or .log after the URL!
Full API docs: https://github.com/smogon/pokemon-showdown-client/blob/master/WEB-API.md -->
<script type="text/plain" class="log" id="replaylog-smogtours-gen3ou-806204">
|inactive|Battle timer is ON: inactive players will automatically lose when time's up.
|badge|p1|bronze|gen9uu|100-3
|uhtml|medal-msg|<div class="broadcast-blue">Curious what those medals under the avatar are? PS now has Ladder Seasons! For more information, check out the <a href="https://www.smogon.com/forums/threads/3740067/">thread on Smogon.<\/a><\/div>
|t:|1731546158
|gametype|singles
|player|p1|Tree69420|#rbyplivglacialarticunos|
|player|p2|go-go-zeppeli-1890|102|
|teamsize|p1|6
|teamsize|p2|6
|gen|3
|tier|[Gen 3] OU
|rule|Sleep Clause Mod: Limit one foe put to sleep
|rule|Switch Priority Clause Mod: Faster Pokémon switch first
|rule|Species Clause: Limit one of each Pokémon
|rule|OHKO Clause: OHKO moves are banned
|rule|Evasion Items Clause: Evasion items are banned
|rule|Evasion Moves Clause: Evasion moves are banned
|rule|Endless Battle Clause: Forcing endless battles is banned
|rule|HP Percentage Mod: HP is shown in percentages
|rule|One Boost Passer Clause: Limit one Baton Passer that has a way to boost its stats
|rule|Freeze Clause Mod: Limit one foe frozen
|
|t:|1731546158
|start
|switch|p1a: Salamence|Salamence, F|100/100
|switch|p2a: Suicune|Suicune|100/100
|-ability|p1a: Salamence|Intimidate|boost
|-unboost|p2a: Suicune|atk|1
|turn|1
|c|☆Tree69420|hf
|inactive|go-go-zeppeli-1890 has 270 seconds left.
|c|☆go-go-zeppeli-1890|u2!
|
|t:|1731546197
|switch|p1a: Tyranitar|Tyranitar, F|100/100
|-weather|Sandstorm|[from] ability: Sand Stream|[of] p1a: Tyranitar
|move|p2a: Suicune|Ice Beam|p1a: Tyranitar
|-damage|p1a: Tyranitar|78/100
|
|-weather|Sandstorm|[upkeep]
|-damage|p2a: Suicune|94/100|[from] Sandstorm
|-heal|p2a: Suicune|100/100|[from] item: Leftovers
|-heal|p1a: Tyranitar|85/100|[from] item: Leftovers
|upkeep
|turn|2
|
|t:|1731546209
|switch|p1a: Celebi|Celebi|100/100
|move|p2a: Suicune|Hydro Pump|p1a: Celebi
|-resisted|p1a: Celebi
|-damage|p1a: Celebi|78/100
|
|-weather|Sandstorm|[upkeep]
|-damage|p2a: Suicune|94/100|[from] Sandstorm
|-damage|p1a: Celebi|72/100|[from] Sandstorm
|-heal|p2a: Suicune|100/100|[from] item: Leftovers
|-heal|p1a: Celebi|78/100|[from] item: Leftovers
|upkeep
|turn|3
|
|t:|1731546216
|switch|p2a: Raikou|Raikou|100/100
|move|p1a: Celebi|Leech Seed|p2a: Raikou
|-start|p2a: Raikou|move: Leech Seed
|
|-weather|Sandstorm|[upkeep]
|-damage|p2a: Raikou|94/100|[from] Sandstorm
|-damage|p1a: Celebi|72/100|[from] Sandstorm
|-heal|p2a: Raikou|100/100|[from] item: Leftovers
|-damage|p2a: Raikou|88/100|[from] Leech Seed|[of] p1a: Celebi
|-heal|p1a: Celebi|82/100|[silent]
|-heal|p1a: Celebi|88/100|[from] item: Leftovers
|upkeep
|turn|4
|
|t:|1731546223
|switch|p2a: Celebi|Celebi|100/100
|move|p1a: Celebi|Psychic|p2a: Celebi
|-resisted|p2a: Celebi
|-damage|p2a: Celebi|85/100
|
|-weather|Sandstorm|[upkeep]
|-damage|p2a: Celebi|79/100|[from] Sandstorm
|-damage|p1a: Celebi|82/100|[from] Sandstorm
|-heal|p2a: Celebi|85/100|[from] item: Leftovers
|-heal|p1a: Celebi|88/100|[from] item: Leftovers
|upkeep
|turn|5
|
|t:|1731546225
|switch|p1a: Forretress|Forretress, M|100/100
|move|p2a: Celebi|Calm Mind|p2a: Celebi
|-boost|p2a: Celebi|spa|1
|-boost|p2a: Celebi|spd|1
|
|-weather|Sandstorm|[upkeep]
|-damage|p2a: Celebi|79/100|[from] Sandstorm
|-heal|p2a: Celebi|85/100|[from] item: Leftovers
|upkeep
|turn|6
|
|t:|1731546239
|move|p2a: Celebi|Hidden Power|p1a: Forretress
|-supereffective|p1a: Forretress
|-damage|p1a: Forretress|0 fnt
|faint|p1a: Forretress
|
|t:|1731546245
|switch|p1a: Aerodactyl|Aerodactyl, F|100/100
|
|-weather|Sandstorm|[upkeep]
|-damage|p2a: Celebi|79/100|[from] Sandstorm
|-heal|p2a: Celebi|85/100|[from] item: Leftovers
|upkeep
|turn|7
|
|t:|1731546261
|move|p1a: Aerodactyl|Hidden Power|p2a: Celebi
|-supereffective|p2a: Celebi
|-damage|p2a: Celebi|0 fnt
|faint|p2a: Celebi
|inactive|go-go-zeppeli-1890 has 270 seconds left.
|
|t:|1731546289
|switch|p2a: Porygon2|Porygon2|100/100
|-ability|p2a: Porygon2|Rock Head|[from] ability: Trace|[of] p1a: Aerodactyl
|
|-weather|Sandstorm|[upkeep]
|-damage|p2a: Porygon2|94/100|[from] Sandstorm
|-heal|p2a: Porygon2|100/100|[from] item: Leftovers
|upkeep
|turn|8
|inactive|go-go-zeppeli-1890 has 270 seconds left.
|inactive|Tree69420 has 270 seconds left.
|
|t:|1731546322
|switch|p1a: Celebi|Celebi|88/100
|move|p2a: Porygon2|Toxic|p1a: Celebi
|-status|p1a: Celebi|tox
|
|-weather|Sandstorm|[upkeep]
|-damage|p1a: Celebi|82/100 tox|[from] Sandstorm
|-damage|p2a: Porygon2|94/100|[from] Sandstorm
|-heal|p1a: Celebi|88/100 tox|[from] item: Leftovers
|-damage|p1a: Celebi|82/100 tox|[from] psn
|-heal|p2a: Porygon2|100/100|[from] item: Leftovers
|upkeep
|turn|9
|
|t:|1731546329
|move|p1a: Celebi|Leech Seed|p2a: Porygon2
|-start|p2a: Porygon2|move: Leech Seed
|move|p2a: Porygon2|Ice Beam|p1a: Celebi
|-supereffective|p1a: Celebi
|-damage|p1a: Celebi|41/100 tox
|
|-weather|Sandstorm|[upkeep]
|-damage|p1a: Celebi|35/100 tox|[from] Sandstorm
|-damage|p2a: Porygon2|94/100|[from] Sandstorm
|-heal|p1a: Celebi|41/100 tox|[from] item: Leftovers
|-damage|p1a: Celebi|28/100 tox|[from] psn
|-heal|p2a: Porygon2|100/100|[from] item: Leftovers
|-damage|p2a: Porygon2|88/100|[from] Leech Seed|[of] p1a: Celebi
|-heal|p1a: Celebi|40/100 tox|[silent]
|upkeep
|turn|10
|inactive|go-go-zeppeli-1890 has 270 seconds left.
|
|t:|1731546352
|move|p1a: Celebi|Recover|p1a: Celebi
|-heal|p1a: Celebi|90/100 tox
|move|p2a: Porygon2|Toxic|p1a: Celebi
|-fail|p1a: Celebi|tox
|
|-weather|Sandstorm|[upkeep]
|-damage|p1a: Celebi|84/100 tox|[from] Sandstorm
|-damage|p2a: Porygon2|82/100|[from] Sandstorm
|-heal|p1a: Celebi|90/100 tox|[from] item: Leftovers
|-damage|p1a: Celebi|71/100 tox|[from] psn
|-heal|p2a: Porygon2|88/100|[from] item: Leftovers
|-damage|p2a: Porygon2|76/100|[from] Leech Seed|[of] p1a: Celebi
|-heal|p1a: Celebi|83/100 tox|[silent]
|upkeep
|turn|11
|inactive|go-go-zeppeli-1890 has 270 seconds left.
|
|t:|1731546360
|-curestatus|p1a: Celebi|tox|[from] ability: Natural Cure
|switch|p1a: Tyranitar|Tyranitar, F|85/100
|switch|p2a: Raikou|Raikou|88/100
|
|-weather|Sandstorm|[upkeep]
|-damage|p2a: Raikou|82/100|[from] Sandstorm
|-heal|p2a: Raikou|88/100|[from] item: Leftovers
|-heal|p1a: Tyranitar|91/100|[from] item: Leftovers
|upkeep
|turn|12
|
|t:|1731546368
|switch|p2a: Suicune|Suicune|100/100
|move|p1a: Tyranitar|Crunch|p2a: Suicune
|-damage|p2a: Suicune|66/100
|-unboost|p2a: Suicune|spd|1
|
|-weather|Sandstorm|[upkeep]
|-damage|p2a: Suicune|60/100|[from] Sandstorm
|-heal|p2a: Suicune|66/100|[from] item: Leftovers
|-heal|p1a: Tyranitar|97/100|[from] item: Leftovers
|upkeep
|turn|13
|
|t:|1731546373
|move|p2a: Suicune|Hydro Pump|p1a: Tyranitar
|-supereffective|p1a: Tyranitar
|-damage|p1a: Tyranitar|6/100
|move|p1a: Tyranitar|Crunch|p2a: Suicune
|-damage|p2a: Suicune|15/100
|
|-weather|Sandstorm|[upkeep]
|-damage|p2a: Suicune|9/100|[from] Sandstorm
|-heal|p2a: Suicune|15/100|[from] item: Leftovers
|-heal|p1a: Tyranitar|12/100|[from] item: Leftovers
|upkeep
|turn|14
|
|t:|1731546378
|move|p2a: Suicune|Ice Beam|p1a: Tyranitar
|-damage|p1a: Tyranitar|0 fnt
|faint|p1a: Tyranitar
|
|t:|1731546382
|switch|p1a: Celebi|Celebi|83/100
|
|-weather|Sandstorm|[upkeep]
|-damage|p2a: Suicune|9/100|[from] Sandstorm
|-damage|p1a: Celebi|76/100|[from] Sandstorm
|-heal|p2a: Suicune|15/100|[from] item: Leftovers
|-heal|p1a: Celebi|83/100|[from] item: Leftovers
|upkeep
|turn|15
|
|t:|1731546385
|move|p2a: Suicune|Ice Beam|p1a: Celebi
|-supereffective|p1a: Celebi
|-damage|p1a: Celebi|38/100
|move|p1a: Celebi|Recover|p1a: Celebi
|-heal|p1a: Celebi|88/100
|
|-weather|Sandstorm|[upkeep]
|-damage|p2a: Suicune|9/100|[from] Sandstorm
|-damage|p1a: Celebi|82/100|[from] Sandstorm
|-heal|p2a: Suicune|15/100|[from] item: Leftovers
|-heal|p1a: Celebi|88/100|[from] item: Leftovers
|upkeep
|turn|16
|
|t:|1731546391
|move|p2a: Suicune|Ice Beam|p1a: Celebi
|-supereffective|p1a: Celebi
|-damage|p1a: Celebi|44/100
|move|p1a: Celebi|Hidden Power|p2a: Suicune
|-supereffective|p2a: Suicune
|-damage|p2a: Suicune|0 fnt
|faint|p2a: Suicune
|
|t:|1731546393
|switch|p2a: Dugtrio|Dugtrio, F|100/100
|
|-weather|Sandstorm|[upkeep]
|-damage|p1a: Celebi|37/100|[from] Sandstorm
|-heal|p1a: Celebi|44/100|[from] item: Leftovers
|upkeep
|turn|17
|
|t:|1731546396
|move|p2a: Dugtrio|Hidden Power|p1a: Celebi
|-supereffective|p1a: Celebi
|-damage|p1a: Celebi|0 fnt
|faint|p1a: Celebi
|
|t:|1731546419
|switch|p1a: Salamence|Salamence, F|100/100
|-ability|p1a: Salamence|Intimidate|boost
|-unboost|p2a: Dugtrio|atk|1
|
|-weather|Sandstorm|[upkeep]
|-damage|p1a: Salamence|94/100|[from] Sandstorm
|-heal|p1a: Salamence|100/100|[from] item: Leftovers
|upkeep
|turn|18
|
|t:|1731546424
|switch|p2a: Porygon2|Porygon2|76/100
|-ability|p2a: Porygon2|Intimidate|[from] ability: Trace|[of] p1a: Salamence
|move|p1a: Salamence|Dragon Claw|p2a: Porygon2
|-damage|p2a: Porygon2|38/100
|
|-weather|Sandstorm|[upkeep]
|-damage|p1a: Salamence|94/100|[from] Sandstorm
|-damage|p2a: Porygon2|32/100|[from] Sandstorm
|-heal|p1a: Salamence|100/100|[from] item: Leftovers
|-heal|p2a: Porygon2|38/100|[from] item: Leftovers
|upkeep
|turn|19
|
|t:|1731546429
|move|p1a: Salamence|Dragon Claw|p2a: Porygon2
|-damage|p2a: Porygon2|0 fnt
|faint|p2a: Porygon2
|
|t:|1731546439
|switch|p2a: Raikou|Raikou|88/100
|
|-weather|Sandstorm|[upkeep]
|-damage|p2a: Raikou|82/100|[from] Sandstorm
|-damage|p1a: Salamence|94/100|[from] Sandstorm
|-heal|p2a: Raikou|88/100|[from] item: Leftovers
|-heal|p1a: Salamence|100/100|[from] item: Leftovers
|upkeep
|turn|20
|
|t:|1731546442
|switch|p1a: Swampert|Swampert, F|100/100
|move|p2a: Raikou|Calm Mind|p2a: Raikou
|-boost|p2a: Raikou|spa|1
|-boost|p2a: Raikou|spd|1
|
|-weather|Sandstorm|[upkeep]
|-damage|p2a: Raikou|82/100|[from] Sandstorm
|-heal|p2a: Raikou|88/100|[from] item: Leftovers
|upkeep
|turn|21
|
|t:|1731546465
|switch|p2a: Dugtrio|Dugtrio, F|100/100
|move|p1a: Swampert|Earthquake|p2a: Dugtrio
|-damage|p2a: Dugtrio|0 fnt
|faint|p2a: Dugtrio
|
|t:|1731546470
|switch|p2a: Jirachi|Jirachi|100/100
|
|-weather|Sandstorm|[upkeep]
|upkeep
|turn|22
|
|t:|1731546478
|move|p2a: Jirachi|Hidden Power|p1a: Swampert
|-supereffective|p1a: Swampert
|-damage|p1a: Swampert|33/100
|move|p1a: Swampert|Earthquake|p2a: Jirachi
|-supereffective|p2a: Jirachi
|-damage|p2a: Jirachi|20/100
|
|-weather|Sandstorm|[upkeep]
|-heal|p2a: Jirachi|26/100|[from] item: Leftovers
|-heal|p1a: Swampert|39/100|[from] item: Leftovers
|upkeep
|turn|23
|
|t:|1731546483
|move|p2a: Jirachi|Hidden Power|p1a: Swampert
|-supereffective|p1a: Swampert
|-damage|p1a: Swampert|0 fnt
|faint|p1a: Swampert
|
|t:|1731546484
|switch|p1a: Aerodactyl|Aerodactyl, F|100/100
|
|-weather|Sandstorm|[upkeep]
|-heal|p2a: Jirachi|32/100|[from] item: Leftovers
|upkeep
|turn|24
|
|t:|1731546488
|move|p1a: Aerodactyl|Earthquake|p2a: Jirachi
|-supereffective|p2a: Jirachi
|-damage|p2a: Jirachi|0 fnt
|faint|p2a: Jirachi
|c|☆go-go-zeppeli-1890|gg
|
|t:|1731546491
|switch|p2a: Raikou|Raikou|88/100
|
|-weather|Sandstorm|[upkeep]
|-damage|p2a: Raikou|82/100|[from] Sandstorm
|-heal|p2a: Raikou|88/100|[from] item: Leftovers
|upkeep
|turn|25
|
|t:|1731546493
|move|p1a: Aerodactyl|Earthquake|p2a: Raikou
|-supereffective|p2a: Raikou
|-damage|p2a: Raikou|0 fnt
|faint|p2a: Raikou
|
|win|Tree69420
|c|☆Tree69420|gg
|player|p2|
|player|p2|go-go-zeppeli-1890|102|
|player|p2|

</script>
<script type="application/json" class="data" id="replaydata-smogtours-gen3ou-806204">
{"id":"smogtours-gen3ou-806204","format":"[Gen 3] OU","players":["Tree69420","go-go-zeppeli-1890"],"uploadtime":1731546493,"views":8,"formatid":"gen3ou","rating":null,"private":0,"password":null}
</script>

<script defer src="js/replays.js?9d40a366"></script>
