<!DOCTYPE html>
<meta charset="utf-8" />
<meta name="viewport" content="width=device-width" />

<title>[Gen 3] OU: strictsceptile1 vs. SteelSwaggy - Replays - Pok&eacute;mon Showdown!</title>

<meta name="description" content="Watch a replay of a Pok&eacute;mon battle between strictsceptile1 and SteelSwaggy! Format: [Gen 3] OU; Date: Oct 18, 2024" />
<!--

Hey, you! Looking in the source for the replay log?

You can find them in JSON format, just add `.json` at the end of a replay URL.

https://replay.pokemonshowdown.com/gen7randomdoublesbattle-865046831.json

Or, if you only need the log itself, add `.log` instead:

https://replay.pokemonshowdown.com/gen7randomdoublesbattle-865046831.log

-->

<link rel="stylesheet" href="//pokemonshowdown.com/style/global.css?0.023195364461161105" />
<link rel="stylesheet" href="//play.pokemonshowdown.com/style/font-awesome.css?0.13261647063804238" />
<link rel="stylesheet" href="//play.pokemonshowdown.com/style/battle.css?0.8753245789963631" />
<link rel="stylesheet" href="//play.pokemonshowdown.com/style/utilichart.css?0.8627959624976733" />

<!-- Global site tag (gtag.js) - Google Analytics -->
<script async src="https://www.googletagmanager.com/gtag/js?id=UA-26211653-1"></script>
<script>
  window.dataLayer = window.dataLayer || [];
  function gtag(){dataLayer.push(arguments);}
  gtag('js', new Date());

  gtag('config', 'UA-26211653-1');
</script>
<!-- End Google Analytics -->
<!-- Venatus Ad Manager - Install in <HEAD> of page -->
	<script src="https://hb.vntsm.com/v3/live/ad-manager.min.js" type="text/javascript" data-site-id="642aba63ec9a7b11c3c9c1be" data-mode="scan" async></script>
<!-- / Venatus Ad Manager -->

<style>
	@media (max-width:820px) {
		.battle {
			margin: 0 auto;
		}
		.battle-log {
			margin: 7px auto 0;
			max-width: 640px;
			height: 300px;
			position: static;
		}
	}
	.optgroup {
		display: inline-block;
		line-height: 22px;
		font-size: 10pt;
	}
	.optgroup .button {
		height: 25px;
		padding-top: 0;
		padding-bottom: 0;
	}
	.optgroup button.button {
		padding-left: 12px;
		padding-right: 12px;
	}
	.linklist {
		list-style: none;
		margin: 0.5em 0;
		padding: 0;
	}
	.linklist li {
		padding: 2px 0;
	}
	.sidebar {
		float: left;
		width: 320px;
	}
	.bar-wrapper {
		max-width: 1100px;
		margin: 0 auto;
	}
	.bar-wrapper.has-sidebar {
		max-width: 1430px;
	}
	.mainbar {
		margin: 0;
		padding-right: 1px;
	}
	.mainbar.has-sidebar {
		margin-left: 330px;
	}
	@media (min-width: 1511px) {
		.sidebar {
			width: 400px;
		}
		.bar-wrapper.has-sidebar {
			max-width: 1510px;
		}
		.mainbar.has-sidebar {
			margin-left: 410px;
		}
	}
	.section.first-section {
		margin-top: 9px;
	}
	.blocklink small {
		white-space: normal;
	}
	.button {
		vertical-align: middle;
	}
	.replay-controls {
		padding-top: 10px;
	}
	.replay-controls h1 {
		font-size: 16pt;
		font-weight: normal;
		color: #CCC;
	}
	.pagelink {
		text-align: center;
	}
	.pagelink a {
		width: 150px;
	}
	.textbox, .button {
		font-size: 11pt;
		vertical-align: middle;
	}
	@media (max-width: 450px) {
		.button {
			font-size: 9pt;
		}
	}
</style>

<div>

	<header>
		<div class="nav-wrapper"><ul class="nav">
			<li><a class="button nav-first" href="//pokemonshowdown.com/"><img src="//pokemonshowdown.com/images/pokemonshowdownbeta.png" srcset="//pokemonshowdown.com/images/pokemonshowdownbeta.png 1x, //pokemonshowdown.com/images/pokemonshowdownbeta@2x.png 2x" alt="Pok&eacute;mon Showdown" width="146" height="44" /> Home</a></li>
			<li><a class="button" href="//pokemonshowdown.com/dex/">Pok&eacute;dex</a></li>
			<li><a class="button cur" href="/">Replays</a></li>
			<li><a class="button" href="//pokemonshowdown.com/ladder/">Ladder</a></li>
			<li><a class="button nav-last" href="//pokemonshowdown.com/forums/">Forum</a></li>
			<li><a class="button greenbutton nav-first nav-last" href="//play.pokemonshowdown.com/">Play</a></li>
		</ul></div>
	</header>

	<div class="main" id="main">

		<noscript><section class="section">You need to enable JavaScript to use this page; sorry!</section></noscript>

	</div>

</div>

<script defer nomodule src="//play.pokemonshowdown.com/js/lib/ps-polyfill.js"></script>
<script defer src="//play.pokemonshowdown.com/js/lib/preact.min.js"></script>

<script defer src="//play.pokemonshowdown.com/config/config.js?2bddbc15"></script>
<script defer src="//play.pokemonshowdown.com/js/lib/jquery-1.11.0.min.js"></script>
<script defer src="//play.pokemonshowdown.com/js/lib/html-sanitizer-minified.js"></script>
<script defer src="//play.pokemonshowdown.com/js/battle-sound.js"></script>
<script defer src="//play.pokemonshowdown.com/js/battledata.js?0.7209276989879541"></script>
<script defer src="//play.pokemonshowdown.com/data/pokedex-mini.js?0.6111056340867951"></script>
<script defer src="//play.pokemonshowdown.com/data/pokedex-mini-bw.js?0.3532142036491459"></script>
<script defer src="//play.pokemonshowdown.com/data/graphics.js?0.24223875632456182"></script>
<script defer src="//play.pokemonshowdown.com/data/pokedex.js?0.38839984266356864"></script>
<script defer src="//play.pokemonshowdown.com/data/moves.js?0.21866028504024015"></script>
<script defer src="//play.pokemonshowdown.com/data/abilities.js?0.2005157953846628"></script>
<script defer src="//play.pokemonshowdown.com/data/items.js?0.9894211263848525"></script>
<script defer src="//play.pokemonshowdown.com/data/teambuilder-tables.js?0.6008791140282215"></script>
<script defer src="//play.pokemonshowdown.com/js/battle-tooltips.js?0.7580118955022959"></script>
<script defer src="//play.pokemonshowdown.com/js/battle.js?0.6057722274234274"></script>

<script defer src="js/utils.js?e31f9a17"></script>
<script defer src="js/replays-battle.js?7008c182"></script>

<!-- don't scrape this data! just add .json or .log after the URL!
Full API docs: https://github.com/smogon/pokemon-showdown-client/blob/master/WEB-API.md -->
<script type="text/plain" class="log" id="replaylog-gen3ou-2225551475-zyd9odnxj9uy1gf345fnw3z3qzq7ncbpw">
|j|☆strictsceptile1
|j|☆SteelSwaggy
|t:|1729244316
|gametype|singles
|player|p1|strictsceptile1|cyrus|
|player|p2|SteelSwaggy|scientist-gen4dp|
|teamsize|p1|6
|teamsize|p2|6
|gen|3
|tier|[Gen 3] OU
|rule|Sleep Clause Mod: Limit one foe put to sleep
|rule|Switch Priority Clause Mod: Faster Pokémon switch first
|rule|Species Clause: Limit one of each Pokémon
|rule|OHKO Clause: OHKO moves are banned
|rule|Evasion Items Clause: Evasion items are banned
|rule|Evasion Moves Clause: Evasion moves are banned
|rule|Endless Battle Clause: Forcing endless battles is banned
|rule|HP Percentage Mod: HP is shown in percentages
|rule|One Boost Passer Clause: Limit one Baton Passer that has a way to boost its stats
|rule|Freeze Clause Mod: Limit one foe frozen
|
|t:|1729244316
|start
|switch|p1a: Tyranitar|Tyranitar, M|100/100
|switch|p2a: E101mkII|Metagross, shiny|100/100
|-weather|Sandstorm|[from] ability: Sand Stream|[of] p1a: Tyranitar
|turn|1
|inactive|Battle timer is ON: inactive players will automatically lose when time's up. (requested by strictsceptile1)
|c|☆strictsceptile1|Hf
|inactive|strictsceptile1 has 270 seconds left.
|c|☆SteelSwaggy|hf
|
|t:|1729244362
|switch|p1a: Swampert|Swampert, M|100/100
|move|p2a: E101mkII|Meteor Mash|p1a: Swampert
|-resisted|p1a: Swampert
|-damage|p1a: Swampert|74/100
|
|-weather|Sandstorm|[upkeep]
|-heal|p1a: Swampert|80/100|[from] item: Leftovers
|upkeep
|turn|2
|
|t:|1729244372
|-singleturn|p1a: Swampert|move: Focus Punch
|switch|p2a: Celebity|Celebi|100/100
|move|p1a: Swampert|Focus Punch|p2a: Celebity
|-resisted|p2a: Celebity
|-damage|p2a: Celebity|87/100
|
|-weather|Sandstorm|[upkeep]
|-damage|p2a: Celebity|81/100|[from] Sandstorm
|-heal|p2a: Celebity|87/100|[from] item: Leftovers
|-heal|p1a: Swampert|86/100|[from] item: Leftovers
|upkeep
|turn|3
|
|t:|1729244381
|switch|p1a: Zapdos|Zapdos|100/100
|move|p2a: Celebity|Leech Seed|p1a: Zapdos
|-start|p1a: Zapdos|move: Leech Seed
|
|-weather|Sandstorm|[upkeep]
|-damage|p1a: Zapdos|94/100|[from] Sandstorm
|-damage|p2a: Celebity|81/100|[from] Sandstorm
|-heal|p1a: Zapdos|100/100|[from] item: Leftovers
|-damage|p1a: Zapdos|88/100|[from] Leech Seed|[of] p2a: Celebity
|-heal|p2a: Celebity|92/100|[silent]
|-heal|p2a: Celebity|99/100|[from] item: Leftovers
|upkeep
|turn|4
|
|t:|1729244390
|move|p1a: Zapdos|Hidden Power|p2a: Celebity
|-resisted|p2a: Celebity
|-damage|p2a: Celebity|91/100
|move|p2a: Celebity|Psychic|p1a: Zapdos
|-damage|p1a: Zapdos|52/100
|
|-weather|Sandstorm|[upkeep]
|-damage|p1a: Zapdos|46/100|[from] Sandstorm
|-damage|p2a: Celebity|85/100|[from] Sandstorm
|-heal|p1a: Zapdos|52/100|[from] item: Leftovers
|-damage|p1a: Zapdos|40/100|[from] Leech Seed|[of] p2a: Celebity
|-heal|p2a: Celebity|96/100|[silent]
|-heal|p2a: Celebity|100/100|[from] item: Leftovers
|upkeep
|turn|5
|
|t:|1729244397
|switch|p1a: Jirachi|Jirachi|100/100
|move|p2a: Celebity|Leech Seed|p1a: Jirachi|[miss]
|-miss|p2a: Celebity|p1a: Jirachi
|
|-weather|Sandstorm|[upkeep]
|-damage|p2a: Celebity|94/100|[from] Sandstorm
|-heal|p2a: Celebity|100/100|[from] item: Leftovers
|upkeep
|turn|6
|
|t:|1729244402
|switch|p1a: Zapdos|Zapdos|40/100
|move|p2a: Celebity|Leech Seed|p1a: Zapdos
|-start|p1a: Zapdos|move: Leech Seed
|
|-weather|Sandstorm|[upkeep]
|-damage|p1a: Zapdos|34/100|[from] Sandstorm
|-damage|p2a: Celebity|94/100|[from] Sandstorm
|-heal|p1a: Zapdos|40/100|[from] item: Leftovers
|-damage|p1a: Zapdos|27/100|[from] Leech Seed|[of] p2a: Celebity
|-heal|p2a: Celebity|100/100|[silent]
|upkeep
|turn|7
|
|t:|1729244406
|move|p1a: Zapdos|Baton Pass|p1a: Zapdos
|
|t:|1729244410
|switch|p1a: Jirachi|Jirachi|100/100|[from] Baton Pass
|move|p2a: Celebity|Calm Mind|p2a: Celebity
|-boost|p2a: Celebity|spa|1
|-boost|p2a: Celebity|spd|1
|
|-weather|Sandstorm|[upkeep]
|-damage|p2a: Celebity|94/100|[from] Sandstorm
|-damage|p1a: Jirachi|88/100|[from] Leech Seed|[of] p2a: Celebity
|-heal|p2a: Celebity|100/100|[silent]
|upkeep
|turn|8
|
|t:|1729244414
|move|p1a: Jirachi|Calm Mind|p1a: Jirachi
|-boost|p1a: Jirachi|spa|1
|-boost|p1a: Jirachi|spd|1
|move|p2a: Celebity|Calm Mind|p2a: Celebity
|-boost|p2a: Celebity|spa|1
|-boost|p2a: Celebity|spd|1
|
|-weather|Sandstorm|[upkeep]
|-damage|p2a: Celebity|94/100|[from] Sandstorm
|-heal|p1a: Jirachi|94/100|[from] item: Leftovers
|-damage|p1a: Jirachi|82/100|[from] Leech Seed|[of] p2a: Celebity
|-heal|p2a: Celebity|100/100|[silent]
|upkeep
|turn|9
|
|t:|1729244418
|move|p1a: Jirachi|Fire Punch|p2a: Celebity
|-supereffective|p2a: Celebity
|-damage|p2a: Celebity|73/100
|move|p2a: Celebity|Calm Mind|p2a: Celebity
|-boost|p2a: Celebity|spa|1
|-boost|p2a: Celebity|spd|1
|
|-weather|Sandstorm|[upkeep]
|-damage|p2a: Celebity|67/100|[from] Sandstorm
|-heal|p1a: Jirachi|88/100|[from] item: Leftovers
|-damage|p1a: Jirachi|75/100|[from] Leech Seed|[of] p2a: Celebity
|-heal|p2a: Celebity|79/100|[silent]
|-heal|p2a: Celebity|85/100|[from] item: Leftovers
|upkeep
|turn|10
|
|t:|1729244423
|switch|p1a: Metagross|Metagross|100/100
|move|p2a: Celebity|Calm Mind|p2a: Celebity
|-boost|p2a: Celebity|spa|1
|-boost|p2a: Celebity|spd|1
|
|-weather|Sandstorm|[upkeep]
|-damage|p2a: Celebity|79/100|[from] Sandstorm
|-heal|p2a: Celebity|85/100|[from] item: Leftovers
|upkeep
|turn|11
|j| tierstaffdblagent
|
|t:|1729244437
|switch|p2a: Spyro|Dragonite, M|100/100
|move|p1a: Metagross|Explosion|p2a: Spyro
|-damage|p2a: Spyro|0 fnt
|faint|p1a: Metagross
|faint|p2a: Spyro
|
|t:|1729244447
|switch|p1a: Jirachi|Jirachi|75/100
|switch|p2a: Swagpert|Swampert, M|100/100
|
|-weather|Sandstorm|[upkeep]
|-heal|p1a: Jirachi|81/100|[from] item: Leftovers
|upkeep
|turn|12
|
|t:|1729244453
|move|p1a: Jirachi|Hidden Power|p2a: Swagpert
|-supereffective|p2a: Swagpert
|-damage|p2a: Swagpert|45/100
|move|p2a: Swagpert|Earthquake|p1a: Jirachi
|-supereffective|p1a: Jirachi
|-damage|p1a: Jirachi|6/100
|
|-weather|Sandstorm|[upkeep]
|-heal|p1a: Jirachi|12/100|[from] item: Leftovers
|-heal|p2a: Swagpert|51/100|[from] item: Leftovers
|upkeep
|turn|13
|
|t:|1729244464
|switch|p2a: E101mkII|Metagross, shiny|100/100
|move|p1a: Jirachi|Hidden Power|p2a: E101mkII
|-resisted|p2a: E101mkII
|-damage|p2a: E101mkII|91/100
|
|-weather|Sandstorm|[upkeep]
|-heal|p1a: Jirachi|18/100|[from] item: Leftovers
|-heal|p2a: E101mkII|97/100|[from] item: Leftovers
|upkeep
|turn|14
|
|t:|1729244467
|move|p1a: Jirachi|Fire Punch|p2a: E101mkII
|-supereffective|p2a: E101mkII
|-damage|p2a: E101mkII|49/100
|move|p2a: E101mkII|Earthquake|p1a: Jirachi
|-supereffective|p1a: Jirachi
|-damage|p1a: Jirachi|0 fnt
|faint|p1a: Jirachi
|
|t:|1729244483
|switch|p1a: Zapdos|Zapdos|27/100
|
|-weather|Sandstorm|[upkeep]
|-damage|p1a: Zapdos|21/100|[from] Sandstorm
|-heal|p1a: Zapdos|27/100|[from] item: Leftovers
|-heal|p2a: E101mkII|55/100|[from] item: Leftovers
|upkeep
|turn|15
|
|t:|1729244487
|move|p2a: E101mkII|Protect|p2a: E101mkII
|-singleturn|p2a: E101mkII|Protect
|move|p1a: Zapdos|Thunderbolt|p2a: E101mkII
|-activate|p2a: E101mkII|Protect
|
|-weather|Sandstorm|[upkeep]
|-damage|p1a: Zapdos|21/100|[from] Sandstorm
|-heal|p1a: Zapdos|27/100|[from] item: Leftovers
|-heal|p2a: E101mkII|61/100|[from] item: Leftovers
|upkeep
|turn|16
|
|t:|1729244491
|switch|p2a: Celebity|Celebi|85/100
|move|p1a: Zapdos|Thunderbolt|p2a: Celebity
|-resisted|p2a: Celebity
|-damage|p2a: Celebity|67/100
|-status|p2a: Celebity|par
|
|-weather|Sandstorm|[upkeep]
|-damage|p1a: Zapdos|21/100|[from] Sandstorm
|-damage|p2a: Celebity|61/100 par|[from] Sandstorm
|-heal|p1a: Zapdos|27/100|[from] item: Leftovers
|-heal|p2a: Celebity|67/100 par|[from] item: Leftovers
|upkeep
|turn|17
|
|t:|1729244495
|move|p1a: Zapdos|Drill Peck|p2a: Celebity
|-supereffective|p2a: Celebity
|-damage|p2a: Celebity|31/100 par
|cant|p2a: Celebity|par
|
|-weather|Sandstorm|[upkeep]
|-damage|p1a: Zapdos|21/100|[from] Sandstorm
|-damage|p2a: Celebity|25/100 par|[from] Sandstorm
|-heal|p1a: Zapdos|27/100|[from] item: Leftovers
|-heal|p2a: Celebity|31/100 par|[from] item: Leftovers
|upkeep
|turn|18
|
|t:|1729244503
|-curestatus|p2a: Celebity|par|[from] ability: Natural Cure
|switch|p2a: E101mkII|Metagross, shiny|61/100
|move|p1a: Zapdos|Hidden Power|p2a: E101mkII
|-resisted|p2a: E101mkII
|-damage|p2a: E101mkII|50/100
|
|-weather|Sandstorm|[upkeep]
|-damage|p1a: Zapdos|21/100|[from] Sandstorm
|-heal|p1a: Zapdos|27/100|[from] item: Leftovers
|-heal|p2a: E101mkII|57/100|[from] item: Leftovers
|upkeep
|turn|19
|
|t:|1729244507
|move|p1a: Zapdos|Thunderbolt|p2a: E101mkII
|-damage|p2a: E101mkII|14/100
|-status|p2a: E101mkII|par
|cant|p2a: E101mkII|par
|
|-weather|Sandstorm|[upkeep]
|-damage|p1a: Zapdos|21/100|[from] Sandstorm
|-heal|p1a: Zapdos|27/100|[from] item: Leftovers
|-heal|p2a: E101mkII|20/100 par|[from] item: Leftovers
|upkeep
|turn|20
|
|t:|1729244514
|move|p1a: Zapdos|Thunderbolt|p2a: E101mkII
|-damage|p2a: E101mkII|0 fnt
|faint|p2a: E101mkII
|
|t:|1729244516
|switch|p2a: Starflash250|Starmie|100/100
|
|-weather|Sandstorm|[upkeep]
|-damage|p2a: Starflash250|94/100|[from] Sandstorm
|-damage|p1a: Zapdos|21/100|[from] Sandstorm
|-heal|p2a: Starflash250|100/100|[from] item: Leftovers
|-heal|p1a: Zapdos|27/100|[from] item: Leftovers
|upkeep
|turn|21
|c|☆strictsceptile1|Mb
|
|t:|1729244530
|move|p2a: Starflash250|Ice Beam|p1a: Zapdos
|-supereffective|p1a: Zapdos
|-damage|p1a: Zapdos|0 fnt
|faint|p1a: Zapdos
|
|t:|1729244539
|switch|p1a: Swampert|Swampert, M|86/100
|
|-weather|Sandstorm|[upkeep]
|-damage|p2a: Starflash250|94/100|[from] Sandstorm
|-heal|p2a: Starflash250|100/100|[from] item: Leftovers
|-heal|p1a: Swampert|92/100|[from] item: Leftovers
|upkeep
|turn|22
|
|t:|1729244544
|switch|p2a: Nepto Dragon|Gyarados, M, shiny|100/100
|-ability|p2a: Nepto Dragon|Intimidate|boost
|-unboost|p1a: Swampert|atk|1
|move|p1a: Swampert|Ice Beam|p2a: Nepto Dragon
|-damage|p2a: Nepto Dragon|77/100
|
|-weather|Sandstorm|[upkeep]
|-damage|p2a: Nepto Dragon|71/100|[from] Sandstorm
|-heal|p2a: Nepto Dragon|77/100|[from] item: Leftovers
|-heal|p1a: Swampert|99/100|[from] item: Leftovers
|upkeep
|turn|23
|
|t:|1729244548
|switch|p1a: Salamence|Salamence, M|100/100
|-ability|p1a: Salamence|Intimidate|boost
|-unboost|p2a: Nepto Dragon|atk|1
|move|p2a: Nepto Dragon|Dragon Dance|p2a: Nepto Dragon
|-boost|p2a: Nepto Dragon|atk|1
|-boost|p2a: Nepto Dragon|spe|1
|
|-weather|Sandstorm|[upkeep]
|-damage|p2a: Nepto Dragon|71/100|[from] Sandstorm
|-damage|p1a: Salamence|94/100|[from] Sandstorm
|-heal|p2a: Nepto Dragon|77/100|[from] item: Leftovers
|-heal|p1a: Salamence|100/100|[from] item: Leftovers
|upkeep
|turn|24
|
|t:|1729244556
|switch|p2a: Starflash250|Starmie|100/100
|move|p1a: Salamence|Dragon Dance|p1a: Salamence
|-boost|p1a: Salamence|atk|1
|-boost|p1a: Salamence|spe|1
|
|-weather|Sandstorm|[upkeep]
|-damage|p1a: Salamence|94/100|[from] Sandstorm
|-damage|p2a: Starflash250|94/100|[from] Sandstorm
|-heal|p1a: Salamence|100/100|[from] item: Leftovers
|-heal|p2a: Starflash250|100/100|[from] item: Leftovers
|upkeep
|turn|25
|
|t:|1729244563
|move|p1a: Salamence|Hidden Power|p2a: Starflash250
|-crit|p2a: Starflash250
|-damage|p2a: Starflash250|0 fnt
|faint|p2a: Starflash250
|c|☆SteelSwaggy|Oh come on
|j| ojr
|-message|SteelSwaggy forfeited.
|
|win|strictsceptile1
|c|☆strictsceptile1|Sorry

</script>
<script type="application/json" class="data" id="replaydata-gen3ou-2225551475-zyd9odnxj9uy1gf345fnw3z3qzq7ncbpw">
{"id":"gen3ou-2225551475","format":"[Gen 3] OU","players":["strictsceptile1","SteelSwaggy"],"uploadtime":1729244578,"views":86,"formatid":"gen3ou","rating":null,"private":1,"password":"zyd9odnxj9uy1gf345fnw3z3qzq7ncb"}
</script>

<script defer src="js/replays.js?9d40a366"></script>
