<!DOCTYPE html>
<meta charset="utf-8" />
<meta name="viewport" content="width=device-width" />

<title>[Gen 3] OU: busyboi vs. swope - Replays - Pok&eacute;mon Showdown!</title>

<meta name="description" content="Watch a replay of a Pok&eacute;mon battle between busyboi and swope! Format: [Gen 3] OU; Date: Oct 14, 2024" />
<!--

Hey, you! Looking in the source for the replay log?

You can find them in JSON format, just add `.json` at the end of a replay URL.

https://replay.pokemonshowdown.com/gen7randomdoublesbattle-865046831.json

Or, if you only need the log itself, add `.log` instead:

https://replay.pokemonshowdown.com/gen7randomdoublesbattle-865046831.log

-->

<link rel="stylesheet" href="//pokemonshowdown.com/style/global.css?0.023195364461161105" />
<link rel="stylesheet" href="//play.pokemonshowdown.com/style/font-awesome.css?0.13261647063804238" />
<link rel="stylesheet" href="//play.pokemonshowdown.com/style/battle.css?0.8753245789963631" />
<link rel="stylesheet" href="//play.pokemonshowdown.com/style/utilichart.css?0.8627959624976733" />

<!-- Global site tag (gtag.js) - Google Analytics -->
<script async src="https://www.googletagmanager.com/gtag/js?id=UA-26211653-1"></script>
<script>
  window.dataLayer = window.dataLayer || [];
  function gtag(){dataLayer.push(arguments);}
  gtag('js', new Date());

  gtag('config', 'UA-26211653-1');
</script>
<!-- End Google Analytics -->
<!-- Venatus Ad Manager - Install in <HEAD> of page -->
	<script src="https://hb.vntsm.com/v3/live/ad-manager.min.js" type="text/javascript" data-site-id="642aba63ec9a7b11c3c9c1be" data-mode="scan" async></script>
<!-- / Venatus Ad Manager -->

<style>
	@media (max-width:820px) {
		.battle {
			margin: 0 auto;
		}
		.battle-log {
			margin: 7px auto 0;
			max-width: 640px;
			height: 300px;
			position: static;
		}
	}
	.optgroup {
		display: inline-block;
		line-height: 22px;
		font-size: 10pt;
	}
	.optgroup .button {
		height: 25px;
		padding-top: 0;
		padding-bottom: 0;
	}
	.optgroup button.button {
		padding-left: 12px;
		padding-right: 12px;
	}
	.linklist {
		list-style: none;
		margin: 0.5em 0;
		padding: 0;
	}
	.linklist li {
		padding: 2px 0;
	}
	.sidebar {
		float: left;
		width: 320px;
	}
	.bar-wrapper {
		max-width: 1100px;
		margin: 0 auto;
	}
	.bar-wrapper.has-sidebar {
		max-width: 1430px;
	}
	.mainbar {
		margin: 0;
		padding-right: 1px;
	}
	.mainbar.has-sidebar {
		margin-left: 330px;
	}
	@media (min-width: 1511px) {
		.sidebar {
			width: 400px;
		}
		.bar-wrapper.has-sidebar {
			max-width: 1510px;
		}
		.mainbar.has-sidebar {
			margin-left: 410px;
		}
	}
	.section.first-section {
		margin-top: 9px;
	}
	.blocklink small {
		white-space: normal;
	}
	.button {
		vertical-align: middle;
	}
	.replay-controls {
		padding-top: 10px;
	}
	.replay-controls h1 {
		font-size: 16pt;
		font-weight: normal;
		color: #CCC;
	}
	.pagelink {
		text-align: center;
	}
	.pagelink a {
		width: 150px;
	}
	.textbox, .button {
		font-size: 11pt;
		vertical-align: middle;
	}
	@media (max-width: 450px) {
		.button {
			font-size: 9pt;
		}
	}
</style>

<div>

	<header>
		<div class="nav-wrapper"><ul class="nav">
			<li><a class="button nav-first" href="//pokemonshowdown.com/"><img src="//pokemonshowdown.com/images/pokemonshowdownbeta.png" srcset="//pokemonshowdown.com/images/pokemonshowdownbeta.png 1x, //pokemonshowdown.com/images/pokemonshowdownbeta@2x.png 2x" alt="Pok&eacute;mon Showdown" width="146" height="44" /> Home</a></li>
			<li><a class="button" href="//pokemonshowdown.com/dex/">Pok&eacute;dex</a></li>
			<li><a class="button cur" href="/">Replays</a></li>
			<li><a class="button" href="//pokemonshowdown.com/ladder/">Ladder</a></li>
			<li><a class="button nav-last" href="//pokemonshowdown.com/forums/">Forum</a></li>
			<li><a class="button greenbutton nav-first nav-last" href="//play.pokemonshowdown.com/">Play</a></li>
		</ul></div>
	</header>

	<div class="main" id="main">

		<noscript><section class="section">You need to enable JavaScript to use this page; sorry!</section></noscript>

	</div>

</div>

<script defer nomodule src="//play.pokemonshowdown.com/js/lib/ps-polyfill.js"></script>
<script defer src="//play.pokemonshowdown.com/js/lib/preact.min.js"></script>

<script defer src="//play.pokemonshowdown.com/config/config.js?2bddbc15"></script>
<script defer src="//play.pokemonshowdown.com/js/lib/jquery-1.11.0.min.js"></script>
<script defer src="//play.pokemonshowdown.com/js/lib/html-sanitizer-minified.js"></script>
<script defer src="//play.pokemonshowdown.com/js/battle-sound.js"></script>
<script defer src="//play.pokemonshowdown.com/js/battledata.js?0.7209276989879541"></script>
<script defer src="//play.pokemonshowdown.com/data/pokedex-mini.js?0.6111056340867951"></script>
<script defer src="//play.pokemonshowdown.com/data/pokedex-mini-bw.js?0.3532142036491459"></script>
<script defer src="//play.pokemonshowdown.com/data/graphics.js?0.24223875632456182"></script>
<script defer src="//play.pokemonshowdown.com/data/pokedex.js?0.38839984266356864"></script>
<script defer src="//play.pokemonshowdown.com/data/moves.js?0.21866028504024015"></script>
<script defer src="//play.pokemonshowdown.com/data/abilities.js?0.2005157953846628"></script>
<script defer src="//play.pokemonshowdown.com/data/items.js?0.9894211263848525"></script>
<script defer src="//play.pokemonshowdown.com/data/teambuilder-tables.js?0.6008791140282215"></script>
<script defer src="//play.pokemonshowdown.com/js/battle-tooltips.js?0.7580118955022959"></script>
<script defer src="//play.pokemonshowdown.com/js/battle.js?0.6057722274234274"></script>

<script defer src="js/utils.js?e31f9a17"></script>
<script defer src="js/replays-battle.js?7008c182"></script>

<!-- don't scrape this data! just add .json or .log after the URL!
Full API docs: https://github.com/smogon/pokemon-showdown-client/blob/master/WEB-API.md -->
<script type="text/plain" class="log" id="replaylog-smogtours-gen3ou-798816">
|inactive|Battle timer is ON: inactive players will automatically lose when time's up.
|t:|1728945631
|gametype|singles
|player|p1|busyboi|102|
|player|p2|swope|266|
|teamsize|p1|6
|teamsize|p2|6
|gen|3
|tier|[Gen 3] OU
|rule|Sleep Clause Mod: Limit one foe put to sleep
|rule|Switch Priority Clause Mod: Faster Pokémon switch first
|rule|Species Clause: Limit one of each Pokémon
|rule|OHKO Clause: OHKO moves are banned
|rule|Evasion Items Clause: Evasion items are banned
|rule|Evasion Moves Clause: Evasion moves are banned
|rule|Endless Battle Clause: Forcing endless battles is banned
|rule|HP Percentage Mod: HP is shown in percentages
|rule|One Boost Passer Clause: Limit one Baton Passer that has a way to boost its stats
|rule|Freeze Clause Mod: Limit one foe frozen
|
|t:|1728945631
|start
|switch|p1a: Metagross|Metagross|100/100
|switch|p2a: legendario|Zapdos|100/100
|turn|1
|
|t:|1728945651
|switch|p1a: Celebi|Celebi|100/100
|move|p2a: legendario|Thunderbolt|p1a: Celebi
|-resisted|p1a: Celebi
|-damage|p1a: Celebi|84/100
|
|-heal|p1a: Celebi|90/100|[from] item: Leftovers
|upkeep
|turn|2
|
|t:|1728945673
|switch|p2a: defeated|Umbreon, F|100/100
|move|p1a: Celebi|Leech Seed|p2a: defeated
|-start|p2a: defeated|move: Leech Seed
|
|-heal|p1a: Celebi|97/100|[from] item: Leftovers
|-damage|p2a: defeated|88/100|[from] Leech Seed|[of] p1a: Celebi
|-heal|p1a: Celebi|100/100|[silent]
|upkeep
|turn|3
|
|t:|1728945680
|move|p1a: Celebi|Substitute|p1a: Celebi
|-start|p1a: Celebi|Substitute
|-damage|p1a: Celebi|75/100
|move|p2a: defeated|Toxic||[still]
|-fail|p2a: defeated
|
|-heal|p1a: Celebi|82/100|[from] item: Leftovers
|-heal|p2a: defeated|94/100|[from] item: Leftovers
|-damage|p2a: defeated|82/100|[from] Leech Seed|[of] p1a: Celebi
|-heal|p1a: Celebi|94/100|[silent]
|upkeep
|turn|4
|
|t:|1728945692
|switch|p2a: legendario|Zapdos|100/100
|move|p1a: Celebi|Baton Pass|p1a: Celebi
|
|t:|1728945705
|switch|p1a: Tyranitar|Tyranitar, M|100/100|[from] Baton Pass
|-weather|Sandstorm|[from] ability: Sand Stream|[of] p1a: Tyranitar
|
|-weather|Sandstorm|[upkeep]
|-damage|p2a: legendario|94/100|[from] Sandstorm
|-heal|p2a: legendario|100/100|[from] item: Leftovers
|upkeep
|turn|5
|
|t:|1728945717
|switch|p2a: mohawk|Swampert, M|100/100
|move|p1a: Tyranitar|Rock Slide|p2a: mohawk
|-resisted|p2a: mohawk
|-damage|p2a: mohawk|86/100
|
|-weather|Sandstorm|[upkeep]
|-heal|p2a: mohawk|92/100|[from] item: Leftovers
|upkeep
|turn|6
|
|t:|1728945731
|move|p1a: Tyranitar|Hidden Power|p2a: mohawk
|-supereffective|p2a: mohawk
|-damage|p2a: mohawk|35/100
|move|p2a: mohawk|Earthquake|p1a: Tyranitar
|-supereffective|p1a: Tyranitar
|-end|p1a: Tyranitar|Substitute
|
|-weather|Sandstorm|[upkeep]
|-heal|p2a: mohawk|41/100|[from] item: Leftovers
|upkeep
|turn|7
|
|t:|1728945749
|switch|p2a: Epic|Forretress, F, shiny|100/100
|move|p1a: Tyranitar|Hidden Power|p2a: Epic
|-resisted|p2a: Epic
|-damage|p2a: Epic|97/100
|
|-weather|Sandstorm|[upkeep]
|-heal|p2a: Epic|100/100|[from] item: Leftovers
|upkeep
|turn|8
|
|t:|1728945760
|switch|p1a: Magneton|Magneton|100/100
|move|p2a: Epic|Spikes|p1a: Magneton
|-sidestart|p1: busyboi|Spikes
|
|-weather|Sandstorm|[upkeep]
|upkeep
|turn|9
|
|t:|1728945766
|move|p1a: Magneton|Thunderbolt|p2a: Epic
|-damage|p2a: Epic|58/100
|move|p2a: Epic|Earthquake|p1a: Magneton
|-supereffective|p1a: Magneton
|-damage|p1a: Magneton|0 fnt
|faint|p1a: Magneton
|
|t:|1728945777
|switch|p1a: Salamence|Salamence, F|100/100
|-ability|p1a: Salamence|Intimidate|boost
|-unboost|p2a: Epic|atk|1
|
|-weather|Sandstorm|[upkeep]
|-damage|p1a: Salamence|94/100|[from] Sandstorm
|-heal|p1a: Salamence|100/100|[from] item: Leftovers
|-heal|p2a: Epic|64/100|[from] item: Leftovers
|upkeep
|turn|10
|
|t:|1728945787
|move|p1a: Salamence|Dragon Dance|p1a: Salamence
|-boost|p1a: Salamence|atk|1
|-boost|p1a: Salamence|spe|1
|move|p2a: Epic|Explosion|p1a: Salamence
|-damage|p1a: Salamence|21/100
|faint|p2a: Epic
|
|t:|1728945801
|switch|p2a: legendario|Zapdos|100/100
|
|-weather|Sandstorm|[upkeep]
|-damage|p1a: Salamence|15/100|[from] Sandstorm
|-damage|p2a: legendario|94/100|[from] Sandstorm
|-heal|p1a: Salamence|21/100|[from] item: Leftovers
|-heal|p2a: legendario|100/100|[from] item: Leftovers
|upkeep
|turn|11
|
|t:|1728945813
|move|p1a: Salamence|Rock Slide|p2a: legendario
|-supereffective|p2a: legendario
|-damage|p2a: legendario|19/100
|move|p2a: legendario|Roar|p1a: Salamence
|drag|p1a: Celebi|Celebi|94/100
|-damage|p1a: Celebi|81/100|[from] Spikes
|
|-weather|Sandstorm|[upkeep]
|-damage|p1a: Celebi|75/100|[from] Sandstorm
|-damage|p2a: legendario|13/100|[from] Sandstorm
|-heal|p1a: Celebi|81/100|[from] item: Leftovers
|-heal|p2a: legendario|19/100|[from] item: Leftovers
|upkeep
|turn|12
|
|t:|1728945830
|move|p1a: Celebi|Leech Seed|p2a: legendario
|-start|p2a: legendario|move: Leech Seed
|move|p2a: legendario|Roar|p1a: Celebi
|drag|p1a: Salamence|Salamence, F|21/100
|-ability|p1a: Salamence|Intimidate|boost
|-unboost|p2a: legendario|atk|1
|
|-weather|Sandstorm|[upkeep]
|-damage|p1a: Salamence|15/100|[from] Sandstorm
|-damage|p2a: legendario|13/100|[from] Sandstorm
|-heal|p1a: Salamence|21/100|[from] item: Leftovers
|-heal|p2a: legendario|19/100|[from] item: Leftovers
|-damage|p2a: legendario|6/100|[from] Leech Seed|[of] p1a: Salamence
|-heal|p1a: Salamence|35/100|[silent]
|upkeep
|turn|13
|
|t:|1728945844
|move|p1a: Salamence|Hidden Power|p2a: legendario
|-resisted|p2a: legendario
|-damage|p2a: legendario|0 fnt
|faint|p2a: legendario
|
|t:|1728945850
|switch|p2a: mohawk|Swampert, M|41/100
|
|-weather|Sandstorm|[upkeep]
|-damage|p1a: Salamence|29/100|[from] Sandstorm
|-heal|p1a: Salamence|35/100|[from] item: Leftovers
|-heal|p2a: mohawk|48/100|[from] item: Leftovers
|upkeep
|turn|14
|
|t:|1728945862
|switch|p1a: Celebi|Celebi|81/100
|-damage|p1a: Celebi|69/100|[from] Spikes
|move|p2a: mohawk|Ice Beam|p1a: Celebi
|-supereffective|p1a: Celebi
|-crit|p1a: Celebi
|-damage|p1a: Celebi|0 fnt
|faint|p1a: Celebi
|
|t:|1728945870
|switch|p1a: Tyranitar|Tyranitar, M|100/100
|-damage|p1a: Tyranitar|88/100|[from] Spikes
|
|-weather|Sandstorm|[upkeep]
|-heal|p2a: mohawk|54/100|[from] item: Leftovers
|upkeep
|turn|15
|
|t:|1728945875
|move|p2a: mohawk|Protect|p2a: mohawk
|-singleturn|p2a: mohawk|Protect
|move|p1a: Tyranitar|Hidden Power|p2a: mohawk
|-activate|p2a: mohawk|Protect
|
|-weather|Sandstorm|[upkeep]
|-heal|p2a: mohawk|60/100|[from] item: Leftovers
|upkeep
|turn|16
|
|t:|1728945887
|switch|p2a: hypnot|Gengar, M, shiny|100/100
|move|p1a: Tyranitar|Hidden Power|p2a: hypnot
|-resisted|p2a: hypnot
|-crit|p2a: hypnot
|-damage|p2a: hypnot|81/100
|
|-weather|Sandstorm|[upkeep]
|-damage|p2a: hypnot|75/100|[from] Sandstorm
|-heal|p2a: hypnot|81/100|[from] item: Leftovers
|upkeep
|turn|17
|
|t:|1728945898
|move|p2a: hypnot|Will-O-Wisp|p1a: Tyranitar|[miss]
|-miss|p2a: hypnot|p1a: Tyranitar
|move|p1a: Tyranitar|Dragon Dance|p1a: Tyranitar
|-boost|p1a: Tyranitar|atk|1
|-boost|p1a: Tyranitar|spe|1
|
|-weather|Sandstorm|[upkeep]
|-damage|p2a: hypnot|75/100|[from] Sandstorm
|-heal|p2a: hypnot|81/100|[from] item: Leftovers
|upkeep
|turn|18
|
|t:|1728945913
|move|p1a: Tyranitar|Rock Slide|p2a: hypnot
|-damage|p2a: hypnot|0 fnt
|faint|p2a: hypnot
|
|t:|1728945920
|switch|p2a: dd tar|Tyranitar, F|100/100
|
|-weather|Sandstorm|[upkeep]
|upkeep
|turn|19
|
|t:|1728945925
|move|p1a: Tyranitar|Earthquake|p2a: dd tar
|-supereffective|p2a: dd tar
|-damage|p2a: dd tar|15/100
|move|p2a: dd tar|Earthquake|p1a: Tyranitar
|-supereffective|p1a: Tyranitar
|-damage|p1a: Tyranitar|0 fnt
|faint|p1a: Tyranitar
|
|t:|1728945941
|switch|p1a: Salamence|Salamence, F|35/100
|-ability|p1a: Salamence|Intimidate|boost
|-unboost|p2a: dd tar|atk|1
|
|-weather|Sandstorm|[upkeep]
|-damage|p1a: Salamence|29/100|[from] Sandstorm
|-heal|p1a: Salamence|35/100|[from] item: Leftovers
|upkeep
|turn|20
|
|t:|1728945949
|switch|p2a: defeated|Umbreon, F|82/100
|move|p1a: Salamence|Earthquake|p2a: defeated
|-damage|p2a: defeated|52/100
|
|-weather|Sandstorm|[upkeep]
|-damage|p1a: Salamence|29/100|[from] Sandstorm
|-damage|p2a: defeated|46/100|[from] Sandstorm
|-heal|p1a: Salamence|35/100|[from] item: Leftovers
|-heal|p2a: defeated|52/100|[from] item: Leftovers
|upkeep
|turn|21
|
|t:|1728945969
|move|p1a: Salamence|Hidden Power|p2a: defeated
|-damage|p2a: defeated|19/100
|move|p2a: defeated|Wish|p2a: defeated
|
|-weather|Sandstorm|[upkeep]
|-damage|p1a: Salamence|29/100|[from] Sandstorm
|-damage|p2a: defeated|13/100|[from] Sandstorm
|-heal|p1a: Salamence|35/100|[from] item: Leftovers
|-heal|p2a: defeated|19/100|[from] item: Leftovers
|upkeep
|turn|22
|
|t:|1728945978
|move|p1a: Salamence|Dragon Dance|p1a: Salamence
|-boost|p1a: Salamence|atk|1
|-boost|p1a: Salamence|spe|1
|move|p2a: defeated|Pursuit|p1a: Salamence
|-damage|p1a: Salamence|23/100
|
|-heal|p2a: defeated|69/100|[from] move: Wish|[wisher] defeated
|-weather|Sandstorm|[upkeep]
|-damage|p1a: Salamence|17/100|[from] Sandstorm
|-damage|p2a: defeated|63/100|[from] Sandstorm
|-heal|p1a: Salamence|23/100|[from] item: Leftovers
|-heal|p2a: defeated|69/100|[from] item: Leftovers
|upkeep
|turn|23
|
|t:|1728945992
|move|p1a: Salamence|Hidden Power|p2a: defeated
|-damage|p2a: defeated|21/100
|move|p2a: defeated|Toxic|p1a: Salamence
|-status|p1a: Salamence|tox
|
|-weather|Sandstorm|[upkeep]
|-damage|p1a: Salamence|17/100 tox|[from] Sandstorm
|-damage|p2a: defeated|14/100|[from] Sandstorm
|-heal|p1a: Salamence|23/100 tox|[from] item: Leftovers
|-damage|p1a: Salamence|17/100 tox|[from] psn
|-heal|p2a: defeated|21/100|[from] item: Leftovers
|upkeep
|turn|24
|
|t:|1728946003
|move|p2a: defeated|Protect|p2a: defeated
|-singleturn|p2a: defeated|Protect
|move|p1a: Salamence|Hidden Power|p2a: defeated
|-activate|p2a: defeated|Protect
|
|-weather|Sandstorm|[upkeep]
|-damage|p1a: Salamence|11/100 tox|[from] Sandstorm
|-damage|p2a: defeated|14/100|[from] Sandstorm
|-heal|p1a: Salamence|17/100 tox|[from] item: Leftovers
|-damage|p1a: Salamence|5/100 tox|[from] psn
|-heal|p2a: defeated|21/100|[from] item: Leftovers
|upkeep
|turn|25
|
|t:|1728946020
|move|p2a: defeated|Protect||[still]
|-fail|p2a: defeated
|move|p1a: Salamence|Hidden Power|p2a: defeated
|-damage|p2a: defeated|0 fnt
|faint|p2a: defeated
|
|t:|1728946029
|switch|p2a: mohawk|Swampert, M|60/100
|
|-weather|Sandstorm|[upkeep]
|-damage|p1a: Salamence|0 fnt|[from] Sandstorm
|faint|p1a: Salamence
|-heal|p2a: mohawk|66/100|[from] item: Leftovers
|upkeep
|
|t:|1728946031
|switch|p1a: Gyarados|Gyarados, M|100/100
|-ability|p1a: Gyarados|Intimidate|boost
|-unboost|p2a: mohawk|atk|1
|turn|26
|
|t:|1728946043
|move|p1a: Gyarados|Dragon Dance|p1a: Gyarados
|-boost|p1a: Gyarados|atk|1
|-boost|p1a: Gyarados|spe|1
|move|p2a: mohawk|Ice Beam|p1a: Gyarados
|-damage|p1a: Gyarados|78/100
|
|-weather|Sandstorm|[upkeep]
|-damage|p1a: Gyarados|72/100|[from] Sandstorm
|-heal|p1a: Gyarados|78/100|[from] item: Leftovers
|-heal|p2a: mohawk|72/100|[from] item: Leftovers
|upkeep
|turn|27
|
|t:|1728946052
|move|p1a: Gyarados|Double-Edge|p2a: mohawk
|-damage|p2a: mohawk|29/100
|-damage|p1a: Gyarados|61/100|[from] Recoil|[of] p2a: mohawk
|move|p2a: mohawk|Ice Beam|p1a: Gyarados
|-crit|p1a: Gyarados
|-damage|p1a: Gyarados|16/100
|
|-weather|Sandstorm|[upkeep]
|-damage|p1a: Gyarados|10/100|[from] Sandstorm
|-heal|p1a: Gyarados|16/100|[from] item: Leftovers
|-heal|p2a: mohawk|35/100|[from] item: Leftovers
|upkeep
|turn|28
|
|t:|1728946075
|move|p2a: mohawk|Protect|p2a: mohawk
|-singleturn|p2a: mohawk|Protect
|move|p1a: Gyarados|Double-Edge|p2a: mohawk
|-activate|p2a: mohawk|Protect
|
|-weather|Sandstorm|[upkeep]
|-damage|p1a: Gyarados|10/100|[from] Sandstorm
|-heal|p1a: Gyarados|16/100|[from] item: Leftovers
|-heal|p2a: mohawk|41/100|[from] item: Leftovers
|upkeep
|turn|29
|
|t:|1728946088
|switch|p2a: dd tar|Tyranitar, F|15/100
|move|p1a: Gyarados|Double-Edge|p2a: dd tar
|-resisted|p2a: dd tar
|-damage|p2a: dd tar|0 fnt
|-damage|p1a: Gyarados|11/100|[from] Recoil|[of] p2a: dd tar
|faint|p2a: dd tar
|
|t:|1728946095
|switch|p2a: mohawk|Swampert, M|41/100
|
|-weather|Sandstorm|[upkeep]
|-damage|p1a: Gyarados|4/100|[from] Sandstorm
|-heal|p1a: Gyarados|11/100|[from] item: Leftovers
|-heal|p2a: mohawk|47/100|[from] item: Leftovers
|upkeep
|turn|30
|inactive|busyboi has 270 seconds left.
|
|t:|1728946127
|move|p1a: Gyarados|Double-Edge|p2a: mohawk
|-crit|p2a: mohawk
|-damage|p2a: mohawk|0 fnt
|-damage|p1a: Gyarados|0 fnt|[from] Recoil|[of] p2a: mohawk
|faint|p2a: mohawk
|faint|p1a: Gyarados
|
|win|busyboi
|c|☆swope|gg
|c|☆busyboi|gg

</script>
<script type="application/json" class="data" id="replaydata-smogtours-gen3ou-798816">
{"id":"smogtours-gen3ou-798816","format":"[Gen 3] OU","players":["busyboi","swope"],"uploadtime":1728946127,"views":130,"formatid":"gen3ou","rating":null,"private":0,"password":null}
</script>

<script defer src="js/replays.js?9d40a366"></script>
