<!DOCTYPE html>
<meta charset="utf-8" />
<meta name="viewport" content="width=device-width" />

<title>[Gen 3] OU: crab person vs. leoperi99 - Replays - Pok&eacute;mon Showdown!</title>

<meta name="description" content="Watch a replay of a Pok&eacute;mon battle between crab person and leoperi99! Format: [Gen 3] OU; Date: Nov 8, 2024" />
<!--

Hey, you! Looking in the source for the replay log?

You can find them in JSON format, just add `.json` at the end of a replay URL.

https://replay.pokemonshowdown.com/gen7randomdoublesbattle-865046831.json

Or, if you only need the log itself, add `.log` instead:

https://replay.pokemonshowdown.com/gen7randomdoublesbattle-865046831.log

-->

<link rel="stylesheet" href="//pokemonshowdown.com/style/global.css?0.023195364461161105" />
<link rel="stylesheet" href="//play.pokemonshowdown.com/style/font-awesome.css?0.13261647063804238" />
<link rel="stylesheet" href="//play.pokemonshowdown.com/style/battle.css?0.8753245789963631" />
<link rel="stylesheet" href="//play.pokemonshowdown.com/style/utilichart.css?0.8627959624976733" />

<!-- Global site tag (gtag.js) - Google Analytics -->
<script async src="https://www.googletagmanager.com/gtag/js?id=UA-26211653-1"></script>
<script>
  window.dataLayer = window.dataLayer || [];
  function gtag(){dataLayer.push(arguments);}
  gtag('js', new Date());

  gtag('config', 'UA-26211653-1');
</script>
<!-- End Google Analytics -->
<!-- Venatus Ad Manager - Install in <HEAD> of page -->
	<script src="https://hb.vntsm.com/v3/live/ad-manager.min.js" type="text/javascript" data-site-id="642aba63ec9a7b11c3c9c1be" data-mode="scan" async></script>
<!-- / Venatus Ad Manager -->

<style>
	@media (max-width:820px) {
		.battle {
			margin: 0 auto;
		}
		.battle-log {
			margin: 7px auto 0;
			max-width: 640px;
			height: 300px;
			position: static;
		}
	}
	.optgroup {
		display: inline-block;
		line-height: 22px;
		font-size: 10pt;
	}
	.optgroup .button {
		height: 25px;
		padding-top: 0;
		padding-bottom: 0;
	}
	.optgroup button.button {
		padding-left: 12px;
		padding-right: 12px;
	}
	.linklist {
		list-style: none;
		margin: 0.5em 0;
		padding: 0;
	}
	.linklist li {
		padding: 2px 0;
	}
	.sidebar {
		float: left;
		width: 320px;
	}
	.bar-wrapper {
		max-width: 1100px;
		margin: 0 auto;
	}
	.bar-wrapper.has-sidebar {
		max-width: 1430px;
	}
	.mainbar {
		margin: 0;
		padding-right: 1px;
	}
	.mainbar.has-sidebar {
		margin-left: 330px;
	}
	@media (min-width: 1511px) {
		.sidebar {
			width: 400px;
		}
		.bar-wrapper.has-sidebar {
			max-width: 1510px;
		}
		.mainbar.has-sidebar {
			margin-left: 410px;
		}
	}
	.section.first-section {
		margin-top: 9px;
	}
	.blocklink small {
		white-space: normal;
	}
	.button {
		vertical-align: middle;
	}
	.replay-controls {
		padding-top: 10px;
	}
	.replay-controls h1 {
		font-size: 16pt;
		font-weight: normal;
		color: #CCC;
	}
	.pagelink {
		text-align: center;
	}
	.pagelink a {
		width: 150px;
	}
	.textbox, .button {
		font-size: 11pt;
		vertical-align: middle;
	}
	@media (max-width: 450px) {
		.button {
			font-size: 9pt;
		}
	}
</style>

<div>

	<header>
		<div class="nav-wrapper"><ul class="nav">
			<li><a class="button nav-first" href="//pokemonshowdown.com/"><img src="//pokemonshowdown.com/images/pokemonshowdownbeta.png" srcset="//pokemonshowdown.com/images/pokemonshowdownbeta.png 1x, //pokemonshowdown.com/images/pokemonshowdownbeta@2x.png 2x" alt="Pok&eacute;mon Showdown" width="146" height="44" /> Home</a></li>
			<li><a class="button" href="//pokemonshowdown.com/dex/">Pok&eacute;dex</a></li>
			<li><a class="button cur" href="/">Replays</a></li>
			<li><a class="button" href="//pokemonshowdown.com/ladder/">Ladder</a></li>
			<li><a class="button nav-last" href="//pokemonshowdown.com/forums/">Forum</a></li>
			<li><a class="button greenbutton nav-first nav-last" href="//play.pokemonshowdown.com/">Play</a></li>
		</ul></div>
	</header>

	<div class="main" id="main">

		<noscript><section class="section">You need to enable JavaScript to use this page; sorry!</section></noscript>

	</div>

</div>

<script defer nomodule src="//play.pokemonshowdown.com/js/lib/ps-polyfill.js"></script>
<script defer src="//play.pokemonshowdown.com/js/lib/preact.min.js"></script>

<script defer src="//play.pokemonshowdown.com/config/config.js?2bddbc15"></script>
<script defer src="//play.pokemonshowdown.com/js/lib/jquery-1.11.0.min.js"></script>
<script defer src="//play.pokemonshowdown.com/js/lib/html-sanitizer-minified.js"></script>
<script defer src="//play.pokemonshowdown.com/js/battle-sound.js"></script>
<script defer src="//play.pokemonshowdown.com/js/battledata.js?0.7209276989879541"></script>
<script defer src="//play.pokemonshowdown.com/data/pokedex-mini.js?0.6111056340867951"></script>
<script defer src="//play.pokemonshowdown.com/data/pokedex-mini-bw.js?0.3532142036491459"></script>
<script defer src="//play.pokemonshowdown.com/data/graphics.js?0.24223875632456182"></script>
<script defer src="//play.pokemonshowdown.com/data/pokedex.js?0.38839984266356864"></script>
<script defer src="//play.pokemonshowdown.com/data/moves.js?0.21866028504024015"></script>
<script defer src="//play.pokemonshowdown.com/data/abilities.js?0.2005157953846628"></script>
<script defer src="//play.pokemonshowdown.com/data/items.js?0.9894211263848525"></script>
<script defer src="//play.pokemonshowdown.com/data/teambuilder-tables.js?0.6008791140282215"></script>
<script defer src="//play.pokemonshowdown.com/js/battle-tooltips.js?0.7580118955022959"></script>
<script defer src="//play.pokemonshowdown.com/js/battle.js?0.6057722274234274"></script>

<script defer src="js/utils.js?e31f9a17"></script>
<script defer src="js/replays-battle.js?7008c182"></script>

<!-- don't scrape this data! just add .json or .log after the URL!
Full API docs: https://github.com/smogon/pokemon-showdown-client/blob/master/WEB-API.md -->
<script type="text/plain" class="log" id="replaylog-smogtours-gen3ou-805244">
|inactive|Battle timer is ON: inactive players will automatically lose when time's up.
|t:|1731088172
|gametype|singles
|player|p1|crab person|flint|
|player|p2|leoperi99|hala|
|teamsize|p1|6
|teamsize|p2|6
|gen|3
|tier|[Gen 3] OU
|rule|Sleep Clause Mod: Limit one foe put to sleep
|rule|Switch Priority Clause Mod: Faster Pokémon switch first
|rule|Species Clause: Limit one of each Pokémon
|rule|OHKO Clause: OHKO moves are banned
|rule|Evasion Items Clause: Evasion items are banned
|rule|Evasion Moves Clause: Evasion moves are banned
|rule|Endless Battle Clause: Forcing endless battles is banned
|rule|HP Percentage Mod: HP is shown in percentages
|rule|One Boost Passer Clause: Limit one Baton Passer that has a way to boost its stats
|rule|Freeze Clause Mod: Limit one foe frozen
|
|t:|1731088172
|start
|switch|p1a: Lightning Chidori|Zapdos|100/100
|switch|p2a: Zapdos|Zapdos|100/100
|turn|1
|
|t:|1731088176
|move|p1a: Lightning Chidori|Thunder Wave|p2a: Zapdos
|-status|p2a: Zapdos|par
|move|p2a: Zapdos|Baton Pass|p2a: Zapdos
|
|t:|1731088186
|switch|p2a: Tyranitar|Tyranitar, M|100/100|[from] Baton Pass
|-weather|Sandstorm|[from] ability: Sand Stream|[of] p2a: Tyranitar
|
|-weather|Sandstorm|[upkeep]
|-damage|p1a: Lightning Chidori|94/100|[from] Sandstorm
|-heal|p1a: Lightning Chidori|100/100|[from] item: Leftovers
|upkeep
|turn|2
|
|t:|1731088198
|move|p1a: Lightning Chidori|Baton Pass|p1a: Lightning Chidori
|
|t:|1731088200
|switch|p1a: Big Eye|Claydol|100/100|[from] Baton Pass
|move|p2a: Tyranitar|Rock Slide|p1a: Big Eye|[miss]
|-miss|p2a: Tyranitar|p1a: Big Eye
|
|-weather|Sandstorm|[upkeep]
|upkeep
|turn|3
|
|t:|1731088207
|switch|p2a: Zapdos|Zapdos|100/100 par
|move|p1a: Big Eye|Earthquake|p2a: Zapdos
|-immune|p2a: Zapdos
|
|-weather|Sandstorm|[upkeep]
|-damage|p2a: Zapdos|94/100 par|[from] Sandstorm
|-heal|p2a: Zapdos|100/100 par|[from] item: Leftovers
|upkeep
|turn|4
|
|t:|1731088220
|switch|p1a: Marshmelon|Blissey, F|100/100
|move|p2a: Zapdos|Hidden Power|p1a: Marshmelon
|-damage|p1a: Marshmelon|93/100
|
|-weather|Sandstorm|[upkeep]
|-damage|p1a: Marshmelon|87/100|[from] Sandstorm
|-damage|p2a: Zapdos|94/100 par|[from] Sandstorm
|-heal|p1a: Marshmelon|93/100|[from] item: Leftovers
|-heal|p2a: Zapdos|100/100 par|[from] item: Leftovers
|upkeep
|turn|5
|
|t:|1731088230
|switch|p2a: Metagross|Metagross|100/100
|move|p1a: Marshmelon|Ice Beam|p2a: Metagross
|-resisted|p2a: Metagross
|-damage|p2a: Metagross|88/100
|-status|p2a: Metagross|frz
|
|-weather|Sandstorm|[upkeep]
|-damage|p1a: Marshmelon|87/100|[from] Sandstorm
|-heal|p1a: Marshmelon|93/100|[from] item: Leftovers
|upkeep
|turn|6
|
|t:|1731088236
|switch|p1a: Lightning Chidori|Zapdos|100/100
|-curestatus|p2a: Metagross|frz|[msg]
|move|p2a: Metagross|Meteor Mash|p1a: Lightning Chidori|[miss]
|-miss|p2a: Metagross|p1a: Lightning Chidori
|
|-weather|Sandstorm|[upkeep]
|-damage|p1a: Lightning Chidori|94/100|[from] Sandstorm
|-heal|p1a: Lightning Chidori|100/100|[from] item: Leftovers
|upkeep
|turn|7
|
|t:|1731088242
|switch|p2a: Swampert|Swampert, M|100/100
|move|p1a: Lightning Chidori|Thunderbolt|p2a: Swampert
|-immune|p2a: Swampert
|
|-weather|Sandstorm|[upkeep]
|-damage|p1a: Lightning Chidori|94/100|[from] Sandstorm
|-heal|p1a: Lightning Chidori|100/100|[from] item: Leftovers
|upkeep
|turn|8
|
|t:|1731088246
|switch|p2a: Zapdos|Zapdos|100/100 par
|move|p1a: Lightning Chidori|Baton Pass|p1a: Lightning Chidori
|
|t:|1731088250
|switch|p1a: Marshmelon|Blissey, F|93/100|[from] Baton Pass
|
|-weather|Sandstorm|[upkeep]
|-damage|p1a: Marshmelon|87/100|[from] Sandstorm
|-damage|p2a: Zapdos|94/100 par|[from] Sandstorm
|-heal|p1a: Marshmelon|93/100|[from] item: Leftovers
|-heal|p2a: Zapdos|100/100 par|[from] item: Leftovers
|upkeep
|turn|9
|
|t:|1731088253
|switch|p2a: Metagross|Metagross|88/100
|move|p1a: Marshmelon|Thunderbolt|p2a: Metagross
|-crit|p2a: Metagross
|-damage|p2a: Metagross|43/100
|
|-weather|Sandstorm|[upkeep]
|-damage|p1a: Marshmelon|87/100|[from] Sandstorm
|-heal|p1a: Marshmelon|93/100|[from] item: Leftovers
|upkeep
|turn|10
|
|t:|1731088260
|switch|p1a: Big Eye|Claydol|100/100
|move|p2a: Metagross|Double-Edge|p1a: Big Eye
|-damage|p1a: Big Eye|29/100
|-damage|p2a: Metagross|18/100|[from] Recoil|[of] p1a: Big Eye
|
|-weather|Sandstorm|[upkeep]
|-heal|p1a: Big Eye|35/100|[from] item: Leftovers
|upkeep
|turn|11
|
|t:|1731088265
|move|p2a: Metagross|Double-Edge|p1a: Big Eye
|-damage|p1a: Big Eye|0 fnt
|-damage|p2a: Metagross|6/100|[from] Recoil|[of] p1a: Big Eye
|faint|p1a: Big Eye
|
|t:|1731088270
|switch|p1a: Lightning Chidori|Zapdos|100/100
|
|-weather|Sandstorm|[upkeep]
|-damage|p1a: Lightning Chidori|94/100|[from] Sandstorm
|-heal|p1a: Lightning Chidori|100/100|[from] item: Leftovers
|upkeep
|turn|12
|
|t:|1731088278
|move|p1a: Lightning Chidori|Hidden Power|p2a: Metagross
|-resisted|p2a: Metagross
|-damage|p2a: Metagross|0 fnt
|faint|p2a: Metagross
|
|t:|1731088287
|switch|p2a: Tyranitar|Tyranitar, M|100/100
|
|-weather|Sandstorm|[upkeep]
|-damage|p1a: Lightning Chidori|94/100|[from] Sandstorm
|-heal|p1a: Lightning Chidori|100/100|[from] item: Leftovers
|upkeep
|turn|13
|
|t:|1731088291
|switch|p1a: Blue Tang|Suicune, shiny|100/100
|move|p2a: Tyranitar|Rock Slide|p1a: Blue Tang|[miss]
|-miss|p2a: Tyranitar|p1a: Blue Tang
|
|-weather|Sandstorm|[upkeep]
|-damage|p1a: Blue Tang|94/100|[from] Sandstorm
|-heal|p1a: Blue Tang|100/100|[from] item: Leftovers
|upkeep
|turn|14
|
|t:|1731088301
|switch|p2a: Jirachi|Jirachi|100/100
|move|p1a: Blue Tang|Surf|p2a: Jirachi
|-damage|p2a: Jirachi|71/100
|
|-weather|Sandstorm|[upkeep]
|-damage|p1a: Blue Tang|94/100|[from] Sandstorm
|-heal|p2a: Jirachi|77/100|[from] item: Leftovers
|-heal|p1a: Blue Tang|100/100|[from] item: Leftovers
|upkeep
|turn|15
|
|t:|1731088306
|move|p2a: Jirachi|Calm Mind|p2a: Jirachi
|-boost|p2a: Jirachi|spa|1
|-boost|p2a: Jirachi|spd|1
|move|p1a: Blue Tang|Calm Mind|p1a: Blue Tang
|-boost|p1a: Blue Tang|spa|1
|-boost|p1a: Blue Tang|spd|1
|
|-weather|Sandstorm|[upkeep]
|-damage|p1a: Blue Tang|94/100|[from] Sandstorm
|-heal|p2a: Jirachi|83/100|[from] item: Leftovers
|-heal|p1a: Blue Tang|100/100|[from] item: Leftovers
|upkeep
|turn|16
|
|t:|1731088312
|move|p2a: Jirachi|Calm Mind|p2a: Jirachi
|-boost|p2a: Jirachi|spa|1
|-boost|p2a: Jirachi|spd|1
|move|p1a: Blue Tang|Calm Mind|p1a: Blue Tang
|-boost|p1a: Blue Tang|spa|1
|-boost|p1a: Blue Tang|spd|1
|
|-weather|Sandstorm|[upkeep]
|-damage|p1a: Blue Tang|94/100|[from] Sandstorm
|-heal|p2a: Jirachi|89/100|[from] item: Leftovers
|-heal|p1a: Blue Tang|100/100|[from] item: Leftovers
|upkeep
|turn|17
|
|t:|1731088315
|move|p2a: Jirachi|Calm Mind|p2a: Jirachi
|-boost|p2a: Jirachi|spa|1
|-boost|p2a: Jirachi|spd|1
|move|p1a: Blue Tang|Calm Mind|p1a: Blue Tang
|-boost|p1a: Blue Tang|spa|1
|-boost|p1a: Blue Tang|spd|1
|
|-weather|Sandstorm|[upkeep]
|-damage|p1a: Blue Tang|94/100|[from] Sandstorm
|-heal|p2a: Jirachi|96/100|[from] item: Leftovers
|-heal|p1a: Blue Tang|100/100|[from] item: Leftovers
|upkeep
|turn|18
|
|t:|1731088317
|move|p2a: Jirachi|Calm Mind|p2a: Jirachi
|-boost|p2a: Jirachi|spa|1
|-boost|p2a: Jirachi|spd|1
|move|p1a: Blue Tang|Calm Mind|p1a: Blue Tang
|-boost|p1a: Blue Tang|spa|1
|-boost|p1a: Blue Tang|spd|1
|
|-weather|Sandstorm|[upkeep]
|-damage|p1a: Blue Tang|94/100|[from] Sandstorm
|-heal|p2a: Jirachi|100/100|[from] item: Leftovers
|-heal|p1a: Blue Tang|100/100|[from] item: Leftovers
|upkeep
|turn|19
|
|t:|1731088319
|move|p2a: Jirachi|Calm Mind|p2a: Jirachi
|-boost|p2a: Jirachi|spa|1
|-boost|p2a: Jirachi|spd|1
|move|p1a: Blue Tang|Calm Mind|p1a: Blue Tang
|-boost|p1a: Blue Tang|spa|1
|-boost|p1a: Blue Tang|spd|1
|
|-weather|Sandstorm|[upkeep]
|-damage|p1a: Blue Tang|94/100|[from] Sandstorm
|-heal|p1a: Blue Tang|100/100|[from] item: Leftovers
|upkeep
|turn|20
|
|t:|1731088321
|move|p2a: Jirachi|Calm Mind|p2a: Jirachi
|-boost|p2a: Jirachi|spa|1
|-boost|p2a: Jirachi|spd|1
|move|p1a: Blue Tang|Calm Mind|p1a: Blue Tang
|-boost|p1a: Blue Tang|spa|1
|-boost|p1a: Blue Tang|spd|1
|
|-weather|Sandstorm|[upkeep]
|-damage|p1a: Blue Tang|94/100|[from] Sandstorm
|-heal|p1a: Blue Tang|100/100|[from] item: Leftovers
|upkeep
|turn|21
|
|t:|1731088323
|move|p2a: Jirachi|Hidden Power|p1a: Blue Tang
|-supereffective|p1a: Blue Tang
|-damage|p1a: Blue Tang|66/100
|move|p1a: Blue Tang|Surf|p2a: Jirachi
|-damage|p2a: Jirachi|68/100
|
|-weather|Sandstorm|[upkeep]
|-damage|p1a: Blue Tang|60/100|[from] Sandstorm
|-heal|p2a: Jirachi|74/100|[from] item: Leftovers
|-heal|p1a: Blue Tang|66/100|[from] item: Leftovers
|upkeep
|turn|22
|
|t:|1731088326
|move|p2a: Jirachi|Psychic|p1a: Blue Tang
|-damage|p1a: Blue Tang|33/100
|move|p1a: Blue Tang|Surf|p2a: Jirachi
|-damage|p2a: Jirachi|44/100
|
|-weather|Sandstorm|[upkeep]
|-damage|p1a: Blue Tang|27/100|[from] Sandstorm
|-heal|p2a: Jirachi|50/100|[from] item: Leftovers
|-heal|p1a: Blue Tang|33/100|[from] item: Leftovers
|upkeep
|turn|23
|
|t:|1731088332
|move|p2a: Jirachi|Hidden Power|p1a: Blue Tang
|-supereffective|p1a: Blue Tang
|-damage|p1a: Blue Tang|2/100
|move|p1a: Blue Tang|Surf|p2a: Jirachi
|-damage|p2a: Jirachi|19/100
|
|-weather|Sandstorm|[upkeep]
|-damage|p1a: Blue Tang|0 fnt|[from] Sandstorm
|faint|p1a: Blue Tang
|-heal|p2a: Jirachi|25/100|[from] item: Leftovers
|upkeep
|
|t:|1731088334
|switch|p1a: Lightning Chidori|Zapdos|100/100
|turn|24
|
|t:|1731088341
|move|p1a: Lightning Chidori|Thunder Wave|p2a: Jirachi
|-status|p2a: Jirachi|par
|move|p2a: Jirachi|Psychic|p1a: Lightning Chidori
|-damage|p1a: Lightning Chidori|0 fnt
|faint|p1a: Lightning Chidori
|
|t:|1731088346
|switch|p1a: Matchmech Circular|Metagross, shiny|100/100
|
|-weather|Sandstorm|[upkeep]
|-heal|p2a: Jirachi|32/100 par|[from] item: Leftovers
|upkeep
|turn|25
|
|t:|1731088350
|move|p1a: Matchmech Circular|Earthquake|p2a: Jirachi
|-supereffective|p2a: Jirachi
|-damage|p2a: Jirachi|0 fnt
|faint|p2a: Jirachi
|
|t:|1731088360
|switch|p2a: Zapdos|Zapdos|100/100 par
|
|-weather|Sandstorm|[upkeep]
|-damage|p2a: Zapdos|94/100 par|[from] Sandstorm
|-heal|p2a: Zapdos|100/100 par|[from] item: Leftovers
|upkeep
|turn|26
|
|t:|1731088363
|switch|p1a: Marshmelon|Blissey, F|93/100
|cant|p2a: Zapdos|par
|
|-weather|Sandstorm|[upkeep]
|-damage|p1a: Marshmelon|87/100|[from] Sandstorm
|-damage|p2a: Zapdos|94/100 par|[from] Sandstorm
|-heal|p1a: Marshmelon|93/100|[from] item: Leftovers
|-heal|p2a: Zapdos|100/100 par|[from] item: Leftovers
|upkeep
|turn|27
|
|t:|1731088368
|switch|p1a: Matchmech Circular|Metagross, shiny|100/100
|move|p2a: Zapdos|Drill Peck|p1a: Matchmech Circular
|-resisted|p1a: Matchmech Circular
|-damage|p1a: Matchmech Circular|89/100
|
|-weather|Sandstorm|[upkeep]
|-damage|p2a: Zapdos|94/100 par|[from] Sandstorm
|-heal|p2a: Zapdos|100/100 par|[from] item: Leftovers
|upkeep
|turn|28
|
|t:|1731088381
|move|p1a: Matchmech Circular|Meteor Mash|p2a: Zapdos
|-resisted|p2a: Zapdos
|-damage|p2a: Zapdos|50/100 par
|move|p2a: Zapdos|Thunderbolt|p1a: Matchmech Circular
|-damage|p1a: Matchmech Circular|44/100
|
|-weather|Sandstorm|[upkeep]
|-damage|p2a: Zapdos|44/100 par|[from] Sandstorm
|-heal|p2a: Zapdos|50/100 par|[from] item: Leftovers
|upkeep
|turn|29
|
|t:|1731088386
|move|p1a: Matchmech Circular|Meteor Mash|p2a: Zapdos
|-resisted|p2a: Zapdos
|-damage|p2a: Zapdos|3/100 par
|-boost|p1a: Matchmech Circular|atk|1
|move|p2a: Zapdos|Thunderbolt|p1a: Matchmech Circular
|-damage|p1a: Matchmech Circular|3/100
|
|-weather|Sandstorm|[upkeep]
|-damage|p2a: Zapdos|0 fnt|[from] Sandstorm
|faint|p2a: Zapdos
|upkeep
|
|t:|1731088393
|switch|p2a: Salamence|Salamence, F|100/100
|-ability|p2a: Salamence|Intimidate|boost
|-fail|p1a: Matchmech Circular|unboost|[from] ability: Clear Body|[of] p1a: Matchmech Circular
|turn|30
|
|t:|1731088395
|move|p2a: Salamence|Earthquake|p1a: Matchmech Circular
|-supereffective|p1a: Matchmech Circular
|-damage|p1a: Matchmech Circular|0 fnt
|faint|p1a: Matchmech Circular
|
|t:|1731088397
|switch|p1a: Marshmelon|Blissey, F|93/100
|
|-weather|Sandstorm|[upkeep]
|-damage|p2a: Salamence|94/100|[from] Sandstorm
|-damage|p1a: Marshmelon|87/100|[from] Sandstorm
|-heal|p2a: Salamence|100/100|[from] item: Leftovers
|-heal|p1a: Marshmelon|93/100|[from] item: Leftovers
|upkeep
|turn|31
|
|t:|1731088409
|switch|p2a: Swampert|Swampert, M|100/100
|move|p1a: Marshmelon|Ice Beam|p2a: Swampert
|-damage|p2a: Swampert|83/100
|
|-weather|Sandstorm|[upkeep]
|-damage|p1a: Marshmelon|87/100|[from] Sandstorm
|-heal|p1a: Marshmelon|93/100|[from] item: Leftovers
|-heal|p2a: Swampert|89/100|[from] item: Leftovers
|upkeep
|turn|32
|
|t:|1731088413
|-singleturn|p2a: Swampert|move: Focus Punch
|switch|p1a: Mushroom Man No2|Breloom, F|100/100
|move|p2a: Swampert|Focus Punch|p1a: Mushroom Man No2
|-damage|p1a: Mushroom Man No2|45/100
|
|-weather|Sandstorm|[upkeep]
|-damage|p1a: Mushroom Man No2|39/100|[from] Sandstorm
|-heal|p1a: Mushroom Man No2|45/100|[from] item: Leftovers
|-heal|p2a: Swampert|96/100|[from] item: Leftovers
|upkeep
|turn|33
|
|t:|1731088425
|switch|p2a: Salamence|Salamence, F|100/100
|-ability|p2a: Salamence|Intimidate|boost
|-unboost|p1a: Mushroom Man No2|atk|1
|move|p1a: Mushroom Man No2|Spore|p2a: Salamence
|-status|p2a: Salamence|slp|[from] move: Spore
|
|-weather|Sandstorm|[upkeep]
|-damage|p2a: Salamence|94/100 slp|[from] Sandstorm
|-damage|p1a: Mushroom Man No2|39/100|[from] Sandstorm
|-heal|p2a: Salamence|100/100 slp|[from] item: Leftovers
|-heal|p1a: Mushroom Man No2|45/100|[from] item: Leftovers
|upkeep
|turn|34
|
|t:|1731088431
|switch|p1a: Marshmelon|Blissey, F|93/100
|cant|p2a: Salamence|slp
|
|-weather|Sandstorm|[upkeep]
|-damage|p2a: Salamence|94/100 slp|[from] Sandstorm
|-damage|p1a: Marshmelon|87/100|[from] Sandstorm
|-heal|p2a: Salamence|100/100 slp|[from] item: Leftovers
|-heal|p1a: Marshmelon|93/100|[from] item: Leftovers
|upkeep
|turn|35
|
|t:|1731088434
|switch|p2a: Swampert|Swampert, M|96/100
|move|p1a: Marshmelon|Ice Beam|p2a: Swampert
|-damage|p2a: Swampert|77/100
|
|-weather|Sandstorm|[upkeep]
|-damage|p1a: Marshmelon|87/100|[from] Sandstorm
|-heal|p1a: Marshmelon|93/100|[from] item: Leftovers
|-heal|p2a: Swampert|83/100|[from] item: Leftovers
|upkeep
|turn|36
|
|t:|1731088436
|move|p1a: Marshmelon|Ice Beam|p2a: Swampert
|-damage|p2a: Swampert|65/100
|move|p2a: Swampert|Earthquake|p1a: Marshmelon
|-damage|p1a: Marshmelon|54/100
|
|-weather|Sandstorm|[upkeep]
|-damage|p1a: Marshmelon|48/100|[from] Sandstorm
|-heal|p1a: Marshmelon|54/100|[from] item: Leftovers
|-heal|p2a: Swampert|71/100|[from] item: Leftovers
|upkeep
|turn|37
|
|t:|1731088439
|move|p1a: Marshmelon|Ice Beam|p2a: Swampert
|-damage|p2a: Swampert|53/100
|move|p2a: Swampert|Earthquake|p1a: Marshmelon
|-damage|p1a: Marshmelon|20/100
|
|-weather|Sandstorm|[upkeep]
|-damage|p1a: Marshmelon|14/100|[from] Sandstorm
|-heal|p1a: Marshmelon|20/100|[from] item: Leftovers
|-heal|p2a: Swampert|59/100|[from] item: Leftovers
|upkeep
|turn|38
|
|t:|1731088444
|-singleturn|p2a: Swampert|move: Focus Punch
|switch|p1a: Mushroom Man No2|Breloom, F|45/100
|move|p2a: Swampert|Focus Punch|p1a: Mushroom Man No2
|-damage|p1a: Mushroom Man No2|0 fnt
|faint|p1a: Mushroom Man No2
|c|☆crab person|gg
|c|☆crab person|wp
|c|☆leoperi99|gg
|
|t:|1731088449
|switch|p1a: Marshmelon|Blissey, F|20/100
|
|-weather|Sandstorm|[upkeep]
|-damage|p1a: Marshmelon|14/100|[from] Sandstorm
|-heal|p1a: Marshmelon|20/100|[from] item: Leftovers
|-heal|p2a: Swampert|66/100|[from] item: Leftovers
|upkeep
|turn|39
|c|☆crab person|gl in the rest of the tour
|
|t:|1731088459
|move|p1a: Marshmelon|Ice Beam|p2a: Swampert
|-damage|p2a: Swampert|46/100
|move|p2a: Swampert|Earthquake|p1a: Marshmelon
|-damage|p1a: Marshmelon|0 fnt
|faint|p1a: Marshmelon
|
|win|leoperi99
|c|☆leoperi99|ty

</script>
<script type="application/json" class="data" id="replaydata-smogtours-gen3ou-805244">
{"id":"smogtours-gen3ou-805244","format":"[Gen 3] OU","players":["crab person","leoperi99"],"uploadtime":1731088459,"views":46,"formatid":"gen3ou","rating":null,"private":0,"password":null}
</script>

<script defer src="js/replays.js?9d40a366"></script>
