<!DOCTYPE html>
<meta charset="utf-8" />
<meta name="viewport" content="width=device-width" />

<title>[Gen 3] OU: blanched vs. Schmohg - Replays - Pok&eacute;mon Showdown!</title>

<meta name="description" content="Watch a replay of a Pok&eacute;mon battle between blanched and Schmohg! Format: [Gen 3] OU; Date: Oct 17, 2024" />
<!--

Hey, you! Looking in the source for the replay log?

You can find them in JSON format, just add `.json` at the end of a replay URL.

https://replay.pokemonshowdown.com/gen7randomdoublesbattle-865046831.json

Or, if you only need the log itself, add `.log` instead:

https://replay.pokemonshowdown.com/gen7randomdoublesbattle-865046831.log

-->

<link rel="stylesheet" href="//pokemonshowdown.com/style/global.css?0.023195364461161105" />
<link rel="stylesheet" href="//play.pokemonshowdown.com/style/font-awesome.css?0.13261647063804238" />
<link rel="stylesheet" href="//play.pokemonshowdown.com/style/battle.css?0.8753245789963631" />
<link rel="stylesheet" href="//play.pokemonshowdown.com/style/utilichart.css?0.8627959624976733" />

<!-- Global site tag (gtag.js) - Google Analytics -->
<script async src="https://www.googletagmanager.com/gtag/js?id=UA-26211653-1"></script>
<script>
  window.dataLayer = window.dataLayer || [];
  function gtag(){dataLayer.push(arguments);}
  gtag('js', new Date());

  gtag('config', 'UA-26211653-1');
</script>
<!-- End Google Analytics -->
<!-- Venatus Ad Manager - Install in <HEAD> of page -->
	<script src="https://hb.vntsm.com/v3/live/ad-manager.min.js" type="text/javascript" data-site-id="642aba63ec9a7b11c3c9c1be" data-mode="scan" async></script>
<!-- / Venatus Ad Manager -->

<style>
	@media (max-width:820px) {
		.battle {
			margin: 0 auto;
		}
		.battle-log {
			margin: 7px auto 0;
			max-width: 640px;
			height: 300px;
			position: static;
		}
	}
	.optgroup {
		display: inline-block;
		line-height: 22px;
		font-size: 10pt;
	}
	.optgroup .button {
		height: 25px;
		padding-top: 0;
		padding-bottom: 0;
	}
	.optgroup button.button {
		padding-left: 12px;
		padding-right: 12px;
	}
	.linklist {
		list-style: none;
		margin: 0.5em 0;
		padding: 0;
	}
	.linklist li {
		padding: 2px 0;
	}
	.sidebar {
		float: left;
		width: 320px;
	}
	.bar-wrapper {
		max-width: 1100px;
		margin: 0 auto;
	}
	.bar-wrapper.has-sidebar {
		max-width: 1430px;
	}
	.mainbar {
		margin: 0;
		padding-right: 1px;
	}
	.mainbar.has-sidebar {
		margin-left: 330px;
	}
	@media (min-width: 1511px) {
		.sidebar {
			width: 400px;
		}
		.bar-wrapper.has-sidebar {
			max-width: 1510px;
		}
		.mainbar.has-sidebar {
			margin-left: 410px;
		}
	}
	.section.first-section {
		margin-top: 9px;
	}
	.blocklink small {
		white-space: normal;
	}
	.button {
		vertical-align: middle;
	}
	.replay-controls {
		padding-top: 10px;
	}
	.replay-controls h1 {
		font-size: 16pt;
		font-weight: normal;
		color: #CCC;
	}
	.pagelink {
		text-align: center;
	}
	.pagelink a {
		width: 150px;
	}
	.textbox, .button {
		font-size: 11pt;
		vertical-align: middle;
	}
	@media (max-width: 450px) {
		.button {
			font-size: 9pt;
		}
	}
</style>

<div>

	<header>
		<div class="nav-wrapper"><ul class="nav">
			<li><a class="button nav-first" href="//pokemonshowdown.com/"><img src="//pokemonshowdown.com/images/pokemonshowdownbeta.png" srcset="//pokemonshowdown.com/images/pokemonshowdownbeta.png 1x, //pokemonshowdown.com/images/pokemonshowdownbeta@2x.png 2x" alt="Pok&eacute;mon Showdown" width="146" height="44" /> Home</a></li>
			<li><a class="button" href="//pokemonshowdown.com/dex/">Pok&eacute;dex</a></li>
			<li><a class="button cur" href="/">Replays</a></li>
			<li><a class="button" href="//pokemonshowdown.com/ladder/">Ladder</a></li>
			<li><a class="button nav-last" href="//pokemonshowdown.com/forums/">Forum</a></li>
			<li><a class="button greenbutton nav-first nav-last" href="//play.pokemonshowdown.com/">Play</a></li>
		</ul></div>
	</header>

	<div class="main" id="main">

		<noscript><section class="section">You need to enable JavaScript to use this page; sorry!</section></noscript>

	</div>

</div>

<script defer nomodule src="//play.pokemonshowdown.com/js/lib/ps-polyfill.js"></script>
<script defer src="//play.pokemonshowdown.com/js/lib/preact.min.js"></script>

<script defer src="//play.pokemonshowdown.com/config/config.js?2bddbc15"></script>
<script defer src="//play.pokemonshowdown.com/js/lib/jquery-1.11.0.min.js"></script>
<script defer src="//play.pokemonshowdown.com/js/lib/html-sanitizer-minified.js"></script>
<script defer src="//play.pokemonshowdown.com/js/battle-sound.js"></script>
<script defer src="//play.pokemonshowdown.com/js/battledata.js?0.7209276989879541"></script>
<script defer src="//play.pokemonshowdown.com/data/pokedex-mini.js?0.6111056340867951"></script>
<script defer src="//play.pokemonshowdown.com/data/pokedex-mini-bw.js?0.3532142036491459"></script>
<script defer src="//play.pokemonshowdown.com/data/graphics.js?0.24223875632456182"></script>
<script defer src="//play.pokemonshowdown.com/data/pokedex.js?0.38839984266356864"></script>
<script defer src="//play.pokemonshowdown.com/data/moves.js?0.21866028504024015"></script>
<script defer src="//play.pokemonshowdown.com/data/abilities.js?0.2005157953846628"></script>
<script defer src="//play.pokemonshowdown.com/data/items.js?0.9894211263848525"></script>
<script defer src="//play.pokemonshowdown.com/data/teambuilder-tables.js?0.6008791140282215"></script>
<script defer src="//play.pokemonshowdown.com/js/battle-tooltips.js?0.7580118955022959"></script>
<script defer src="//play.pokemonshowdown.com/js/battle.js?0.6057722274234274"></script>

<script defer src="js/utils.js?e31f9a17"></script>
<script defer src="js/replays-battle.js?7008c182"></script>

<!-- don't scrape this data! just add .json or .log after the URL!
Full API docs: https://github.com/smogon/pokemon-showdown-client/blob/master/WEB-API.md -->
<script type="text/plain" class="log" id="replaylog-smogtours-gen3ou-799205">
|inactive|Battle timer is ON: inactive players will automatically lose when time's up.
|t:|1729123795
|gametype|singles
|player|p1|blanched|#1v1plviiithwackeys|
|player|p2|Schmohg|musician|
|teamsize|p1|6
|teamsize|p2|6
|gen|3
|tier|[Gen 3] OU
|rule|Sleep Clause Mod: Limit one foe put to sleep
|rule|Switch Priority Clause Mod: Faster Pokémon switch first
|rule|Species Clause: Limit one of each Pokémon
|rule|OHKO Clause: OHKO moves are banned
|rule|Evasion Items Clause: Evasion items are banned
|rule|Evasion Moves Clause: Evasion moves are banned
|rule|Endless Battle Clause: Forcing endless battles is banned
|rule|HP Percentage Mod: HP is shown in percentages
|rule|One Boost Passer Clause: Limit one Baton Passer that has a way to boost its stats
|rule|Freeze Clause Mod: Limit one foe frozen
|
|t:|1729123795
|start
|switch|p1a: Jynx|Jynx, F|100/100
|switch|p2a: Suicune|Suicune, shiny|100/100
|turn|1
|
|t:|1729123810
|switch|p2a: Snorlax|Snorlax, M, shiny|100/100
|move|p1a: Jynx|Lovely Kiss|p2a: Snorlax
|-status|p2a: Snorlax|slp|[from] move: Lovely Kiss
|
|upkeep
|turn|2
|
|t:|1729123816
|switch|p2a: Metagross|Metagross|100/100
|move|p1a: Jynx|Substitute|p1a: Jynx
|-start|p1a: Jynx|Substitute
|-damage|p1a: Jynx|76/100
|
|-heal|p1a: Jynx|82/100|[from] item: Leftovers
|upkeep
|turn|3
|
|t:|1729123822
|move|p1a: Jynx|Ice Beam|p2a: Metagross
|-resisted|p2a: Metagross
|-damage|p2a: Metagross|75/100
|move|p2a: Metagross|Earthquake|p1a: Jynx
|-end|p1a: Jynx|Substitute
|
|-heal|p1a: Jynx|88/100|[from] item: Leftovers
|upkeep
|turn|4
|
|t:|1729123829
|switch|p1a: Gengar|Gengar, F|100/100
|switch|p2a: Suicune|Suicune, shiny|100/100
|
|upkeep
|turn|5
|
|t:|1729123838
|move|p1a: Gengar|Thunderbolt|p2a: Suicune
|-supereffective|p2a: Suicune
|-damage|p2a: Suicune|54/100
|move|p2a: Suicune|Hydro Pump|p1a: Gengar|[miss]
|-miss|p2a: Suicune|p1a: Gengar
|
|-heal|p2a: Suicune|60/100|[from] item: Leftovers
|upkeep
|turn|6
|
|t:|1729123844
|switch|p2a: Snorlax|Snorlax, M, shiny|100/100 slp
|move|p1a: Gengar|Thunderbolt|p2a: Snorlax
|-damage|p2a: Snorlax|85/100 slp
|
|-heal|p2a: Snorlax|91/100 slp|[from] item: Leftovers
|upkeep
|turn|7
|
|t:|1729123858
|switch|p1a: Tyranitar|Tyranitar, M|100/100
|-weather|Sandstorm|[from] ability: Sand Stream|[of] p1a: Tyranitar
|switch|p2a: Salamence|Salamence, M|100/100
|-ability|p2a: Salamence|Intimidate|boost
|-unboost|p1a: Tyranitar|atk|1
|
|-weather|Sandstorm|[upkeep]
|-damage|p2a: Salamence|94/100|[from] Sandstorm
|-heal|p2a: Salamence|100/100|[from] item: Leftovers
|upkeep
|turn|8
|
|t:|1729123866
|switch|p1a: Gengar|Gengar, F|100/100
|move|p2a: Salamence|Brick Break|p1a: Gengar
|-immune|p1a: Gengar
|
|-weather|Sandstorm|[upkeep]
|-damage|p1a: Gengar|94/100|[from] Sandstorm
|-damage|p2a: Salamence|94/100|[from] Sandstorm
|-heal|p1a: Gengar|100/100|[from] item: Leftovers
|-heal|p2a: Salamence|100/100|[from] item: Leftovers
|upkeep
|turn|9
|
|t:|1729123874
|switch|p1a: Tyranitar|Tyranitar, M|100/100
|switch|p2a: Snorlax|Snorlax, M, shiny|91/100 slp
|
|-weather|Sandstorm|[upkeep]
|-damage|p2a: Snorlax|85/100 slp|[from] Sandstorm
|-heal|p2a: Snorlax|91/100 slp|[from] item: Leftovers
|upkeep
|turn|10
|
|t:|1729123879
|switch|p2a: Salamence|Salamence, M|100/100
|-ability|p2a: Salamence|Intimidate|boost
|-unboost|p1a: Tyranitar|atk|1
|move|p1a: Tyranitar|Dragon Dance|p1a: Tyranitar
|-boost|p1a: Tyranitar|atk|1
|-boost|p1a: Tyranitar|spe|1
|
|-weather|Sandstorm|[upkeep]
|-damage|p2a: Salamence|94/100|[from] Sandstorm
|-heal|p2a: Salamence|100/100|[from] item: Leftovers
|upkeep
|turn|11
|
|t:|1729123883
|move|p1a: Tyranitar|Rock Slide|p2a: Salamence
|-supereffective|p2a: Salamence
|-damage|p2a: Salamence|0 fnt
|faint|p2a: Salamence
|
|t:|1729123889
|switch|p2a: Metagross|Metagross|75/100
|
|-weather|Sandstorm|[upkeep]
|upkeep
|turn|12
|
|t:|1729123898
|switch|p1a: Jynx|Jynx, F|88/100
|move|p2a: Metagross|Meteor Mash|p1a: Jynx|[miss]
|-miss|p2a: Metagross|p1a: Jynx
|
|-weather|Sandstorm|[upkeep]
|-damage|p1a: Jynx|82/100|[from] Sandstorm
|-heal|p1a: Jynx|88/100|[from] item: Leftovers
|upkeep
|turn|13
|
|t:|1729123901
|move|p1a: Jynx|Substitute|p1a: Jynx
|-start|p1a: Jynx|Substitute
|-damage|p1a: Jynx|63/100
|move|p2a: Metagross|Meteor Mash|p1a: Jynx
|-supereffective|p1a: Jynx
|-end|p1a: Jynx|Substitute
|
|-weather|Sandstorm|[upkeep]
|-damage|p1a: Jynx|57/100|[from] Sandstorm
|-heal|p1a: Jynx|63/100|[from] item: Leftovers
|upkeep
|turn|14
|
|t:|1729123903
|move|p1a: Jynx|Substitute|p1a: Jynx
|-start|p1a: Jynx|Substitute
|-damage|p1a: Jynx|38/100
|move|p2a: Metagross|Meteor Mash|p1a: Jynx
|-supereffective|p1a: Jynx
|-end|p1a: Jynx|Substitute
|-boost|p2a: Metagross|atk|1
|
|-weather|Sandstorm|[upkeep]
|-damage|p1a: Jynx|32/100|[from] Sandstorm
|-heal|p1a: Jynx|38/100|[from] item: Leftovers
|upkeep
|turn|15
|
|t:|1729123906
|move|p1a: Jynx|Substitute|p1a: Jynx
|-start|p1a: Jynx|Substitute
|-damage|p1a: Jynx|13/100
|move|p2a: Metagross|Meteor Mash|p1a: Jynx
|-supereffective|p1a: Jynx
|-end|p1a: Jynx|Substitute
|
|-weather|Sandstorm|[upkeep]
|-damage|p1a: Jynx|8/100|[from] Sandstorm
|-heal|p1a: Jynx|13/100|[from] item: Leftovers
|upkeep
|turn|16
|
|t:|1729123908
|move|p1a: Jynx|Ice Beam|p2a: Metagross
|-resisted|p2a: Metagross
|-damage|p2a: Metagross|50/100
|-status|p2a: Metagross|frz
|-curestatus|p2a: Metagross|frz|[msg]
|move|p2a: Metagross|Meteor Mash|p1a: Jynx
|-supereffective|p1a: Jynx
|-damage|p1a: Jynx|0 fnt
|-boost|p2a: Metagross|atk|1
|faint|p1a: Jynx
|
|t:|1729123911
|switch|p1a: Dugtrio|Dugtrio, F|100/100
|
|-weather|Sandstorm|[upkeep]
|upkeep
|turn|17
|
|t:|1729123912
|move|p1a: Dugtrio|Earthquake|p2a: Metagross
|-supereffective|p2a: Metagross
|-damage|p2a: Metagross|0 fnt
|faint|p2a: Metagross
|
|t:|1729123917
|switch|p2a: Suicune|Suicune, shiny|60/100
|
|-weather|Sandstorm|[upkeep]
|-damage|p2a: Suicune|54/100|[from] Sandstorm
|-heal|p2a: Suicune|60/100|[from] item: Leftovers
|upkeep
|turn|18
|
|t:|1729123935
|switch|p1a: Gengar|Gengar, F|100/100
|move|p2a: Suicune|Hydro Pump|p1a: Gengar
|-damage|p1a: Gengar|34/100
|
|-weather|Sandstorm|[upkeep]
|-damage|p1a: Gengar|28/100|[from] Sandstorm
|-damage|p2a: Suicune|54/100|[from] Sandstorm
|-heal|p1a: Gengar|34/100|[from] item: Leftovers
|-heal|p2a: Suicune|60/100|[from] item: Leftovers
|upkeep
|turn|19
|
|t:|1729123941
|move|p1a: Gengar|Thunderbolt|p2a: Suicune
|-supereffective|p2a: Suicune
|-damage|p2a: Suicune|18/100
|move|p2a: Suicune|Hydro Pump|p1a: Gengar
|-crit|p1a: Gengar
|-damage|p1a: Gengar|0 fnt
|faint|p1a: Gengar
|
|t:|1729123948
|switch|p1a: Dugtrio|Dugtrio, F|100/100
|
|-weather|Sandstorm|[upkeep]
|-damage|p2a: Suicune|12/100|[from] Sandstorm
|-heal|p2a: Suicune|18/100|[from] item: Leftovers
|upkeep
|turn|20
|
|t:|1729123951
|move|p1a: Dugtrio|Earthquake|p2a: Suicune
|-damage|p2a: Suicune|0 fnt
|faint|p2a: Suicune
|
|t:|1729123956
|switch|p2a: Heracross|Heracross, F|100/100
|
|-weather|Sandstorm|[upkeep]
|-damage|p2a: Heracross|94/100|[from] Sandstorm
|upkeep
|turn|21
|
|t:|1729123960
|switch|p1a: Suicune|Suicune|100/100
|move|p2a: Heracross|Substitute|p2a: Heracross
|-start|p2a: Heracross|Substitute
|-damage|p2a: Heracross|69/100
|
|-weather|Sandstorm|[upkeep]
|-damage|p2a: Heracross|63/100|[from] Sandstorm
|-damage|p1a: Suicune|94/100|[from] Sandstorm
|-heal|p1a: Suicune|100/100|[from] item: Leftovers
|upkeep
|turn|22
|
|t:|1729123969
|move|p2a: Heracross|Substitute|p2a: Heracross
|-fail|p2a: Heracross|move: Substitute
|move|p1a: Suicune|Roar|p2a: Heracross
|drag|p2a: Magneton|Magneton|100/100
|
|-weather|Sandstorm|[upkeep]
|-damage|p1a: Suicune|94/100|[from] Sandstorm
|-heal|p1a: Suicune|100/100|[from] item: Leftovers
|upkeep
|turn|23
|
|t:|1729123977
|move|p1a: Suicune|Hydro Pump|p2a: Magneton|[miss]
|-miss|p1a: Suicune|p2a: Magneton
|move|p2a: Magneton|Thunder Wave|p1a: Suicune
|-status|p1a: Suicune|par
|
|-weather|Sandstorm|[upkeep]
|-damage|p1a: Suicune|94/100 par|[from] Sandstorm
|-heal|p1a: Suicune|100/100 par|[from] item: Leftovers
|upkeep
|turn|24
|
|t:|1729123985
|switch|p2a: Snorlax|Snorlax, M, shiny|91/100 slp
|move|p1a: Suicune|Hydro Pump|p2a: Snorlax|[miss]
|-miss|p1a: Suicune|p2a: Snorlax
|
|-weather|Sandstorm|[upkeep]
|-damage|p2a: Snorlax|85/100 slp|[from] Sandstorm
|-damage|p1a: Suicune|94/100 par|[from] Sandstorm
|-heal|p2a: Snorlax|91/100 slp|[from] item: Leftovers
|-heal|p1a: Suicune|100/100 par|[from] item: Leftovers
|upkeep
|turn|25
|
|t:|1729123992
|switch|p1a: Tyranitar|Tyranitar, M|100/100
|cant|p2a: Snorlax|slp
|
|-weather|Sandstorm|[upkeep]
|-damage|p2a: Snorlax|85/100 slp|[from] Sandstorm
|-heal|p2a: Snorlax|91/100 slp|[from] item: Leftovers
|upkeep
|turn|26
|
|t:|1729123997
|move|p1a: Tyranitar|Dragon Dance|p1a: Tyranitar
|-boost|p1a: Tyranitar|atk|1
|-boost|p1a: Tyranitar|spe|1
|cant|p2a: Snorlax|slp
|
|-weather|Sandstorm|[upkeep]
|-damage|p2a: Snorlax|85/100 slp|[from] Sandstorm
|-heal|p2a: Snorlax|91/100 slp|[from] item: Leftovers
|upkeep
|turn|27
|
|t:|1729124000
|move|p1a: Tyranitar|Rock Slide|p2a: Snorlax
|-damage|p2a: Snorlax|33/100 slp
|-curestatus|p2a: Snorlax|slp|[msg]
|move|p2a: Snorlax|Self-Destruct|p1a: Tyranitar
|-resisted|p1a: Tyranitar
|-damage|p1a: Tyranitar|9/100
|faint|p2a: Snorlax
|
|t:|1729124006
|switch|p2a: Heracross|Heracross, F|63/100
|
|-weather|Sandstorm|[upkeep]
|-damage|p2a: Heracross|57/100|[from] Sandstorm
|-enditem|p1a: Tyranitar|Salac Berry|[eat]
|-boost|p1a: Tyranitar|spe|1|[from] item: Salac Berry
|upkeep
|turn|28
|
|t:|1729124010
|move|p1a: Tyranitar|Rock Slide|p2a: Heracross
|-damage|p2a: Heracross|0 fnt
|faint|p2a: Heracross
|
|t:|1729124013
|switch|p2a: Magneton|Magneton|100/100
|
|-weather|Sandstorm|[upkeep]
|upkeep
|turn|29
|
|t:|1729124015
|move|p1a: Tyranitar|Earthquake|p2a: Magneton
|-supereffective|p2a: Magneton
|-damage|p2a: Magneton|0 fnt
|faint|p2a: Magneton
|
|win|blanched
|c|☆Schmohg|gg
|c|☆blanched|gg
|player|p1|
|player|p2|
|player|p2|Schmohg|musician|

</script>
<script type="application/json" class="data" id="replaydata-smogtours-gen3ou-799205">
{"id":"smogtours-gen3ou-799205","format":"[Gen 3] OU","players":["blanched","Schmohg"],"uploadtime":1729124015,"views":88,"formatid":"gen3ou","rating":null,"private":0,"password":null}
</script>

<script defer src="js/replays.js?9d40a366"></script>
