<!DOCTYPE html>
<meta charset="utf-8" />
<meta name="viewport" content="width=device-width" />

<title>[Gen 3] OU: gourgeist enjoyer vs. A Plague Doc - Replays - Pok&eacute;mon Showdown!</title>

<meta name="description" content="Watch a replay of a Pok&eacute;mon battle between gourgeist enjoyer and A Plague Doc! Format: [Gen 3] OU; Date: Oct 14, 2024" />
<!--

Hey, you! Looking in the source for the replay log?

You can find them in JSON format, just add `.json` at the end of a replay URL.

https://replay.pokemonshowdown.com/gen7randomdoublesbattle-865046831.json

Or, if you only need the log itself, add `.log` instead:

https://replay.pokemonshowdown.com/gen7randomdoublesbattle-865046831.log

-->

<link rel="stylesheet" href="//pokemonshowdown.com/style/global.css?0.023195364461161105" />
<link rel="stylesheet" href="//play.pokemonshowdown.com/style/font-awesome.css?0.13261647063804238" />
<link rel="stylesheet" href="//play.pokemonshowdown.com/style/battle.css?0.8753245789963631" />
<link rel="stylesheet" href="//play.pokemonshowdown.com/style/utilichart.css?0.8627959624976733" />

<!-- Global site tag (gtag.js) - Google Analytics -->
<script async src="https://www.googletagmanager.com/gtag/js?id=UA-26211653-1"></script>
<script>
  window.dataLayer = window.dataLayer || [];
  function gtag(){dataLayer.push(arguments);}
  gtag('js', new Date());

  gtag('config', 'UA-26211653-1');
</script>
<!-- End Google Analytics -->
<!-- Venatus Ad Manager - Install in <HEAD> of page -->
	<script src="https://hb.vntsm.com/v3/live/ad-manager.min.js" type="text/javascript" data-site-id="642aba63ec9a7b11c3c9c1be" data-mode="scan" async></script>
<!-- / Venatus Ad Manager -->

<style>
	@media (max-width:820px) {
		.battle {
			margin: 0 auto;
		}
		.battle-log {
			margin: 7px auto 0;
			max-width: 640px;
			height: 300px;
			position: static;
		}
	}
	.optgroup {
		display: inline-block;
		line-height: 22px;
		font-size: 10pt;
	}
	.optgroup .button {
		height: 25px;
		padding-top: 0;
		padding-bottom: 0;
	}
	.optgroup button.button {
		padding-left: 12px;
		padding-right: 12px;
	}
	.linklist {
		list-style: none;
		margin: 0.5em 0;
		padding: 0;
	}
	.linklist li {
		padding: 2px 0;
	}
	.sidebar {
		float: left;
		width: 320px;
	}
	.bar-wrapper {
		max-width: 1100px;
		margin: 0 auto;
	}
	.bar-wrapper.has-sidebar {
		max-width: 1430px;
	}
	.mainbar {
		margin: 0;
		padding-right: 1px;
	}
	.mainbar.has-sidebar {
		margin-left: 330px;
	}
	@media (min-width: 1511px) {
		.sidebar {
			width: 400px;
		}
		.bar-wrapper.has-sidebar {
			max-width: 1510px;
		}
		.mainbar.has-sidebar {
			margin-left: 410px;
		}
	}
	.section.first-section {
		margin-top: 9px;
	}
	.blocklink small {
		white-space: normal;
	}
	.button {
		vertical-align: middle;
	}
	.replay-controls {
		padding-top: 10px;
	}
	.replay-controls h1 {
		font-size: 16pt;
		font-weight: normal;
		color: #CCC;
	}
	.pagelink {
		text-align: center;
	}
	.pagelink a {
		width: 150px;
	}
	.textbox, .button {
		font-size: 11pt;
		vertical-align: middle;
	}
	@media (max-width: 450px) {
		.button {
			font-size: 9pt;
		}
	}
</style>

<div>

	<header>
		<div class="nav-wrapper"><ul class="nav">
			<li><a class="button nav-first" href="//pokemonshowdown.com/"><img src="//pokemonshowdown.com/images/pokemonshowdownbeta.png" srcset="//pokemonshowdown.com/images/pokemonshowdownbeta.png 1x, //pokemonshowdown.com/images/pokemonshowdownbeta@2x.png 2x" alt="Pok&eacute;mon Showdown" width="146" height="44" /> Home</a></li>
			<li><a class="button" href="//pokemonshowdown.com/dex/">Pok&eacute;dex</a></li>
			<li><a class="button cur" href="/">Replays</a></li>
			<li><a class="button" href="//pokemonshowdown.com/ladder/">Ladder</a></li>
			<li><a class="button nav-last" href="//pokemonshowdown.com/forums/">Forum</a></li>
			<li><a class="button greenbutton nav-first nav-last" href="//play.pokemonshowdown.com/">Play</a></li>
		</ul></div>
	</header>

	<div class="main" id="main">

		<noscript><section class="section">You need to enable JavaScript to use this page; sorry!</section></noscript>

	</div>

</div>

<script defer nomodule src="//play.pokemonshowdown.com/js/lib/ps-polyfill.js"></script>
<script defer src="//play.pokemonshowdown.com/js/lib/preact.min.js"></script>

<script defer src="//play.pokemonshowdown.com/config/config.js?2bddbc15"></script>
<script defer src="//play.pokemonshowdown.com/js/lib/jquery-1.11.0.min.js"></script>
<script defer src="//play.pokemonshowdown.com/js/lib/html-sanitizer-minified.js"></script>
<script defer src="//play.pokemonshowdown.com/js/battle-sound.js"></script>
<script defer src="//play.pokemonshowdown.com/js/battledata.js?0.7209276989879541"></script>
<script defer src="//play.pokemonshowdown.com/data/pokedex-mini.js?0.6111056340867951"></script>
<script defer src="//play.pokemonshowdown.com/data/pokedex-mini-bw.js?0.3532142036491459"></script>
<script defer src="//play.pokemonshowdown.com/data/graphics.js?0.24223875632456182"></script>
<script defer src="//play.pokemonshowdown.com/data/pokedex.js?0.38839984266356864"></script>
<script defer src="//play.pokemonshowdown.com/data/moves.js?0.21866028504024015"></script>
<script defer src="//play.pokemonshowdown.com/data/abilities.js?0.2005157953846628"></script>
<script defer src="//play.pokemonshowdown.com/data/items.js?0.9894211263848525"></script>
<script defer src="//play.pokemonshowdown.com/data/teambuilder-tables.js?0.6008791140282215"></script>
<script defer src="//play.pokemonshowdown.com/js/battle-tooltips.js?0.7580118955022959"></script>
<script defer src="//play.pokemonshowdown.com/js/battle.js?0.6057722274234274"></script>

<script defer src="js/utils.js?e31f9a17"></script>
<script defer src="js/replays-battle.js?7008c182"></script>

<!-- don't scrape this data! just add .json or .log after the URL!
Full API docs: https://github.com/smogon/pokemon-showdown-client/blob/master/WEB-API.md -->
<script type="text/plain" class="log" id="replaylog-smogtours-gen3ou-798761">
|inactive|Battle timer is ON: inactive players will automatically lose when time's up.
|t:|1728938924
|gametype|singles
|player|p1|gourgeist enjoyer|1|
|player|p2|A Plague Doc|#agplviblackpink|
|teamsize|p1|6
|teamsize|p2|6
|gen|3
|tier|[Gen 3] OU
|rule|Sleep Clause Mod: Limit one foe put to sleep
|rule|Switch Priority Clause Mod: Faster Pokémon switch first
|rule|Species Clause: Limit one of each Pokémon
|rule|OHKO Clause: OHKO moves are banned
|rule|Evasion Items Clause: Evasion items are banned
|rule|Evasion Moves Clause: Evasion moves are banned
|rule|Endless Battle Clause: Forcing endless battles is banned
|rule|HP Percentage Mod: HP is shown in percentages
|rule|One Boost Passer Clause: Limit one Baton Passer that has a way to boost its stats
|rule|Freeze Clause Mod: Limit one foe frozen
|
|t:|1728938924
|start
|switch|p1a: forty days|Zapdos|100/100
|switch|p2a: Zapdos|Zapdos|100/100
|turn|1
|c|☆A Plague Doc|hf
|c|☆gourgeist enjoyer|woah
|c|☆gourgeist enjoyer|incredible avatar
|c|☆A Plague Doc|thanks
|c|☆gourgeist enjoyer|glhf
|
|t:|1728938954
|move|p1a: forty days|Thunderbolt|p2a: Zapdos
|-damage|p2a: Zapdos|53/100
|move|p2a: Zapdos|Thunder Wave|p1a: forty days
|-status|p1a: forty days|par
|
|-heal|p2a: Zapdos|60/100|[from] item: Leftovers
|upkeep
|turn|2
|
|t:|1728938963
|move|p2a: Zapdos|Thunderbolt|p1a: forty days
|-crit|p1a: forty days
|-damage|p1a: forty days|0 fnt
|faint|p1a: forty days
|
|t:|1728938967
|switch|p1a: hands that thieve|Tyranitar, F|100/100
|-weather|Sandstorm|[from] ability: Sand Stream|[of] p1a: hands that thieve
|
|-weather|Sandstorm|[upkeep]
|-damage|p2a: Zapdos|53/100|[from] Sandstorm
|-heal|p2a: Zapdos|60/100|[from] item: Leftovers
|upkeep
|turn|3
|c|☆A Plague Doc|oops
|inactive|A Plague Doc has 270 seconds left.
|
|t:|1728939025
|switch|p2a: Suicune|Suicune|100/100
|move|p1a: hands that thieve|Ice Beam|p2a: Suicune
|-resisted|p2a: Suicune
|-damage|p2a: Suicune|88/100
|
|-weather|Sandstorm|[upkeep]
|-damage|p2a: Suicune|82/100|[from] Sandstorm
|-heal|p2a: Suicune|88/100|[from] item: Leftovers
|upkeep
|turn|4
|inactive|A Plague Doc has 240 seconds left.
|inactive|A Plague Doc has 210 seconds left.
|
|t:|1728939080
|switch|p1a: point/counterpoint|Metagross|100/100
|move|p2a: Suicune|Hydro Pump|p1a: point/counterpoint
|-damage|p1a: point/counterpoint|42/100
|
|-weather|Sandstorm|[upkeep]
|-damage|p2a: Suicune|82/100|[from] Sandstorm
|-heal|p2a: Suicune|88/100|[from] item: Leftovers
|-heal|p1a: point/counterpoint|48/100|[from] item: Leftovers
|upkeep
|turn|5
|inactive|A Plague Doc has 210 seconds left.
|
|t:|1728939087
|switch|p1a: watch it crash|Starmie|100/100
|move|p2a: Suicune|Hydro Pump|p1a: watch it crash
|-resisted|p1a: watch it crash
|-damage|p1a: watch it crash|60/100
|
|-weather|Sandstorm|[upkeep]
|-damage|p1a: watch it crash|54/100|[from] Sandstorm
|-damage|p2a: Suicune|82/100|[from] Sandstorm
|-heal|p1a: watch it crash|60/100|[from] item: Leftovers
|-heal|p2a: Suicune|88/100|[from] item: Leftovers
|upkeep
|turn|6
|inactive|A Plague Doc has 210 seconds left.
|
|t:|1728939127
|move|p1a: watch it crash|Thunder Wave|p2a: Suicune
|-status|p2a: Suicune|par
|move|p2a: Suicune|Calm Mind|p2a: Suicune
|-boost|p2a: Suicune|spa|1
|-boost|p2a: Suicune|spd|1
|
|-weather|Sandstorm|[upkeep]
|-damage|p1a: watch it crash|54/100|[from] Sandstorm
|-damage|p2a: Suicune|82/100 par|[from] Sandstorm
|-heal|p1a: watch it crash|60/100|[from] item: Leftovers
|-heal|p2a: Suicune|88/100 par|[from] item: Leftovers
|upkeep
|turn|7
|
|t:|1728939133
|move|p1a: watch it crash|Thunderbolt|p2a: Suicune
|-supereffective|p2a: Suicune
|-damage|p2a: Suicune|51/100 par
|move|p2a: Suicune|Calm Mind|p2a: Suicune
|-boost|p2a: Suicune|spa|1
|-boost|p2a: Suicune|spd|1
|
|-weather|Sandstorm|[upkeep]
|-damage|p1a: watch it crash|54/100|[from] Sandstorm
|-damage|p2a: Suicune|45/100 par|[from] Sandstorm
|-heal|p1a: watch it crash|60/100|[from] item: Leftovers
|-heal|p2a: Suicune|51/100 par|[from] item: Leftovers
|upkeep
|turn|8
|
|t:|1728939139
|move|p1a: watch it crash|Thunderbolt|p2a: Suicune
|-supereffective|p2a: Suicune
|-damage|p2a: Suicune|26/100 par
|move|p2a: Suicune|Hydro Pump|p1a: watch it crash
|-resisted|p1a: watch it crash
|-damage|p1a: watch it crash|0 fnt
|faint|p1a: watch it crash
|
|t:|1728939155
|switch|p1a: point/counterpoint|Metagross|48/100
|
|-weather|Sandstorm|[upkeep]
|-damage|p2a: Suicune|20/100 par|[from] Sandstorm
|-heal|p1a: point/counterpoint|54/100|[from] item: Leftovers
|-heal|p2a: Suicune|26/100 par|[from] item: Leftovers
|upkeep
|turn|9
|
|t:|1728939168
|move|p1a: point/counterpoint|Meteor Mash|p2a: Suicune
|-resisted|p2a: Suicune
|-damage|p2a: Suicune|8/100 par
|move|p2a: Suicune|Hydro Pump|p1a: point/counterpoint
|-damage|p1a: point/counterpoint|0 fnt
|faint|p1a: point/counterpoint
|
|t:|1728939174
|switch|p1a: hands that thieve|Tyranitar, F|100/100
|
|-weather|Sandstorm|[upkeep]
|-damage|p2a: Suicune|1/100 par|[from] Sandstorm
|-heal|p2a: Suicune|8/100 par|[from] item: Leftovers
|upkeep
|turn|10
|inactive|A Plague Doc has 210 seconds left.
|
|t:|1728939180
|move|p1a: hands that thieve|Crunch|p2a: Suicune
|-damage|p2a: Suicune|0 fnt
|faint|p2a: Suicune
|inactive|A Plague Doc has 210 seconds left.
|c|☆gourgeist enjoyer|some sources claim sacking half your team to suicune isnt the play
|c|☆gourgeist enjoyer|i call it the future
|inactive|A Plague Doc has 180 seconds left.
|
|t:|1728939216
|switch|p2a: Tyranitar|Tyranitar, M|100/100
|
|-weather|Sandstorm|[upkeep]
|upkeep
|turn|11
|
|t:|1728939221
|switch|p1a: we are the few|Flygon, F|100/100
|move|p2a: Tyranitar|Earthquake|p1a: we are the few
|-immune|p1a: we are the few
|
|-weather|Sandstorm|[upkeep]
|upkeep
|turn|12
|inactive|A Plague Doc has 180 seconds left.
|
|t:|1728939244
|switch|p2a: Claydol|Claydol|100/100
|move|p1a: we are the few|Rock Slide|p2a: Claydol
|-resisted|p2a: Claydol
|-damage|p2a: Claydol|82/100
|
|-weather|Sandstorm|[upkeep]
|-heal|p2a: Claydol|88/100|[from] item: Leftovers
|upkeep
|turn|13
|inactive|A Plague Doc has 180 seconds left.
|
|t:|1728939255
|switch|p1a: the big sleep|Forretress, F|100/100
|move|p2a: Claydol|Psychic|p1a: the big sleep
|-resisted|p1a: the big sleep
|-crit|p1a: the big sleep
|-damage|p1a: the big sleep|82/100
|
|-weather|Sandstorm|[upkeep]
|-heal|p2a: Claydol|94/100|[from] item: Leftovers
|-heal|p1a: the big sleep|88/100|[from] item: Leftovers
|upkeep
|turn|14
|inactive|A Plague Doc has 180 seconds left.
|inactive|A Plague Doc has 150 seconds left.
|
|t:|1728939301
|switch|p2a: Charizard|Charizard, M|100/100
|move|p1a: the big sleep|Spikes|p2a: Charizard
|-sidestart|p2: A Plague Doc|Spikes
|
|-weather|Sandstorm|[upkeep]
|-damage|p2a: Charizard|94/100|[from] Sandstorm
|-heal|p2a: Charizard|100/100|[from] item: Leftovers
|-heal|p1a: the big sleep|94/100|[from] item: Leftovers
|upkeep
|turn|15
|
|t:|1728939319
|switch|p1a: hands that thieve|Tyranitar, F|100/100
|move|p2a: Charizard|Hidden Power|p1a: hands that thieve
|-supereffective|p1a: hands that thieve
|-damage|p1a: hands that thieve|64/100
|
|-weather|Sandstorm|[upkeep]
|-damage|p2a: Charizard|94/100|[from] Sandstorm
|-heal|p2a: Charizard|100/100|[from] item: Leftovers
|-heal|p1a: hands that thieve|70/100|[from] item: Leftovers
|upkeep
|turn|16
|
|t:|1728939333
|switch|p2a: Claydol|Claydol|94/100
|move|p1a: hands that thieve|Crunch|p2a: Claydol
|-supereffective|p2a: Claydol
|-damage|p2a: Claydol|17/100
|
|-weather|Sandstorm|[upkeep]
|-heal|p2a: Claydol|23/100|[from] item: Leftovers
|-heal|p1a: hands that thieve|76/100|[from] item: Leftovers
|upkeep
|turn|17
|
|t:|1728939340
|move|p2a: Claydol|Rapid Spin|p1a: hands that thieve
|-resisted|p1a: hands that thieve
|-damage|p1a: hands that thieve|74/100
|-sideend|p2: A Plague Doc|Spikes|[from] move: Rapid Spin|[of] p2a: Claydol
|move|p1a: hands that thieve|Crunch|p2a: Claydol
|-supereffective|p2a: Claydol
|-damage|p2a: Claydol|0 fnt
|faint|p2a: Claydol
|
|t:|1728939345
|switch|p2a: Metagross|Metagross|100/100
|
|-weather|Sandstorm|[upkeep]
|-heal|p1a: hands that thieve|80/100|[from] item: Leftovers
|upkeep
|turn|18
|
|t:|1728939349
|switch|p1a: the big sleep|Forretress, F|94/100
|move|p2a: Metagross|Meteor Mash|p1a: the big sleep
|-resisted|p1a: the big sleep
|-damage|p1a: the big sleep|78/100
|
|-weather|Sandstorm|[upkeep]
|-heal|p1a: the big sleep|84/100|[from] item: Leftovers
|upkeep
|turn|19
|
|t:|1728939356
|move|p2a: Metagross|Hidden Power|p1a: the big sleep
|-supereffective|p1a: the big sleep
|-damage|p1a: the big sleep|0 fnt
|faint|p1a: the big sleep
|
|t:|1728939359
|switch|p1a: we are the few|Flygon, F|100/100
|
|-weather|Sandstorm|[upkeep]
|upkeep
|turn|20
|inactive|A Plague Doc has 150 seconds left.
|
|t:|1728939388
|move|p1a: we are the few|Earthquake|p2a: Metagross
|-supereffective|p2a: Metagross
|-damage|p2a: Metagross|0 fnt
|faint|p2a: Metagross
|inactive|A Plague Doc has 150 seconds left.
|inactive|A Plague Doc has 120 seconds left.
|
|t:|1728939425
|switch|p2a: Zapdos|Zapdos|60/100
|
|-weather|Sandstorm|[upkeep]
|-damage|p2a: Zapdos|53/100|[from] Sandstorm
|-heal|p2a: Zapdos|60/100|[from] item: Leftovers
|upkeep
|turn|21
|inactive|A Plague Doc has 120 seconds left.
|
|t:|1728939442
|switch|p1a: hands that thieve|Tyranitar, F|80/100
|move|p2a: Zapdos|Thunder Wave|p1a: hands that thieve
|-status|p1a: hands that thieve|par
|
|-weather|Sandstorm|[upkeep]
|-damage|p2a: Zapdos|53/100|[from] Sandstorm
|-heal|p2a: Zapdos|60/100|[from] item: Leftovers
|-heal|p1a: hands that thieve|86/100 par|[from] item: Leftovers
|upkeep
|turn|22
|inactive|A Plague Doc has 120 seconds left.
|
|t:|1728939476
|-singleturn|p1a: hands that thieve|move: Focus Punch
|move|p2a: Zapdos|Hidden Power|p1a: hands that thieve
|-supereffective|p1a: hands that thieve
|-damage|p1a: hands that thieve|45/100 par
|move|p1a: hands that thieve|Focus Punch||[still]
|cant|p1a: hands that thieve|Focus Punch|Focus Punch
|
|-weather|Sandstorm|[upkeep]
|-damage|p2a: Zapdos|53/100|[from] Sandstorm
|-heal|p2a: Zapdos|60/100|[from] item: Leftovers
|-heal|p1a: hands that thieve|51/100 par|[from] item: Leftovers
|upkeep
|turn|23
|
|t:|1728939485
|move|p2a: Zapdos|Hidden Power|p1a: hands that thieve
|-supereffective|p1a: hands that thieve
|-damage|p1a: hands that thieve|12/100 par
|cant|p1a: hands that thieve|par
|
|-weather|Sandstorm|[upkeep]
|-damage|p2a: Zapdos|53/100|[from] Sandstorm
|-heal|p2a: Zapdos|60/100|[from] item: Leftovers
|-heal|p1a: hands that thieve|18/100 par|[from] item: Leftovers
|upkeep
|turn|24
|
|t:|1728939489
|move|p2a: Zapdos|Hidden Power|p1a: hands that thieve
|-supereffective|p1a: hands that thieve
|-damage|p1a: hands that thieve|0 fnt
|faint|p1a: hands that thieve
|
|t:|1728939491
|switch|p1a: we are the few|Flygon, F|100/100
|
|-weather|Sandstorm|[upkeep]
|-damage|p2a: Zapdos|53/100|[from] Sandstorm
|-heal|p2a: Zapdos|60/100|[from] item: Leftovers
|upkeep
|turn|25
|inactive|A Plague Doc has 120 seconds left.
|
|t:|1728939502
|move|p1a: we are the few|Rock Slide|p2a: Zapdos
|-supereffective|p2a: Zapdos
|-damage|p2a: Zapdos|0 fnt
|faint|p2a: Zapdos
|
|t:|1728939506
|switch|p2a: Charizard|Charizard, M|100/100
|
|-weather|Sandstorm|[upkeep]
|-damage|p2a: Charizard|94/100|[from] Sandstorm
|-heal|p2a: Charizard|100/100|[from] item: Leftovers
|upkeep
|turn|26
|c|☆gourgeist enjoyer|its flygon's last stand
|
|t:|1728939513
|move|p1a: we are the few|Rock Slide|p2a: Charizard
|-supereffective|p2a: Charizard
|-damage|p2a: Charizard|0 fnt
|faint|p2a: Charizard
|
|t:|1728939516
|switch|p2a: Tyranitar|Tyranitar, M|100/100
|
|-weather|Sandstorm|[upkeep]
|upkeep
|turn|27
|c|☆gourgeist enjoyer|if there's a rock slide there's a way
|c|☆A Plague Doc|always
|
|t:|1728939538
|move|p1a: we are the few|Rock Slide|p2a: Tyranitar
|-damage|p2a: Tyranitar|72/100
|move|p2a: Tyranitar|Hidden Power|p1a: we are the few
|-damage|p1a: we are the few|65/100
|
|-weather|Sandstorm|[upkeep]
|-heal|p2a: Tyranitar|78/100|[from] item: Leftovers
|upkeep
|turn|28
|
|t:|1728939545
|move|p1a: we are the few|Rock Slide|p2a: Tyranitar
|-damage|p2a: Tyranitar|53/100
|cant|p2a: Tyranitar|flinch
|
|-weather|Sandstorm|[upkeep]
|-heal|p2a: Tyranitar|59/100|[from] item: Leftovers
|upkeep
|turn|29
|
|t:|1728939549
|move|p1a: we are the few|Rock Slide|p2a: Tyranitar
|-damage|p2a: Tyranitar|32/100
|move|p2a: Tyranitar|Hidden Power|p1a: we are the few
|-damage|p1a: we are the few|34/100
|
|-weather|Sandstorm|[upkeep]
|-heal|p2a: Tyranitar|38/100|[from] item: Leftovers
|upkeep
|turn|30
|
|t:|1728939554
|move|p1a: we are the few|Rock Slide|p2a: Tyranitar
|-damage|p2a: Tyranitar|8/100
|cant|p2a: Tyranitar|flinch
|
|-weather|Sandstorm|[upkeep]
|-heal|p2a: Tyranitar|14/100|[from] item: Leftovers
|upkeep
|turn|31
|
|t:|1728939556
|move|p1a: we are the few|Rock Slide|p2a: Tyranitar
|-damage|p2a: Tyranitar|0 fnt
|faint|p2a: Tyranitar
|
|win|gourgeist enjoyer
|c|☆A Plague Doc|thats nuts
|c|☆A Plague Doc|gg
|c|☆gourgeist enjoyer|gg

</script>
<script type="application/json" class="data" id="replaydata-smogtours-gen3ou-798761">
{"id":"smogtours-gen3ou-798761","format":"[Gen 3] OU","players":["gourgeist enjoyer","A Plague Doc"],"uploadtime":1728939556,"views":181,"formatid":"gen3ou","rating":null,"private":0,"password":null}
</script>

<script defer src="js/replays.js?9d40a366"></script>
