<!DOCTYPE html>
<meta charset="utf-8" />
<meta name="viewport" content="width=device-width" />

<title>[Gen 3] OU: melninja vs. Skittle_Skity - Replays - Pok&eacute;mon Showdown!</title>

<meta name="description" content="Watch a replay of a Pok&eacute;mon battle between melninja and Skittle_Skity! Format: [Gen 3] OU; Date: Oct 22, 2024" />
<!--

Hey, you! Looking in the source for the replay log?

You can find them in JSON format, just add `.json` at the end of a replay URL.

https://replay.pokemonshowdown.com/gen7randomdoublesbattle-865046831.json

Or, if you only need the log itself, add `.log` instead:

https://replay.pokemonshowdown.com/gen7randomdoublesbattle-865046831.log

-->

<link rel="stylesheet" href="//pokemonshowdown.com/style/global.css?0.023195364461161105" />
<link rel="stylesheet" href="//play.pokemonshowdown.com/style/font-awesome.css?0.13261647063804238" />
<link rel="stylesheet" href="//play.pokemonshowdown.com/style/battle.css?0.8753245789963631" />
<link rel="stylesheet" href="//play.pokemonshowdown.com/style/utilichart.css?0.8627959624976733" />

<!-- Global site tag (gtag.js) - Google Analytics -->
<script async src="https://www.googletagmanager.com/gtag/js?id=UA-26211653-1"></script>
<script>
  window.dataLayer = window.dataLayer || [];
  function gtag(){dataLayer.push(arguments);}
  gtag('js', new Date());

  gtag('config', 'UA-26211653-1');
</script>
<!-- End Google Analytics -->
<!-- Venatus Ad Manager - Install in <HEAD> of page -->
	<script src="https://hb.vntsm.com/v3/live/ad-manager.min.js" type="text/javascript" data-site-id="642aba63ec9a7b11c3c9c1be" data-mode="scan" async></script>
<!-- / Venatus Ad Manager -->

<style>
	@media (max-width:820px) {
		.battle {
			margin: 0 auto;
		}
		.battle-log {
			margin: 7px auto 0;
			max-width: 640px;
			height: 300px;
			position: static;
		}
	}
	.optgroup {
		display: inline-block;
		line-height: 22px;
		font-size: 10pt;
	}
	.optgroup .button {
		height: 25px;
		padding-top: 0;
		padding-bottom: 0;
	}
	.optgroup button.button {
		padding-left: 12px;
		padding-right: 12px;
	}
	.linklist {
		list-style: none;
		margin: 0.5em 0;
		padding: 0;
	}
	.linklist li {
		padding: 2px 0;
	}
	.sidebar {
		float: left;
		width: 320px;
	}
	.bar-wrapper {
		max-width: 1100px;
		margin: 0 auto;
	}
	.bar-wrapper.has-sidebar {
		max-width: 1430px;
	}
	.mainbar {
		margin: 0;
		padding-right: 1px;
	}
	.mainbar.has-sidebar {
		margin-left: 330px;
	}
	@media (min-width: 1511px) {
		.sidebar {
			width: 400px;
		}
		.bar-wrapper.has-sidebar {
			max-width: 1510px;
		}
		.mainbar.has-sidebar {
			margin-left: 410px;
		}
	}
	.section.first-section {
		margin-top: 9px;
	}
	.blocklink small {
		white-space: normal;
	}
	.button {
		vertical-align: middle;
	}
	.replay-controls {
		padding-top: 10px;
	}
	.replay-controls h1 {
		font-size: 16pt;
		font-weight: normal;
		color: #CCC;
	}
	.pagelink {
		text-align: center;
	}
	.pagelink a {
		width: 150px;
	}
	.textbox, .button {
		font-size: 11pt;
		vertical-align: middle;
	}
	@media (max-width: 450px) {
		.button {
			font-size: 9pt;
		}
	}
</style>

<div>

	<header>
		<div class="nav-wrapper"><ul class="nav">
			<li><a class="button nav-first" href="//pokemonshowdown.com/"><img src="//pokemonshowdown.com/images/pokemonshowdownbeta.png" srcset="//pokemonshowdown.com/images/pokemonshowdownbeta.png 1x, //pokemonshowdown.com/images/pokemonshowdownbeta@2x.png 2x" alt="Pok&eacute;mon Showdown" width="146" height="44" /> Home</a></li>
			<li><a class="button" href="//pokemonshowdown.com/dex/">Pok&eacute;dex</a></li>
			<li><a class="button cur" href="/">Replays</a></li>
			<li><a class="button" href="//pokemonshowdown.com/ladder/">Ladder</a></li>
			<li><a class="button nav-last" href="//pokemonshowdown.com/forums/">Forum</a></li>
			<li><a class="button greenbutton nav-first nav-last" href="//play.pokemonshowdown.com/">Play</a></li>
		</ul></div>
	</header>

	<div class="main" id="main">

		<noscript><section class="section">You need to enable JavaScript to use this page; sorry!</section></noscript>

	</div>

</div>

<script defer nomodule src="//play.pokemonshowdown.com/js/lib/ps-polyfill.js"></script>
<script defer src="//play.pokemonshowdown.com/js/lib/preact.min.js"></script>

<script defer src="//play.pokemonshowdown.com/config/config.js?2bddbc15"></script>
<script defer src="//play.pokemonshowdown.com/js/lib/jquery-1.11.0.min.js"></script>
<script defer src="//play.pokemonshowdown.com/js/lib/html-sanitizer-minified.js"></script>
<script defer src="//play.pokemonshowdown.com/js/battle-sound.js"></script>
<script defer src="//play.pokemonshowdown.com/js/battledata.js?0.7209276989879541"></script>
<script defer src="//play.pokemonshowdown.com/data/pokedex-mini.js?0.6111056340867951"></script>
<script defer src="//play.pokemonshowdown.com/data/pokedex-mini-bw.js?0.3532142036491459"></script>
<script defer src="//play.pokemonshowdown.com/data/graphics.js?0.24223875632456182"></script>
<script defer src="//play.pokemonshowdown.com/data/pokedex.js?0.38839984266356864"></script>
<script defer src="//play.pokemonshowdown.com/data/moves.js?0.21866028504024015"></script>
<script defer src="//play.pokemonshowdown.com/data/abilities.js?0.2005157953846628"></script>
<script defer src="//play.pokemonshowdown.com/data/items.js?0.9894211263848525"></script>
<script defer src="//play.pokemonshowdown.com/data/teambuilder-tables.js?0.6008791140282215"></script>
<script defer src="//play.pokemonshowdown.com/js/battle-tooltips.js?0.7580118955022959"></script>
<script defer src="//play.pokemonshowdown.com/js/battle.js?0.6057722274234274"></script>

<script defer src="js/utils.js?e31f9a17"></script>
<script defer src="js/replays-battle.js?7008c182"></script>

<!-- don't scrape this data! just add .json or .log after the URL!
Full API docs: https://github.com/smogon/pokemon-showdown-client/blob/master/WEB-API.md -->
<script type="text/plain" class="log" id="replaylog-smogtours-gen3ou-801269">
|inactive|Battle timer is ON: inactive players will automatically lose when time's up.
|t:|1729631527
|gametype|singles
|player|p1|melninja|colress|
|player|p2|Skittle_Skity|170|
|teamsize|p1|6
|teamsize|p2|6
|gen|3
|tier|[Gen 3] OU
|rule|Sleep Clause Mod: Limit one foe put to sleep
|rule|Switch Priority Clause Mod: Faster Pokémon switch first
|rule|Species Clause: Limit one of each Pokémon
|rule|OHKO Clause: OHKO moves are banned
|rule|Evasion Items Clause: Evasion items are banned
|rule|Evasion Moves Clause: Evasion moves are banned
|rule|Endless Battle Clause: Forcing endless battles is banned
|rule|HP Percentage Mod: HP is shown in percentages
|rule|One Boost Passer Clause: Limit one Baton Passer that has a way to boost its stats
|rule|Freeze Clause Mod: Limit one foe frozen
|
|t:|1729631527
|start
|switch|p1a: Skarmory|Skarmory, M|100/100
|switch|p2a: Elder Lemurian|Tyranitar, M|100/100
|-weather|Sandstorm|[from] ability: Sand Stream|[of] p2a: Elder Lemurian
|turn|1
|c|☆Skittle_Skity|gl hf
|c|☆melninja|gl hf
|inactive|melninja has 270 seconds left.
|inactive|Skittle_Skity has 270 seconds left.
|
|t:|1729631577
|switch|p2a: Hermit Crab|Forretress, F|100/100
|move|p1a: Skarmory|Spikes|p2a: Hermit Crab
|-sidestart|p2: Skittle_Skity|Spikes
|
|-weather|Sandstorm|[upkeep]
|upkeep
|turn|2
|
|t:|1729631582
|switch|p1a: Moltres|Moltres|100/100
|move|p2a: Hermit Crab|Spikes|p1a: Moltres
|-sidestart|p1: melninja|Spikes
|
|-weather|Sandstorm|[upkeep]
|-damage|p1a: Moltres|94/100|[from] Sandstorm
|-heal|p1a: Moltres|100/100|[from] item: Leftovers
|upkeep
|turn|3
|
|t:|1729631594
|switch|p2a: Gup|Blissey, F|100/100
|-damage|p2a: Gup|88/100|[from] Spikes
|move|p1a: Moltres|Will-O-Wisp|p2a: Gup|[miss]
|-miss|p1a: Moltres|p2a: Gup
|
|-weather|Sandstorm|[upkeep]
|-damage|p1a: Moltres|94/100|[from] Sandstorm
|-damage|p2a: Gup|82/100|[from] Sandstorm
|-heal|p1a: Moltres|100/100|[from] item: Leftovers
|-heal|p2a: Gup|88/100|[from] item: Leftovers
|upkeep
|turn|4
|
|t:|1729631601
|move|p1a: Moltres|Will-O-Wisp|p2a: Gup
|-status|p2a: Gup|brn
|move|p2a: Gup|Thunder Wave|p1a: Moltres
|-status|p1a: Moltres|par
|
|-weather|Sandstorm|[upkeep]
|-damage|p2a: Gup|82/100 brn|[from] Sandstorm
|-damage|p1a: Moltres|94/100 par|[from] Sandstorm
|-heal|p2a: Gup|88/100 brn|[from] item: Leftovers
|-damage|p2a: Gup|76/100 brn|[from] brn
|-heal|p1a: Moltres|100/100 par|[from] item: Leftovers
|upkeep
|turn|5
|
|t:|1729631605
|switch|p1a: Blissey|Blissey, F|100/100
|-damage|p1a: Blissey|88/100|[from] Spikes
|move|p2a: Gup|Seismic Toss|p1a: Blissey
|-damage|p1a: Blissey|73/100
|
|-weather|Sandstorm|[upkeep]
|-damage|p1a: Blissey|67/100|[from] Sandstorm
|-damage|p2a: Gup|69/100 brn|[from] Sandstorm
|-heal|p1a: Blissey|73/100|[from] item: Leftovers
|-heal|p2a: Gup|76/100 brn|[from] item: Leftovers
|-damage|p2a: Gup|63/100 brn|[from] brn
|upkeep
|turn|6
|
|t:|1729631612
|move|p2a: Gup|Soft-Boiled|p2a: Gup
|-heal|p2a: Gup|100/100 brn
|move|p1a: Blissey|Aromatherapy|p1a: Blissey
|-cureteam|p1a: Blissey|[from] move: Aromatherapy
|
|-weather|Sandstorm|[upkeep]
|-damage|p2a: Gup|94/100 brn|[from] Sandstorm
|-damage|p1a: Blissey|67/100|[from] Sandstorm
|-heal|p1a: Blissey|73/100|[from] item: Leftovers
|-heal|p2a: Gup|100/100 brn|[from] item: Leftovers
|-damage|p2a: Gup|88/100 brn|[from] brn
|upkeep
|turn|7
|
|t:|1729631625
|move|p1a: Blissey|Toxic||[still]
|-fail|p1a: Blissey
|move|p2a: Gup|Seismic Toss|p1a: Blissey
|-damage|p1a: Blissey|57/100
|
|-weather|Sandstorm|[upkeep]
|-damage|p1a: Blissey|51/100|[from] Sandstorm
|-damage|p2a: Gup|82/100 brn|[from] Sandstorm
|-heal|p1a: Blissey|57/100|[from] item: Leftovers
|-heal|p2a: Gup|88/100 brn|[from] item: Leftovers
|-damage|p2a: Gup|76/100 brn|[from] brn
|upkeep
|turn|8
|
|t:|1729631633
|-curestatus|p2a: Gup|brn|[from] ability: Natural Cure
|switch|p2a: Bighorn Bison|Suicune|100/100
|-damage|p2a: Bighorn Bison|88/100|[from] Spikes
|move|p1a: Blissey|Soft-Boiled|p1a: Blissey
|-heal|p1a: Blissey|100/100
|
|-weather|Sandstorm|[upkeep]
|-damage|p2a: Bighorn Bison|82/100|[from] Sandstorm
|-damage|p1a: Blissey|94/100|[from] Sandstorm
|-heal|p2a: Bighorn Bison|88/100|[from] item: Leftovers
|-heal|p1a: Blissey|100/100|[from] item: Leftovers
|upkeep
|turn|9
|
|t:|1729631642
|move|p2a: Bighorn Bison|Calm Mind|p2a: Bighorn Bison
|-boost|p2a: Bighorn Bison|spa|1
|-boost|p2a: Bighorn Bison|spd|1
|move|p1a: Blissey|Toxic|p2a: Bighorn Bison
|-status|p2a: Bighorn Bison|tox
|
|-weather|Sandstorm|[upkeep]
|-damage|p2a: Bighorn Bison|82/100 tox|[from] Sandstorm
|-damage|p1a: Blissey|94/100|[from] Sandstorm
|-heal|p2a: Bighorn Bison|88/100 tox|[from] item: Leftovers
|-damage|p2a: Bighorn Bison|82/100 tox|[from] psn
|-heal|p1a: Blissey|100/100|[from] item: Leftovers
|upkeep
|turn|10
|
|t:|1729631649
|switch|p1a: Jumpluff|Jumpluff, M|100/100
|move|p2a: Bighorn Bison|Calm Mind|p2a: Bighorn Bison
|-boost|p2a: Bighorn Bison|spa|1
|-boost|p2a: Bighorn Bison|spd|1
|
|-weather|Sandstorm|[upkeep]
|-damage|p1a: Jumpluff|94/100|[from] Sandstorm
|-damage|p2a: Bighorn Bison|76/100 tox|[from] Sandstorm
|-heal|p1a: Jumpluff|100/100|[from] item: Leftovers
|-heal|p2a: Bighorn Bison|82/100 tox|[from] item: Leftovers
|-damage|p2a: Bighorn Bison|70/100 tox|[from] psn
|upkeep
|turn|11
|
|t:|1729631654
|switch|p2a: Gup|Blissey, F|76/100
|-damage|p2a: Gup|63/100|[from] Spikes
|move|p1a: Jumpluff|Encore||[still]
|-fail|p1a: Jumpluff
|
|-weather|Sandstorm|[upkeep]
|-damage|p1a: Jumpluff|94/100|[from] Sandstorm
|-damage|p2a: Gup|57/100|[from] Sandstorm
|-heal|p1a: Jumpluff|100/100|[from] item: Leftovers
|-heal|p2a: Gup|63/100|[from] item: Leftovers
|upkeep
|turn|12
|
|t:|1729631664
|move|p1a: Jumpluff|Sleep Powder|p2a: Gup
|-status|p2a: Gup|slp|[from] move: Sleep Powder
|cant|p2a: Gup|slp
|
|-weather|Sandstorm|[upkeep]
|-damage|p1a: Jumpluff|94/100|[from] Sandstorm
|-damage|p2a: Gup|57/100 slp|[from] Sandstorm
|-heal|p1a: Jumpluff|100/100|[from] item: Leftovers
|-heal|p2a: Gup|63/100 slp|[from] item: Leftovers
|upkeep
|turn|13
|
|t:|1729631667
|move|p1a: Jumpluff|Leech Seed|p2a: Gup
|-start|p2a: Gup|move: Leech Seed
|cant|p2a: Gup|slp
|
|-weather|Sandstorm|[upkeep]
|-damage|p1a: Jumpluff|94/100|[from] Sandstorm
|-damage|p2a: Gup|57/100 slp|[from] Sandstorm
|-heal|p1a: Jumpluff|100/100|[from] item: Leftovers
|-heal|p2a: Gup|63/100 slp|[from] item: Leftovers
|-damage|p2a: Gup|51/100 slp|[from] Leech Seed|[of] p1a: Jumpluff
|upkeep
|turn|14
|
|t:|1729631679
|move|p1a: Jumpluff|Substitute|p1a: Jumpluff
|-start|p1a: Jumpluff|Substitute
|-damage|p1a: Jumpluff|76/100
|cant|p2a: Gup|slp
|
|-weather|Sandstorm|[upkeep]
|-damage|p1a: Jumpluff|69/100|[from] Sandstorm
|-damage|p2a: Gup|45/100 slp|[from] Sandstorm
|-heal|p1a: Jumpluff|76/100|[from] item: Leftovers
|-heal|p2a: Gup|51/100 slp|[from] item: Leftovers
|-damage|p2a: Gup|38/100 slp|[from] Leech Seed|[of] p1a: Jumpluff
|-heal|p1a: Jumpluff|99/100|[silent]
|upkeep
|turn|15
|
|t:|1729631698
|switch|p1a: Salamence|Salamence, F|100/100
|-ability|p1a: Salamence|Intimidate|boost
|-unboost|p2a: Gup|atk|1
|cant|p2a: Gup|slp
|
|-weather|Sandstorm|[upkeep]
|-damage|p1a: Salamence|94/100|[from] Sandstorm
|-damage|p2a: Gup|32/100 slp|[from] Sandstorm
|-heal|p1a: Salamence|100/100|[from] item: Leftovers
|-heal|p2a: Gup|38/100 slp|[from] item: Leftovers
|-damage|p2a: Gup|26/100 slp|[from] Leech Seed|[of] p1a: Salamence
|upkeep
|turn|16
|
|t:|1729631712
|move|p1a: Salamence|Hidden Power|p2a: Gup
|-damage|p2a: Gup|0 fnt
|faint|p2a: Gup
|inactive|Skittle_Skity has 270 seconds left.
|
|t:|1729631743
|switch|p2a: Beetle Guard|Swampert, F|100/100
|-damage|p2a: Beetle Guard|88/100|[from] Spikes
|
|-weather|Sandstorm|[upkeep]
|-damage|p1a: Salamence|94/100|[from] Sandstorm
|-heal|p1a: Salamence|100/100|[from] item: Leftovers
|-heal|p2a: Beetle Guard|94/100|[from] item: Leftovers
|upkeep
|turn|17
|
|t:|1729631754
|switch|p1a: Skarmory|Skarmory, M|100/100
|move|p2a: Beetle Guard|Hydro Pump|p1a: Skarmory|[miss]
|-miss|p2a: Beetle Guard|p1a: Skarmory
|
|-weather|Sandstorm|[upkeep]
|-heal|p2a: Beetle Guard|100/100|[from] item: Leftovers
|upkeep
|turn|18
|
|t:|1729631760
|switch|p2a: Hermit Crab|Forretress, F|100/100
|-damage|p2a: Hermit Crab|88/100|[from] Spikes
|move|p1a: Skarmory|Spikes|p2a: Hermit Crab
|-sidestart|p2: Skittle_Skity|Spikes
|
|-weather|Sandstorm|[upkeep]
|-heal|p2a: Hermit Crab|94/100|[from] item: Leftovers
|upkeep
|turn|19
|
|t:|1729631766
|switch|p1a: Jumpluff|Jumpluff, M|99/100
|move|p2a: Hermit Crab|Rapid Spin|p1a: Jumpluff
|-damage|p1a: Jumpluff|93/100
|-sideend|p2: Skittle_Skity|Spikes|[from] move: Rapid Spin|[of] p2a: Hermit Crab
|
|-weather|Sandstorm|[upkeep]
|-damage|p1a: Jumpluff|87/100|[from] Sandstorm
|-heal|p1a: Jumpluff|93/100|[from] item: Leftovers
|-heal|p2a: Hermit Crab|100/100|[from] item: Leftovers
|upkeep
|turn|20
|
|t:|1729631782
|switch|p2a: Bighorn Bison|Suicune|70/100 tox
|move|p1a: Jumpluff|Encore||[still]
|-fail|p1a: Jumpluff
|
|-weather|Sandstorm|[upkeep]
|-damage|p1a: Jumpluff|87/100|[from] Sandstorm
|-damage|p2a: Bighorn Bison|63/100 tox|[from] Sandstorm
|-heal|p1a: Jumpluff|93/100|[from] item: Leftovers
|-heal|p2a: Bighorn Bison|70/100 tox|[from] item: Leftovers
|-damage|p2a: Bighorn Bison|63/100 tox|[from] psn
|upkeep
|turn|21
|
|t:|1729631792
|move|p1a: Jumpluff|Leech Seed|p2a: Bighorn Bison
|-start|p2a: Bighorn Bison|move: Leech Seed
|move|p2a: Bighorn Bison|Rest|p2a: Bighorn Bison
|-status|p2a: Bighorn Bison|slp|[from] move: Rest
|-heal|p2a: Bighorn Bison|100/100 slp|[silent]
|
|-weather|Sandstorm|[upkeep]
|-damage|p1a: Jumpluff|87/100|[from] Sandstorm
|-damage|p2a: Bighorn Bison|94/100 slp|[from] Sandstorm
|-heal|p1a: Jumpluff|93/100|[from] item: Leftovers
|-heal|p2a: Bighorn Bison|100/100 slp|[from] item: Leftovers
|-damage|p2a: Bighorn Bison|88/100 slp|[from] Leech Seed|[of] p1a: Jumpluff
|-heal|p1a: Jumpluff|100/100|[silent]
|upkeep
|turn|22
|
|t:|1729631804
|switch|p1a: Moltres|Moltres|100/100
|switch|p2a: Hermit Crab|Forretress, F|100/100
|
|-weather|Sandstorm|[upkeep]
|-damage|p1a: Moltres|94/100|[from] Sandstorm
|-heal|p1a: Moltres|100/100|[from] item: Leftovers
|upkeep
|turn|23
|
|t:|1729631815
|switch|p2a: Bighorn Bison|Suicune|88/100 slp
|move|p1a: Moltres|Flamethrower|p2a: Bighorn Bison
|-resisted|p2a: Bighorn Bison
|-damage|p2a: Bighorn Bison|69/100 slp
|
|-weather|Sandstorm|[upkeep]
|-damage|p1a: Moltres|94/100|[from] Sandstorm
|-damage|p2a: Bighorn Bison|63/100 slp|[from] Sandstorm
|-heal|p1a: Moltres|100/100|[from] item: Leftovers
|-heal|p2a: Bighorn Bison|69/100 slp|[from] item: Leftovers
|upkeep
|turn|24
|
|t:|1729631819
|move|p1a: Moltres|Hidden Power|p2a: Bighorn Bison
|-supereffective|p2a: Bighorn Bison
|-damage|p2a: Bighorn Bison|33/100 slp
|cant|p2a: Bighorn Bison|slp
|
|-weather|Sandstorm|[upkeep]
|-damage|p1a: Moltres|94/100|[from] Sandstorm
|-damage|p2a: Bighorn Bison|26/100 slp|[from] Sandstorm
|-heal|p1a: Moltres|100/100|[from] item: Leftovers
|-heal|p2a: Bighorn Bison|33/100 slp|[from] item: Leftovers
|upkeep
|turn|25
|
|t:|1729631830
|move|p1a: Moltres|Hidden Power|p2a: Bighorn Bison
|-supereffective|p2a: Bighorn Bison
|-damage|p2a: Bighorn Bison|0 fnt
|faint|p2a: Bighorn Bison
|
|t:|1729631836
|switch|p2a: Elder Lemurian|Tyranitar, M|100/100
|
|-weather|Sandstorm|[upkeep]
|-damage|p1a: Moltres|94/100|[from] Sandstorm
|-heal|p1a: Moltres|100/100|[from] item: Leftovers
|upkeep
|turn|26
|
|t:|1729631863
|switch|p1a: Skarmory|Skarmory, M|100/100
|move|p2a: Elder Lemurian|Thunderbolt|p1a: Skarmory
|-supereffective|p1a: Skarmory
|-damage|p1a: Skarmory|48/100
|
|-weather|Sandstorm|[upkeep]
|-heal|p1a: Skarmory|54/100|[from] item: Leftovers
|upkeep
|turn|27
|
|t:|1729631871
|move|p1a: Skarmory|Toxic|p2a: Elder Lemurian|[miss]
|-miss|p1a: Skarmory|p2a: Elder Lemurian
|move|p2a: Elder Lemurian|Thunderbolt|p1a: Skarmory
|-supereffective|p1a: Skarmory
|-crit|p1a: Skarmory
|-damage|p1a: Skarmory|0 fnt
|faint|p1a: Skarmory
|
|t:|1729631882
|switch|p1a: Blissey|Blissey, F|100/100
|-damage|p1a: Blissey|88/100|[from] Spikes
|
|-weather|Sandstorm|[upkeep]
|-damage|p1a: Blissey|82/100|[from] Sandstorm
|-heal|p1a: Blissey|88/100|[from] item: Leftovers
|upkeep
|turn|28
|
|t:|1729631889
|switch|p2a: Hermit Crab|Forretress, F|100/100
|switch|p1a: Moltres|Moltres|100/100
|
|-weather|Sandstorm|[upkeep]
|-damage|p1a: Moltres|94/100|[from] Sandstorm
|-heal|p1a: Moltres|100/100|[from] item: Leftovers
|upkeep
|turn|29
|
|t:|1729631903
|switch|p2a: Greater Wisp|Moltres|100/100
|move|p1a: Moltres|Will-O-Wisp|p2a: Greater Wisp
|-immune|p2a: Greater Wisp
|
|-weather|Sandstorm|[upkeep]
|-damage|p2a: Greater Wisp|94/100|[from] Sandstorm
|-damage|p1a: Moltres|94/100|[from] Sandstorm
|-heal|p2a: Greater Wisp|100/100|[from] item: Leftovers
|-heal|p1a: Moltres|100/100|[from] item: Leftovers
|upkeep
|turn|30
|
|t:|1729631915
|switch|p1a: Blissey|Blissey, F|88/100
|-damage|p1a: Blissey|76/100|[from] Spikes
|move|p2a: Greater Wisp|Will-O-Wisp|p1a: Blissey
|-status|p1a: Blissey|brn
|
|-weather|Sandstorm|[upkeep]
|-damage|p2a: Greater Wisp|94/100|[from] Sandstorm
|-damage|p1a: Blissey|69/100 brn|[from] Sandstorm
|-heal|p2a: Greater Wisp|100/100|[from] item: Leftovers
|-heal|p1a: Blissey|76/100 brn|[from] item: Leftovers
|-damage|p1a: Blissey|63/100 brn|[from] brn
|upkeep
|turn|31
|
|t:|1729631923
|switch|p2a: Hermit Crab|Forretress, F|100/100
|move|p1a: Blissey|Soft-Boiled|p1a: Blissey
|-heal|p1a: Blissey|100/100 brn
|
|-weather|Sandstorm|[upkeep]
|-damage|p1a: Blissey|94/100 brn|[from] Sandstorm
|-heal|p1a: Blissey|100/100 brn|[from] item: Leftovers
|-damage|p1a: Blissey|88/100 brn|[from] brn
|upkeep
|turn|32
|
|t:|1729631927
|-curestatus|p1a: Blissey|brn|[from] ability: Natural Cure
|switch|p1a: Jumpluff|Jumpluff, M|100/100
|move|p2a: Hermit Crab|Spikes|p1a: Jumpluff
|-sidestart|p1: melninja|Spikes
|
|-weather|Sandstorm|[upkeep]
|-damage|p1a: Jumpluff|94/100|[from] Sandstorm
|-heal|p1a: Jumpluff|100/100|[from] item: Leftovers
|upkeep
|turn|33
|
|t:|1729631936
|move|p1a: Jumpluff|Substitute|p1a: Jumpluff
|-start|p1a: Jumpluff|Substitute
|-damage|p1a: Jumpluff|76/100
|move|p2a: Hermit Crab|Spikes|p1a: Jumpluff
|-sidestart|p1: melninja|Spikes
|
|-weather|Sandstorm|[upkeep]
|-damage|p1a: Jumpluff|69/100|[from] Sandstorm
|-heal|p1a: Jumpluff|76/100|[from] item: Leftovers
|upkeep
|turn|34
|
|t:|1729631939
|move|p1a: Jumpluff|Leech Seed|p2a: Hermit Crab
|-start|p2a: Hermit Crab|move: Leech Seed
|move|p2a: Hermit Crab|Hidden Power|p1a: Jumpluff
|-end|p1a: Jumpluff|Substitute
|
|-weather|Sandstorm|[upkeep]
|-damage|p1a: Jumpluff|69/100|[from] Sandstorm
|-heal|p1a: Jumpluff|76/100|[from] item: Leftovers
|-damage|p2a: Hermit Crab|88/100|[from] Leech Seed|[of] p1a: Jumpluff
|-heal|p1a: Jumpluff|88/100|[silent]
|upkeep
|turn|35
|
|t:|1729631953
|switch|p2a: Elder Lemurian|Tyranitar, M|100/100
|move|p1a: Jumpluff|Sleep Powder|p2a: Elder Lemurian|[miss]
|-miss|p1a: Jumpluff|p2a: Elder Lemurian
|
|-weather|Sandstorm|[upkeep]
|-damage|p1a: Jumpluff|82/100|[from] Sandstorm
|-heal|p1a: Jumpluff|88/100|[from] item: Leftovers
|upkeep
|turn|36
|
|t:|1729631959
|switch|p1a: Blissey|Blissey, F|88/100
|-damage|p1a: Blissey|63/100|[from] Spikes
|move|p2a: Elder Lemurian|Ice Beam|p1a: Blissey
|-damage|p1a: Blissey|51/100
|
|-weather|Sandstorm|[upkeep]
|-damage|p1a: Blissey|45/100|[from] Sandstorm
|-heal|p1a: Blissey|51/100|[from] item: Leftovers
|upkeep
|turn|37
|
|t:|1729631965
|switch|p2a: Hermit Crab|Forretress, F|88/100
|move|p1a: Blissey|Soft-Boiled|p1a: Blissey
|-heal|p1a: Blissey|100/100
|
|-weather|Sandstorm|[upkeep]
|-damage|p1a: Blissey|94/100|[from] Sandstorm
|-heal|p1a: Blissey|100/100|[from] item: Leftovers
|-heal|p2a: Hermit Crab|94/100|[from] item: Leftovers
|upkeep
|turn|38
|inactive|melninja has 270 seconds left.
|
|t:|1729631998
|switch|p1a: Swampert|Swampert, M|100/100
|-damage|p1a: Swampert|76/100|[from] Spikes
|move|p2a: Hermit Crab|Hidden Power|p1a: Swampert
|-damage|p1a: Swampert|60/100
|
|-weather|Sandstorm|[upkeep]
|-heal|p1a: Swampert|67/100|[from] item: Leftovers
|-heal|p2a: Hermit Crab|100/100|[from] item: Leftovers
|upkeep
|turn|39
|
|t:|1729632008
|move|p1a: Swampert|Hydro Pump|p2a: Hermit Crab
|-damage|p2a: Hermit Crab|65/100
|move|p2a: Hermit Crab|Earthquake|p1a: Swampert
|-damage|p1a: Swampert|53/100
|
|-weather|Sandstorm|[upkeep]
|-heal|p1a: Swampert|60/100|[from] item: Leftovers
|-heal|p2a: Hermit Crab|71/100|[from] item: Leftovers
|upkeep
|turn|40
|
|t:|1729632027
|move|p1a: Swampert|Protect|p1a: Swampert
|-singleturn|p1a: Swampert|Protect
|move|p2a: Hermit Crab|Hidden Power|p1a: Swampert
|-activate|p1a: Swampert|Protect
|
|-weather|Sandstorm|[upkeep]
|-heal|p1a: Swampert|66/100|[from] item: Leftovers
|-heal|p2a: Hermit Crab|77/100|[from] item: Leftovers
|upkeep
|turn|41
|
|t:|1729632032
|move|p1a: Swampert|Earthquake|p2a: Hermit Crab
|-damage|p2a: Hermit Crab|48/100
|move|p2a: Hermit Crab|Hidden Power|p1a: Swampert
|-damage|p1a: Swampert|52/100
|
|-weather|Sandstorm|[upkeep]
|-heal|p1a: Swampert|58/100|[from] item: Leftovers
|-heal|p2a: Hermit Crab|54/100|[from] item: Leftovers
|upkeep
|turn|42
|
|t:|1729632039
|switch|p2a: Beetle Guard|Swampert, F|100/100
|move|p1a: Swampert|Protect||[still]
|-fail|p1a: Swampert
|
|-weather|Sandstorm|[upkeep]
|-heal|p1a: Swampert|64/100|[from] item: Leftovers
|upkeep
|turn|43
|
|t:|1729632045
|move|p1a: Swampert|Protect|p1a: Swampert
|-singleturn|p1a: Swampert|Protect
|move|p2a: Beetle Guard|Ice Beam|p1a: Swampert
|-activate|p1a: Swampert|Protect
|
|-weather|Sandstorm|[upkeep]
|-heal|p1a: Swampert|70/100|[from] item: Leftovers
|upkeep
|turn|44
|
|t:|1729632056
|move|p2a: Beetle Guard|Hydro Pump|p1a: Swampert|[miss]
|-miss|p2a: Beetle Guard|p1a: Swampert
|move|p1a: Swampert|Earthquake|p2a: Beetle Guard
|-damage|p2a: Beetle Guard|76/100
|
|-weather|Sandstorm|[upkeep]
|-heal|p2a: Beetle Guard|82/100|[from] item: Leftovers
|-heal|p1a: Swampert|77/100|[from] item: Leftovers
|upkeep
|turn|45
|
|t:|1729632060
|move|p1a: Swampert|Protect|p1a: Swampert
|-singleturn|p1a: Swampert|Protect
|move|p2a: Beetle Guard|Earthquake|p1a: Swampert
|-activate|p1a: Swampert|Protect
|
|-weather|Sandstorm|[upkeep]
|-heal|p1a: Swampert|83/100|[from] item: Leftovers
|-heal|p2a: Beetle Guard|89/100|[from] item: Leftovers
|upkeep
|turn|46
|
|t:|1729632066
|move|p2a: Beetle Guard|Earthquake|p1a: Swampert
|-damage|p1a: Swampert|57/100
|move|p1a: Swampert|Earthquake|p2a: Beetle Guard
|-damage|p2a: Beetle Guard|62/100
|
|-weather|Sandstorm|[upkeep]
|-heal|p2a: Beetle Guard|68/100|[from] item: Leftovers
|-heal|p1a: Swampert|63/100|[from] item: Leftovers
|upkeep
|turn|47
|
|t:|1729632080
|switch|p1a: Salamence|Salamence, F|100/100
|-ability|p1a: Salamence|Intimidate|boost
|-unboost|p2a: Beetle Guard|atk|1
|move|p2a: Beetle Guard|Hydro Pump|p1a: Salamence
|-resisted|p1a: Salamence
|-damage|p1a: Salamence|82/100
|
|-weather|Sandstorm|[upkeep]
|-damage|p1a: Salamence|76/100|[from] Sandstorm
|-heal|p1a: Salamence|82/100|[from] item: Leftovers
|-heal|p2a: Beetle Guard|74/100|[from] item: Leftovers
|upkeep
|turn|48
|
|t:|1729632098
|switch|p1a: Blissey|Blissey, F|100/100
|-damage|p1a: Blissey|76/100|[from] Spikes
|move|p2a: Beetle Guard|Ice Beam|p1a: Blissey
|-damage|p1a: Blissey|68/100
|
|-weather|Sandstorm|[upkeep]
|-damage|p1a: Blissey|62/100|[from] Sandstorm
|-heal|p1a: Blissey|68/100|[from] item: Leftovers
|-heal|p2a: Beetle Guard|81/100|[from] item: Leftovers
|upkeep
|turn|49
|
|t:|1729632103
|move|p2a: Beetle Guard|Protect|p2a: Beetle Guard
|-singleturn|p2a: Beetle Guard|Protect
|move|p1a: Blissey|Soft-Boiled|p1a: Blissey
|-heal|p1a: Blissey|100/100
|
|-weather|Sandstorm|[upkeep]
|-damage|p1a: Blissey|94/100|[from] Sandstorm
|-heal|p1a: Blissey|100/100|[from] item: Leftovers
|-heal|p2a: Beetle Guard|87/100|[from] item: Leftovers
|upkeep
|turn|50
|
|t:|1729632109
|switch|p2a: Hermit Crab|Forretress, F|54/100
|move|p1a: Blissey|Ice Beam|p2a: Hermit Crab
|-resisted|p2a: Hermit Crab
|-damage|p2a: Hermit Crab|43/100
|-status|p2a: Hermit Crab|frz
|
|-weather|Sandstorm|[upkeep]
|-damage|p1a: Blissey|94/100|[from] Sandstorm
|-heal|p1a: Blissey|100/100|[from] item: Leftovers
|-heal|p2a: Hermit Crab|49/100 frz|[from] item: Leftovers
|upkeep
|turn|51
|
|t:|1729632113
|switch|p1a: Moltres|Moltres|100/100
|-curestatus|p2a: Hermit Crab|frz|[msg]
|move|p2a: Hermit Crab|Earthquake|p1a: Moltres
|-immune|p1a: Moltres
|
|-weather|Sandstorm|[upkeep]
|-damage|p1a: Moltres|94/100|[from] Sandstorm
|-heal|p1a: Moltres|100/100|[from] item: Leftovers
|-heal|p2a: Hermit Crab|55/100|[from] item: Leftovers
|upkeep
|turn|52
|
|t:|1729632118
|switch|p2a: Greater Wisp|Moltres|100/100
|move|p1a: Moltres|Flamethrower|p2a: Greater Wisp
|-resisted|p2a: Greater Wisp
|-damage|p2a: Greater Wisp|69/100
|
|-weather|Sandstorm|[upkeep]
|-damage|p1a: Moltres|94/100|[from] Sandstorm
|-damage|p2a: Greater Wisp|63/100|[from] Sandstorm
|-heal|p1a: Moltres|100/100|[from] item: Leftovers
|-heal|p2a: Greater Wisp|69/100|[from] item: Leftovers
|upkeep
|turn|53
|
|t:|1729632123
|switch|p1a: Blissey|Blissey, F|100/100
|-damage|p1a: Blissey|76/100|[from] Spikes
|move|p2a: Greater Wisp|Flamethrower|p1a: Blissey
|-damage|p1a: Blissey|55/100
|
|-weather|Sandstorm|[upkeep]
|-damage|p2a: Greater Wisp|63/100|[from] Sandstorm
|-damage|p1a: Blissey|49/100|[from] Sandstorm
|-heal|p2a: Greater Wisp|69/100|[from] item: Leftovers
|-heal|p1a: Blissey|55/100|[from] item: Leftovers
|upkeep
|turn|54
|
|t:|1729632129
|switch|p2a: Hermit Crab|Forretress, F|55/100
|move|p1a: Blissey|Soft-Boiled|p1a: Blissey
|-heal|p1a: Blissey|100/100
|
|-weather|Sandstorm|[upkeep]
|-damage|p1a: Blissey|94/100|[from] Sandstorm
|-heal|p1a: Blissey|100/100|[from] item: Leftovers
|-heal|p2a: Hermit Crab|61/100|[from] item: Leftovers
|upkeep
|turn|55
|
|t:|1729632133
|switch|p1a: Moltres|Moltres|100/100
|move|p2a: Hermit Crab|Hidden Power|p1a: Moltres
|-resisted|p1a: Moltres
|-damage|p1a: Moltres|94/100
|
|-weather|Sandstorm|[upkeep]
|-damage|p1a: Moltres|88/100|[from] Sandstorm
|-heal|p1a: Moltres|94/100|[from] item: Leftovers
|-heal|p2a: Hermit Crab|67/100|[from] item: Leftovers
|upkeep
|turn|56
|
|t:|1729632143
|switch|p2a: Elder Lemurian|Tyranitar, M|100/100
|move|p1a: Moltres|Will-O-Wisp|p2a: Elder Lemurian
|-status|p2a: Elder Lemurian|brn
|
|-weather|Sandstorm|[upkeep]
|-damage|p1a: Moltres|88/100|[from] Sandstorm
|-heal|p1a: Moltres|94/100|[from] item: Leftovers
|-damage|p2a: Elder Lemurian|88/100 brn|[from] brn
|upkeep
|turn|57
|
|t:|1729632148
|switch|p1a: Blissey|Blissey, F|100/100
|-damage|p1a: Blissey|76/100|[from] Spikes
|move|p2a: Elder Lemurian|Thunderbolt|p1a: Blissey
|-damage|p1a: Blissey|64/100
|
|-weather|Sandstorm|[upkeep]
|-damage|p1a: Blissey|58/100|[from] Sandstorm
|-heal|p2a: Elder Lemurian|94/100 brn|[from] item: Leftovers
|-damage|p2a: Elder Lemurian|82/100 brn|[from] brn
|-heal|p1a: Blissey|64/100|[from] item: Leftovers
|upkeep
|turn|58
|
|t:|1729632153
|switch|p2a: Hermit Crab|Forretress, F|67/100
|move|p1a: Blissey|Soft-Boiled|p1a: Blissey
|-heal|p1a: Blissey|100/100
|
|-weather|Sandstorm|[upkeep]
|-damage|p1a: Blissey|94/100|[from] Sandstorm
|-heal|p1a: Blissey|100/100|[from] item: Leftovers
|-heal|p2a: Hermit Crab|74/100|[from] item: Leftovers
|upkeep
|turn|59
|
|t:|1729632155
|switch|p1a: Moltres|Moltres|94/100
|move|p2a: Hermit Crab|Hidden Power|p1a: Moltres
|-resisted|p1a: Moltres
|-damage|p1a: Moltres|87/100
|
|-weather|Sandstorm|[upkeep]
|-damage|p1a: Moltres|81/100|[from] Sandstorm
|-heal|p1a: Moltres|87/100|[from] item: Leftovers
|-heal|p2a: Hermit Crab|80/100|[from] item: Leftovers
|upkeep
|turn|60
|
|t:|1729632165
|switch|p2a: Beetle Guard|Swampert, F|87/100
|move|p1a: Moltres|Flamethrower|p2a: Beetle Guard
|-resisted|p2a: Beetle Guard
|-damage|p2a: Beetle Guard|65/100
|
|-weather|Sandstorm|[upkeep]
|-damage|p1a: Moltres|81/100|[from] Sandstorm
|-heal|p1a: Moltres|87/100|[from] item: Leftovers
|-heal|p2a: Beetle Guard|71/100|[from] item: Leftovers
|upkeep
|turn|61
|
|t:|1729632168
|move|p2a: Beetle Guard|Protect|p2a: Beetle Guard
|-singleturn|p2a: Beetle Guard|Protect
|move|p1a: Moltres|Hidden Power|p2a: Beetle Guard
|-activate|p2a: Beetle Guard|Protect
|
|-weather|Sandstorm|[upkeep]
|-damage|p1a: Moltres|81/100|[from] Sandstorm
|-heal|p1a: Moltres|87/100|[from] item: Leftovers
|-heal|p2a: Beetle Guard|77/100|[from] item: Leftovers
|upkeep
|turn|62
|
|t:|1729632179
|switch|p2a: Greater Wisp|Moltres|69/100
|move|p1a: Moltres|Hidden Power|p2a: Greater Wisp
|-resisted|p2a: Greater Wisp
|-damage|p2a: Greater Wisp|63/100
|
|-weather|Sandstorm|[upkeep]
|-damage|p2a: Greater Wisp|57/100|[from] Sandstorm
|-damage|p1a: Moltres|81/100|[from] Sandstorm
|-heal|p2a: Greater Wisp|63/100|[from] item: Leftovers
|-heal|p1a: Moltres|87/100|[from] item: Leftovers
|upkeep
|turn|63
|
|t:|1729632183
|switch|p1a: Blissey|Blissey, F|100/100
|-damage|p1a: Blissey|76/100|[from] Spikes
|move|p2a: Greater Wisp|Will-O-Wisp|p1a: Blissey
|-status|p1a: Blissey|brn
|
|-weather|Sandstorm|[upkeep]
|-damage|p2a: Greater Wisp|57/100|[from] Sandstorm
|-damage|p1a: Blissey|69/100 brn|[from] Sandstorm
|-heal|p2a: Greater Wisp|63/100|[from] item: Leftovers
|-heal|p1a: Blissey|76/100 brn|[from] item: Leftovers
|-damage|p1a: Blissey|63/100 brn|[from] brn
|upkeep
|turn|64
|
|t:|1729632201
|move|p2a: Greater Wisp|Flamethrower|p1a: Blissey
|-damage|p1a: Blissey|44/100 brn
|move|p1a: Blissey|Soft-Boiled|p1a: Blissey
|-heal|p1a: Blissey|93/100 brn
|
|-weather|Sandstorm|[upkeep]
|-damage|p2a: Greater Wisp|57/100|[from] Sandstorm
|-damage|p1a: Blissey|87/100 brn|[from] Sandstorm
|-heal|p2a: Greater Wisp|63/100|[from] item: Leftovers
|-heal|p1a: Blissey|93/100 brn|[from] item: Leftovers
|-damage|p1a: Blissey|81/100 brn|[from] brn
|upkeep
|turn|65
|
|t:|1729632209
|switch|p2a: Hermit Crab|Forretress, F|80/100
|move|p1a: Blissey|Ice Beam|p2a: Hermit Crab
|-resisted|p2a: Hermit Crab
|-damage|p2a: Hermit Crab|69/100
|
|-weather|Sandstorm|[upkeep]
|-damage|p1a: Blissey|75/100 brn|[from] Sandstorm
|-heal|p1a: Blissey|81/100 brn|[from] item: Leftovers
|-damage|p1a: Blissey|69/100 brn|[from] brn
|-heal|p2a: Hermit Crab|75/100|[from] item: Leftovers
|upkeep
|turn|66
|
|t:|1729632212
|-curestatus|p1a: Blissey|brn|[from] ability: Natural Cure
|switch|p1a: Moltres|Moltres|87/100
|move|p2a: Hermit Crab|Hidden Power|p1a: Moltres
|-resisted|p1a: Moltres
|-damage|p1a: Moltres|81/100
|
|-weather|Sandstorm|[upkeep]
|-damage|p1a: Moltres|74/100|[from] Sandstorm
|-heal|p1a: Moltres|81/100|[from] item: Leftovers
|-heal|p2a: Hermit Crab|81/100|[from] item: Leftovers
|upkeep
|turn|67
|
|t:|1729632219
|switch|p2a: Greater Wisp|Moltres|63/100
|move|p1a: Moltres|Flamethrower|p2a: Greater Wisp
|-resisted|p2a: Greater Wisp
|-damage|p2a: Greater Wisp|36/100
|
|-weather|Sandstorm|[upkeep]
|-damage|p1a: Moltres|74/100|[from] Sandstorm
|-damage|p2a: Greater Wisp|30/100|[from] Sandstorm
|-heal|p1a: Moltres|81/100|[from] item: Leftovers
|-heal|p2a: Greater Wisp|36/100|[from] item: Leftovers
|upkeep
|turn|68
|
|t:|1729632225
|move|p1a: Moltres|Flamethrower|p2a: Greater Wisp
|-resisted|p2a: Greater Wisp
|-damage|p2a: Greater Wisp|7/100
|move|p2a: Greater Wisp|Flamethrower|p1a: Moltres
|-resisted|p1a: Moltres
|-damage|p1a: Moltres|53/100
|
|-weather|Sandstorm|[upkeep]
|-damage|p2a: Greater Wisp|1/100|[from] Sandstorm
|-damage|p1a: Moltres|47/100|[from] Sandstorm
|-heal|p2a: Greater Wisp|7/100|[from] item: Leftovers
|-heal|p1a: Moltres|53/100|[from] item: Leftovers
|upkeep
|turn|69
|
|t:|1729632250
|move|p2a: Greater Wisp|Overheat|p1a: Moltres|[miss]
|-miss|p2a: Greater Wisp|p1a: Moltres
|move|p1a: Moltres|Flamethrower|p2a: Greater Wisp
|-resisted|p2a: Greater Wisp
|-damage|p2a: Greater Wisp|0 fnt
|faint|p2a: Greater Wisp
|
|t:|1729632256
|switch|p2a: Beetle Guard|Swampert, F|77/100
|
|-weather|Sandstorm|[upkeep]
|-damage|p1a: Moltres|47/100|[from] Sandstorm
|-heal|p1a: Moltres|53/100|[from] item: Leftovers
|-heal|p2a: Beetle Guard|83/100|[from] item: Leftovers
|upkeep
|turn|70
|
|t:|1729632261
|switch|p1a: Salamence|Salamence, F|82/100
|-ability|p1a: Salamence|Intimidate|boost
|-unboost|p2a: Beetle Guard|atk|1
|move|p2a: Beetle Guard|Protect||[still]
|-fail|p2a: Beetle Guard
|
|-weather|Sandstorm|[upkeep]
|-damage|p1a: Salamence|76/100|[from] Sandstorm
|-heal|p1a: Salamence|82/100|[from] item: Leftovers
|-heal|p2a: Beetle Guard|90/100|[from] item: Leftovers
|upkeep
|turn|71
|
|t:|1729632270
|move|p1a: Salamence|Hidden Power|p2a: Beetle Guard
|-damage|p2a: Beetle Guard|65/100
|move|p2a: Beetle Guard|Ice Beam|p1a: Salamence
|-supereffective|p1a: Salamence
|-damage|p1a: Salamence|8/100
|
|-weather|Sandstorm|[upkeep]
|-damage|p1a: Salamence|2/100|[from] Sandstorm
|-heal|p1a: Salamence|8/100|[from] item: Leftovers
|-heal|p2a: Beetle Guard|71/100|[from] item: Leftovers
|upkeep
|turn|72
|
|t:|1729632278
|move|p2a: Beetle Guard|Protect|p2a: Beetle Guard
|-singleturn|p2a: Beetle Guard|Protect
|move|p1a: Salamence|Hidden Power|p2a: Beetle Guard
|-activate|p2a: Beetle Guard|Protect
|
|-weather|Sandstorm|[upkeep]
|-damage|p1a: Salamence|2/100|[from] Sandstorm
|-heal|p1a: Salamence|8/100|[from] item: Leftovers
|-heal|p2a: Beetle Guard|77/100|[from] item: Leftovers
|upkeep
|turn|73
|
|t:|1729632293
|switch|p2a: Elder Lemurian|Tyranitar, M|82/100 brn
|move|p1a: Salamence|Hidden Power|p2a: Elder Lemurian
|-resisted|p2a: Elder Lemurian
|-damage|p2a: Elder Lemurian|68/100 brn
|
|-weather|Sandstorm|[upkeep]
|-damage|p1a: Salamence|2/100|[from] Sandstorm
|-heal|p1a: Salamence|8/100|[from] item: Leftovers
|-heal|p2a: Elder Lemurian|74/100 brn|[from] item: Leftovers
|-damage|p2a: Elder Lemurian|62/100 brn|[from] brn
|upkeep
|turn|74
|
|t:|1729632297
|move|p1a: Salamence|Earthquake|p2a: Elder Lemurian
|-supereffective|p2a: Elder Lemurian
|-damage|p2a: Elder Lemurian|3/100 brn
|move|p2a: Elder Lemurian|Pursuit|p1a: Salamence
|-damage|p1a: Salamence|0 fnt
|faint|p1a: Salamence
|
|t:|1729632311
|switch|p1a: Moltres|Moltres|53/100
|
|-weather|Sandstorm|[upkeep]
|-damage|p1a: Moltres|47/100|[from] Sandstorm
|-heal|p1a: Moltres|53/100|[from] item: Leftovers
|-heal|p2a: Elder Lemurian|9/100 brn|[from] item: Leftovers
|-damage|p2a: Elder Lemurian|0 fnt|[from] brn
|faint|p2a: Elder Lemurian
|upkeep
|
|t:|1729632315
|switch|p2a: Beetle Guard|Swampert, F|77/100
|turn|75
|
|t:|1729632321
|switch|p1a: Swampert|Swampert, M|63/100
|-damage|p1a: Swampert|38/100|[from] Spikes
|move|p2a: Beetle Guard|Protect||[still]
|-fail|p2a: Beetle Guard
|
|-weather|Sandstorm|[upkeep]
|-heal|p2a: Beetle Guard|83/100|[from] item: Leftovers
|-heal|p1a: Swampert|45/100|[from] item: Leftovers
|upkeep
|turn|76
|
|t:|1729632324
|move|p2a: Beetle Guard|Protect|p2a: Beetle Guard
|-singleturn|p2a: Beetle Guard|Protect
|move|p1a: Swampert|Earthquake|p2a: Beetle Guard
|-activate|p2a: Beetle Guard|Protect
|
|-weather|Sandstorm|[upkeep]
|-heal|p2a: Beetle Guard|90/100|[from] item: Leftovers
|-heal|p1a: Swampert|51/100|[from] item: Leftovers
|upkeep
|turn|77
|
|t:|1729632327
|move|p1a: Swampert|Hydro Pump|p2a: Beetle Guard
|-damage|p2a: Beetle Guard|60/100
|move|p2a: Beetle Guard|Hydro Pump|p1a: Swampert
|-damage|p1a: Swampert|21/100
|
|-weather|Sandstorm|[upkeep]
|-heal|p1a: Swampert|27/100|[from] item: Leftovers
|-heal|p2a: Beetle Guard|66/100|[from] item: Leftovers
|upkeep
|turn|78
|
|t:|1729632331
|move|p2a: Beetle Guard|Protect|p2a: Beetle Guard
|-singleturn|p2a: Beetle Guard|Protect
|move|p1a: Swampert|Hydro Pump|p2a: Beetle Guard
|-activate|p2a: Beetle Guard|Protect
|
|-weather|Sandstorm|[upkeep]
|-heal|p2a: Beetle Guard|72/100|[from] item: Leftovers
|-heal|p1a: Swampert|33/100|[from] item: Leftovers
|upkeep
|turn|79
|
|t:|1729632338
|move|p1a: Swampert|Hydro Pump|p2a: Beetle Guard
|-damage|p2a: Beetle Guard|24/100
|move|p2a: Beetle Guard|Ice Beam|p1a: Swampert
|-damage|p1a: Swampert|17/100
|
|-weather|Sandstorm|[upkeep]
|-heal|p2a: Beetle Guard|30/100|[from] item: Leftovers
|-heal|p1a: Swampert|23/100|[from] item: Leftovers
|upkeep
|turn|80
|
|t:|1729632344
|move|p2a: Beetle Guard|Protect|p2a: Beetle Guard
|-singleturn|p2a: Beetle Guard|Protect
|move|p1a: Swampert|Hydro Pump|p2a: Beetle Guard
|-activate|p2a: Beetle Guard|Protect
|
|-weather|Sandstorm|[upkeep]
|-heal|p2a: Beetle Guard|36/100|[from] item: Leftovers
|-heal|p1a: Swampert|29/100|[from] item: Leftovers
|upkeep
|turn|81
|
|t:|1729632348
|move|p1a: Swampert|Hydro Pump|p2a: Beetle Guard
|-damage|p2a: Beetle Guard|0 fnt
|faint|p2a: Beetle Guard
|
|t:|1729632349
|switch|p2a: Hermit Crab|Forretress, F|81/100
|
|-weather|Sandstorm|[upkeep]
|-heal|p1a: Swampert|35/100|[from] item: Leftovers
|-heal|p2a: Hermit Crab|88/100|[from] item: Leftovers
|upkeep
|turn|82
|c|☆Skittle_Skity|gg
|
|t:|1729632354
|move|p1a: Swampert|Earthquake|p2a: Hermit Crab
|-damage|p2a: Hermit Crab|60/100
|move|p2a: Hermit Crab|Earthquake|p1a: Swampert
|-damage|p1a: Swampert|22/100
|
|-weather|Sandstorm|[upkeep]
|-heal|p1a: Swampert|28/100|[from] item: Leftovers
|-heal|p2a: Hermit Crab|66/100|[from] item: Leftovers
|upkeep
|turn|83
|
|t:|1729632357
|move|p1a: Swampert|Earthquake|p2a: Hermit Crab
|-crit|p2a: Hermit Crab
|-damage|p2a: Hermit Crab|10/100
|move|p2a: Hermit Crab|Earthquake|p1a: Swampert
|-damage|p1a: Swampert|13/100
|
|-weather|Sandstorm|[upkeep]
|-heal|p1a: Swampert|19/100|[from] item: Leftovers
|-heal|p2a: Hermit Crab|17/100|[from] item: Leftovers
|upkeep
|turn|84
|
|t:|1729632359
|move|p1a: Swampert|Earthquake|p2a: Hermit Crab
|-crit|p2a: Hermit Crab
|-damage|p2a: Hermit Crab|0 fnt
|faint|p2a: Hermit Crab
|
|win|melninja
|c|☆melninja|gg
|c|☆melninja|wp

</script>
<script type="application/json" class="data" id="replaydata-smogtours-gen3ou-801269">
{"id":"smogtours-gen3ou-801269","format":"[Gen 3] OU","players":["melninja","Skittle_Skity"],"uploadtime":1729632359,"views":87,"formatid":"gen3ou","rating":null,"private":0,"password":null}
</script>

<script defer src="js/replays.js?9d40a366"></script>
