<!DOCTYPE html>
<meta charset="utf-8" />
<meta name="viewport" content="width=device-width" />

<title>[Gen 3] OU: adv pride vs. javiercar - Replays - Pok&eacute;mon Showdown!</title>

<meta name="description" content="Watch a replay of a Pok&eacute;mon battle between adv pride and javiercar! Format: [Gen 3] OU; Date: Oct 18, 2024" />
<!--

Hey, you! Looking in the source for the replay log?

You can find them in JSON format, just add `.json` at the end of a replay URL.

https://replay.pokemonshowdown.com/gen7randomdoublesbattle-865046831.json

Or, if you only need the log itself, add `.log` instead:

https://replay.pokemonshowdown.com/gen7randomdoublesbattle-865046831.log

-->

<link rel="stylesheet" href="//pokemonshowdown.com/style/global.css?0.023195364461161105" />
<link rel="stylesheet" href="//play.pokemonshowdown.com/style/font-awesome.css?0.13261647063804238" />
<link rel="stylesheet" href="//play.pokemonshowdown.com/style/battle.css?0.8753245789963631" />
<link rel="stylesheet" href="//play.pokemonshowdown.com/style/utilichart.css?0.8627959624976733" />

<!-- Global site tag (gtag.js) - Google Analytics -->
<script async src="https://www.googletagmanager.com/gtag/js?id=UA-26211653-1"></script>
<script>
  window.dataLayer = window.dataLayer || [];
  function gtag(){dataLayer.push(arguments);}
  gtag('js', new Date());

  gtag('config', 'UA-26211653-1');
</script>
<!-- End Google Analytics -->
<!-- Venatus Ad Manager - Install in <HEAD> of page -->
	<script src="https://hb.vntsm.com/v3/live/ad-manager.min.js" type="text/javascript" data-site-id="642aba63ec9a7b11c3c9c1be" data-mode="scan" async></script>
<!-- / Venatus Ad Manager -->

<style>
	@media (max-width:820px) {
		.battle {
			margin: 0 auto;
		}
		.battle-log {
			margin: 7px auto 0;
			max-width: 640px;
			height: 300px;
			position: static;
		}
	}
	.optgroup {
		display: inline-block;
		line-height: 22px;
		font-size: 10pt;
	}
	.optgroup .button {
		height: 25px;
		padding-top: 0;
		padding-bottom: 0;
	}
	.optgroup button.button {
		padding-left: 12px;
		padding-right: 12px;
	}
	.linklist {
		list-style: none;
		margin: 0.5em 0;
		padding: 0;
	}
	.linklist li {
		padding: 2px 0;
	}
	.sidebar {
		float: left;
		width: 320px;
	}
	.bar-wrapper {
		max-width: 1100px;
		margin: 0 auto;
	}
	.bar-wrapper.has-sidebar {
		max-width: 1430px;
	}
	.mainbar {
		margin: 0;
		padding-right: 1px;
	}
	.mainbar.has-sidebar {
		margin-left: 330px;
	}
	@media (min-width: 1511px) {
		.sidebar {
			width: 400px;
		}
		.bar-wrapper.has-sidebar {
			max-width: 1510px;
		}
		.mainbar.has-sidebar {
			margin-left: 410px;
		}
	}
	.section.first-section {
		margin-top: 9px;
	}
	.blocklink small {
		white-space: normal;
	}
	.button {
		vertical-align: middle;
	}
	.replay-controls {
		padding-top: 10px;
	}
	.replay-controls h1 {
		font-size: 16pt;
		font-weight: normal;
		color: #CCC;
	}
	.pagelink {
		text-align: center;
	}
	.pagelink a {
		width: 150px;
	}
	.textbox, .button {
		font-size: 11pt;
		vertical-align: middle;
	}
	@media (max-width: 450px) {
		.button {
			font-size: 9pt;
		}
	}
</style>

<div>

	<header>
		<div class="nav-wrapper"><ul class="nav">
			<li><a class="button nav-first" href="//pokemonshowdown.com/"><img src="//pokemonshowdown.com/images/pokemonshowdownbeta.png" srcset="//pokemonshowdown.com/images/pokemonshowdownbeta.png 1x, //pokemonshowdown.com/images/pokemonshowdownbeta@2x.png 2x" alt="Pok&eacute;mon Showdown" width="146" height="44" /> Home</a></li>
			<li><a class="button" href="//pokemonshowdown.com/dex/">Pok&eacute;dex</a></li>
			<li><a class="button cur" href="/">Replays</a></li>
			<li><a class="button" href="//pokemonshowdown.com/ladder/">Ladder</a></li>
			<li><a class="button nav-last" href="//pokemonshowdown.com/forums/">Forum</a></li>
			<li><a class="button greenbutton nav-first nav-last" href="//play.pokemonshowdown.com/">Play</a></li>
		</ul></div>
	</header>

	<div class="main" id="main">

		<noscript><section class="section">You need to enable JavaScript to use this page; sorry!</section></noscript>

	</div>

</div>

<script defer nomodule src="//play.pokemonshowdown.com/js/lib/ps-polyfill.js"></script>
<script defer src="//play.pokemonshowdown.com/js/lib/preact.min.js"></script>

<script defer src="//play.pokemonshowdown.com/config/config.js?2bddbc15"></script>
<script defer src="//play.pokemonshowdown.com/js/lib/jquery-1.11.0.min.js"></script>
<script defer src="//play.pokemonshowdown.com/js/lib/html-sanitizer-minified.js"></script>
<script defer src="//play.pokemonshowdown.com/js/battle-sound.js"></script>
<script defer src="//play.pokemonshowdown.com/js/battledata.js?0.7209276989879541"></script>
<script defer src="//play.pokemonshowdown.com/data/pokedex-mini.js?0.6111056340867951"></script>
<script defer src="//play.pokemonshowdown.com/data/pokedex-mini-bw.js?0.3532142036491459"></script>
<script defer src="//play.pokemonshowdown.com/data/graphics.js?0.24223875632456182"></script>
<script defer src="//play.pokemonshowdown.com/data/pokedex.js?0.38839984266356864"></script>
<script defer src="//play.pokemonshowdown.com/data/moves.js?0.21866028504024015"></script>
<script defer src="//play.pokemonshowdown.com/data/abilities.js?0.2005157953846628"></script>
<script defer src="//play.pokemonshowdown.com/data/items.js?0.9894211263848525"></script>
<script defer src="//play.pokemonshowdown.com/data/teambuilder-tables.js?0.6008791140282215"></script>
<script defer src="//play.pokemonshowdown.com/js/battle-tooltips.js?0.7580118955022959"></script>
<script defer src="//play.pokemonshowdown.com/js/battle.js?0.6057722274234274"></script>

<script defer src="js/utils.js?e31f9a17"></script>
<script defer src="js/replays-battle.js?7008c182"></script>

<!-- don't scrape this data! just add .json or .log after the URL!
Full API docs: https://github.com/smogon/pokemon-showdown-client/blob/master/WEB-API.md -->
<script type="text/plain" class="log" id="replaylog-smogtours-gen3ou-799745">
|inactive|Battle timer is ON: inactive players will automatically lose when time's up.
|t:|1729292740
|gametype|singles
|player|p1|adv pride|102|
|player|p2|javiercar|1|
|teamsize|p1|6
|teamsize|p2|6
|gen|3
|tier|[Gen 3] OU
|rule|Sleep Clause Mod: Limit one foe put to sleep
|rule|Switch Priority Clause Mod: Faster Pokémon switch first
|rule|Species Clause: Limit one of each Pokémon
|rule|OHKO Clause: OHKO moves are banned
|rule|Evasion Items Clause: Evasion items are banned
|rule|Evasion Moves Clause: Evasion moves are banned
|rule|Endless Battle Clause: Forcing endless battles is banned
|rule|HP Percentage Mod: HP is shown in percentages
|rule|One Boost Passer Clause: Limit one Baton Passer that has a way to boost its stats
|rule|Freeze Clause Mod: Limit one foe frozen
|
|t:|1729292740
|start
|switch|p1a: Tyranitar|Tyranitar, F|100/100
|switch|p2a: Shenron|Salamence, M, shiny|100/100
|-ability|p2a: Shenron|Intimidate|boost
|-unboost|p1a: Tyranitar|atk|1
|-weather|Sandstorm|[from] ability: Sand Stream|[of] p1a: Tyranitar
|turn|1
|
|t:|1729292761
|switch|p1a: Claydol|Claydol|100/100
|move|p2a: Shenron|Fire Blast|p1a: Claydol
|-damage|p1a: Claydol|65/100
|
|-weather|Sandstorm|[upkeep]
|-damage|p2a: Shenron|94/100|[from] Sandstorm
|-heal|p2a: Shenron|100/100|[from] item: Leftovers
|-heal|p1a: Claydol|71/100|[from] item: Leftovers
|upkeep
|turn|2
|
|t:|1729292774
|switch|p2a: Skarms|Skarmory, M, shiny|100/100
|switch|p1a: Blissey|Blissey, F|100/100
|
|-weather|Sandstorm|[upkeep]
|-damage|p1a: Blissey|94/100|[from] Sandstorm
|-heal|p1a: Blissey|100/100|[from] item: Leftovers
|upkeep
|turn|3
|
|t:|1729292783
|move|p2a: Skarms|Spikes|p1a: Blissey
|-sidestart|p1: adv pride|Spikes
|move|p1a: Blissey|Ice Beam|p2a: Skarms
|-damage|p2a: Skarms|76/100
|
|-weather|Sandstorm|[upkeep]
|-damage|p1a: Blissey|94/100|[from] Sandstorm
|-heal|p2a: Skarms|82/100|[from] item: Leftovers
|-heal|p1a: Blissey|100/100|[from] item: Leftovers
|upkeep
|turn|4
|
|t:|1729292793
|switch|p1a: Skarmory|Skarmory, F|100/100
|move|p2a: Skarms|Protect||[still]
|-fail|p2a: Skarms
|
|-weather|Sandstorm|[upkeep]
|-heal|p2a: Skarms|88/100|[from] item: Leftovers
|upkeep
|turn|5
|
|t:|1729292806
|switch|p2a: Shenron|Salamence, M, shiny|100/100
|-ability|p2a: Shenron|Intimidate|boost
|-unboost|p1a: Skarmory|atk|1
|move|p1a: Skarmory|Spikes|p2a: Shenron
|-sidestart|p2: javiercar|Spikes
|
|-weather|Sandstorm|[upkeep]
|-damage|p2a: Shenron|94/100|[from] Sandstorm
|-heal|p2a: Shenron|100/100|[from] item: Leftovers
|upkeep
|turn|6
|
|t:|1729292818
|move|p1a: Skarmory|Protect|p1a: Skarmory
|-singleturn|p1a: Skarmory|Protect
|move|p2a: Shenron|Hidden Power|p1a: Skarmory
|-activate|p1a: Skarmory|Protect
|
|-weather|Sandstorm|[upkeep]
|-damage|p2a: Shenron|94/100|[from] Sandstorm
|-heal|p2a: Shenron|100/100|[from] item: Leftovers
|upkeep
|turn|7
|
|t:|1729292838
|move|p2a: Shenron|Brick Break|p1a: Skarmory
|-damage|p1a: Skarmory|84/100
|move|p1a: Skarmory|Toxic|p2a: Shenron
|-status|p2a: Shenron|tox
|
|-weather|Sandstorm|[upkeep]
|-damage|p2a: Shenron|94/100 tox|[from] Sandstorm
|-heal|p2a: Shenron|100/100 tox|[from] item: Leftovers
|-damage|p2a: Shenron|94/100 tox|[from] psn
|-heal|p1a: Skarmory|90/100|[from] item: Leftovers
|upkeep
|turn|8
|
|t:|1729292849
|move|p1a: Skarmory|Protect|p1a: Skarmory
|-singleturn|p1a: Skarmory|Protect
|move|p2a: Shenron|Fire Blast|p1a: Skarmory
|-activate|p1a: Skarmory|Protect
|
|-weather|Sandstorm|[upkeep]
|-damage|p2a: Shenron|88/100 tox|[from] Sandstorm
|-heal|p2a: Shenron|94/100 tox|[from] item: Leftovers
|-damage|p2a: Shenron|82/100 tox|[from] psn
|-heal|p1a: Skarmory|96/100|[from] item: Leftovers
|upkeep
|turn|9
|inactive|adv pride has 270 seconds left.
|
|t:|1729292883
|move|p2a: Shenron|Hidden Power|p1a: Skarmory
|-resisted|p1a: Skarmory
|-damage|p1a: Skarmory|90/100
|move|p1a: Skarmory|Spikes|p2a: Shenron
|-sidestart|p2: javiercar|Spikes
|
|-weather|Sandstorm|[upkeep]
|-damage|p2a: Shenron|76/100 tox|[from] Sandstorm
|-heal|p2a: Shenron|82/100 tox|[from] item: Leftovers
|-damage|p2a: Shenron|64/100 tox|[from] psn
|-heal|p1a: Skarmory|96/100|[from] item: Leftovers
|upkeep
|turn|10
|inactive|adv pride has 270 seconds left.
|
|t:|1729292904
|switch|p2a: TEETARR|Tyranitar, F|100/100
|-damage|p2a: TEETARR|84/100|[from] Spikes
|move|p1a: Skarmory|Protect||[still]
|-fail|p1a: Skarmory
|
|-weather|Sandstorm|[upkeep]
|-heal|p2a: TEETARR|90/100|[from] item: Leftovers
|-heal|p1a: Skarmory|100/100|[from] item: Leftovers
|upkeep
|turn|11
|inactive|adv pride has 270 seconds left.
|
|t:|1729292916
|move|p2a: TEETARR|Dragon Dance|p2a: TEETARR
|-boost|p2a: TEETARR|atk|1
|-boost|p2a: TEETARR|spe|1
|move|p1a: Skarmory|Toxic|p2a: TEETARR
|-status|p2a: TEETARR|tox
|
|-weather|Sandstorm|[upkeep]
|-heal|p2a: TEETARR|96/100 tox|[from] item: Leftovers
|-damage|p2a: TEETARR|90/100 tox|[from] psn
|upkeep
|turn|12
|inactive|adv pride has 270 seconds left.
|
|t:|1729292925
|move|p2a: TEETARR|Dragon Dance|p2a: TEETARR
|-boost|p2a: TEETARR|atk|1
|-boost|p2a: TEETARR|spe|1
|move|p1a: Skarmory|Spikes|p2a: TEETARR
|-sidestart|p2: javiercar|Spikes
|
|-weather|Sandstorm|[upkeep]
|-heal|p2a: TEETARR|96/100 tox|[from] item: Leftovers
|-damage|p2a: TEETARR|84/100 tox|[from] psn
|upkeep
|turn|13
|
|t:|1729292933
|move|p1a: Skarmory|Protect|p1a: Skarmory
|-singleturn|p1a: Skarmory|Protect
|move|p2a: TEETARR|Dragon Dance|p2a: TEETARR
|-boost|p2a: TEETARR|atk|1
|-boost|p2a: TEETARR|spe|1
|
|-weather|Sandstorm|[upkeep]
|-heal|p2a: TEETARR|90/100 tox|[from] item: Leftovers
|-damage|p2a: TEETARR|71/100 tox|[from] psn
|upkeep
|turn|14
|
|t:|1729292942
|switch|p1a: Claydol|Claydol|71/100
|move|p2a: TEETARR|Rock Slide|p1a: Claydol
|-resisted|p1a: Claydol
|-damage|p1a: Claydol|34/100
|
|-weather|Sandstorm|[upkeep]
|-heal|p2a: TEETARR|78/100 tox|[from] item: Leftovers
|-damage|p2a: TEETARR|53/100 tox|[from] psn
|-heal|p1a: Claydol|40/100|[from] item: Leftovers
|upkeep
|turn|15
|
|t:|1729292952
|switch|p1a: Skarmory|Skarmory, F|100/100
|move|p2a: TEETARR|Hidden Power|p1a: Skarmory
|-resisted|p1a: Skarmory
|-crit|p1a: Skarmory
|-damage|p1a: Skarmory|76/100
|
|-weather|Sandstorm|[upkeep]
|-heal|p2a: TEETARR|59/100 tox|[from] item: Leftovers
|-damage|p2a: TEETARR|28/100 tox|[from] psn
|-heal|p1a: Skarmory|82/100|[from] item: Leftovers
|upkeep
|turn|16
|
|t:|1729292962
|move|p1a: Skarmory|Protect|p1a: Skarmory
|-singleturn|p1a: Skarmory|Protect
|move|p2a: TEETARR|Dragon Dance|p2a: TEETARR
|-boost|p2a: TEETARR|atk|1
|-boost|p2a: TEETARR|spe|1
|
|-weather|Sandstorm|[upkeep]
|-heal|p2a: TEETARR|34/100 tox|[from] item: Leftovers
|-damage|p2a: TEETARR|0 fnt|[from] psn
|faint|p2a: TEETARR
|-heal|p1a: Skarmory|88/100|[from] item: Leftovers
|upkeep
|
|t:|1729292977
|switch|p2a: Gree|Claydol|100/100
|turn|17
|
|t:|1729292981
|move|p2a: Gree|Rapid Spin|p1a: Skarmory
|-resisted|p1a: Skarmory
|-damage|p1a: Skarmory|86/100
|-sideend|p2: javiercar|Spikes|[from] move: Rapid Spin|[of] p2a: Gree
|move|p1a: Skarmory|Toxic|p2a: Gree
|-status|p2a: Gree|tox
|
|-weather|Sandstorm|[upkeep]
|-damage|p2a: Gree|94/100 tox|[from] psn
|-heal|p1a: Skarmory|92/100|[from] item: Leftovers
|upkeep
|turn|18
|
|t:|1729292994
|switch|p2a: Skarms|Skarmory, M, shiny|88/100
|move|p1a: Skarmory|Spikes|p2a: Skarms
|-sidestart|p2: javiercar|Spikes
|
|-weather|Sandstorm|[upkeep]
|-heal|p2a: Skarms|94/100|[from] item: Leftovers
|-heal|p1a: Skarmory|98/100|[from] item: Leftovers
|upkeep
|turn|19
|
|t:|1729293002
|move|p2a: Skarms|Spikes|p1a: Skarmory
|-sidestart|p1: adv pride|Spikes
|move|p1a: Skarmory|Spikes|p2a: Skarms
|-sidestart|p2: javiercar|Spikes
|
|-weather|Sandstorm|[upkeep]
|-heal|p2a: Skarms|100/100|[from] item: Leftovers
|-heal|p1a: Skarmory|100/100|[from] item: Leftovers
|upkeep
|turn|20
|
|t:|1729293009
|move|p2a: Skarms|Spikes|p1a: Skarmory
|-sidestart|p1: adv pride|Spikes
|move|p1a: Skarmory|Spikes|p2a: Skarms
|-sidestart|p2: javiercar|Spikes
|
|-weather|Sandstorm|[upkeep]
|upkeep
|turn|21
|
|t:|1729293015
|move|p2a: Skarms|Toxic|p1a: Skarmory
|-immune|p1a: Skarmory
|move|p1a: Skarmory|Roar|p2a: Skarms
|drag|p2a: The Meta|Metagross|100/100
|-damage|p2a: The Meta|76/100|[from] Spikes
|
|-weather|Sandstorm|[upkeep]
|-heal|p2a: The Meta|82/100|[from] item: Leftovers
|upkeep
|turn|22
|
|t:|1729293026
|move|p2a: The Meta|Meteor Mash|p1a: Skarmory
|-resisted|p1a: Skarmory
|-damage|p1a: Skarmory|80/100
|move|p1a: Skarmory|Roar|p2a: The Meta
|drag|p2a: Sheer mass|Blissey, F|100/100
|-damage|p2a: Sheer mass|76/100|[from] Spikes
|
|-weather|Sandstorm|[upkeep]
|-damage|p2a: Sheer mass|69/100|[from] Sandstorm
|-heal|p1a: Skarmory|86/100|[from] item: Leftovers
|-heal|p2a: Sheer mass|76/100|[from] item: Leftovers
|upkeep
|turn|23
|
|t:|1729293039
|move|p1a: Skarmory|Toxic|p2a: Sheer mass
|-status|p2a: Sheer mass|tox
|move|p2a: Sheer mass|Ice Beam|p1a: Skarmory
|-damage|p1a: Skarmory|65/100
|
|-weather|Sandstorm|[upkeep]
|-damage|p2a: Sheer mass|69/100 tox|[from] Sandstorm
|-heal|p1a: Skarmory|71/100|[from] item: Leftovers
|-heal|p2a: Sheer mass|76/100 tox|[from] item: Leftovers
|-damage|p2a: Sheer mass|69/100 tox|[from] psn
|upkeep
|turn|24
|
|t:|1729293054
|move|p1a: Skarmory|Toxic|p2a: Sheer mass
|-fail|p2a: Sheer mass|tox
|move|p2a: Sheer mass|Thunderbolt|p1a: Skarmory
|-supereffective|p1a: Skarmory
|-damage|p1a: Skarmory|27/100
|
|-weather|Sandstorm|[upkeep]
|-damage|p2a: Sheer mass|63/100 tox|[from] Sandstorm
|-heal|p1a: Skarmory|33/100|[from] item: Leftovers
|-heal|p2a: Sheer mass|69/100 tox|[from] item: Leftovers
|-damage|p2a: Sheer mass|57/100 tox|[from] psn
|upkeep
|turn|25
|
|t:|1729293066
|-curestatus|p2a: Sheer mass|tox|[from] ability: Natural Cure
|switch|p2a: Gree|Claydol|94/100 tox
|move|p1a: Skarmory|Protect||[still]
|-fail|p1a: Skarmory
|
|-weather|Sandstorm|[upkeep]
|-heal|p2a: Gree|100/100 tox|[from] item: Leftovers
|-damage|p2a: Gree|94/100 tox|[from] psn
|-heal|p1a: Skarmory|39/100|[from] item: Leftovers
|upkeep
|turn|26
|
|t:|1729293076
|move|p1a: Skarmory|Protect|p1a: Skarmory
|-singleturn|p1a: Skarmory|Protect
|move|p2a: Gree|Rapid Spin|p1a: Skarmory
|-activate|p1a: Skarmory|Protect
|
|-weather|Sandstorm|[upkeep]
|-heal|p2a: Gree|100/100 tox|[from] item: Leftovers
|-damage|p2a: Gree|88/100 tox|[from] psn
|-heal|p1a: Skarmory|45/100|[from] item: Leftovers
|upkeep
|turn|27
|
|t:|1729293087
|move|p2a: Gree|Rapid Spin|p1a: Skarmory
|-resisted|p1a: Skarmory
|-damage|p1a: Skarmory|44/100
|-sideend|p2: javiercar|Spikes|[from] move: Rapid Spin|[of] p2a: Gree
|move|p1a: Skarmory|Spikes|p2a: Gree
|-sidestart|p2: javiercar|Spikes
|
|-weather|Sandstorm|[upkeep]
|-heal|p2a: Gree|94/100 tox|[from] item: Leftovers
|-damage|p2a: Gree|76/100 tox|[from] psn
|-heal|p1a: Skarmory|50/100|[from] item: Leftovers
|upkeep
|turn|28
|
|t:|1729293103
|move|p2a: Gree|Explosion|p1a: Skarmory
|-resisted|p1a: Skarmory
|-damage|p1a: Skarmory|2/100
|faint|p2a: Gree
|
|t:|1729293110
|switch|p2a: The Meta|Metagross|82/100
|-damage|p2a: The Meta|69/100|[from] Spikes
|
|-weather|Sandstorm|[upkeep]
|-heal|p1a: Skarmory|8/100|[from] item: Leftovers
|-heal|p2a: The Meta|75/100|[from] item: Leftovers
|upkeep
|turn|29
|
|t:|1729293118
|move|p2a: The Meta|Meteor Mash|p1a: Skarmory
|-resisted|p1a: Skarmory
|-damage|p1a: Skarmory|0 fnt
|faint|p1a: Skarmory
|
|t:|1729293134
|switch|p1a: Zapdos|Zapdos|100/100
|
|-weather|Sandstorm|[upkeep]
|-damage|p1a: Zapdos|94/100|[from] Sandstorm
|-heal|p1a: Zapdos|100/100|[from] item: Leftovers
|-heal|p2a: The Meta|81/100|[from] item: Leftovers
|upkeep
|turn|30
|
|t:|1729293141
|switch|p1a: Metagross|Metagross|100/100
|-damage|p1a: Metagross|76/100|[from] Spikes
|switch|p2a: Sheer mass|Blissey, F|57/100
|-damage|p2a: Sheer mass|45/100|[from] Spikes
|
|-weather|Sandstorm|[upkeep]
|-damage|p2a: Sheer mass|39/100|[from] Sandstorm
|-heal|p1a: Metagross|82/100|[from] item: Leftovers
|-heal|p2a: Sheer mass|45/100|[from] item: Leftovers
|upkeep
|turn|31
|
|t:|1729293154
|move|p1a: Metagross|Meteor Mash|p2a: Sheer mass
|-damage|p2a: Sheer mass|0 fnt
|-boost|p1a: Metagross|atk|1
|faint|p2a: Sheer mass
|
|t:|1729293165
|switch|p2a: Skarms|Skarmory, M, shiny|100/100
|
|-weather|Sandstorm|[upkeep]
|-heal|p1a: Metagross|88/100|[from] item: Leftovers
|upkeep
|turn|32
|
|t:|1729293169
|move|p1a: Metagross|Meteor Mash|p2a: Skarms
|-resisted|p2a: Skarms
|-damage|p2a: Skarms|66/100
|move|p2a: Skarms|Roar|p1a: Metagross
|drag|p1a: Tyranitar|Tyranitar, F|100/100
|-damage|p1a: Tyranitar|75/100|[from] Spikes
|
|-weather|Sandstorm|[upkeep]
|-heal|p2a: Skarms|72/100|[from] item: Leftovers
|upkeep
|turn|33
|
|t:|1729293184
|switch|p2a: The Meta|Metagross|81/100
|-damage|p2a: The Meta|69/100|[from] Spikes
|move|p1a: Tyranitar|Rock Slide|p2a: The Meta
|-resisted|p2a: The Meta
|-damage|p2a: The Meta|50/100
|
|-weather|Sandstorm|[upkeep]
|-heal|p2a: The Meta|56/100|[from] item: Leftovers
|upkeep
|turn|34
|
|t:|1729293195
|move|p1a: Tyranitar|Rock Slide|p2a: The Meta
|-resisted|p2a: The Meta
|-damage|p2a: The Meta|35/100
|move|p2a: The Meta|Meteor Mash|p1a: Tyranitar
|-supereffective|p1a: Tyranitar
|-damage|p1a: Tyranitar|0 fnt
|faint|p1a: Tyranitar
|
|t:|1729293198
|switch|p1a: Zapdos|Zapdos|100/100
|
|-weather|Sandstorm|[upkeep]
|-damage|p1a: Zapdos|94/100|[from] Sandstorm
|-heal|p1a: Zapdos|100/100|[from] item: Leftovers
|-heal|p2a: The Meta|41/100|[from] item: Leftovers
|upkeep
|turn|35
|
|t:|1729293208
|move|p2a: The Meta|Protect|p2a: The Meta
|-singleturn|p2a: The Meta|Protect
|move|p1a: Zapdos|Thunderbolt|p2a: The Meta
|-activate|p2a: The Meta|Protect
|
|-weather|Sandstorm|[upkeep]
|-damage|p1a: Zapdos|94/100|[from] Sandstorm
|-heal|p1a: Zapdos|100/100|[from] item: Leftovers
|-heal|p2a: The Meta|47/100|[from] item: Leftovers
|upkeep
|turn|36
|
|t:|1729293218
|move|p1a: Zapdos|Thunderbolt|p2a: The Meta
|-damage|p2a: The Meta|0 fnt
|faint|p2a: The Meta
|
|t:|1729293222
|switch|p2a: Shenron|Salamence, M, shiny|64/100 tox
|-ability|p2a: Shenron|Intimidate|boost
|-unboost|p1a: Zapdos|atk|1
|
|-weather|Sandstorm|[upkeep]
|-damage|p1a: Zapdos|94/100|[from] Sandstorm
|-damage|p2a: Shenron|58/100 tox|[from] Sandstorm
|-heal|p1a: Zapdos|100/100|[from] item: Leftovers
|-heal|p2a: Shenron|64/100 tox|[from] item: Leftovers
|-damage|p2a: Shenron|58/100 tox|[from] psn
|upkeep
|turn|37
|
|t:|1729293237
|move|p1a: Zapdos|Thunderbolt|p2a: Shenron
|-damage|p2a: Shenron|0 fnt
|faint|p2a: Shenron
|
|t:|1729293243
|switch|p2a: Skarms|Skarmory, M, shiny|72/100
|
|-weather|Sandstorm|[upkeep]
|-damage|p1a: Zapdos|94/100|[from] Sandstorm
|-heal|p1a: Zapdos|100/100|[from] item: Leftovers
|-heal|p2a: Skarms|78/100|[from] item: Leftovers
|upkeep
|turn|38
|
|t:|1729293250
|move|p1a: Zapdos|Thunderbolt|p2a: Skarms
|-supereffective|p2a: Skarms
|-crit|p2a: Skarms
|-damage|p2a: Skarms|0 fnt
|faint|p2a: Skarms
|
|win|adv pride

</script>
<script type="application/json" class="data" id="replaydata-smogtours-gen3ou-799745">
{"id":"smogtours-gen3ou-799745","format":"[Gen 3] OU","players":["adv pride","javiercar"],"uploadtime":1729293250,"views":93,"formatid":"gen3ou","rating":null,"private":0,"password":null}
</script>

<script defer src="js/replays.js?9d40a366"></script>
