<!DOCTYPE html>
<meta charset="utf-8" />
<meta name="viewport" content="width=device-width" />

<title>[Gen 3] OU: HoChi_Pro vs. Mwah_Bang - Replays - Pok&eacute;mon Showdown!</title>

<meta name="description" content="Watch a replay of a Pok&eacute;mon battle between HoChi_Pro and Mwah_Bang! Format: [Gen 3] OU; Date: Oct 4, 2024" />
<!--

Hey, you! Looking in the source for the replay log?

You can find them in JSON format, just add `.json` at the end of a replay URL.

https://replay.pokemonshowdown.com/gen7randomdoublesbattle-865046831.json

Or, if you only need the log itself, add `.log` instead:

https://replay.pokemonshowdown.com/gen7randomdoublesbattle-865046831.log

-->

<link rel="stylesheet" href="//pokemonshowdown.com/style/global.css?0.767286132409787" />
<link rel="stylesheet" href="//play.pokemonshowdown.com/style/font-awesome.css?0.9266228007934947" />
<link rel="stylesheet" href="//play.pokemonshowdown.com/style/battle.css?0.7924700842790926" />
<link rel="stylesheet" href="//play.pokemonshowdown.com/style/utilichart.css?0.8777417872839479" />

<!-- Global site tag (gtag.js) - Google Analytics -->
<script async src="https://www.googletagmanager.com/gtag/js?id=UA-26211653-1"></script>
<script>
  window.dataLayer = window.dataLayer || [];
  function gtag(){dataLayer.push(arguments);}
  gtag('js', new Date());

  gtag('config', 'UA-26211653-1');
</script>
<!-- End Google Analytics -->
<!-- Venatus Ad Manager - Install in <HEAD> of page -->
	<script src="https://hb.vntsm.com/v3/live/ad-manager.min.js" type="text/javascript" data-site-id="642aba63ec9a7b11c3c9c1be" data-mode="scan" async></script>
<!-- / Venatus Ad Manager -->

<style>
	@media (max-width:820px) {
		.battle {
			margin: 0 auto;
		}
		.battle-log {
			margin: 7px auto 0;
			max-width: 640px;
			height: 300px;
			position: static;
		}
	}
	.optgroup {
		display: inline-block;
		line-height: 22px;
		font-size: 10pt;
	}
	.optgroup .button {
		height: 25px;
		padding-top: 0;
		padding-bottom: 0;
	}
	.optgroup button.button {
		padding-left: 12px;
		padding-right: 12px;
	}
	.linklist {
		list-style: none;
		margin: 0.5em 0;
		padding: 0;
	}
	.linklist li {
		padding: 2px 0;
	}
	.sidebar {
		float: left;
		width: 320px;
	}
	.bar-wrapper {
		max-width: 1100px;
		margin: 0 auto;
	}
	.bar-wrapper.has-sidebar {
		max-width: 1430px;
	}
	.mainbar {
		margin: 0;
		padding-right: 1px;
	}
	.mainbar.has-sidebar {
		margin-left: 330px;
	}
	@media (min-width: 1511px) {
		.sidebar {
			width: 400px;
		}
		.bar-wrapper.has-sidebar {
			max-width: 1510px;
		}
		.mainbar.has-sidebar {
			margin-left: 410px;
		}
	}
	.section.first-section {
		margin-top: 9px;
	}
	.blocklink small {
		white-space: normal;
	}
	.button {
		vertical-align: middle;
	}
	.replay-controls {
		padding-top: 10px;
	}
	.replay-controls h1 {
		font-size: 16pt;
		font-weight: normal;
		color: #CCC;
	}
	.pagelink {
		text-align: center;
	}
	.pagelink a {
		width: 150px;
	}
	.textbox, .button {
		font-size: 11pt;
		vertical-align: middle;
	}
	@media (max-width: 450px) {
		.button {
			font-size: 9pt;
		}
	}
</style>

<div>

	<header>
		<div class="nav-wrapper"><ul class="nav">
			<li><a class="button nav-first" href="//pokemonshowdown.com/"><img src="//pokemonshowdown.com/images/pokemonshowdownbeta.png" srcset="//pokemonshowdown.com/images/pokemonshowdownbeta.png 1x, //pokemonshowdown.com/images/pokemonshowdownbeta@2x.png 2x" alt="Pok&eacute;mon Showdown" width="146" height="44" /> Home</a></li>
			<li><a class="button" href="//pokemonshowdown.com/dex/">Pok&eacute;dex</a></li>
			<li><a class="button cur" href="/">Replays</a></li>
			<li><a class="button" href="//pokemonshowdown.com/ladder/">Ladder</a></li>
			<li><a class="button nav-last" href="//pokemonshowdown.com/forums/">Forum</a></li>
			<li><a class="button greenbutton nav-first nav-last" href="//play.pokemonshowdown.com/">Play</a></li>
		</ul></div>
	</header>

	<div class="main" id="main">

		<noscript><section class="section">You need to enable JavaScript to use this page; sorry!</section></noscript>

	</div>

</div>

<script defer nomodule src="//play.pokemonshowdown.com/js/lib/ps-polyfill.js"></script>
<script defer src="//play.pokemonshowdown.com/js/lib/preact.min.js"></script>

<script defer src="//play.pokemonshowdown.com/config/config.js?6dec07f6"></script>
<script defer src="//play.pokemonshowdown.com/js/lib/jquery-1.11.0.min.js"></script>
<script defer src="//play.pokemonshowdown.com/js/lib/html-sanitizer-minified.js"></script>
<script defer src="//play.pokemonshowdown.com/js/battle-sound.js"></script>
<script defer src="//play.pokemonshowdown.com/js/battledata.js?0.6315294753075389"></script>
<script defer src="//play.pokemonshowdown.com/data/pokedex-mini.js?0.7603743185311358"></script>
<script defer src="//play.pokemonshowdown.com/data/pokedex-mini-bw.js?0.030888842834281283"></script>
<script defer src="//play.pokemonshowdown.com/data/graphics.js?0.05593094747507488"></script>
<script defer src="//play.pokemonshowdown.com/data/pokedex.js?0.47064822249611904"></script>
<script defer src="//play.pokemonshowdown.com/data/moves.js?0.8583693120512459"></script>
<script defer src="//play.pokemonshowdown.com/data/abilities.js?0.16017181182386842"></script>
<script defer src="//play.pokemonshowdown.com/data/items.js?0.4163379185673943"></script>
<script defer src="//play.pokemonshowdown.com/data/teambuilder-tables.js?0.31075597372830477"></script>
<script defer src="//play.pokemonshowdown.com/js/battle-tooltips.js?0.6536193500708172"></script>
<script defer src="//play.pokemonshowdown.com/js/battle.js?0.1916591943277901"></script>

<script defer src="js/utils.js?e31f9a17"></script>
<script defer src="js/replays-battle.js?7008c182"></script>

<!-- don't scrape this data! just add .json or .log after the URL!
Full API docs: https://github.com/smogon/pokemon-showdown-client/blob/master/WEB-API.md -->
<script type="text/plain" class="log" id="replaylog-smogtours-gen3ou-794592">
|inactive|Battle timer is ON: inactive players will automatically lose when time's up.
|t:|1728061901
|gametype|singles
|player|p1|HoChi_Pro|policeman|
|player|p2|Mwah_Bang|kris-gen2|
|teamsize|p1|6
|teamsize|p2|6
|gen|3
|tier|[Gen 3] OU
|rule|Sleep Clause Mod: Limit one foe put to sleep
|rule|Switch Priority Clause Mod: Faster Pokémon switch first
|rule|Species Clause: Limit one of each Pokémon
|rule|OHKO Clause: OHKO moves are banned
|rule|Evasion Items Clause: Evasion items are banned
|rule|Evasion Moves Clause: Evasion moves are banned
|rule|Endless Battle Clause: Forcing endless battles is banned
|rule|HP Percentage Mod: HP is shown in percentages
|rule|One Boost Passer Clause: Limit one Baton Passer that has a way to boost its stats
|rule|Freeze Clause Mod: Limit one foe frozen
|
|t:|1728061901
|start
|switch|p1a: Salamence|Salamence, M|100/100
|switch|p2a: Paul Allen|Zapdos|100/100
|-ability|p1a: Salamence|Intimidate|boost
|-unboost|p2a: Paul Allen|atk|1
|turn|1
|
|t:|1728061914
|switch|p1a: Swampert|Swampert, M|100/100
|move|p2a: Paul Allen|Hidden Power|p1a: Swampert
|-damage|p1a: Swampert|79/100
|
|-heal|p1a: Swampert|85/100|[from] item: Leftovers
|upkeep
|turn|2
|
|t:|1728061920
|switch|p2a: Donald Kimball|Skarmory, F|100/100
|move|p1a: Swampert|Toxic|p2a: Donald Kimball
|-immune|p2a: Donald Kimball
|
|-heal|p1a: Swampert|91/100|[from] item: Leftovers
|upkeep
|turn|3
|
|t:|1728061934
|switch|p1a: Regice|Regice|100/100
|move|p2a: Donald Kimball|Spikes|p1a: Regice
|-sidestart|p1: HoChi_Pro|Spikes
|
|upkeep
|turn|4
|
|t:|1728061940
|switch|p2a: Christie|Blissey, F|100/100
|move|p1a: Regice|Thunder Wave|p2a: Christie
|-status|p2a: Christie|par
|
|upkeep
|turn|5
|
|t:|1728061947
|switch|p1a: Tyranitar|Tyranitar, F|100/100
|-damage|p1a: Tyranitar|88/100|[from] Spikes
|-weather|Sandstorm|[from] ability: Sand Stream|[of] p1a: Tyranitar
|move|p2a: Christie|Seismic Toss|p1a: Tyranitar
|-damage|p1a: Tyranitar|59/100
|
|-weather|Sandstorm|[upkeep]
|-damage|p2a: Christie|94/100 par|[from] Sandstorm
|-heal|p1a: Tyranitar|65/100|[from] item: Leftovers
|-heal|p2a: Christie|100/100 par|[from] item: Leftovers
|upkeep
|turn|6
|
|t:|1728061957
|switch|p1a: Metagross|Metagross|100/100
|-damage|p1a: Metagross|88/100|[from] Spikes
|-curestatus|p2a: Christie|par|[from] ability: Natural Cure
|switch|p2a: Donald Kimball|Skarmory, F|100/100
|
|-weather|Sandstorm|[upkeep]
|-heal|p1a: Metagross|94/100|[from] item: Leftovers
|upkeep
|turn|7
|
|t:|1728061964
|move|p1a: Metagross|Hidden Power|p2a: Donald Kimball
|-supereffective|p2a: Donald Kimball
|-damage|p2a: Donald Kimball|65/100
|move|p2a: Donald Kimball|Roar|p1a: Metagross
|drag|p1a: Swampert|Swampert, M|91/100
|-damage|p1a: Swampert|79/100|[from] Spikes
|
|-weather|Sandstorm|[upkeep]
|-heal|p2a: Donald Kimball|71/100|[from] item: Leftovers
|-heal|p1a: Swampert|85/100|[from] item: Leftovers
|upkeep
|turn|8
|
|t:|1728061972
|move|p2a: Donald Kimball|Spikes|p1a: Swampert
|-sidestart|p1: HoChi_Pro|Spikes
|move|p1a: Swampert|Roar|p2a: Donald Kimball
|drag|p2a: Paul Allen|Zapdos|100/100
|
|-weather|Sandstorm|[upkeep]
|-damage|p2a: Paul Allen|94/100|[from] Sandstorm
|-heal|p2a: Paul Allen|100/100|[from] item: Leftovers
|-heal|p1a: Swampert|91/100|[from] item: Leftovers
|upkeep
|turn|9
|
|t:|1728061977
|switch|p2a: Donald Kimball|Skarmory, F|71/100
|move|p1a: Swampert|Toxic|p2a: Donald Kimball
|-immune|p2a: Donald Kimball
|
|-weather|Sandstorm|[upkeep]
|-heal|p2a: Donald Kimball|77/100|[from] item: Leftovers
|-heal|p1a: Swampert|97/100|[from] item: Leftovers
|upkeep
|turn|10
|
|t:|1728061982
|switch|p1a: Salamence|Salamence, M|100/100
|-ability|p1a: Salamence|Intimidate|boost
|-unboost|p2a: Donald Kimball|atk|1
|move|p2a: Donald Kimball|Spikes|p1a: Salamence
|-sidestart|p1: HoChi_Pro|Spikes
|
|-weather|Sandstorm|[upkeep]
|-damage|p1a: Salamence|94/100|[from] Sandstorm
|-heal|p1a: Salamence|100/100|[from] item: Leftovers
|-heal|p2a: Donald Kimball|83/100|[from] item: Leftovers
|upkeep
|turn|11
|
|t:|1728061989
|switch|p2a: Patrick Bateman|Suicune|100/100
|move|p1a: Salamence|Flamethrower|p2a: Patrick Bateman
|-resisted|p2a: Patrick Bateman
|-damage|p2a: Patrick Bateman|88/100
|-status|p2a: Patrick Bateman|brn
|
|-weather|Sandstorm|[upkeep]
|-damage|p1a: Salamence|94/100|[from] Sandstorm
|-damage|p2a: Patrick Bateman|81/100 brn|[from] Sandstorm
|-heal|p1a: Salamence|100/100|[from] item: Leftovers
|-heal|p2a: Patrick Bateman|88/100 brn|[from] item: Leftovers
|-damage|p2a: Patrick Bateman|75/100 brn|[from] brn
|upkeep
|turn|12
|
|t:|1728062005
|switch|p1a: Regice|Regice|100/100
|-damage|p1a: Regice|76/100|[from] Spikes
|move|p2a: Patrick Bateman|Ice Beam|p1a: Regice
|-resisted|p1a: Regice
|-damage|p1a: Regice|70/100
|
|-weather|Sandstorm|[upkeep]
|-damage|p2a: Patrick Bateman|69/100 brn|[from] Sandstorm
|-damage|p1a: Regice|64/100|[from] Sandstorm
|-heal|p2a: Patrick Bateman|75/100 brn|[from] item: Leftovers
|-damage|p2a: Patrick Bateman|63/100 brn|[from] brn
|-heal|p1a: Regice|70/100|[from] item: Leftovers
|upkeep
|turn|13
|
|t:|1728062011
|switch|p2a: Christie|Blissey, F|100/100
|move|p1a: Regice|Thunderbolt|p2a: Christie
|-damage|p2a: Christie|90/100
|
|-weather|Sandstorm|[upkeep]
|-damage|p2a: Christie|84/100|[from] Sandstorm
|-damage|p1a: Regice|64/100|[from] Sandstorm
|-heal|p2a: Christie|90/100|[from] item: Leftovers
|-heal|p1a: Regice|70/100|[from] item: Leftovers
|upkeep
|turn|14
|
|t:|1728062015
|move|p2a: Christie|Aromatherapy|p2a: Christie
|-cureteam|p2a: Christie|[from] move: Aromatherapy
|move|p1a: Regice|Thunder Wave|p2a: Christie
|-status|p2a: Christie|par
|
|-weather|Sandstorm|[upkeep]
|-damage|p1a: Regice|64/100|[from] Sandstorm
|-damage|p2a: Christie|84/100 par|[from] Sandstorm
|-heal|p1a: Regice|70/100|[from] item: Leftovers
|-heal|p2a: Christie|90/100 par|[from] item: Leftovers
|upkeep
|turn|15
|
|t:|1728062025
|switch|p1a: Metagross|Metagross|94/100
|-damage|p1a: Metagross|69/100|[from] Spikes
|move|p2a: Christie|Seismic Toss|p1a: Metagross
|-damage|p1a: Metagross|41/100
|
|-weather|Sandstorm|[upkeep]
|-damage|p2a: Christie|84/100 par|[from] Sandstorm
|-heal|p1a: Metagross|47/100|[from] item: Leftovers
|-heal|p2a: Christie|90/100 par|[from] item: Leftovers
|upkeep
|turn|16
|
|t:|1728062032
|-curestatus|p2a: Christie|par|[from] ability: Natural Cure
|switch|p2a: Donald Kimball|Skarmory, F|83/100
|move|p1a: Metagross|Meteor Mash|p2a: Donald Kimball
|-resisted|p2a: Donald Kimball
|-damage|p2a: Donald Kimball|64/100
|
|-weather|Sandstorm|[upkeep]
|-heal|p2a: Donald Kimball|70/100|[from] item: Leftovers
|-heal|p1a: Metagross|53/100|[from] item: Leftovers
|upkeep
|turn|17
|
|t:|1728062038
|move|p1a: Metagross|Hidden Power|p2a: Donald Kimball
|-supereffective|p2a: Donald Kimball
|-crit|p2a: Donald Kimball
|-damage|p2a: Donald Kimball|0 fnt
|faint|p2a: Donald Kimball
|
|t:|1728062044
|switch|p2a: Marcus Halberstram|Dugtrio, M|100/100
|
|-weather|Sandstorm|[upkeep]
|-heal|p1a: Metagross|59/100|[from] item: Leftovers
|upkeep
|turn|18
|
|t:|1728062046
|move|p2a: Marcus Halberstram|Earthquake|p1a: Metagross
|-supereffective|p1a: Metagross
|-damage|p1a: Metagross|0 fnt
|faint|p1a: Metagross
|
|t:|1728062054
|switch|p1a: Aerodactyl|Aerodactyl, F|100/100
|
|-weather|Sandstorm|[upkeep]
|upkeep
|turn|19
|
|t:|1728062059
|switch|p2a: David Van Patten|Claydol|100/100
|move|p1a: Aerodactyl|Double-Edge|p2a: David Van Patten
|-damage|p2a: David Van Patten|45/100
|
|-weather|Sandstorm|[upkeep]
|-heal|p2a: David Van Patten|51/100|[from] item: Leftovers
|upkeep
|turn|20
|
|t:|1728062063
|move|p1a: Aerodactyl|Double-Edge|p2a: David Van Patten
|-damage|p2a: David Van Patten|0 fnt
|faint|p2a: David Van Patten
|
|t:|1728062067
|switch|p2a: Patrick Bateman|Suicune|63/100
|
|-weather|Sandstorm|[upkeep]
|-damage|p2a: Patrick Bateman|56/100|[from] Sandstorm
|-heal|p2a: Patrick Bateman|63/100|[from] item: Leftovers
|upkeep
|turn|21
|
|t:|1728062072
|move|p1a: Aerodactyl|Double-Edge|p2a: Patrick Bateman
|-damage|p2a: Patrick Bateman|30/100
|move|p2a: Patrick Bateman|Surf|p1a: Aerodactyl
|-supereffective|p1a: Aerodactyl
|-damage|p1a: Aerodactyl|9/100
|
|-weather|Sandstorm|[upkeep]
|-damage|p2a: Patrick Bateman|24/100|[from] Sandstorm
|-heal|p2a: Patrick Bateman|30/100|[from] item: Leftovers
|upkeep
|turn|22
|inactive|Mwah_Bang has 270 seconds left.
|inactive|Mwah_Bang has 240 seconds left.
|
|t:|1728062157
|move|p1a: Aerodactyl|Double-Edge|p2a: Patrick Bateman
|-damage|p2a: Patrick Bateman|1/100
|move|p2a: Patrick Bateman|Surf|p1a: Aerodactyl
|-supereffective|p1a: Aerodactyl
|-damage|p1a: Aerodactyl|0 fnt
|faint|p1a: Aerodactyl
|
|t:|1728062169
|switch|p1a: Salamence|Salamence, M|100/100
|-ability|p1a: Salamence|Intimidate|boost
|-unboost|p2a: Patrick Bateman|atk|1
|
|-weather|Sandstorm|[upkeep]
|-damage|p1a: Salamence|94/100|[from] Sandstorm
|-damage|p2a: Patrick Bateman|0 fnt|[from] Sandstorm
|faint|p2a: Patrick Bateman
|-heal|p1a: Salamence|100/100|[from] item: Leftovers
|upkeep
|
|t:|1728062172
|switch|p2a: Christie|Blissey, F|90/100
|turn|23
|
|t:|1728062175
|move|p1a: Salamence|Brick Break|p2a: Christie
|-supereffective|p2a: Christie
|-damage|p2a: Christie|47/100
|move|p2a: Christie|Ice Beam|p1a: Salamence
|-supereffective|p1a: Salamence
|-damage|p1a: Salamence|0 fnt
|faint|p1a: Salamence
|
|t:|1728062195
|switch|p1a: Regice|Regice|70/100
|-damage|p1a: Regice|46/100|[from] Spikes
|
|-weather|Sandstorm|[upkeep]
|-damage|p2a: Christie|41/100|[from] Sandstorm
|-damage|p1a: Regice|40/100|[from] Sandstorm
|-heal|p2a: Christie|47/100|[from] item: Leftovers
|-heal|p1a: Regice|46/100|[from] item: Leftovers
|upkeep
|turn|24
|
|t:|1728062199
|move|p2a: Christie|Soft-Boiled|p2a: Christie
|-heal|p2a: Christie|97/100
|move|p1a: Regice|Explosion|p2a: Christie
|-damage|p2a: Christie|11/100
|faint|p1a: Regice
|
|t:|1728062205
|switch|p1a: Tyranitar|Tyranitar, F|65/100
|-damage|p1a: Tyranitar|40/100|[from] Spikes
|
|-weather|Sandstorm|[upkeep]
|-damage|p2a: Christie|5/100|[from] Sandstorm
|-heal|p1a: Tyranitar|46/100|[from] item: Leftovers
|-heal|p2a: Christie|11/100|[from] item: Leftovers
|upkeep
|turn|25
|
|t:|1728062234
|switch|p2a: Paul Allen|Zapdos|100/100
|move|p1a: Tyranitar|Dragon Dance|p1a: Tyranitar
|-boost|p1a: Tyranitar|atk|1
|-boost|p1a: Tyranitar|spe|1
|
|-weather|Sandstorm|[upkeep]
|-damage|p2a: Paul Allen|94/100|[from] Sandstorm
|-heal|p2a: Paul Allen|100/100|[from] item: Leftovers
|-heal|p1a: Tyranitar|52/100|[from] item: Leftovers
|upkeep
|turn|26
|
|t:|1728062239
|move|p2a: Paul Allen|Thunderbolt|p1a: Tyranitar
|-crit|p1a: Tyranitar
|-damage|p1a: Tyranitar|0 fnt
|faint|p1a: Tyranitar
|
|t:|1728062242
|switch|p1a: Swampert|Swampert, M|97/100
|-damage|p1a: Swampert|72/100|[from] Spikes
|
|-weather|Sandstorm|[upkeep]
|-damage|p2a: Paul Allen|94/100|[from] Sandstorm
|-heal|p2a: Paul Allen|100/100|[from] item: Leftovers
|-heal|p1a: Swampert|79/100|[from] item: Leftovers
|upkeep
|turn|27
|
|t:|1728062248
|move|p2a: Paul Allen|Hidden Power|p1a: Swampert
|-damage|p1a: Swampert|57/100
|move|p1a: Swampert|Toxic|p2a: Paul Allen
|-status|p2a: Paul Allen|tox
|
|-weather|Sandstorm|[upkeep]
|-damage|p2a: Paul Allen|94/100 tox|[from] Sandstorm
|-heal|p2a: Paul Allen|100/100 tox|[from] item: Leftovers
|-damage|p2a: Paul Allen|94/100 tox|[from] psn
|-heal|p1a: Swampert|63/100|[from] item: Leftovers
|upkeep
|turn|28
|
|t:|1728062254
|switch|p2a: Marcus Halberstram|Dugtrio, M|100/100
|move|p1a: Swampert|Roar|p2a: Marcus Halberstram
|drag|p2a: Christie|Blissey, F|11/100
|
|-weather|Sandstorm|[upkeep]
|-damage|p2a: Christie|5/100|[from] Sandstorm
|-heal|p1a: Swampert|69/100|[from] item: Leftovers
|-heal|p2a: Christie|11/100|[from] item: Leftovers
|upkeep
|turn|29
|
|t:|1728062260
|move|p1a: Swampert|Surf|p2a: Christie
|-damage|p2a: Christie|0 fnt
|faint|p2a: Christie
|
|t:|1728062262
|switch|p2a: Marcus Halberstram|Dugtrio, M|100/100
|
|-weather|Sandstorm|[upkeep]
|-heal|p1a: Swampert|75/100|[from] item: Leftovers
|upkeep
|turn|30
|
|t:|1728062267
|move|p1a: Swampert|Protect|p1a: Swampert
|-singleturn|p1a: Swampert|Protect
|move|p2a: Marcus Halberstram|Earthquake|p1a: Swampert
|-activate|p1a: Swampert|Protect
|
|-weather|Sandstorm|[upkeep]
|-heal|p1a: Swampert|81/100|[from] item: Leftovers
|upkeep
|turn|31
|
|t:|1728062271
|move|p2a: Marcus Halberstram|Earthquake|p1a: Swampert
|-damage|p1a: Swampert|43/100
|move|p1a: Swampert|Surf|p2a: Marcus Halberstram
|-supereffective|p2a: Marcus Halberstram
|-damage|p2a: Marcus Halberstram|0 fnt
|faint|p2a: Marcus Halberstram
|
|t:|1728062274
|switch|p2a: Paul Allen|Zapdos|94/100 tox
|
|-weather|Sandstorm|[upkeep]
|-damage|p2a: Paul Allen|88/100 tox|[from] Sandstorm
|-heal|p2a: Paul Allen|94/100 tox|[from] item: Leftovers
|-damage|p2a: Paul Allen|88/100 tox|[from] psn
|-heal|p1a: Swampert|49/100|[from] item: Leftovers
|upkeep
|turn|32
|
|t:|1728062277
|move|p1a: Swampert|Protect|p1a: Swampert
|-singleturn|p1a: Swampert|Protect
|move|p2a: Paul Allen|Hidden Power|p1a: Swampert
|-activate|p1a: Swampert|Protect
|
|-weather|Sandstorm|[upkeep]
|-damage|p2a: Paul Allen|82/100 tox|[from] Sandstorm
|-heal|p2a: Paul Allen|88/100 tox|[from] item: Leftovers
|-damage|p2a: Paul Allen|76/100 tox|[from] psn
|-heal|p1a: Swampert|56/100|[from] item: Leftovers
|upkeep
|turn|33
|
|t:|1728062282
|move|p2a: Paul Allen|Hidden Power|p1a: Swampert
|-damage|p1a: Swampert|35/100
|move|p1a: Swampert|Surf|p2a: Paul Allen
|-damage|p2a: Paul Allen|43/100 tox
|
|-weather|Sandstorm|[upkeep]
|-damage|p2a: Paul Allen|37/100 tox|[from] Sandstorm
|-heal|p2a: Paul Allen|43/100 tox|[from] item: Leftovers
|-damage|p2a: Paul Allen|24/100 tox|[from] psn
|-heal|p1a: Swampert|41/100|[from] item: Leftovers
|upkeep
|turn|34
|
|t:|1728062287
|move|p1a: Swampert|Protect|p1a: Swampert
|-singleturn|p1a: Swampert|Protect
|move|p2a: Paul Allen|Rest|p2a: Paul Allen
|-status|p2a: Paul Allen|slp|[from] move: Rest
|-heal|p2a: Paul Allen|100/100 slp|[silent]
|
|-weather|Sandstorm|[upkeep]
|-damage|p2a: Paul Allen|94/100 slp|[from] Sandstorm
|-heal|p2a: Paul Allen|100/100 slp|[from] item: Leftovers
|-heal|p1a: Swampert|47/100|[from] item: Leftovers
|upkeep
|turn|35
|
|t:|1728062291
|cant|p2a: Paul Allen|slp
|move|p1a: Swampert|Surf|p2a: Paul Allen
|-damage|p2a: Paul Allen|64/100 slp
|
|-weather|Sandstorm|[upkeep]
|-damage|p2a: Paul Allen|58/100 slp|[from] Sandstorm
|-heal|p2a: Paul Allen|64/100 slp|[from] item: Leftovers
|-heal|p1a: Swampert|53/100|[from] item: Leftovers
|upkeep
|turn|36
|
|t:|1728062294
|cant|p2a: Paul Allen|slp
|move|p1a: Swampert|Surf|p2a: Paul Allen
|-damage|p2a: Paul Allen|29/100 slp
|
|-weather|Sandstorm|[upkeep]
|-damage|p2a: Paul Allen|23/100 slp|[from] Sandstorm
|-heal|p2a: Paul Allen|29/100 slp|[from] item: Leftovers
|-heal|p1a: Swampert|60/100|[from] item: Leftovers
|upkeep
|turn|37
|
|t:|1728062296
|-curestatus|p2a: Paul Allen|slp|[msg]
|move|p2a: Paul Allen|Rest|p2a: Paul Allen
|-status|p2a: Paul Allen|slp|[from] move: Rest
|-heal|p2a: Paul Allen|100/100 slp|[silent]
|move|p1a: Swampert|Surf|p2a: Paul Allen
|-damage|p2a: Paul Allen|66/100 slp
|
|-weather|Sandstorm|[upkeep]
|-damage|p2a: Paul Allen|60/100 slp|[from] Sandstorm
|-heal|p2a: Paul Allen|66/100 slp|[from] item: Leftovers
|-heal|p1a: Swampert|66/100|[from] item: Leftovers
|upkeep
|turn|38
|
|t:|1728062300
|cant|p2a: Paul Allen|slp
|move|p1a: Swampert|Surf|p2a: Paul Allen
|-damage|p2a: Paul Allen|32/100 slp
|
|-weather|Sandstorm|[upkeep]
|-damage|p2a: Paul Allen|26/100 slp|[from] Sandstorm
|-heal|p2a: Paul Allen|32/100 slp|[from] item: Leftovers
|-heal|p1a: Swampert|72/100|[from] item: Leftovers
|upkeep
|turn|39
|
|t:|1728062302
|cant|p2a: Paul Allen|slp
|move|p1a: Swampert|Surf|p2a: Paul Allen
|-damage|p2a: Paul Allen|0 fnt
|faint|p2a: Paul Allen
|
|win|HoChi_Pro
|c|☆Mwah_Bang|gg
|c|☆HoChi_Pro|ggs that was a nail biter
|c|☆Mwah_Bang|yeh dang close
|c|☆HoChi_Pro|skarm crit really gave me a boost

</script>
<script type="application/json" class="data" id="replaydata-smogtours-gen3ou-794592">
{"id":"smogtours-gen3ou-794592","format":"[Gen 3] OU","players":["HoChi_Pro","Mwah_Bang"],"uploadtime":1728062302,"views":111,"formatid":"gen3ou","rating":null,"private":0,"password":null}
</script>

<script defer src="js/replays.js?9d40a366"></script>
