<!DOCTYPE html>
<meta charset="utf-8" />
<meta name="viewport" content="width=device-width" />

<title>[Gen 3] OU: nicole7735 vs. Seradess - Replays - Pok&eacute;mon Showdown!</title>

<meta name="description" content="Watch a replay of a Pok&eacute;mon battle between nicole7735 and Seradess! Format: [Gen 3] OU; Date: Nov 4, 2024" />
<!--

Hey, you! Looking in the source for the replay log?

You can find them in JSON format, just add `.json` at the end of a replay URL.

https://replay.pokemonshowdown.com/gen7randomdoublesbattle-865046831.json

Or, if you only need the log itself, add `.log` instead:

https://replay.pokemonshowdown.com/gen7randomdoublesbattle-865046831.log

-->

<link rel="stylesheet" href="//pokemonshowdown.com/style/global.css?0.023195364461161105" />
<link rel="stylesheet" href="//play.pokemonshowdown.com/style/font-awesome.css?0.13261647063804238" />
<link rel="stylesheet" href="//play.pokemonshowdown.com/style/battle.css?0.8753245789963631" />
<link rel="stylesheet" href="//play.pokemonshowdown.com/style/utilichart.css?0.8627959624976733" />

<!-- Global site tag (gtag.js) - Google Analytics -->
<script async src="https://www.googletagmanager.com/gtag/js?id=UA-26211653-1"></script>
<script>
  window.dataLayer = window.dataLayer || [];
  function gtag(){dataLayer.push(arguments);}
  gtag('js', new Date());

  gtag('config', 'UA-26211653-1');
</script>
<!-- End Google Analytics -->
<!-- Venatus Ad Manager - Install in <HEAD> of page -->
	<script src="https://hb.vntsm.com/v3/live/ad-manager.min.js" type="text/javascript" data-site-id="642aba63ec9a7b11c3c9c1be" data-mode="scan" async></script>
<!-- / Venatus Ad Manager -->

<style>
	@media (max-width:820px) {
		.battle {
			margin: 0 auto;
		}
		.battle-log {
			margin: 7px auto 0;
			max-width: 640px;
			height: 300px;
			position: static;
		}
	}
	.optgroup {
		display: inline-block;
		line-height: 22px;
		font-size: 10pt;
	}
	.optgroup .button {
		height: 25px;
		padding-top: 0;
		padding-bottom: 0;
	}
	.optgroup button.button {
		padding-left: 12px;
		padding-right: 12px;
	}
	.linklist {
		list-style: none;
		margin: 0.5em 0;
		padding: 0;
	}
	.linklist li {
		padding: 2px 0;
	}
	.sidebar {
		float: left;
		width: 320px;
	}
	.bar-wrapper {
		max-width: 1100px;
		margin: 0 auto;
	}
	.bar-wrapper.has-sidebar {
		max-width: 1430px;
	}
	.mainbar {
		margin: 0;
		padding-right: 1px;
	}
	.mainbar.has-sidebar {
		margin-left: 330px;
	}
	@media (min-width: 1511px) {
		.sidebar {
			width: 400px;
		}
		.bar-wrapper.has-sidebar {
			max-width: 1510px;
		}
		.mainbar.has-sidebar {
			margin-left: 410px;
		}
	}
	.section.first-section {
		margin-top: 9px;
	}
	.blocklink small {
		white-space: normal;
	}
	.button {
		vertical-align: middle;
	}
	.replay-controls {
		padding-top: 10px;
	}
	.replay-controls h1 {
		font-size: 16pt;
		font-weight: normal;
		color: #CCC;
	}
	.pagelink {
		text-align: center;
	}
	.pagelink a {
		width: 150px;
	}
	.textbox, .button {
		font-size: 11pt;
		vertical-align: middle;
	}
	@media (max-width: 450px) {
		.button {
			font-size: 9pt;
		}
	}
</style>

<div>

	<header>
		<div class="nav-wrapper"><ul class="nav">
			<li><a class="button nav-first" href="//pokemonshowdown.com/"><img src="//pokemonshowdown.com/images/pokemonshowdownbeta.png" srcset="//pokemonshowdown.com/images/pokemonshowdownbeta.png 1x, //pokemonshowdown.com/images/pokemonshowdownbeta@2x.png 2x" alt="Pok&eacute;mon Showdown" width="146" height="44" /> Home</a></li>
			<li><a class="button" href="//pokemonshowdown.com/dex/">Pok&eacute;dex</a></li>
			<li><a class="button cur" href="/">Replays</a></li>
			<li><a class="button" href="//pokemonshowdown.com/ladder/">Ladder</a></li>
			<li><a class="button nav-last" href="//pokemonshowdown.com/forums/">Forum</a></li>
			<li><a class="button greenbutton nav-first nav-last" href="//play.pokemonshowdown.com/">Play</a></li>
		</ul></div>
	</header>

	<div class="main" id="main">

		<noscript><section class="section">You need to enable JavaScript to use this page; sorry!</section></noscript>

	</div>

</div>

<script defer nomodule src="//play.pokemonshowdown.com/js/lib/ps-polyfill.js"></script>
<script defer src="//play.pokemonshowdown.com/js/lib/preact.min.js"></script>

<script defer src="//play.pokemonshowdown.com/config/config.js?2bddbc15"></script>
<script defer src="//play.pokemonshowdown.com/js/lib/jquery-1.11.0.min.js"></script>
<script defer src="//play.pokemonshowdown.com/js/lib/html-sanitizer-minified.js"></script>
<script defer src="//play.pokemonshowdown.com/js/battle-sound.js"></script>
<script defer src="//play.pokemonshowdown.com/js/battledata.js?0.7209276989879541"></script>
<script defer src="//play.pokemonshowdown.com/data/pokedex-mini.js?0.6111056340867951"></script>
<script defer src="//play.pokemonshowdown.com/data/pokedex-mini-bw.js?0.3532142036491459"></script>
<script defer src="//play.pokemonshowdown.com/data/graphics.js?0.24223875632456182"></script>
<script defer src="//play.pokemonshowdown.com/data/pokedex.js?0.38839984266356864"></script>
<script defer src="//play.pokemonshowdown.com/data/moves.js?0.21866028504024015"></script>
<script defer src="//play.pokemonshowdown.com/data/abilities.js?0.2005157953846628"></script>
<script defer src="//play.pokemonshowdown.com/data/items.js?0.9894211263848525"></script>
<script defer src="//play.pokemonshowdown.com/data/teambuilder-tables.js?0.6008791140282215"></script>
<script defer src="//play.pokemonshowdown.com/js/battle-tooltips.js?0.7580118955022959"></script>
<script defer src="//play.pokemonshowdown.com/js/battle.js?0.6057722274234274"></script>

<script defer src="js/utils.js?e31f9a17"></script>
<script defer src="js/replays-battle.js?7008c182"></script>

<!-- don't scrape this data! just add .json or .log after the URL!
Full API docs: https://github.com/smogon/pokemon-showdown-client/blob/master/WEB-API.md -->
<script type="text/plain" class="log" id="replaylog-smogtours-gen3ou-804696">
|inactive|Battle timer is ON: inactive players will automatically lose when time's up.
|t:|1730679811
|gametype|singles
|player|p1|nicole7735|lady-gen4|
|player|p2|Seradess|102|
|teamsize|p1|6
|teamsize|p2|6
|gen|3
|tier|[Gen 3] OU
|rule|Sleep Clause Mod: Limit one foe put to sleep
|rule|Switch Priority Clause Mod: Faster Pokémon switch first
|rule|Species Clause: Limit one of each Pokémon
|rule|OHKO Clause: OHKO moves are banned
|rule|Evasion Items Clause: Evasion items are banned
|rule|Evasion Moves Clause: Evasion moves are banned
|rule|Endless Battle Clause: Forcing endless battles is banned
|rule|HP Percentage Mod: HP is shown in percentages
|rule|One Boost Passer Clause: Limit one Baton Passer that has a way to boost its stats
|rule|Freeze Clause Mod: Limit one foe frozen
|
|t:|1730679811
|start
|switch|p1a: Salamence|Salamence, M|100/100
|switch|p2a: Smargad|Salamence, M, shiny|100/100
|-ability|p2a: Smargad|Intimidate|boost
|-unboost|p1a: Salamence|atk|1
|-ability|p1a: Salamence|Intimidate|boost
|-unboost|p2a: Smargad|atk|1
|turn|1
|c|☆nicole7735|hf
|c|☆Seradess|u2
|
|t:|1730679839
|switch|p2a: José|Suicune, shiny|100/100
|switch|p1a: Metagross|Metagross|100/100
|
|upkeep
|turn|2
|
|t:|1730679870
|move|p2a: José|Surf|p1a: Metagross
|-damage|p1a: Metagross|63/100
|move|p1a: Metagross|Meteor Mash|p2a: José
|-resisted|p2a: José
|-damage|p2a: José|85/100
|
|-heal|p2a: José|91/100|[from] item: Leftovers
|-heal|p1a: Metagross|69/100|[from] item: Leftovers
|upkeep
|turn|3
|
|t:|1730679880
|switch|p2a: Claydol|Claydol|100/100
|move|p1a: Metagross|Explosion|p2a: Claydol
|-damage|p2a: Claydol|0 fnt
|faint|p1a: Metagross
|faint|p2a: Claydol
|
|t:|1730679891
|switch|p1a: Snorlax|Snorlax, M|100/100
|switch|p2a: José|Suicune, shiny|91/100
|
|-heal|p2a: José|97/100|[from] item: Leftovers
|upkeep
|turn|4
|
|t:|1730679911
|switch|p2a: Poindexter|Magneton, shiny|100/100
|move|p1a: Snorlax|Curse|p1a: Snorlax
|-unboost|p1a: Snorlax|spe|1
|-boost|p1a: Snorlax|atk|1
|-boost|p1a: Snorlax|def|1
|
|upkeep
|turn|5
|
|t:|1730679915
|move|p2a: Poindexter|Thunderbolt|p1a: Snorlax
|-damage|p1a: Snorlax|73/100
|move|p1a: Snorlax|Earthquake|p2a: Poindexter
|-supereffective|p2a: Poindexter
|-damage|p2a: Poindexter|0 fnt
|faint|p2a: Poindexter
|
|t:|1730679922
|switch|p2a: Cupcake|Metagross, shiny|100/100
|
|-heal|p1a: Snorlax|79/100|[from] item: Leftovers
|upkeep
|turn|6
|
|t:|1730679925
|move|p2a: Cupcake|Meteor Mash|p1a: Snorlax
|-damage|p1a: Snorlax|42/100
|move|p1a: Snorlax|Earthquake|p2a: Cupcake
|-supereffective|p2a: Cupcake
|-damage|p2a: Cupcake|28/100
|
|-heal|p2a: Cupcake|34/100|[from] item: Leftovers
|-heal|p1a: Snorlax|48/100|[from] item: Leftovers
|upkeep
|turn|7
|
|t:|1730679940
|move|p2a: Cupcake|Explosion|p1a: Snorlax
|-damage|p1a: Snorlax|0 fnt
|faint|p2a: Cupcake
|faint|p1a: Snorlax
|inactive|nicole7735 has 270 seconds left.
|inactive|Seradess has 270 seconds left.
|
|t:|1730680022
|switch|p2a: Smargad|Salamence, M, shiny|100/100
|switch|p1a: Salamence|Salamence, M|100/100
|-ability|p2a: Smargad|Intimidate|boost
|-unboost|p1a: Salamence|atk|1
|-ability|p1a: Salamence|Intimidate|boost
|-unboost|p2a: Smargad|atk|1
|
|upkeep
|turn|8
|
|t:|1730680035
|switch|p1a: Tyranitar|Tyranitar, M|100/100
|-weather|Sandstorm|[from] ability: Sand Stream|[of] p1a: Tyranitar
|move|p2a: Smargad|Rock Slide|p1a: Tyranitar
|-damage|p1a: Tyranitar|78/100
|
|-weather|Sandstorm|[upkeep]
|-damage|p2a: Smargad|94/100|[from] Sandstorm
|upkeep
|turn|9
|
|t:|1730680045
|switch|p2a: José|Suicune, shiny|97/100
|move|p1a: Tyranitar|Dragon Dance|p1a: Tyranitar
|-boost|p1a: Tyranitar|atk|1
|-boost|p1a: Tyranitar|spe|1
|
|-weather|Sandstorm|[upkeep]
|-damage|p2a: José|91/100|[from] Sandstorm
|-heal|p2a: José|97/100|[from] item: Leftovers
|upkeep
|turn|10
|
|t:|1730680051
|move|p1a: Tyranitar|Rock Slide|p2a: José
|-damage|p2a: José|61/100
|cant|p2a: José|flinch
|
|-weather|Sandstorm|[upkeep]
|-damage|p2a: José|55/100|[from] Sandstorm
|-heal|p2a: José|61/100|[from] item: Leftovers
|upkeep
|turn|11
|
|t:|1730680062
|move|p1a: Tyranitar|Rock Slide|p2a: José|[miss]
|-miss|p1a: Tyranitar|p2a: José
|move|p2a: José|Roar|p1a: Tyranitar
|drag|p1a: Swampert|Swampert, F|100/100
|
|-weather|Sandstorm|[upkeep]
|-damage|p2a: José|55/100|[from] Sandstorm
|-heal|p2a: José|61/100|[from] item: Leftovers
|upkeep
|turn|12
|
|t:|1730680085
|move|p2a: José|Calm Mind|p2a: José
|-boost|p2a: José|spa|1
|-boost|p2a: José|spd|1
|move|p1a: Swampert|Earthquake|p2a: José
|-damage|p2a: José|39/100
|
|-weather|Sandstorm|[upkeep]
|-damage|p2a: José|32/100|[from] Sandstorm
|-heal|p2a: José|39/100|[from] item: Leftovers
|upkeep
|turn|13
|inactive|nicole7735 has 270 seconds left.
|
|t:|1730680112
|switch|p1a: Salamence|Salamence, M|100/100
|-ability|p1a: Salamence|Intimidate|boost
|-unboost|p2a: José|atk|1
|move|p2a: José|Surf|p1a: Salamence
|-resisted|p1a: Salamence
|-damage|p1a: Salamence|78/100
|
|-weather|Sandstorm|[upkeep]
|-damage|p1a: Salamence|72/100|[from] Sandstorm
|-damage|p2a: José|32/100|[from] Sandstorm
|-heal|p1a: Salamence|78/100|[from] item: Leftovers
|-heal|p2a: José|39/100|[from] item: Leftovers
|upkeep
|turn|14
|
|t:|1730680116
|switch|p2a: Blissey|Blissey, F|100/100
|move|p1a: Salamence|Dragon Dance|p1a: Salamence
|-boost|p1a: Salamence|atk|1
|-boost|p1a: Salamence|spe|1
|
|-weather|Sandstorm|[upkeep]
|-damage|p1a: Salamence|72/100|[from] Sandstorm
|-damage|p2a: Blissey|94/100|[from] Sandstorm
|-heal|p1a: Salamence|78/100|[from] item: Leftovers
|-heal|p2a: Blissey|100/100|[from] item: Leftovers
|upkeep
|turn|15
|
|t:|1730680125
|switch|p1a: Claydol|Claydol|100/100
|move|p2a: Blissey|Ice Beam|p1a: Claydol
|-supereffective|p1a: Claydol
|-damage|p1a: Claydol|55/100
|
|-weather|Sandstorm|[upkeep]
|-damage|p2a: Blissey|94/100|[from] Sandstorm
|-heal|p1a: Claydol|61/100|[from] item: Leftovers
|-heal|p2a: Blissey|100/100|[from] item: Leftovers
|upkeep
|turn|16
|inactive|Seradess has 270 seconds left.
|
|t:|1730680163
|move|p1a: Claydol|Explosion|p2a: Blissey
|-damage|p2a: Blissey|0 fnt
|faint|p1a: Claydol
|faint|p2a: Blissey
|inactive|nicole7735 has 270 seconds left.
|
|t:|1730680178
|switch|p1a: Swampert|Swampert, F|100/100
|switch|p2a: Smargad|Salamence, M, shiny|94/100
|-ability|p2a: Smargad|Intimidate|boost
|-unboost|p1a: Swampert|atk|1
|
|-weather|Sandstorm|[upkeep]
|-damage|p2a: Smargad|88/100|[from] Sandstorm
|upkeep
|turn|17
|inactive|nicole7735 has 270 seconds left.
|
|t:|1730680192
|switch|p2a: José|Suicune, shiny|39/100
|move|p1a: Swampert|Ice Beam|p2a: José
|-resisted|p2a: José
|-damage|p2a: José|28/100
|
|-weather|Sandstorm|[upkeep]
|-damage|p2a: José|22/100|[from] Sandstorm
|-heal|p2a: José|28/100|[from] item: Leftovers
|upkeep
|turn|18
|
|t:|1730680200
|move|p2a: José|Rest|p2a: José
|-status|p2a: José|slp|[from] move: Rest
|-heal|p2a: José|100/100 slp|[silent]
|move|p1a: Swampert|Earthquake|p2a: José
|-damage|p2a: José|87/100 slp
|
|-weather|Sandstorm|[upkeep]
|-damage|p2a: José|81/100 slp|[from] Sandstorm
|-heal|p2a: José|87/100 slp|[from] item: Leftovers
|upkeep
|turn|19
|inactive|Seradess has 270 seconds left.
|
|t:|1730680214
|cant|p2a: José|slp
|move|p1a: Swampert|Earthquake|p2a: José
|-damage|p2a: José|72/100 slp
|
|-weather|Sandstorm|[upkeep]
|-damage|p2a: José|66/100 slp|[from] Sandstorm
|-heal|p2a: José|72/100 slp|[from] item: Leftovers
|upkeep
|turn|20
|
|t:|1730680225
|cant|p2a: José|slp
|move|p1a: Swampert|Earthquake|p2a: José
|-damage|p2a: José|58/100 slp
|
|-weather|Sandstorm|[upkeep]
|-damage|p2a: José|52/100 slp|[from] Sandstorm
|-heal|p2a: José|58/100 slp|[from] item: Leftovers
|upkeep
|turn|21
|
|t:|1730680231
|-curestatus|p2a: José|slp|[msg]
|move|p2a: José|Calm Mind|p2a: José
|-boost|p2a: José|spa|1
|-boost|p2a: José|spd|1
|move|p1a: Swampert|Ice Beam|p2a: José
|-resisted|p2a: José
|-damage|p2a: José|51/100
|
|-weather|Sandstorm|[upkeep]
|-damage|p2a: José|45/100|[from] Sandstorm
|-heal|p2a: José|51/100|[from] item: Leftovers
|upkeep
|turn|22
|
|t:|1730680240
|move|p2a: José|Surf|p1a: Swampert
|-damage|p1a: Swampert|61/100
|move|p1a: Swampert|Earthquake|p2a: José
|-damage|p2a: José|38/100
|
|-weather|Sandstorm|[upkeep]
|-damage|p2a: José|31/100|[from] Sandstorm
|-heal|p2a: José|38/100|[from] item: Leftovers
|-heal|p1a: Swampert|67/100|[from] item: Leftovers
|upkeep
|turn|23
|
|t:|1730680257
|move|p2a: José|Rest|p2a: José
|-status|p2a: José|slp|[from] move: Rest
|-heal|p2a: José|100/100 slp|[silent]
|move|p1a: Swampert|Earthquake|p2a: José
|-damage|p2a: José|86/100 slp
|
|-weather|Sandstorm|[upkeep]
|-damage|p2a: José|80/100 slp|[from] Sandstorm
|-heal|p2a: José|86/100 slp|[from] item: Leftovers
|-heal|p1a: Swampert|73/100|[from] item: Leftovers
|upkeep
|turn|24
|
|t:|1730680259
|switch|p1a: Salamence|Salamence, M|78/100
|-ability|p1a: Salamence|Intimidate|boost
|-unboost|p2a: José|atk|1
|cant|p2a: José|slp
|
|-weather|Sandstorm|[upkeep]
|-damage|p1a: Salamence|72/100|[from] Sandstorm
|-damage|p2a: José|80/100 slp|[from] Sandstorm
|-heal|p1a: Salamence|78/100|[from] item: Leftovers
|-heal|p2a: José|86/100 slp|[from] item: Leftovers
|upkeep
|turn|25
|
|t:|1730680269
|move|p1a: Salamence|Dragon Dance|p1a: Salamence
|-boost|p1a: Salamence|atk|1
|-boost|p1a: Salamence|spe|1
|cant|p2a: José|slp
|
|-weather|Sandstorm|[upkeep]
|-damage|p1a: Salamence|72/100|[from] Sandstorm
|-damage|p2a: José|80/100 slp|[from] Sandstorm
|-heal|p1a: Salamence|78/100|[from] item: Leftovers
|-heal|p2a: José|86/100 slp|[from] item: Leftovers
|upkeep
|turn|26
|
|t:|1730680280
|move|p1a: Salamence|Dragon Dance|p1a: Salamence
|-boost|p1a: Salamence|atk|1
|-boost|p1a: Salamence|spe|1
|-curestatus|p2a: José|slp|[msg]
|move|p2a: José|Roar|p1a: Salamence
|drag|p1a: Swampert|Swampert, F|73/100
|
|-weather|Sandstorm|[upkeep]
|-damage|p2a: José|80/100|[from] Sandstorm
|-heal|p2a: José|86/100|[from] item: Leftovers
|-heal|p1a: Swampert|79/100|[from] item: Leftovers
|upkeep
|turn|27
|
|t:|1730680289
|move|p2a: José|Calm Mind|p2a: José
|-boost|p2a: José|spa|1
|-boost|p2a: José|spd|1
|move|p1a: Swampert|Earthquake|p2a: José
|-damage|p2a: José|67/100
|
|-weather|Sandstorm|[upkeep]
|-damage|p2a: José|60/100|[from] Sandstorm
|-heal|p2a: José|67/100|[from] item: Leftovers
|-heal|p1a: Swampert|86/100|[from] item: Leftovers
|upkeep
|turn|28
|
|t:|1730680297
|move|p2a: José|Surf|p1a: Swampert
|-damage|p1a: Swampert|32/100
|move|p1a: Swampert|Earthquake|p2a: José
|-damage|p2a: José|47/100
|
|-weather|Sandstorm|[upkeep]
|-damage|p2a: José|41/100|[from] Sandstorm
|-heal|p2a: José|47/100|[from] item: Leftovers
|-heal|p1a: Swampert|38/100|[from] item: Leftovers
|upkeep
|turn|29
|
|t:|1730680308
|-singleturn|p1a: Swampert|move: Focus Punch
|move|p2a: José|Rest|p2a: José
|-status|p2a: José|slp|[from] move: Rest
|-heal|p2a: José|100/100 slp|[silent]
|move|p1a: Swampert|Focus Punch|p2a: José
|-damage|p2a: José|78/100 slp
|
|-weather|Sandstorm|[upkeep]
|-damage|p2a: José|72/100 slp|[from] Sandstorm
|-heal|p2a: José|78/100 slp|[from] item: Leftovers
|-heal|p1a: Swampert|44/100|[from] item: Leftovers
|upkeep
|turn|30
|
|t:|1730680316
|-singleturn|p1a: Swampert|move: Focus Punch
|cant|p2a: José|slp
|move|p1a: Swampert|Focus Punch|p2a: José
|-damage|p2a: José|59/100 slp
|
|-weather|Sandstorm|[upkeep]
|-damage|p2a: José|52/100 slp|[from] Sandstorm
|-heal|p2a: José|59/100 slp|[from] item: Leftovers
|-heal|p1a: Swampert|51/100|[from] item: Leftovers
|upkeep
|turn|31
|
|t:|1730680319
|-singleturn|p1a: Swampert|move: Focus Punch
|cant|p2a: José|slp
|move|p1a: Swampert|Focus Punch|p2a: José
|-damage|p2a: José|37/100 slp
|
|-weather|Sandstorm|[upkeep]
|-damage|p2a: José|31/100 slp|[from] Sandstorm
|-heal|p2a: José|37/100 slp|[from] item: Leftovers
|-heal|p1a: Swampert|57/100|[from] item: Leftovers
|upkeep
|turn|32
|inactive|Seradess has 270 seconds left.
|
|t:|1730680357
|switch|p1a: Salamence|Salamence, M|78/100
|-ability|p1a: Salamence|Intimidate|boost
|-unboost|p2a: José|atk|1
|-curestatus|p2a: José|slp|[msg]
|move|p2a: José|Surf|p1a: Salamence
|-resisted|p1a: Salamence
|-damage|p1a: Salamence|49/100
|
|-weather|Sandstorm|[upkeep]
|-damage|p1a: Salamence|43/100|[from] Sandstorm
|-damage|p2a: José|31/100|[from] Sandstorm
|-heal|p1a: Salamence|49/100|[from] item: Leftovers
|-heal|p2a: José|37/100|[from] item: Leftovers
|upkeep
|turn|33
|inactive|Seradess has 270 seconds left.
|
|t:|1730680375
|move|p1a: Salamence|Hidden Power|p2a: José
|-damage|p2a: José|14/100
|move|p2a: José|Rest|p2a: José
|-status|p2a: José|slp|[from] move: Rest
|-heal|p2a: José|100/100 slp|[silent]
|
|-weather|Sandstorm|[upkeep]
|-damage|p1a: Salamence|43/100|[from] Sandstorm
|-damage|p2a: José|94/100 slp|[from] Sandstorm
|-heal|p1a: Salamence|49/100|[from] item: Leftovers
|-heal|p2a: José|100/100 slp|[from] item: Leftovers
|upkeep
|turn|34
|
|t:|1730680388
|move|p1a: Salamence|Hidden Power|p2a: José
|-damage|p2a: José|77/100 slp
|cant|p2a: José|slp
|
|-weather|Sandstorm|[upkeep]
|-damage|p1a: Salamence|43/100|[from] Sandstorm
|-damage|p2a: José|70/100 slp|[from] Sandstorm
|-heal|p1a: Salamence|49/100|[from] item: Leftovers
|-heal|p2a: José|77/100 slp|[from] item: Leftovers
|upkeep
|turn|35
|
|t:|1730680391
|move|p1a: Salamence|Hidden Power|p2a: José
|-damage|p2a: José|53/100 slp
|cant|p2a: José|slp
|
|-weather|Sandstorm|[upkeep]
|-damage|p1a: Salamence|43/100|[from] Sandstorm
|-damage|p2a: José|47/100 slp|[from] Sandstorm
|-heal|p1a: Salamence|49/100|[from] item: Leftovers
|-heal|p2a: José|53/100 slp|[from] item: Leftovers
|upkeep
|turn|36
|
|t:|1730680403
|move|p1a: Salamence|Hidden Power|p2a: José
|-damage|p2a: José|32/100 slp
|-curestatus|p2a: José|slp|[msg]
|move|p2a: José|Surf|p1a: Salamence
|-resisted|p1a: Salamence
|-damage|p1a: Salamence|19/100
|
|-weather|Sandstorm|[upkeep]
|-damage|p1a: Salamence|13/100|[from] Sandstorm
|-damage|p2a: José|26/100|[from] Sandstorm
|-heal|p1a: Salamence|19/100|[from] item: Leftovers
|-heal|p2a: José|32/100|[from] item: Leftovers
|upkeep
|turn|37
|c|☆nicole7735|hm
|c|☆nicole7735|ngl playing on phone w.o checking anything
|c|☆nicole7735|is maybe not the best
|c|☆nicole7735|im ass ggs
|-message|nicole7735 forfeited.
|
|win|Seradess
|player|p1|
|c|☆Seradess|ggs

</script>
<script type="application/json" class="data" id="replaydata-smogtours-gen3ou-804696">
{"id":"smogtours-gen3ou-804696","format":"[Gen 3] OU","players":["nicole7735","Seradess"],"uploadtime":1730680429,"views":73,"formatid":"gen3ou","rating":null,"private":0,"password":null}
</script>

<script defer src="js/replays.js?9d40a366"></script>
