<!DOCTYPE html>
<meta charset="utf-8" />
<meta name="viewport" content="width=device-width" />

<title>[Gen 3] OU: cyberas vs. alargemongoose - Replays - Pok&eacute;mon Showdown!</title>

<meta name="description" content="Watch a replay of a Pok&eacute;mon battle between cyberas and alargemongoose! Format: [Gen 3] OU; Date: Oct 31, 2024" />
<!--

Hey, you! Looking in the source for the replay log?

You can find them in JSON format, just add `.json` at the end of a replay URL.

https://replay.pokemonshowdown.com/gen7randomdoublesbattle-865046831.json

Or, if you only need the log itself, add `.log` instead:

https://replay.pokemonshowdown.com/gen7randomdoublesbattle-865046831.log

-->

<link rel="stylesheet" href="//pokemonshowdown.com/style/global.css?0.023195364461161105" />
<link rel="stylesheet" href="//play.pokemonshowdown.com/style/font-awesome.css?0.13261647063804238" />
<link rel="stylesheet" href="//play.pokemonshowdown.com/style/battle.css?0.8753245789963631" />
<link rel="stylesheet" href="//play.pokemonshowdown.com/style/utilichart.css?0.8627959624976733" />

<!-- Global site tag (gtag.js) - Google Analytics -->
<script async src="https://www.googletagmanager.com/gtag/js?id=UA-26211653-1"></script>
<script>
  window.dataLayer = window.dataLayer || [];
  function gtag(){dataLayer.push(arguments);}
  gtag('js', new Date());

  gtag('config', 'UA-26211653-1');
</script>
<!-- End Google Analytics -->
<!-- Venatus Ad Manager - Install in <HEAD> of page -->
	<script src="https://hb.vntsm.com/v3/live/ad-manager.min.js" type="text/javascript" data-site-id="642aba63ec9a7b11c3c9c1be" data-mode="scan" async></script>
<!-- / Venatus Ad Manager -->

<style>
	@media (max-width:820px) {
		.battle {
			margin: 0 auto;
		}
		.battle-log {
			margin: 7px auto 0;
			max-width: 640px;
			height: 300px;
			position: static;
		}
	}
	.optgroup {
		display: inline-block;
		line-height: 22px;
		font-size: 10pt;
	}
	.optgroup .button {
		height: 25px;
		padding-top: 0;
		padding-bottom: 0;
	}
	.optgroup button.button {
		padding-left: 12px;
		padding-right: 12px;
	}
	.linklist {
		list-style: none;
		margin: 0.5em 0;
		padding: 0;
	}
	.linklist li {
		padding: 2px 0;
	}
	.sidebar {
		float: left;
		width: 320px;
	}
	.bar-wrapper {
		max-width: 1100px;
		margin: 0 auto;
	}
	.bar-wrapper.has-sidebar {
		max-width: 1430px;
	}
	.mainbar {
		margin: 0;
		padding-right: 1px;
	}
	.mainbar.has-sidebar {
		margin-left: 330px;
	}
	@media (min-width: 1511px) {
		.sidebar {
			width: 400px;
		}
		.bar-wrapper.has-sidebar {
			max-width: 1510px;
		}
		.mainbar.has-sidebar {
			margin-left: 410px;
		}
	}
	.section.first-section {
		margin-top: 9px;
	}
	.blocklink small {
		white-space: normal;
	}
	.button {
		vertical-align: middle;
	}
	.replay-controls {
		padding-top: 10px;
	}
	.replay-controls h1 {
		font-size: 16pt;
		font-weight: normal;
		color: #CCC;
	}
	.pagelink {
		text-align: center;
	}
	.pagelink a {
		width: 150px;
	}
	.textbox, .button {
		font-size: 11pt;
		vertical-align: middle;
	}
	@media (max-width: 450px) {
		.button {
			font-size: 9pt;
		}
	}
</style>

<div>

	<header>
		<div class="nav-wrapper"><ul class="nav">
			<li><a class="button nav-first" href="//pokemonshowdown.com/"><img src="//pokemonshowdown.com/images/pokemonshowdownbeta.png" srcset="//pokemonshowdown.com/images/pokemonshowdownbeta.png 1x, //pokemonshowdown.com/images/pokemonshowdownbeta@2x.png 2x" alt="Pok&eacute;mon Showdown" width="146" height="44" /> Home</a></li>
			<li><a class="button" href="//pokemonshowdown.com/dex/">Pok&eacute;dex</a></li>
			<li><a class="button cur" href="/">Replays</a></li>
			<li><a class="button" href="//pokemonshowdown.com/ladder/">Ladder</a></li>
			<li><a class="button nav-last" href="//pokemonshowdown.com/forums/">Forum</a></li>
			<li><a class="button greenbutton nav-first nav-last" href="//play.pokemonshowdown.com/">Play</a></li>
		</ul></div>
	</header>

	<div class="main" id="main">

		<noscript><section class="section">You need to enable JavaScript to use this page; sorry!</section></noscript>

	</div>

</div>

<script defer nomodule src="//play.pokemonshowdown.com/js/lib/ps-polyfill.js"></script>
<script defer src="//play.pokemonshowdown.com/js/lib/preact.min.js"></script>

<script defer src="//play.pokemonshowdown.com/config/config.js?2bddbc15"></script>
<script defer src="//play.pokemonshowdown.com/js/lib/jquery-1.11.0.min.js"></script>
<script defer src="//play.pokemonshowdown.com/js/lib/html-sanitizer-minified.js"></script>
<script defer src="//play.pokemonshowdown.com/js/battle-sound.js"></script>
<script defer src="//play.pokemonshowdown.com/js/battledata.js?0.7209276989879541"></script>
<script defer src="//play.pokemonshowdown.com/data/pokedex-mini.js?0.6111056340867951"></script>
<script defer src="//play.pokemonshowdown.com/data/pokedex-mini-bw.js?0.3532142036491459"></script>
<script defer src="//play.pokemonshowdown.com/data/graphics.js?0.24223875632456182"></script>
<script defer src="//play.pokemonshowdown.com/data/pokedex.js?0.38839984266356864"></script>
<script defer src="//play.pokemonshowdown.com/data/moves.js?0.21866028504024015"></script>
<script defer src="//play.pokemonshowdown.com/data/abilities.js?0.2005157953846628"></script>
<script defer src="//play.pokemonshowdown.com/data/items.js?0.9894211263848525"></script>
<script defer src="//play.pokemonshowdown.com/data/teambuilder-tables.js?0.6008791140282215"></script>
<script defer src="//play.pokemonshowdown.com/js/battle-tooltips.js?0.7580118955022959"></script>
<script defer src="//play.pokemonshowdown.com/js/battle.js?0.6057722274234274"></script>

<script defer src="js/utils.js?e31f9a17"></script>
<script defer src="js/replays-battle.js?7008c182"></script>

<!-- don't scrape this data! just add .json or .log after the URL!
Full API docs: https://github.com/smogon/pokemon-showdown-client/blob/master/WEB-API.md -->
<script type="text/plain" class="log" id="replaylog-smogtours-gen3ou-803530">
|inactive|Battle timer is ON: inactive players will automatically lose when time's up.
|t:|1730336475
|gametype|singles
|player|p1|cyberas|101|
|player|p2|alargemongoose|fisherman|
|teamsize|p1|6
|teamsize|p2|6
|gen|3
|tier|[Gen 3] OU
|rule|Sleep Clause Mod: Limit one foe put to sleep
|rule|Switch Priority Clause Mod: Faster Pokémon switch first
|rule|Species Clause: Limit one of each Pokémon
|rule|OHKO Clause: OHKO moves are banned
|rule|Evasion Items Clause: Evasion items are banned
|rule|Evasion Moves Clause: Evasion moves are banned
|rule|Endless Battle Clause: Forcing endless battles is banned
|rule|HP Percentage Mod: HP is shown in percentages
|rule|One Boost Passer Clause: Limit one Baton Passer that has a way to boost its stats
|rule|Freeze Clause Mod: Limit one foe frozen
|
|t:|1730336475
|start
|switch|p1a: Tyranitar|Tyranitar, M|100/100
|switch|p2a: Zapdos|Zapdos|100/100
|-weather|Sandstorm|[from] ability: Sand Stream|[of] p1a: Tyranitar
|turn|1
|c|☆alargemongoose|gl hf
|c|☆cyberas|hf
|
|t:|1730336506
|move|p2a: Zapdos|Baton Pass|p2a: Zapdos
|
|t:|1730336510
|switch|p2a: Swampert|Swampert, M|100/100|[from] Baton Pass
|move|p1a: Tyranitar|Rock Slide|p2a: Swampert
|-resisted|p2a: Swampert
|-damage|p2a: Swampert|75/100
|
|-weather|Sandstorm|[upkeep]
|-heal|p2a: Swampert|81/100|[from] item: Leftovers
|upkeep
|turn|2
|inactive|cyberas has 270 seconds left.
|
|t:|1730336570
|switch|p1a: Starmie|Starmie|100/100
|move|p2a: Swampert|Hydro Pump|p1a: Starmie|[miss]
|-miss|p2a: Swampert|p1a: Starmie
|
|-weather|Sandstorm|[upkeep]
|-damage|p1a: Starmie|94/100|[from] Sandstorm
|-heal|p1a: Starmie|100/100|[from] item: Leftovers
|-heal|p2a: Swampert|88/100|[from] item: Leftovers
|upkeep
|turn|3
|
|t:|1730336585
|switch|p2a: Regice|Regice, shiny|100/100
|move|p1a: Starmie|Surf|p2a: Regice
|-damage|p2a: Regice|82/100
|
|-weather|Sandstorm|[upkeep]
|-damage|p1a: Starmie|94/100|[from] Sandstorm
|-damage|p2a: Regice|76/100|[from] Sandstorm
|-heal|p1a: Starmie|100/100|[from] item: Leftovers
|-heal|p2a: Regice|82/100|[from] item: Leftovers
|upkeep
|turn|4
|
|t:|1730336598
|switch|p1a: Tyranitar|Tyranitar, M|100/100
|move|p2a: Regice|Thunder Wave|p1a: Tyranitar
|-status|p1a: Tyranitar|par
|
|-weather|Sandstorm|[upkeep]
|-damage|p2a: Regice|76/100|[from] Sandstorm
|-heal|p2a: Regice|82/100|[from] item: Leftovers
|upkeep
|turn|5
|
|t:|1730336611
|switch|p2a: Metagross|Metagross|100/100
|move|p1a: Tyranitar|Double-Edge|p2a: Metagross
|-resisted|p2a: Metagross
|-damage|p2a: Metagross|73/100
|-damage|p1a: Tyranitar|91/100 par|[from] Recoil|[of] p2a: Metagross
|
|-weather|Sandstorm|[upkeep]
|-heal|p2a: Metagross|80/100|[from] item: Leftovers
|upkeep
|turn|6
|inactive|cyberas has 270 seconds left.
|
|t:|1730336624
|switch|p2a: Zapdos|Zapdos|100/100
|switch|p1a: Skarmory|Skarmory, M|100/100
|
|-weather|Sandstorm|[upkeep]
|-damage|p2a: Zapdos|94/100|[from] Sandstorm
|-heal|p2a: Zapdos|100/100|[from] item: Leftovers
|upkeep
|turn|7
|inactive|cyberas has 270 seconds left.
|
|t:|1730336641
|switch|p1a: Blissey|Blissey, F|100/100
|move|p2a: Zapdos|Thunderbolt|p1a: Blissey
|-damage|p1a: Blissey|81/100
|-status|p1a: Blissey|par
|
|-weather|Sandstorm|[upkeep]
|-damage|p2a: Zapdos|94/100|[from] Sandstorm
|-damage|p1a: Blissey|75/100 par|[from] Sandstorm
|-heal|p2a: Zapdos|100/100|[from] item: Leftovers
|-heal|p1a: Blissey|81/100 par|[from] item: Leftovers
|upkeep
|turn|8
|
|t:|1730336646
|move|p2a: Zapdos|Baton Pass|p2a: Zapdos
|
|t:|1730336647
|switch|p2a: Metagross|Metagross|80/100|[from] Baton Pass
|move|p1a: Blissey|Wish|p1a: Blissey
|
|-weather|Sandstorm|[upkeep]
|-damage|p1a: Blissey|75/100 par|[from] Sandstorm
|-heal|p2a: Metagross|86/100|[from] item: Leftovers
|-heal|p1a: Blissey|81/100 par|[from] item: Leftovers
|upkeep
|turn|9
|inactive|cyberas has 270 seconds left.
|inactive|alargemongoose has 270 seconds left.
|
|t:|1730336700
|-curestatus|p1a: Blissey|par|[from] ability: Natural Cure
|switch|p1a: Skarmory|Skarmory, M|100/100
|move|p2a: Metagross|Meteor Mash|p1a: Skarmory
|-resisted|p1a: Skarmory
|-damage|p1a: Skarmory|84/100
|
|-heal|p1a: Skarmory|100/100|[from] move: Wish|[wisher] Blissey
|-weather|Sandstorm|[upkeep]
|-heal|p2a: Metagross|92/100|[from] item: Leftovers
|upkeep
|turn|10
|inactive|alargemongoose has 270 seconds left.
|
|t:|1730336708
|move|p2a: Metagross|Hidden Power|p1a: Skarmory
|-supereffective|p1a: Skarmory
|-crit|p1a: Skarmory
|-damage|p1a: Skarmory|25/100
|move|p1a: Skarmory|Spikes|p2a: Metagross
|-sidestart|p2: alargemongoose|Spikes
|
|-weather|Sandstorm|[upkeep]
|-heal|p2a: Metagross|98/100|[from] item: Leftovers
|-heal|p1a: Skarmory|31/100|[from] item: Leftovers
|upkeep
|turn|11
|inactive|alargemongoose has 270 seconds left.
|
|t:|1730336723
|switch|p1a: Swampert|Swampert, M|100/100
|move|p2a: Metagross|Hidden Power|p1a: Swampert
|-resisted|p1a: Swampert
|-damage|p1a: Swampert|91/100
|
|-weather|Sandstorm|[upkeep]
|-heal|p2a: Metagross|100/100|[from] item: Leftovers
|-heal|p1a: Swampert|97/100|[from] item: Leftovers
|upkeep
|turn|12
|inactive|alargemongoose has 270 seconds left.
|
|t:|1730336743
|move|p2a: Metagross|Explosion|p1a: Swampert
|-damage|p1a: Swampert|6/100
|faint|p2a: Metagross
|
|t:|1730336753
|switch|p2a: Zapdos|Zapdos|100/100
|
|-weather|Sandstorm|[upkeep]
|-damage|p2a: Zapdos|94/100|[from] Sandstorm
|-heal|p2a: Zapdos|100/100|[from] item: Leftovers
|-heal|p1a: Swampert|12/100|[from] item: Leftovers
|upkeep
|turn|13
|inactive|cyberas has 270 seconds left.
|
|t:|1730336763
|switch|p1a: Blissey|Blissey, F|81/100
|move|p2a: Zapdos|Hidden Power|p1a: Blissey
|-crit|p1a: Blissey
|-damage|p1a: Blissey|63/100
|
|-weather|Sandstorm|[upkeep]
|-damage|p2a: Zapdos|94/100|[from] Sandstorm
|-damage|p1a: Blissey|57/100|[from] Sandstorm
|-heal|p2a: Zapdos|100/100|[from] item: Leftovers
|-heal|p1a: Blissey|63/100|[from] item: Leftovers
|upkeep
|turn|14
|inactive|alargemongoose has 270 seconds left.
|
|t:|1730336777
|move|p2a: Zapdos|Baton Pass|p2a: Zapdos
|inactive|alargemongoose has 270 seconds left.
|
|t:|1730336785
|switch|p2a: Tyranitar|Tyranitar, M, shiny|100/100|[from] Baton Pass
|-damage|p2a: Tyranitar|88/100|[from] Spikes
|move|p1a: Blissey|Wish|p1a: Blissey
|
|-weather|Sandstorm|[upkeep]
|-damage|p1a: Blissey|57/100|[from] Sandstorm
|-heal|p2a: Tyranitar|94/100|[from] item: Leftovers
|-heal|p1a: Blissey|63/100|[from] item: Leftovers
|upkeep
|turn|15
|inactive|alargemongoose has 270 seconds left.
|
|t:|1730336798
|switch|p1a: Skarmory|Skarmory, M|31/100
|move|p2a: Tyranitar|Rock Slide|p1a: Skarmory
|-damage|p1a: Skarmory|0 fnt
|faint|p1a: Skarmory
|
|t:|1730336801
|switch|p1a: Swampert|Swampert, M|12/100
|
|-heal|p1a: Swampert|62/100|[from] move: Wish|[wisher] Blissey
|-weather|Sandstorm|[upkeep]
|-heal|p2a: Tyranitar|100/100|[from] item: Leftovers
|-heal|p1a: Swampert|68/100|[from] item: Leftovers
|upkeep
|turn|16
|inactive|alargemongoose has 270 seconds left.
|
|t:|1730336818
|switch|p2a: Swampert|Swampert, M|88/100
|-damage|p2a: Swampert|75/100|[from] Spikes
|move|p1a: Swampert|Protect||[still]
|-fail|p1a: Swampert
|
|-weather|Sandstorm|[upkeep]
|-heal|p2a: Swampert|81/100|[from] item: Leftovers
|-heal|p1a: Swampert|74/100|[from] item: Leftovers
|upkeep
|turn|17
|
|t:|1730336827
|move|p1a: Swampert|Protect|p1a: Swampert
|-singleturn|p1a: Swampert|Protect
|move|p2a: Swampert|Curse|p2a: Swampert
|-unboost|p2a: Swampert|spe|1
|-boost|p2a: Swampert|atk|1
|-boost|p2a: Swampert|def|1
|
|-weather|Sandstorm|[upkeep]
|-heal|p1a: Swampert|80/100|[from] item: Leftovers
|-heal|p2a: Swampert|88/100|[from] item: Leftovers
|upkeep
|turn|18
|
|t:|1730336834
|move|p1a: Swampert|Hydro Pump|p2a: Swampert
|-damage|p2a: Swampert|53/100
|move|p2a: Swampert|Earthquake|p1a: Swampert
|-damage|p1a: Swampert|43/100
|
|-weather|Sandstorm|[upkeep]
|-heal|p1a: Swampert|49/100|[from] item: Leftovers
|-heal|p2a: Swampert|59/100|[from] item: Leftovers
|upkeep
|turn|19
|
|t:|1730336840
|move|p1a: Swampert|Protect|p1a: Swampert
|-singleturn|p1a: Swampert|Protect
|move|p2a: Swampert|Earthquake|p1a: Swampert
|-activate|p1a: Swampert|Protect
|
|-weather|Sandstorm|[upkeep]
|-heal|p1a: Swampert|56/100|[from] item: Leftovers
|-heal|p2a: Swampert|66/100|[from] item: Leftovers
|upkeep
|turn|20
|
|t:|1730336844
|switch|p1a: Gengar|Gengar, F|100/100
|move|p2a: Swampert|Earthquake|p1a: Gengar
|-immune|p1a: Gengar
|
|-weather|Sandstorm|[upkeep]
|-damage|p1a: Gengar|95/100|[from] Sandstorm
|-heal|p1a: Gengar|100/100|[from] item: Leftovers
|-heal|p2a: Swampert|72/100|[from] item: Leftovers
|upkeep
|turn|21
|
|t:|1730336858
|move|p1a: Gengar|Will-O-Wisp|p2a: Swampert
|-status|p2a: Swampert|brn
|move|p2a: Swampert|Hydro Pump|p1a: Gengar
|-damage|p1a: Gengar|44/100
|
|-weather|Sandstorm|[upkeep]
|-damage|p1a: Gengar|38/100|[from] Sandstorm
|-heal|p1a: Gengar|44/100|[from] item: Leftovers
|-heal|p2a: Swampert|78/100 brn|[from] item: Leftovers
|-damage|p2a: Swampert|66/100 brn|[from] brn
|upkeep
|turn|22
|
|t:|1730336875
|switch|p1a: Blissey|Blissey, F|63/100
|switch|p2a: Regice|Regice, shiny|82/100
|-damage|p2a: Regice|70/100|[from] Spikes
|
|-weather|Sandstorm|[upkeep]
|-damage|p1a: Blissey|57/100|[from] Sandstorm
|-damage|p2a: Regice|64/100|[from] Sandstorm
|-heal|p1a: Blissey|63/100|[from] item: Leftovers
|-heal|p2a: Regice|70/100|[from] item: Leftovers
|upkeep
|turn|23
|
|t:|1730336884
|switch|p1a: Tyranitar|Tyranitar, M|91/100 par
|move|p2a: Regice|Explosion|p1a: Tyranitar
|-resisted|p1a: Tyranitar
|-damage|p1a: Tyranitar|60/100 par
|faint|p2a: Regice
|
|t:|1730336889
|switch|p2a: Salamence|Salamence, F, shiny|100/100
|-ability|p2a: Salamence|Intimidate|boost
|-unboost|p1a: Tyranitar|atk|1
|
|-weather|Sandstorm|[upkeep]
|-damage|p2a: Salamence|94/100|[from] Sandstorm
|-heal|p2a: Salamence|100/100|[from] item: Leftovers
|upkeep
|turn|24
|
|t:|1730336902
|switch|p1a: Starmie|Starmie|100/100
|move|p2a: Salamence|Dragon Dance|p2a: Salamence
|-boost|p2a: Salamence|atk|1
|-boost|p2a: Salamence|spe|1
|
|-weather|Sandstorm|[upkeep]
|-damage|p2a: Salamence|94/100|[from] Sandstorm
|-damage|p1a: Starmie|94/100|[from] Sandstorm
|-heal|p2a: Salamence|100/100|[from] item: Leftovers
|-heal|p1a: Starmie|100/100|[from] item: Leftovers
|upkeep
|turn|25
|
|t:|1730336908
|move|p2a: Salamence|Hidden Power|p1a: Starmie
|-damage|p1a: Starmie|27/100
|move|p1a: Starmie|Thunder Wave|p2a: Salamence
|-status|p2a: Salamence|par
|
|-weather|Sandstorm|[upkeep]
|-damage|p1a: Starmie|21/100|[from] Sandstorm
|-damage|p2a: Salamence|94/100 par|[from] Sandstorm
|-heal|p1a: Starmie|27/100|[from] item: Leftovers
|-heal|p2a: Salamence|100/100 par|[from] item: Leftovers
|upkeep
|turn|26
|
|t:|1730336926
|move|p1a: Starmie|Recover|p1a: Starmie
|-heal|p1a: Starmie|77/100
|move|p2a: Salamence|Hidden Power|p1a: Starmie
|-damage|p1a: Starmie|8/100
|
|-weather|Sandstorm|[upkeep]
|-damage|p1a: Starmie|2/100|[from] Sandstorm
|-damage|p2a: Salamence|94/100 par|[from] Sandstorm
|-heal|p1a: Starmie|8/100|[from] item: Leftovers
|-heal|p2a: Salamence|100/100 par|[from] item: Leftovers
|upkeep
|turn|27
|
|t:|1730336938
|move|p1a: Starmie|Surf|p2a: Salamence
|-resisted|p2a: Salamence
|-damage|p2a: Salamence|83/100 par
|move|p2a: Salamence|Hidden Power|p1a: Starmie
|-crit|p1a: Starmie
|-damage|p1a: Starmie|0 fnt
|faint|p1a: Starmie
|
|t:|1730336941
|switch|p1a: Swampert|Swampert, M|56/100
|
|-weather|Sandstorm|[upkeep]
|-damage|p2a: Salamence|77/100 par|[from] Sandstorm
|-heal|p1a: Swampert|62/100|[from] item: Leftovers
|-heal|p2a: Salamence|83/100 par|[from] item: Leftovers
|upkeep
|turn|28
|
|t:|1730336955
|move|p1a: Swampert|Ice Beam|p2a: Salamence
|-supereffective|p2a: Salamence
|-damage|p2a: Salamence|0 fnt
|faint|p2a: Salamence
|
|t:|1730336958
|switch|p2a: Zapdos|Zapdos|100/100
|
|-weather|Sandstorm|[upkeep]
|-damage|p2a: Zapdos|94/100|[from] Sandstorm
|-heal|p2a: Zapdos|100/100|[from] item: Leftovers
|-heal|p1a: Swampert|68/100|[from] item: Leftovers
|upkeep
|turn|29
|
|t:|1730336966
|move|p1a: Swampert|Protect|p1a: Swampert
|-singleturn|p1a: Swampert|Protect
|move|p2a: Zapdos|Hidden Power|p1a: Swampert
|-activate|p1a: Swampert|Protect
|
|-weather|Sandstorm|[upkeep]
|-damage|p2a: Zapdos|94/100|[from] Sandstorm
|-heal|p2a: Zapdos|100/100|[from] item: Leftovers
|-heal|p1a: Swampert|74/100|[from] item: Leftovers
|upkeep
|turn|30
|
|t:|1730336972
|switch|p1a: Blissey|Blissey, F|63/100
|move|p2a: Zapdos|Baton Pass|p2a: Zapdos
|
|t:|1730336974
|switch|p2a: Tyranitar|Tyranitar, M, shiny|100/100|[from] Baton Pass
|-damage|p2a: Tyranitar|88/100|[from] Spikes
|
|-weather|Sandstorm|[upkeep]
|-damage|p1a: Blissey|57/100|[from] Sandstorm
|-heal|p2a: Tyranitar|94/100|[from] item: Leftovers
|-heal|p1a: Blissey|63/100|[from] item: Leftovers
|upkeep
|turn|31
|
|t:|1730336988
|switch|p1a: Swampert|Swampert, M|74/100
|move|p2a: Tyranitar|Dragon Dance|p2a: Tyranitar
|-boost|p2a: Tyranitar|atk|1
|-boost|p2a: Tyranitar|spe|1
|
|-weather|Sandstorm|[upkeep]
|-heal|p2a: Tyranitar|100/100|[from] item: Leftovers
|-heal|p1a: Swampert|80/100|[from] item: Leftovers
|upkeep
|turn|32
|
|t:|1730337002
|move|p2a: Tyranitar|Earthquake|p1a: Swampert
|-damage|p1a: Swampert|42/100
|move|p1a: Swampert|Hydro Pump|p2a: Tyranitar
|-supereffective|p2a: Tyranitar
|-damage|p2a: Tyranitar|39/100
|
|-weather|Sandstorm|[upkeep]
|-heal|p2a: Tyranitar|45/100|[from] item: Leftovers
|-heal|p1a: Swampert|48/100|[from] item: Leftovers
|upkeep
|turn|33
|
|t:|1730337018
|move|p2a: Tyranitar|Double-Edge|p1a: Swampert
|-damage|p1a: Swampert|1/100
|-damage|p2a: Tyranitar|29/100|[from] Recoil|[of] p1a: Swampert
|move|p1a: Swampert|Earthquake|p2a: Tyranitar
|-supereffective|p2a: Tyranitar
|-damage|p2a: Tyranitar|0 fnt
|faint|p2a: Tyranitar
|
|t:|1730337025
|switch|p2a: Zapdos|Zapdos|100/100
|
|-weather|Sandstorm|[upkeep]
|-damage|p2a: Zapdos|94/100|[from] Sandstorm
|-heal|p2a: Zapdos|100/100|[from] item: Leftovers
|-heal|p1a: Swampert|7/100|[from] item: Leftovers
|upkeep
|turn|34
|
|t:|1730337030
|move|p1a: Swampert|Protect|p1a: Swampert
|-singleturn|p1a: Swampert|Protect
|move|p2a: Zapdos|Hidden Power|p1a: Swampert
|-activate|p1a: Swampert|Protect
|
|-weather|Sandstorm|[upkeep]
|-damage|p2a: Zapdos|94/100|[from] Sandstorm
|-heal|p2a: Zapdos|100/100|[from] item: Leftovers
|-heal|p1a: Swampert|14/100|[from] item: Leftovers
|upkeep
|turn|35
|
|t:|1730337036
|switch|p1a: Blissey|Blissey, F|63/100
|move|p2a: Zapdos|Hidden Power|p1a: Blissey
|-damage|p1a: Blissey|54/100
|
|-weather|Sandstorm|[upkeep]
|-damage|p2a: Zapdos|94/100|[from] Sandstorm
|-damage|p1a: Blissey|48/100|[from] Sandstorm
|-heal|p2a: Zapdos|100/100|[from] item: Leftovers
|-heal|p1a: Blissey|54/100|[from] item: Leftovers
|upkeep
|turn|36
|
|t:|1730337041
|move|p2a: Zapdos|Thunderbolt|p1a: Blissey
|-damage|p1a: Blissey|34/100
|move|p1a: Blissey|Soft-Boiled|p1a: Blissey
|-heal|p1a: Blissey|84/100
|
|-weather|Sandstorm|[upkeep]
|-damage|p2a: Zapdos|94/100|[from] Sandstorm
|-damage|p1a: Blissey|78/100|[from] Sandstorm
|-heal|p2a: Zapdos|100/100|[from] item: Leftovers
|-heal|p1a: Blissey|84/100|[from] item: Leftovers
|upkeep
|turn|37
|c|☆alargemongoose|gg
|-message|alargemongoose forfeited.
|
|win|cyberas
|c|☆cyberas|gg

</script>
<script type="application/json" class="data" id="replaydata-smogtours-gen3ou-803530">
{"id":"smogtours-gen3ou-803530","format":"[Gen 3] OU","players":["cyberas","alargemongoose"],"uploadtime":1730337053,"views":91,"formatid":"gen3ou","rating":null,"private":0,"password":null}
</script>

<script defer src="js/replays.js?9d40a366"></script>
