<!DOCTYPE html>
<meta charset="utf-8" />
<meta name="viewport" content="width=device-width" />

<title>[Gen 3] OU: naisuneicha vs. TRXXJEH - Replays - Pok&eacute;mon Showdown!</title>

<meta name="description" content="Watch a replay of a Pok&eacute;mon battle between naisuneicha and TRXXJEH! Format: [Gen 3] OU; Date: Oct 24, 2024" />
<!--

Hey, you! Looking in the source for the replay log?

You can find them in JSON format, just add `.json` at the end of a replay URL.

https://replay.pokemonshowdown.com/gen7randomdoublesbattle-865046831.json

Or, if you only need the log itself, add `.log` instead:

https://replay.pokemonshowdown.com/gen7randomdoublesbattle-865046831.log

-->

<link rel="stylesheet" href="//pokemonshowdown.com/style/global.css?0.023195364461161105" />
<link rel="stylesheet" href="//play.pokemonshowdown.com/style/font-awesome.css?0.13261647063804238" />
<link rel="stylesheet" href="//play.pokemonshowdown.com/style/battle.css?0.8753245789963631" />
<link rel="stylesheet" href="//play.pokemonshowdown.com/style/utilichart.css?0.8627959624976733" />

<!-- Global site tag (gtag.js) - Google Analytics -->
<script async src="https://www.googletagmanager.com/gtag/js?id=UA-26211653-1"></script>
<script>
  window.dataLayer = window.dataLayer || [];
  function gtag(){dataLayer.push(arguments);}
  gtag('js', new Date());

  gtag('config', 'UA-26211653-1');
</script>
<!-- End Google Analytics -->
<!-- Venatus Ad Manager - Install in <HEAD> of page -->
	<script src="https://hb.vntsm.com/v3/live/ad-manager.min.js" type="text/javascript" data-site-id="642aba63ec9a7b11c3c9c1be" data-mode="scan" async></script>
<!-- / Venatus Ad Manager -->

<style>
	@media (max-width:820px) {
		.battle {
			margin: 0 auto;
		}
		.battle-log {
			margin: 7px auto 0;
			max-width: 640px;
			height: 300px;
			position: static;
		}
	}
	.optgroup {
		display: inline-block;
		line-height: 22px;
		font-size: 10pt;
	}
	.optgroup .button {
		height: 25px;
		padding-top: 0;
		padding-bottom: 0;
	}
	.optgroup button.button {
		padding-left: 12px;
		padding-right: 12px;
	}
	.linklist {
		list-style: none;
		margin: 0.5em 0;
		padding: 0;
	}
	.linklist li {
		padding: 2px 0;
	}
	.sidebar {
		float: left;
		width: 320px;
	}
	.bar-wrapper {
		max-width: 1100px;
		margin: 0 auto;
	}
	.bar-wrapper.has-sidebar {
		max-width: 1430px;
	}
	.mainbar {
		margin: 0;
		padding-right: 1px;
	}
	.mainbar.has-sidebar {
		margin-left: 330px;
	}
	@media (min-width: 1511px) {
		.sidebar {
			width: 400px;
		}
		.bar-wrapper.has-sidebar {
			max-width: 1510px;
		}
		.mainbar.has-sidebar {
			margin-left: 410px;
		}
	}
	.section.first-section {
		margin-top: 9px;
	}
	.blocklink small {
		white-space: normal;
	}
	.button {
		vertical-align: middle;
	}
	.replay-controls {
		padding-top: 10px;
	}
	.replay-controls h1 {
		font-size: 16pt;
		font-weight: normal;
		color: #CCC;
	}
	.pagelink {
		text-align: center;
	}
	.pagelink a {
		width: 150px;
	}
	.textbox, .button {
		font-size: 11pt;
		vertical-align: middle;
	}
	@media (max-width: 450px) {
		.button {
			font-size: 9pt;
		}
	}
</style>

<div>

	<header>
		<div class="nav-wrapper"><ul class="nav">
			<li><a class="button nav-first" href="//pokemonshowdown.com/"><img src="//pokemonshowdown.com/images/pokemonshowdownbeta.png" srcset="//pokemonshowdown.com/images/pokemonshowdownbeta.png 1x, //pokemonshowdown.com/images/pokemonshowdownbeta@2x.png 2x" alt="Pok&eacute;mon Showdown" width="146" height="44" /> Home</a></li>
			<li><a class="button" href="//pokemonshowdown.com/dex/">Pok&eacute;dex</a></li>
			<li><a class="button cur" href="/">Replays</a></li>
			<li><a class="button" href="//pokemonshowdown.com/ladder/">Ladder</a></li>
			<li><a class="button nav-last" href="//pokemonshowdown.com/forums/">Forum</a></li>
			<li><a class="button greenbutton nav-first nav-last" href="//play.pokemonshowdown.com/">Play</a></li>
		</ul></div>
	</header>

	<div class="main" id="main">

		<noscript><section class="section">You need to enable JavaScript to use this page; sorry!</section></noscript>

	</div>

</div>

<script defer nomodule src="//play.pokemonshowdown.com/js/lib/ps-polyfill.js"></script>
<script defer src="//play.pokemonshowdown.com/js/lib/preact.min.js"></script>

<script defer src="//play.pokemonshowdown.com/config/config.js?2bddbc15"></script>
<script defer src="//play.pokemonshowdown.com/js/lib/jquery-1.11.0.min.js"></script>
<script defer src="//play.pokemonshowdown.com/js/lib/html-sanitizer-minified.js"></script>
<script defer src="//play.pokemonshowdown.com/js/battle-sound.js"></script>
<script defer src="//play.pokemonshowdown.com/js/battledata.js?0.7209276989879541"></script>
<script defer src="//play.pokemonshowdown.com/data/pokedex-mini.js?0.6111056340867951"></script>
<script defer src="//play.pokemonshowdown.com/data/pokedex-mini-bw.js?0.3532142036491459"></script>
<script defer src="//play.pokemonshowdown.com/data/graphics.js?0.24223875632456182"></script>
<script defer src="//play.pokemonshowdown.com/data/pokedex.js?0.38839984266356864"></script>
<script defer src="//play.pokemonshowdown.com/data/moves.js?0.21866028504024015"></script>
<script defer src="//play.pokemonshowdown.com/data/abilities.js?0.2005157953846628"></script>
<script defer src="//play.pokemonshowdown.com/data/items.js?0.9894211263848525"></script>
<script defer src="//play.pokemonshowdown.com/data/teambuilder-tables.js?0.6008791140282215"></script>
<script defer src="//play.pokemonshowdown.com/js/battle-tooltips.js?0.7580118955022959"></script>
<script defer src="//play.pokemonshowdown.com/js/battle.js?0.6057722274234274"></script>

<script defer src="js/utils.js?e31f9a17"></script>
<script defer src="js/replays-battle.js?7008c182"></script>

<!-- don't scrape this data! just add .json or .log after the URL!
Full API docs: https://github.com/smogon/pokemon-showdown-client/blob/master/WEB-API.md -->
<script type="text/plain" class="log" id="replaylog-smogtours-gen3ou-801590">
|inactive|Battle timer is ON: inactive players will automatically lose when time's up.
|t:|1729793913
|gametype|singles
|player|p1|naisuneicha|karen|
|player|p2|TRXXJEH|policeman-gen4|
|teamsize|p1|6
|teamsize|p2|6
|gen|3
|tier|[Gen 3] OU
|rule|Sleep Clause Mod: Limit one foe put to sleep
|rule|Switch Priority Clause Mod: Faster Pokémon switch first
|rule|Species Clause: Limit one of each Pokémon
|rule|OHKO Clause: OHKO moves are banned
|rule|Evasion Items Clause: Evasion items are banned
|rule|Evasion Moves Clause: Evasion moves are banned
|rule|Endless Battle Clause: Forcing endless battles is banned
|rule|HP Percentage Mod: HP is shown in percentages
|rule|One Boost Passer Clause: Limit one Baton Passer that has a way to boost its stats
|rule|Freeze Clause Mod: Limit one foe frozen
|
|t:|1729793913
|start
|switch|p1a: Flygon|Flygon, M|100/100
|switch|p2a: MisterMan|Zapdos|100/100
|turn|1
|inactive|naisuneicha has 270 seconds left.
|inactive|TRXXJEH has 270 seconds left.
|inactive|naisuneicha has 240 seconds left.
|
|t:|1729793974
|switch|p2a: Lolota|Starmie|100/100
|switch|p1a: Skarmory|Skarmory, M|100/100
|
|upkeep
|turn|2
|
|t:|1729794002
|move|p2a: Lolota|Thunder Wave|p1a: Skarmory
|-status|p1a: Skarmory|par
|move|p1a: Skarmory|Spikes|p2a: Lolota
|-sidestart|p2: TRXXJEH|Spikes
|
|upkeep
|turn|3
|
|t:|1729794031
|switch|p1a: Misdreavus|Misdreavus, M|100/100
|move|p2a: Lolota|Rapid Spin|p1a: Misdreavus
|-immune|p1a: Misdreavus
|
|upkeep
|turn|4
|inactive|TRXXJEH has 270 seconds left.
|inactive|TRXXJEH has 240 seconds left.
|inactive|TRXXJEH has 210 seconds left.
|inactive|TRXXJEH has 180 seconds left.
|
|t:|1729794141
|move|p2a: Lolota|Thunder Wave|p1a: Misdreavus
|-status|p1a: Misdreavus|par
|cant|p1a: Misdreavus|par
|
|upkeep
|turn|5
|inactive|TRXXJEH has 180 seconds left.
|
|t:|1729794154
|move|p2a: Lolota|Surf|p1a: Misdreavus
|-damage|p1a: Misdreavus|64/100 par
|move|p1a: Misdreavus|Mean Look|p2a: Lolota
|-activate|p2a: Lolota|trapped
|
|-heal|p1a: Misdreavus|70/100 par|[from] item: Leftovers
|upkeep
|turn|6
|
|t:|1729794159
|move|p2a: Lolota|Surf|p1a: Misdreavus
|-damage|p1a: Misdreavus|34/100 par
|move|p1a: Misdreavus|Rest|p1a: Misdreavus
|-status|p1a: Misdreavus|slp|[from] move: Rest
|-heal|p1a: Misdreavus|100/100 slp|[silent]
|
|upkeep
|turn|7
|
|t:|1729794165
|move|p2a: Lolota|Surf|p1a: Misdreavus
|-damage|p1a: Misdreavus|65/100 slp
|cant|p1a: Misdreavus|slp
|
|-heal|p1a: Misdreavus|71/100 slp|[from] item: Leftovers
|upkeep
|turn|8
|
|t:|1729794169
|move|p2a: Lolota|Surf|p1a: Misdreavus
|-damage|p1a: Misdreavus|35/100 slp
|cant|p1a: Misdreavus|slp
|
|-heal|p1a: Misdreavus|41/100 slp|[from] item: Leftovers
|upkeep
|turn|9
|inactive|naisuneicha has 270 seconds left.
|
|t:|1729794199
|move|p2a: Lolota|Surf|p1a: Misdreavus
|-damage|p1a: Misdreavus|5/100 slp
|-curestatus|p1a: Misdreavus|slp|[msg]
|move|p1a: Misdreavus|Rest|p1a: Misdreavus
|-status|p1a: Misdreavus|slp|[from] move: Rest
|-heal|p1a: Misdreavus|100/100 slp|[silent]
|
|upkeep
|turn|10
|
|t:|1729794203
|switch|p1a: Blissey|Blissey, F|100/100
|move|p2a: Lolota|Surf|p1a: Blissey
|-damage|p1a: Blissey|87/100
|
|-heal|p1a: Blissey|93/100|[from] item: Leftovers
|upkeep
|turn|11
|inactive|TRXXJEH has 210 seconds left.
|
|t:|1729794242
|move|p2a: Lolota|Rapid Spin|p1a: Blissey
|-damage|p1a: Blissey|91/100
|-sideend|p2: TRXXJEH|Spikes|[from] move: Rapid Spin|[of] p2a: Lolota
|move|p1a: Blissey|Aromatherapy|p1a: Blissey
|-cureteam|p1a: Blissey|[from] move: Aromatherapy
|
|-heal|p1a: Blissey|97/100|[from] item: Leftovers
|upkeep
|turn|12
|
|t:|1729794259
|switch|p1a: Flygon|Flygon, M|100/100
|move|p2a: Lolota|Thunder Wave|p1a: Flygon
|-immune|p1a: Flygon
|
|upkeep
|turn|13
|
|t:|1729794269
|move|p2a: Lolota|Surf|p1a: Flygon
|-damage|p1a: Flygon|61/100
|move|p1a: Flygon|Toxic|p2a: Lolota
|-status|p2a: Lolota|tox
|
|-damage|p2a: Lolota|94/100 tox|[from] psn
|-heal|p1a: Flygon|67/100|[from] item: Leftovers
|upkeep
|turn|14
|inactive|TRXXJEH has 180 seconds left.
|
|t:|1729794319
|-curestatus|p2a: Lolota|tox|[from] ability: Natural Cure
|switch|p2a: ClownPoo|Salamence, F|100/100
|-ability|p2a: ClownPoo|Intimidate|boost
|-unboost|p1a: Flygon|atk|1
|switch|p1a: Blissey|Blissey, F|97/100
|
|-heal|p1a: Blissey|100/100|[from] item: Leftovers
|upkeep
|turn|15
|inactive|TRXXJEH has 150 seconds left.
|
|t:|1729794340
|switch|p2a: Lolota|Starmie|94/100
|switch|p1a: Skarmory|Skarmory, M|100/100
|
|-heal|p2a: Lolota|100/100|[from] item: Leftovers
|upkeep
|turn|16
|
|t:|1729794354
|move|p2a: Lolota|Surf|p1a: Skarmory
|-damage|p1a: Skarmory|70/100
|move|p1a: Skarmory|Spikes|p2a: Lolota
|-sidestart|p2: TRXXJEH|Spikes
|
|-heal|p1a: Skarmory|76/100|[from] item: Leftovers
|upkeep
|turn|17
|
|t:|1729794370
|switch|p1a: Zapdos|Zapdos|100/100
|move|p2a: Lolota|Thunder Wave|p1a: Zapdos
|-status|p1a: Zapdos|par
|
|upkeep
|turn|18
|inactive|TRXXJEH has 150 seconds left.
|inactive|TRXXJEH has 120 seconds left.
|
|t:|1729794430
|switch|p2a: Peepee|Jirachi|100/100
|-damage|p2a: Peepee|88/100|[from] Spikes
|move|p1a: Zapdos|Roar|p2a: Peepee
|drag|p2a: Rhynoman|Rhydon, F|100/100
|-damage|p2a: Rhynoman|88/100|[from] Spikes
|
|-heal|p2a: Rhynoman|94/100|[from] item: Leftovers
|upkeep
|turn|19
|
|t:|1729794442
|switch|p1a: Flygon|Flygon, M|67/100
|move|p2a: Rhynoman|Substitute|p2a: Rhynoman
|-start|p2a: Rhynoman|Substitute
|-damage|p2a: Rhynoman|69/100
|
|-heal|p1a: Flygon|73/100|[from] item: Leftovers
|-heal|p2a: Rhynoman|76/100|[from] item: Leftovers
|upkeep
|turn|20
|
|t:|1729794464
|move|p1a: Flygon|Protect|p1a: Flygon
|-singleturn|p1a: Flygon|Protect
|move|p2a: Rhynoman|Megahorn|p1a: Flygon|[miss]
|-miss|p2a: Rhynoman|p1a: Flygon
|
|-heal|p1a: Flygon|79/100|[from] item: Leftovers
|-heal|p2a: Rhynoman|82/100|[from] item: Leftovers
|upkeep
|turn|21
|
|t:|1729794467
|move|p1a: Flygon|Earthquake|p2a: Rhynoman
|-supereffective|p2a: Rhynoman
|-end|p2a: Rhynoman|Substitute
|move|p2a: Rhynoman|Megahorn|p1a: Flygon|[miss]
|-miss|p2a: Rhynoman|p1a: Flygon
|
|-heal|p1a: Flygon|85/100|[from] item: Leftovers
|-heal|p2a: Rhynoman|88/100|[from] item: Leftovers
|upkeep
|turn|22
|
|t:|1729794483
|switch|p2a: Lolota|Starmie|100/100
|-damage|p2a: Lolota|88/100|[from] Spikes
|move|p1a: Flygon|Toxic|p2a: Lolota
|-status|p2a: Lolota|tox
|
|-heal|p2a: Lolota|94/100 tox|[from] item: Leftovers
|-damage|p2a: Lolota|88/100 tox|[from] psn
|-heal|p1a: Flygon|91/100|[from] item: Leftovers
|upkeep
|turn|23
|
|t:|1729794499
|switch|p1a: Blissey|Blissey, F|100/100
|move|p2a: Lolota|Surf|p1a: Blissey
|-damage|p1a: Blissey|88/100
|
|-heal|p2a: Lolota|94/100 tox|[from] item: Leftovers
|-damage|p2a: Lolota|82/100 tox|[from] psn
|-heal|p1a: Blissey|94/100|[from] item: Leftovers
|upkeep
|turn|24
|inactive|TRXXJEH has 90 seconds left.
|inactive|TRXXJEH has 60 seconds left.
|
|t:|1729794546
|switch|p1a: Misdreavus|Misdreavus, M|100/100
|move|p2a: Lolota|Thunder Wave|p1a: Misdreavus
|-status|p1a: Misdreavus|par
|
|-heal|p2a: Lolota|88/100 tox|[from] item: Leftovers
|-damage|p2a: Lolota|70/100 tox|[from] psn
|upkeep
|turn|25
|inactive|TRXXJEH has 60 seconds left.
|inactive|TRXXJEH has 30 seconds left.
|
|t:|1729794587
|-curestatus|p2a: Lolota|tox|[from] ability: Natural Cure
|switch|p2a: ClownPoo|Salamence, F|100/100
|-ability|p2a: ClownPoo|Intimidate|boost
|-unboost|p1a: Misdreavus|atk|1
|move|p1a: Misdreavus|Mean Look|p2a: ClownPoo
|-activate|p2a: ClownPoo|trapped
|
|upkeep
|turn|26
|inactive|TRXXJEH has 30 seconds left.
|inactive|naisuneicha has 270 seconds left.
|
|t:|1729794626
|move|p2a: ClownPoo|Dragon Claw|p1a: Misdreavus
|-damage|p1a: Misdreavus|58/100 par
|move|p1a: Misdreavus|Perish Song|p1a: Misdreavus
|-start|p1a: Misdreavus|perish3|[silent]
|-start|p2a: ClownPoo|perish3|[silent]
|-fieldactivate|move: Perish Song
|
|-heal|p1a: Misdreavus|64/100 par|[from] item: Leftovers
|-start|p2a: ClownPoo|perish3
|-start|p1a: Misdreavus|perish3
|upkeep
|turn|27
|
|t:|1729794630
|move|p2a: ClownPoo|Dragon Claw|p1a: Misdreavus
|-damage|p1a: Misdreavus|17/100 par
|cant|p1a: Misdreavus|par
|
|-heal|p1a: Misdreavus|23/100 par|[from] item: Leftovers
|-start|p2a: ClownPoo|perish2
|-start|p1a: Misdreavus|perish2
|upkeep
|turn|28
|inactive|naisuneicha has 270 seconds left.
|
|t:|1729794658
|switch|p1a: Blissey|Blissey, F|94/100
|move|p2a: ClownPoo|Dragon Claw|p1a: Blissey
|-damage|p1a: Blissey|79/100
|
|-heal|p1a: Blissey|85/100|[from] item: Leftovers
|-start|p2a: ClownPoo|perish1
|upkeep
|turn|29
|
|t:|1729794671
|switch|p2a: Lolota|Starmie|70/100
|-damage|p2a: Lolota|57/100|[from] Spikes
|move|p1a: Blissey|Aromatherapy|p1a: Blissey
|-cureteam|p1a: Blissey|[from] move: Aromatherapy
|
|-heal|p2a: Lolota|63/100|[from] item: Leftovers
|-heal|p1a: Blissey|91/100|[from] item: Leftovers
|upkeep
|turn|30
|inactive|naisuneicha has 270 seconds left.
|
|t:|1729794684
|switch|p1a: Zapdos|Zapdos|100/100
|move|p2a: Lolota|Thunder Wave|p1a: Zapdos
|-status|p1a: Zapdos|par
|
|-heal|p2a: Lolota|70/100|[from] item: Leftovers
|upkeep
|turn|31
|
|t:|1729794707
|switch|p2a: Peepee|Jirachi|88/100
|-damage|p2a: Peepee|76/100|[from] Spikes
|move|p1a: Zapdos|Roar|p2a: Peepee
|drag|p2a: MisterMan|Zapdos|100/100
|
|upkeep
|turn|32
|inactive|TRXXJEH has 30 seconds left.
|
|t:|1729794726
|move|p2a: MisterMan|Thunderbolt|p1a: Zapdos
|-damage|p1a: Zapdos|69/100 par
|move|p1a: Zapdos|Roar|p2a: MisterMan
|drag|p2a: Peepee|Jirachi|76/100
|-damage|p2a: Peepee|63/100|[from] Spikes
|
|-heal|p2a: Peepee|70/100|[from] item: Leftovers
|-heal|p1a: Zapdos|75/100 par|[from] item: Leftovers
|upkeep
|turn|33
|inactive|TRXXJEH has 30 seconds left.
|
|t:|1729794746
|move|p2a: Peepee|Ice Punch|p1a: Zapdos
|-supereffective|p1a: Zapdos
|-damage|p1a: Zapdos|49/100 par
|move|p1a: Zapdos|Roar|p2a: Peepee
|drag|p2a: MisterMan|Zapdos|100/100
|
|-heal|p1a: Zapdos|55/100 par|[from] item: Leftovers
|upkeep
|turn|34
|inactive|TRXXJEH has 30 seconds left.
|
|t:|1729794753
|move|p2a: MisterMan|Thunderbolt|p1a: Zapdos
|-damage|p1a: Zapdos|23/100 par
|move|p1a: Zapdos|Rest|p1a: Zapdos
|-status|p1a: Zapdos|slp|[from] move: Rest
|-heal|p1a: Zapdos|100/100 slp|[silent]
|
|upkeep
|turn|35
|inactive|TRXXJEH has 30 seconds left.
|inactive|TRXXJEH has 20 seconds left.
|
|t:|1729794776
|move|p2a: MisterMan|Baton Pass|p2a: MisterMan
|inactive|TRXXJEH has 25 seconds left this turn.
|
|t:|1729794778
|switch|p2a: Rhynoman|Rhydon, F|88/100|[from] Baton Pass
|-damage|p2a: Rhynoman|76/100|[from] Spikes
|cant|p1a: Zapdos|slp
|move|p1a: Zapdos|Sleep Talk|p1a: Zapdos
|move|p1a: Zapdos|Roar|p2a: Rhynoman|[from]Sleep Talk
|drag|p2a: Lolota|Starmie|70/100
|-damage|p2a: Lolota|57/100|[from] Spikes
|
|-heal|p2a: Lolota|63/100|[from] item: Leftovers
|upkeep
|turn|36
|inactive|TRXXJEH has 30 seconds left.
|inactive|TRXXJEH has 20 seconds left.
|inactive|TRXXJEH has 15 seconds left.
|
|t:|1729794800
|switch|p2a: Rhynoman|Rhydon, F|76/100
|-damage|p2a: Rhynoman|63/100|[from] Spikes
|cant|p1a: Zapdos|slp
|move|p1a: Zapdos|Sleep Talk|p1a: Zapdos
|move|p1a: Zapdos|Roar|p2a: Rhynoman|[from]Sleep Talk
|drag|p2a: Peepee|Jirachi|70/100
|-damage|p2a: Peepee|57/100|[from] Spikes
|
|-heal|p2a: Peepee|63/100|[from] item: Leftovers
|upkeep
|turn|37
|inactive|TRXXJEH has 25 seconds left this turn.
|inactive|TRXXJEH has 20 seconds left.
|inactive|TRXXJEH has 15 seconds left.
|
|t:|1729794814
|move|p2a: Peepee|Wish|p2a: Peepee
|-curestatus|p1a: Zapdos|slp|[msg]
|move|p1a: Zapdos|Roar|p2a: Peepee
|drag|p2a: ClownPoo|Salamence, F|100/100
|-ability|p2a: ClownPoo|Intimidate|boost
|-unboost|p1a: Zapdos|atk|1
|
|upkeep
|turn|38
|inactive|TRXXJEH has 25 seconds left this turn.
|inactive|TRXXJEH has 20 seconds left.
|inactive|TRXXJEH has 15 seconds left.
|inactive|TRXXJEH has 10 seconds left.
|
|t:|1729794830
|move|p2a: ClownPoo|Dragon Claw|p1a: Zapdos
|-damage|p1a: Zapdos|71/100
|move|p1a: Zapdos|Roar|p2a: ClownPoo
|drag|p2a: Rhynoman|Rhydon, F|63/100
|-damage|p2a: Rhynoman|51/100|[from] Spikes
|
|-heal|p2a: Rhynoman|100/100|[from] move: Wish|[wisher] Peepee
|-heal|p1a: Zapdos|77/100|[from] item: Leftovers
|upkeep
|turn|39
|inactive|TRXXJEH has 20 seconds left this turn.
|inactive|TRXXJEH has 15 seconds left.
|inactive|TRXXJEH has 10 seconds left.
|
|t:|1729794842
|switch|p1a: Flygon|Flygon, M|91/100
|move|p2a: Rhynoman|Rock Slide|p1a: Flygon
|-resisted|p1a: Flygon
|-damage|p1a: Flygon|74/100
|
|-heal|p1a: Flygon|80/100|[from] item: Leftovers
|upkeep
|turn|40
|inactive|TRXXJEH has 20 seconds left this turn.
|inactive|TRXXJEH has 15 seconds left.
|
|t:|1729794854
|switch|p2a: Lolota|Starmie|63/100
|-damage|p2a: Lolota|51/100|[from] Spikes
|move|p1a: Flygon|Earthquake|p2a: Lolota
|-damage|p2a: Lolota|10/100
|
|-heal|p2a: Lolota|16/100|[from] item: Leftovers
|-heal|p1a: Flygon|86/100|[from] item: Leftovers
|upkeep
|turn|41
|inactive|TRXXJEH has 25 seconds left this turn.
|inactive|TRXXJEH has 20 seconds left.
|
|t:|1729794860
|move|p2a: Lolota|Recover|p2a: Lolota
|-heal|p2a: Lolota|66/100
|move|p1a: Flygon|Rock Slide|p2a: Lolota
|-damage|p2a: Lolota|44/100
|
|-heal|p2a: Lolota|50/100|[from] item: Leftovers
|-heal|p1a: Flygon|92/100|[from] item: Leftovers
|upkeep
|turn|42
|inactive|TRXXJEH has 30 seconds left this turn.
|
|t:|1729794868
|switch|p1a: Misdreavus|Misdreavus, M|23/100
|move|p2a: Lolota|Recover|p2a: Lolota
|-heal|p2a: Lolota|100/100
|
|-heal|p1a: Misdreavus|29/100|[from] item: Leftovers
|upkeep
|turn|43
|
|t:|1729794870
|switch|p1a: Blissey|Blissey, F|91/100
|move|p2a: Lolota|Surf|p1a: Blissey
|-damage|p1a: Blissey|79/100
|
|-heal|p1a: Blissey|86/100|[from] item: Leftovers
|upkeep
|turn|44
|
|t:|1729794893
|switch|p1a: Jirachi|Jirachi|100/100
|move|p2a: Lolota|Rapid Spin|p1a: Jirachi
|-resisted|p1a: Jirachi
|-damage|p1a: Jirachi|99/100
|-sideend|p2: TRXXJEH|Spikes|[from] move: Rapid Spin|[of] p2a: Lolota
|
|-heal|p1a: Jirachi|100/100|[from] item: Leftovers
|upkeep
|turn|45
|
|t:|1729794909
|switch|p1a: Blissey|Blissey, F|86/100
|move|p2a: Lolota|Thunder Wave|p1a: Blissey
|-status|p1a: Blissey|par
|
|-heal|p1a: Blissey|92/100 par|[from] item: Leftovers
|upkeep
|turn|46
|inactive|TRXXJEH has 30 seconds left.
|inactive|TRXXJEH has 20 seconds left.
|inactive|TRXXJEH has 15 seconds left.
|inactive|TRXXJEH has 10 seconds left.
|
|t:|1729794950
|switch|p2a: Peepee|Jirachi|63/100
|-curestatus|p1a: Blissey|par|[from] ability: Natural Cure
|switch|p1a: Flygon|Flygon, M|92/100
|
|-heal|p1a: Flygon|98/100|[from] item: Leftovers
|-heal|p2a: Peepee|70/100|[from] item: Leftovers
|upkeep
|turn|47
|inactive|TRXXJEH has 20 seconds left this turn.
|inactive|TRXXJEH has 15 seconds left.
|inactive|TRXXJEH has 10 seconds left.
|inactive|TRXXJEH has 5 seconds left.
|
|t:|1729794967
|switch|p1a: Zapdos|Zapdos|77/100
|move|p2a: Peepee|Ice Punch|p1a: Zapdos
|-supereffective|p1a: Zapdos
|-damage|p1a: Zapdos|52/100
|
|-heal|p1a: Zapdos|58/100|[from] item: Leftovers
|-heal|p2a: Peepee|76/100|[from] item: Leftovers
|upkeep
|turn|48
|inactive|TRXXJEH has 15 seconds left this turn.
|inactive|TRXXJEH has 10 seconds left.
|
|t:|1729794975
|move|p2a: Peepee|Ice Punch|p1a: Zapdos
|-supereffective|p1a: Zapdos
|-damage|p1a: Zapdos|34/100
|move|p1a: Zapdos|Roar|p2a: Peepee
|drag|p2a: Rhynoman|Rhydon, F|100/100
|
|-heal|p1a: Zapdos|40/100|[from] item: Leftovers
|upkeep
|turn|49
|inactive|TRXXJEH has 20 seconds left this turn.
|inactive|TRXXJEH has 15 seconds left.
|inactive|TRXXJEH has 10 seconds left.
|inactive|TRXXJEH has 5 seconds left.
|
|t:|1729794992
|switch|p1a: Jirachi|Jirachi|100/100
|move|p2a: Rhynoman|Rock Slide|p1a: Jirachi|[miss]
|-miss|p2a: Rhynoman|p1a: Jirachi
|
|upkeep
|turn|50
|inactive|TRXXJEH has 15 seconds left this turn.
|inactive|TRXXJEH has 10 seconds left.
|inactive|TRXXJEH has 5 seconds left.
|
|t:|1729795005
|switch|p1a: Flygon|Flygon, M|98/100
|switch|p2a: Peepee|Jirachi|76/100
|
|-heal|p1a: Flygon|100/100|[from] item: Leftovers
|-heal|p2a: Peepee|82/100|[from] item: Leftovers
|upkeep
|turn|51
|inactive|TRXXJEH has 15 seconds left this turn.
|
|t:|1729795012
|switch|p1a: Blissey|Blissey, F|92/100
|move|p2a: Peepee|Ice Punch|p1a: Blissey
|-damage|p1a: Blissey|86/100
|
|-heal|p2a: Peepee|88/100|[from] item: Leftovers
|-heal|p1a: Blissey|92/100|[from] item: Leftovers
|upkeep
|turn|52
|inactive|TRXXJEH has 25 seconds left this turn.
|inactive|TRXXJEH has 20 seconds left.
|
|t:|1729795017
|move|p2a: Peepee|Ice Punch|p1a: Blissey
|-damage|p1a: Blissey|85/100
|move|p1a: Blissey|Seismic Toss|p2a: Peepee
|-damage|p2a: Peepee|63/100
|
|-heal|p2a: Peepee|70/100|[from] item: Leftovers
|-heal|p1a: Blissey|91/100|[from] item: Leftovers
|upkeep
|turn|53
|inactive|TRXXJEH has 30 seconds left this turn.
|inactive|TRXXJEH has 20 seconds left.
|inactive|TRXXJEH has 15 seconds left.
|
|t:|1729795033
|switch|p2a: Lolota|Starmie|100/100
|switch|p1a: Jirachi|Jirachi|100/100
|
|upkeep
|turn|54
|inactive|TRXXJEH has 25 seconds left this turn.
|inactive|TRXXJEH has 20 seconds left.
|
|t:|1729795041
|switch|p1a: Blissey|Blissey, F|91/100
|move|p2a: Lolota|Thunder Wave|p1a: Blissey
|-status|p1a: Blissey|par
|
|-heal|p1a: Blissey|97/100 par|[from] item: Leftovers
|upkeep
|turn|55
|inactive|TRXXJEH has 30 seconds left this turn.
|
|t:|1729795050
|-curestatus|p1a: Blissey|par|[from] ability: Natural Cure
|switch|p1a: Zapdos|Zapdos|40/100
|move|p2a: Lolota|Surf|p1a: Zapdos
|-damage|p1a: Zapdos|17/100
|
|-heal|p1a: Zapdos|23/100|[from] item: Leftovers
|upkeep
|turn|56
|inactive|TRXXJEH has 30 seconds left.
|
|t:|1729795059
|switch|p1a: Blissey|Blissey, F|97/100
|move|p2a: Lolota|Surf|p1a: Blissey
|-damage|p1a: Blissey|85/100
|
|-heal|p1a: Blissey|91/100|[from] item: Leftovers
|upkeep
|turn|57
|
|t:|1729795069
|move|p2a: Lolota|Thunder Wave|p1a: Blissey
|-status|p1a: Blissey|par
|move|p1a: Blissey|Seismic Toss|p2a: Lolota
|-damage|p2a: Lolota|70/100
|
|-heal|p2a: Lolota|76/100|[from] item: Leftovers
|-heal|p1a: Blissey|98/100 par|[from] item: Leftovers
|upkeep
|turn|58
|
|t:|1729795079
|move|p2a: Lolota|Surf|p1a: Blissey
|-damage|p1a: Blissey|84/100 par
|move|p1a: Blissey|Seismic Toss|p2a: Lolota
|-damage|p2a: Lolota|45/100
|
|-heal|p2a: Lolota|51/100|[from] item: Leftovers
|-heal|p1a: Blissey|90/100 par|[from] item: Leftovers
|upkeep
|turn|59
|
|t:|1729795083
|-curestatus|p1a: Blissey|par|[from] ability: Natural Cure
|switch|p1a: Zapdos|Zapdos|23/100
|move|p2a: Lolota|Recover|p2a: Lolota
|-heal|p2a: Lolota|100/100
|
|-heal|p1a: Zapdos|30/100|[from] item: Leftovers
|upkeep
|turn|60
|inactive|TRXXJEH has 60 seconds left.
|
|t:|1729795102
|switch|p2a: Peepee|Jirachi|70/100
|move|p1a: Zapdos|Rest|p1a: Zapdos
|-status|p1a: Zapdos|slp|[from] move: Rest
|-heal|p1a: Zapdos|100/100 slp|[silent]
|
|-heal|p2a: Peepee|76/100|[from] item: Leftovers
|upkeep
|turn|61
|
|t:|1729795111
|cant|p1a: Zapdos|slp
|move|p1a: Zapdos|Sleep Talk|p1a: Zapdos
|move|p1a: Zapdos|Roar|p2a: Peepee|[from]Sleep Talk
|drag|p2a: Lolota|Starmie|100/100
|
|upkeep
|turn|62
|inactive|TRXXJEH has 60 seconds left.
|
|t:|1729795128
|switch|p2a: Rhynoman|Rhydon, F|100/100
|cant|p1a: Zapdos|slp
|
|upkeep
|turn|63
|inactive|TRXXJEH has 60 seconds left.
|
|t:|1729795135
|switch|p1a: Flygon|Flygon, M|100/100
|move|p2a: Rhynoman|Megahorn|p1a: Flygon
|-damage|p1a: Flygon|61/100
|
|-heal|p1a: Flygon|67/100|[from] item: Leftovers
|upkeep
|turn|64
|inactive|TRXXJEH has 60 seconds left.
|
|t:|1729795147
|switch|p2a: Lolota|Starmie|100/100
|move|p1a: Flygon|Toxic|p2a: Lolota
|-status|p2a: Lolota|tox
|
|-damage|p2a: Lolota|94/100 tox|[from] psn
|-heal|p1a: Flygon|73/100|[from] item: Leftovers
|upkeep
|turn|65
|inactive|TRXXJEH has 60 seconds left.
|
|t:|1729795165
|switch|p1a: Zapdos|Zapdos|100/100 slp
|move|p2a: Lolota|Surf|p1a: Zapdos
|-crit|p1a: Zapdos
|-damage|p1a: Zapdos|54/100 slp
|
|-heal|p2a: Lolota|100/100 tox|[from] item: Leftovers
|-damage|p2a: Lolota|88/100 tox|[from] psn
|-heal|p1a: Zapdos|60/100 slp|[from] item: Leftovers
|upkeep
|turn|66
|
|t:|1729795174
|-curestatus|p2a: Lolota|tox|[from] ability: Natural Cure
|switch|p2a: Rhynoman|Rhydon, F|100/100
|-curestatus|p1a: Zapdos|slp|[msg]
|move|p1a: Zapdos|Rest|p1a: Zapdos
|-status|p1a: Zapdos|slp|[from] move: Rest
|-heal|p1a: Zapdos|100/100 slp|[silent]
|
|upkeep
|turn|67
|
|t:|1729795181
|switch|p1a: Skarmory|Skarmory, M|76/100
|move|p2a: Rhynoman|Substitute|p2a: Rhynoman
|-start|p2a: Rhynoman|Substitute
|-damage|p2a: Rhynoman|76/100
|
|-heal|p1a: Skarmory|82/100|[from] item: Leftovers
|-heal|p2a: Rhynoman|82/100|[from] item: Leftovers
|upkeep
|turn|68
|
|t:|1729795201
|move|p2a: Rhynoman|Rock Slide|p1a: Skarmory
|-damage|p1a: Skarmory|47/100
|move|p1a: Skarmory|Roar|p2a: Rhynoman
|drag|p2a: ClownPoo|Salamence, F|100/100
|-ability|p2a: ClownPoo|Intimidate|boost
|-unboost|p1a: Skarmory|atk|1
|
|-heal|p1a: Skarmory|53/100|[from] item: Leftovers
|upkeep
|turn|69
|inactive|TRXXJEH has 60 seconds left.
|
|t:|1729795222
|switch|p1a: Blissey|Blissey, F|90/100
|move|p2a: ClownPoo|Fire Blast|p1a: Blissey
|-damage|p1a: Blissey|75/100
|
|-heal|p1a: Blissey|81/100|[from] item: Leftovers
|upkeep
|turn|70
|inactive|TRXXJEH has 60 seconds left.
|
|t:|1729795257
|switch|p1a: Jirachi|Jirachi|100/100
|move|p2a: ClownPoo|Dragon Claw|p1a: Jirachi
|-resisted|p1a: Jirachi
|-damage|p1a: Jirachi|85/100
|
|-heal|p1a: Jirachi|92/100|[from] item: Leftovers
|upkeep
|turn|71
|
|t:|1729795271
|switch|p2a: Peepee|Jirachi|76/100
|move|p1a: Jirachi|Protect||[still]
|-fail|p1a: Jirachi
|
|-heal|p1a: Jirachi|98/100|[from] item: Leftovers
|-heal|p2a: Peepee|82/100|[from] item: Leftovers
|upkeep
|turn|72
|inactive|TRXXJEH has 30 seconds left.
|
|t:|1729795290
|switch|p1a: Zapdos|Zapdos|100/100 slp
|move|p2a: Peepee|Calm Mind|p2a: Peepee
|-boost|p2a: Peepee|spa|1
|-boost|p2a: Peepee|spd|1
|
|-heal|p2a: Peepee|88/100|[from] item: Leftovers
|upkeep
|turn|73
|
|t:|1729795295
|cant|p1a: Zapdos|slp
|move|p1a: Zapdos|Sleep Talk|p1a: Zapdos
|move|p1a: Zapdos|Rest|p1a: Zapdos|[from]Sleep Talk
|move|p2a: Peepee|Ice Punch|p1a: Zapdos
|-supereffective|p1a: Zapdos
|-damage|p1a: Zapdos|61/100 slp
|
|-heal|p1a: Zapdos|67/100 slp|[from] item: Leftovers
|-heal|p2a: Peepee|94/100|[from] item: Leftovers
|upkeep
|turn|74
|
|t:|1729795302
|cant|p1a: Zapdos|slp
|move|p1a: Zapdos|Sleep Talk|p1a: Zapdos
|move|p1a: Zapdos|Rest|p1a: Zapdos|[from]Sleep Talk
|move|p2a: Peepee|Ice Punch|p1a: Zapdos
|-supereffective|p1a: Zapdos
|-damage|p1a: Zapdos|30/100 slp
|
|-heal|p1a: Zapdos|36/100 slp|[from] item: Leftovers
|-heal|p2a: Peepee|100/100|[from] item: Leftovers
|upkeep
|turn|75
|
|t:|1729795308
|-curestatus|p1a: Zapdos|slp|[msg]
|move|p1a: Zapdos|Rest|p1a: Zapdos
|-status|p1a: Zapdos|slp|[from] move: Rest
|-heal|p1a: Zapdos|100/100 slp|[silent]
|move|p2a: Peepee|Ice Punch|p1a: Zapdos
|-supereffective|p1a: Zapdos
|-damage|p1a: Zapdos|66/100 slp
|
|-heal|p1a: Zapdos|72/100 slp|[from] item: Leftovers
|upkeep
|turn|76
|
|t:|1729795312
|cant|p1a: Zapdos|slp
|move|p1a: Zapdos|Sleep Talk|p1a: Zapdos
|move|p1a: Zapdos|Thunderbolt|p2a: Peepee|[from]Sleep Talk
|-damage|p2a: Peepee|79/100
|move|p2a: Peepee|Ice Punch|p1a: Zapdos
|-supereffective|p1a: Zapdos
|-damage|p1a: Zapdos|34/100 slp
|
|-heal|p1a: Zapdos|40/100 slp|[from] item: Leftovers
|-heal|p2a: Peepee|85/100|[from] item: Leftovers
|upkeep
|turn|77
|
|t:|1729795320
|cant|p1a: Zapdos|slp
|move|p1a: Zapdos|Sleep Talk|p1a: Zapdos
|move|p1a: Zapdos|Roar|p2a: Peepee|[from]Sleep Talk
|drag|p2a: MisterMan|Zapdos|100/100
|
|-heal|p1a: Zapdos|47/100 slp|[from] item: Leftovers
|upkeep
|turn|78
|
|t:|1729795346
|move|p2a: MisterMan|Thunderbolt|p1a: Zapdos
|-damage|p1a: Zapdos|12/100 slp
|-curestatus|p1a: Zapdos|slp|[msg]
|move|p1a: Zapdos|Rest|p1a: Zapdos
|-status|p1a: Zapdos|slp|[from] move: Rest
|-heal|p1a: Zapdos|100/100 slp|[silent]
|
|upkeep
|turn|79
|
|t:|1729795356
|switch|p1a: Flygon|Flygon, M|73/100
|move|p2a: MisterMan|Thunderbolt|p1a: Flygon
|-immune|p1a: Flygon
|
|-heal|p1a: Flygon|79/100|[from] item: Leftovers
|upkeep
|turn|80
|
|t:|1729795367
|switch|p2a: Lolota|Starmie|88/100
|move|p1a: Flygon|Earthquake|p2a: Lolota
|-damage|p2a: Lolota|44/100
|
|-heal|p2a: Lolota|50/100|[from] item: Leftovers
|-heal|p1a: Flygon|85/100|[from] item: Leftovers
|upkeep
|turn|81
|
|t:|1729795378
|switch|p1a: Skarmory|Skarmory, M|53/100
|move|p2a: Lolota|Recover|p2a: Lolota
|-heal|p2a: Lolota|100/100
|
|-heal|p1a: Skarmory|59/100|[from] item: Leftovers
|upkeep
|turn|82
|
|t:|1729795383
|switch|p2a: Magneman|Magneton|100/100
|switch|p1a: Blissey|Blissey, F|81/100
|
|-heal|p1a: Blissey|88/100|[from] item: Leftovers
|upkeep
|turn|83
|inactive|TRXXJEH has 90 seconds left.
|inactive|TRXXJEH has 60 seconds left.
|
|t:|1729795445
|switch|p2a: Lolota|Starmie|100/100
|move|p1a: Blissey|Seismic Toss|p2a: Lolota
|-damage|p2a: Lolota|70/100
|
|-heal|p2a: Lolota|76/100|[from] item: Leftovers
|-heal|p1a: Blissey|94/100|[from] item: Leftovers
|upkeep
|turn|84
|
|t:|1729795467
|switch|p1a: Zapdos|Zapdos|100/100 slp
|move|p2a: Lolota|Thunder Wave||[still]
|-fail|p2a: Lolota
|
|-heal|p2a: Lolota|82/100|[from] item: Leftovers
|upkeep
|turn|85
|inactive|naisuneicha has 270 seconds left.
|
|t:|1729795497
|switch|p2a: Rhynoman|Rhydon, F|82/100
|switch|p1a: Blissey|Blissey, F|94/100
|
|-heal|p1a: Blissey|99/100|[from] item: Leftovers
|-heal|p2a: Rhynoman|88/100|[from] item: Leftovers
|upkeep
|turn|86
|inactive|TRXXJEH has 30 seconds left.
|inactive|TRXXJEH has 20 seconds left.
|inactive|naisuneicha has 240 seconds left.
|inactive|TRXXJEH has 15 seconds left.
|
|t:|1729795542
|switch|p1a: Skarmory|Skarmory, M|59/100
|move|p2a: Rhynoman|Megahorn|p1a: Skarmory
|-resisted|p1a: Skarmory
|-crit|p1a: Skarmory
|-damage|p1a: Skarmory|42/100
|
|-heal|p1a: Skarmory|48/100|[from] item: Leftovers
|-heal|p2a: Rhynoman|94/100|[from] item: Leftovers
|upkeep
|turn|87
|inactive|TRXXJEH has 25 seconds left this turn.
|inactive|TRXXJEH has 20 seconds left.
|
|t:|1729795555
|switch|p1a: Flygon|Flygon, M|85/100
|switch|p2a: Magneman|Magneton|100/100
|
|-heal|p1a: Flygon|91/100|[from] item: Leftovers
|upkeep
|turn|88
|inactive|TRXXJEH has 30 seconds left this turn.
|inactive|TRXXJEH has 20 seconds left.
|
|t:|1729795574
|switch|p2a: Lolota|Starmie|82/100
|move|p1a: Flygon|Earthquake|p2a: Lolota
|-damage|p2a: Lolota|40/100
|
|-heal|p2a: Lolota|46/100|[from] item: Leftovers
|-heal|p1a: Flygon|97/100|[from] item: Leftovers
|upkeep
|turn|89
|inactive|TRXXJEH has 30 seconds left this turn.
|
|t:|1729795588
|move|p2a: Lolota|Recover|p2a: Lolota
|-heal|p2a: Lolota|96/100
|move|p1a: Flygon|Toxic|p2a: Lolota
|-status|p2a: Lolota|tox
|
|-heal|p2a: Lolota|100/100 tox|[from] item: Leftovers
|-damage|p2a: Lolota|94/100 tox|[from] psn
|-heal|p1a: Flygon|100/100|[from] item: Leftovers
|upkeep
|turn|90
|inactive|TRXXJEH has 30 seconds left.
|inactive|TRXXJEH has 20 seconds left.
|
|t:|1729795609
|-curestatus|p2a: Lolota|tox|[from] ability: Natural Cure
|switch|p2a: MisterMan|Zapdos|100/100
|move|p1a: Flygon|Toxic|p2a: MisterMan
|-status|p2a: MisterMan|tox
|
|-damage|p2a: MisterMan|94/100 tox|[from] psn
|upkeep
|turn|91
|inactive|TRXXJEH has 30 seconds left this turn.
|inactive|TRXXJEH has 20 seconds left.
|inactive|naisuneicha has 210 seconds left.
|
|t:|1729795640
|switch|p2a: Lolota|Starmie|94/100
|switch|p1a: Zapdos|Zapdos|100/100 slp
|
|-heal|p2a: Lolota|100/100|[from] item: Leftovers
|upkeep
|turn|92
|inactive|TRXXJEH has 30 seconds left this turn.
|inactive|TRXXJEH has 20 seconds left.
|
|t:|1729795650
|switch|p2a: Rhynoman|Rhydon, F|94/100
|cant|p1a: Zapdos|slp
|
|-heal|p2a: Rhynoman|99/100|[from] item: Leftovers
|upkeep
|turn|93
|inactive|TRXXJEH has 30 seconds left this turn.
|inactive|naisuneicha has 210 seconds left.
|
|t:|1729795661
|switch|p1a: Flygon|Flygon, M|100/100
|move|p2a: Rhynoman|Rock Slide|p1a: Flygon
|-resisted|p1a: Flygon
|-damage|p1a: Flygon|83/100
|
|-heal|p1a: Flygon|90/100|[from] item: Leftovers
|-heal|p2a: Rhynoman|100/100|[from] item: Leftovers
|upkeep
|turn|94
|
|t:|1729795669
|switch|p2a: Lolota|Starmie|100/100
|move|p1a: Flygon|Protect||[still]
|-fail|p1a: Flygon
|
|-heal|p1a: Flygon|96/100|[from] item: Leftovers
|upkeep
|turn|95
|
|t:|1729795677
|move|p1a: Flygon|Protect|p1a: Flygon
|-singleturn|p1a: Flygon|Protect
|move|p2a: Lolota|Surf|p1a: Flygon
|-activate|p1a: Flygon|Protect
|
|-heal|p1a: Flygon|100/100|[from] item: Leftovers
|upkeep
|turn|96
|
|t:|1729795691
|switch|p1a: Jirachi|Jirachi|98/100
|move|p2a: Lolota|Surf|p1a: Jirachi
|-damage|p1a: Jirachi|72/100
|
|-heal|p1a: Jirachi|78/100|[from] item: Leftovers
|upkeep
|turn|97
|
|t:|1729795697
|move|p2a: Lolota|Thunder Wave|p1a: Jirachi
|-status|p1a: Jirachi|par
|move|p1a: Jirachi|Wish|p1a: Jirachi
|
|-heal|p1a: Jirachi|84/100 par|[from] item: Leftovers
|upkeep
|turn|98
|
|t:|1729795707
|switch|p2a: Peepee|Jirachi|85/100
|switch|p1a: Skarmory|Skarmory, M|48/100
|
|-heal|p1a: Skarmory|98/100|[from] move: Wish|[wisher] Jirachi
|-heal|p2a: Peepee|92/100|[from] item: Leftovers
|-heal|p1a: Skarmory|100/100|[from] item: Leftovers
|upkeep
|turn|99
|inactive|naisuneicha has 240 seconds left.
|
|t:|1729795722
|switch|p1a: Zapdos|Zapdos|100/100 slp
|move|p2a: Peepee|Ice Punch|p1a: Zapdos
|-supereffective|p1a: Zapdos
|-damage|p1a: Zapdos|74/100 slp
|
|-heal|p1a: Zapdos|80/100 slp|[from] item: Leftovers
|-heal|p2a: Peepee|98/100|[from] item: Leftovers
|upkeep
|turn|100
|inactive|naisuneicha has 240 seconds left.
|
|t:|1729795754
|cant|p1a: Zapdos|slp
|move|p1a: Zapdos|Sleep Talk|p1a: Zapdos
|move|p1a: Zapdos|Roar|p2a: Peepee|[from]Sleep Talk
|drag|p2a: Lolota|Starmie|100/100
|
|-heal|p1a: Zapdos|87/100 slp|[from] item: Leftovers
|upkeep
|turn|101
|
|t:|1729795759
|switch|p2a: Rhynoman|Rhydon, F|100/100
|-curestatus|p1a: Zapdos|slp|[msg]
|move|p1a: Zapdos|Thunderbolt|p2a: Rhynoman
|-immune|p2a: Rhynoman
|
|-heal|p1a: Zapdos|93/100|[from] item: Leftovers
|upkeep
|turn|102
|
|t:|1729795782
|switch|p1a: Skarmory|Skarmory, M|100/100
|move|p2a: Rhynoman|Substitute|p2a: Rhynoman
|-start|p2a: Rhynoman|Substitute
|-damage|p2a: Rhynoman|76/100
|
|-heal|p2a: Rhynoman|82/100|[from] item: Leftovers
|upkeep
|turn|103
|
|t:|1729795794
|switch|p1a: Flygon|Flygon, M|100/100
|move|p2a: Rhynoman|Rock Slide|p1a: Flygon
|-resisted|p1a: Flygon
|-damage|p1a: Flygon|84/100
|
|-heal|p1a: Flygon|90/100|[from] item: Leftovers
|-heal|p2a: Rhynoman|88/100|[from] item: Leftovers
|upkeep
|turn|104
|
|t:|1729795800
|move|p1a: Flygon|Protect|p1a: Flygon
|-singleturn|p1a: Flygon|Protect
|move|p2a: Rhynoman|Megahorn|p1a: Flygon|[miss]
|-miss|p2a: Rhynoman|p1a: Flygon
|
|-heal|p1a: Flygon|96/100|[from] item: Leftovers
|-heal|p2a: Rhynoman|94/100|[from] item: Leftovers
|upkeep
|turn|105
|
|t:|1729795818
|switch|p1a: Skarmory|Skarmory, M|100/100
|move|p2a: Rhynoman|Megahorn|p1a: Skarmory
|-resisted|p1a: Skarmory
|-damage|p1a: Skarmory|92/100
|
|-heal|p1a: Skarmory|98/100|[from] item: Leftovers
|-heal|p2a: Rhynoman|99/100|[from] item: Leftovers
|upkeep
|turn|106
|
|t:|1729795822
|switch|p2a: Magneman|Magneton|100/100
|move|p1a: Skarmory|Spikes|p2a: Magneman
|-sidestart|p2: TRXXJEH|Spikes
|
|-heal|p1a: Skarmory|100/100|[from] item: Leftovers
|upkeep
|turn|107
|
|t:|1729795824
|move|p2a: Magneman|Thunderbolt|p1a: Skarmory
|-supereffective|p1a: Skarmory
|-damage|p1a: Skarmory|0 fnt
|faint|p1a: Skarmory
|
|t:|1729795836
|switch|p1a: Flygon|Flygon, M|96/100
|
|-heal|p1a: Flygon|100/100|[from] item: Leftovers
|upkeep
|turn|108
|
|t:|1729795851
|switch|p1a: Misdreavus|Misdreavus, M|29/100
|switch|p2a: Lolota|Starmie|100/100
|-damage|p2a: Lolota|88/100|[from] Spikes
|
|-heal|p2a: Lolota|94/100|[from] item: Leftovers
|-heal|p1a: Misdreavus|35/100|[from] item: Leftovers
|upkeep
|turn|109
|
|t:|1729795862
|switch|p1a: Jirachi|Jirachi|84/100 par
|move|p2a: Lolota|Surf|p1a: Jirachi
|-crit|p1a: Jirachi
|-damage|p1a: Jirachi|29/100 par
|
|-heal|p2a: Lolota|100/100|[from] item: Leftovers
|-heal|p1a: Jirachi|35/100 par|[from] item: Leftovers
|upkeep
|turn|110
|
|t:|1729795872
|move|p2a: Lolota|Surf|p1a: Jirachi
|-damage|p1a: Jirachi|7/100 par
|move|p1a: Jirachi|Wish|p1a: Jirachi
|
|-heal|p1a: Jirachi|14/100 par|[from] item: Leftovers
|upkeep
|turn|111
|
|t:|1729795877
|cant|p1a: Jirachi|par
|move|p2a: Lolota|Surf|p1a: Jirachi
|-damage|p1a: Jirachi|0 fnt
|faint|p1a: Jirachi
|inactive|naisuneicha has 240 seconds left.
|
|t:|1729795883
|switch|p1a: Zapdos|Zapdos|93/100
|
|-heal|p1a: Zapdos|100/100|[from] move: Wish|[wisher] Jirachi
|upkeep
|turn|112
|
|t:|1729795894
|switch|p2a: Rhynoman|Rhydon, F|99/100
|-damage|p2a: Rhynoman|88/100|[from] Spikes
|move|p1a: Zapdos|Roar|p2a: Rhynoman
|drag|p2a: Peepee|Jirachi|98/100
|-damage|p2a: Peepee|85/100|[from] Spikes
|
|-heal|p2a: Peepee|92/100|[from] item: Leftovers
|upkeep
|turn|113
|
|t:|1729795907
|move|p2a: Peepee|Calm Mind|p2a: Peepee
|-boost|p2a: Peepee|spa|1
|-boost|p2a: Peepee|spd|1
|move|p1a: Zapdos|Roar|p2a: Peepee
|drag|p2a: Magneman|Magneton|100/100
|-damage|p2a: Magneman|88/100|[from] Spikes
|
|upkeep
|turn|114
|
|t:|1729795915
|move|p1a: Zapdos|Thunderbolt|p2a: Magneman
|-resisted|p2a: Magneman
|-damage|p2a: Magneman|56/100
|move|p2a: Magneman|Thunderbolt|p1a: Zapdos
|-damage|p1a: Zapdos|64/100
|
|-heal|p1a: Zapdos|70/100|[from] item: Leftovers
|upkeep
|turn|115
|
|t:|1729795924
|move|p2a: Magneman|Thunderbolt|p1a: Zapdos
|-damage|p1a: Zapdos|31/100
|move|p1a: Zapdos|Roar|p2a: Magneman
|drag|p2a: Peepee|Jirachi|92/100
|-damage|p2a: Peepee|79/100|[from] Spikes
|
|-heal|p1a: Zapdos|37/100|[from] item: Leftovers
|-heal|p2a: Peepee|85/100|[from] item: Leftovers
|upkeep
|turn|116
|inactive|naisuneicha has 270 seconds left.
|
|t:|1729795934
|move|p2a: Peepee|Ice Punch|p1a: Zapdos
|-supereffective|p1a: Zapdos
|-damage|p1a: Zapdos|12/100
|-status|p1a: Zapdos|frz
|cant|p1a: Zapdos|frz
|
|-heal|p1a: Zapdos|19/100 frz|[from] item: Leftovers
|-heal|p2a: Peepee|92/100|[from] item: Leftovers
|upkeep
|turn|117
|inactive|naisuneicha has 270 seconds left.
|inactive|naisuneicha has 240 seconds left.
|
|t:|1729795994
|switch|p1a: Blissey|Blissey, F|99/100
|move|p2a: Peepee|Calm Mind|p2a: Peepee
|-boost|p2a: Peepee|spa|1
|-boost|p2a: Peepee|spd|1
|
|-heal|p2a: Peepee|98/100|[from] item: Leftovers
|-heal|p1a: Blissey|100/100|[from] item: Leftovers
|upkeep
|turn|118
|
|t:|1729795998
|move|p2a: Peepee|Calm Mind|p2a: Peepee
|-boost|p2a: Peepee|spa|1
|-boost|p2a: Peepee|spd|1
|move|p1a: Blissey|Aromatherapy|p1a: Blissey
|-cureteam|p1a: Blissey|[from] move: Aromatherapy
|
|-heal|p2a: Peepee|100/100|[from] item: Leftovers
|upkeep
|turn|119
|
|t:|1729796006
|move|p2a: Peepee|Calm Mind|p2a: Peepee
|-boost|p2a: Peepee|spa|1
|-boost|p2a: Peepee|spd|1
|move|p1a: Blissey|Seismic Toss|p2a: Peepee
|-damage|p2a: Peepee|76/100
|
|-heal|p2a: Peepee|82/100|[from] item: Leftovers
|upkeep
|turn|120
|
|t:|1729796008
|move|p2a: Peepee|Ice Punch|p1a: Blissey
|-damage|p1a: Blissey|84/100
|move|p1a: Blissey|Seismic Toss|p2a: Peepee
|-damage|p2a: Peepee|57/100
|
|-heal|p2a: Peepee|63/100|[from] item: Leftovers
|-heal|p1a: Blissey|90/100|[from] item: Leftovers
|upkeep
|turn|121
|
|t:|1729796014
|move|p2a: Peepee|Wish|p2a: Peepee
|move|p1a: Blissey|Seismic Toss|p2a: Peepee
|-damage|p2a: Peepee|39/100
|
|-heal|p2a: Peepee|45/100|[from] item: Leftovers
|-heal|p1a: Blissey|97/100|[from] item: Leftovers
|upkeep
|turn|122
|
|t:|1729796020
|move|p2a: Peepee|Calm Mind|p2a: Peepee
|-boost|p2a: Peepee|spa|1
|-boost|p2a: Peepee|spd|1
|move|p1a: Blissey|Seismic Toss|p2a: Peepee
|-damage|p2a: Peepee|20/100
|
|-heal|p2a: Peepee|70/100|[from] move: Wish|[wisher] Peepee
|-heal|p2a: Peepee|76/100|[from] item: Leftovers
|-heal|p1a: Blissey|100/100|[from] item: Leftovers
|upkeep
|turn|123
|
|t:|1729796028
|move|p2a: Peepee|Wish|p2a: Peepee
|move|p1a: Blissey|Seismic Toss|p2a: Peepee
|-damage|p2a: Peepee|51/100
|
|-heal|p2a: Peepee|58/100|[from] item: Leftovers
|upkeep
|turn|124
|
|t:|1729796031
|move|p2a: Peepee|Ice Punch|p1a: Blissey
|-damage|p1a: Blissey|81/100
|move|p1a: Blissey|Seismic Toss|p2a: Peepee
|-damage|p2a: Peepee|33/100
|
|-heal|p2a: Peepee|83/100|[from] move: Wish|[wisher] Peepee
|-heal|p2a: Peepee|89/100|[from] item: Leftovers
|-heal|p1a: Blissey|87/100|[from] item: Leftovers
|upkeep
|turn|125
|inactive|naisuneicha has 270 seconds left.
|
|t:|1729796041
|move|p2a: Peepee|Calm Mind|p2a: Peepee
|-boost|p2a: Peepee|spa|1
|-boost|p2a: Peepee|spd|1
|move|p1a: Blissey|Seismic Toss|p2a: Peepee
|-damage|p2a: Peepee|64/100
|
|-heal|p2a: Peepee|71/100|[from] item: Leftovers
|-heal|p1a: Blissey|93/100|[from] item: Leftovers
|upkeep
|turn|126
|
|t:|1729796046
|move|p2a: Peepee|Wish|p2a: Peepee
|move|p1a: Blissey|Seismic Toss|p2a: Peepee
|-damage|p2a: Peepee|46/100
|
|-heal|p2a: Peepee|52/100|[from] item: Leftovers
|-heal|p1a: Blissey|99/100|[from] item: Leftovers
|upkeep
|turn|127
|
|t:|1729796050
|move|p2a: Peepee|Calm Mind|p2a: Peepee
|-boost|p2a: Peepee|spa|1
|-boost|p2a: Peepee|spd|1
|move|p1a: Blissey|Seismic Toss|p2a: Peepee
|-damage|p2a: Peepee|27/100
|
|-heal|p2a: Peepee|77/100|[from] move: Wish|[wisher] Peepee
|-heal|p2a: Peepee|83/100|[from] item: Leftovers
|-heal|p1a: Blissey|100/100|[from] item: Leftovers
|upkeep
|turn|128
|
|t:|1729796055
|move|p2a: Peepee|Ice Punch|p1a: Blissey
|-damage|p1a: Blissey|73/100
|move|p1a: Blissey|Seismic Toss|p2a: Peepee
|-damage|p2a: Peepee|59/100
|
|-heal|p2a: Peepee|65/100|[from] item: Leftovers
|-heal|p1a: Blissey|79/100|[from] item: Leftovers
|upkeep
|turn|129
|
|t:|1729796061
|move|p2a: Peepee|Wish|p2a: Peepee
|move|p1a: Blissey|Seismic Toss|p2a: Peepee
|-damage|p2a: Peepee|40/100
|
|-heal|p2a: Peepee|46/100|[from] item: Leftovers
|-heal|p1a: Blissey|85/100|[from] item: Leftovers
|upkeep
|turn|130
|
|t:|1729796066
|move|p2a: Peepee|Thunder|p1a: Blissey
|-damage|p1a: Blissey|45/100
|-status|p1a: Blissey|par
|cant|p1a: Blissey|par
|
|-heal|p2a: Peepee|96/100|[from] move: Wish|[wisher] Peepee
|-heal|p2a: Peepee|100/100|[from] item: Leftovers
|-heal|p1a: Blissey|51/100 par|[from] item: Leftovers
|upkeep
|turn|131
|inactive|TRXXJEH has 270 seconds left.
|
|t:|1729796072
|-curestatus|p1a: Blissey|par|[from] ability: Natural Cure
|switch|p1a: Misdreavus|Misdreavus, M|35/100
|move|p2a: Peepee|Ice Punch|p1a: Misdreavus
|-damage|p1a: Misdreavus|0 fnt
|faint|p1a: Misdreavus
|
|t:|1729796074
|switch|p1a: Flygon|Flygon, M|100/100
|
|upkeep
|turn|132
|inactive|TRXXJEH has 270 seconds left.
|
|t:|1729796105
|switch|p1a: Zapdos|Zapdos|19/100
|switch|p2a: Lolota|Starmie|100/100
|-damage|p2a: Lolota|88/100|[from] Spikes
|
|-heal|p2a: Lolota|94/100|[from] item: Leftovers
|-heal|p1a: Zapdos|25/100|[from] item: Leftovers
|upkeep
|turn|133
|
|t:|1729796110
|switch|p1a: Blissey|Blissey, F|51/100
|move|p2a: Lolota|Surf|p1a: Blissey
|-damage|p1a: Blissey|38/100
|
|-heal|p2a: Lolota|100/100|[from] item: Leftovers
|-heal|p1a: Blissey|44/100|[from] item: Leftovers
|upkeep
|turn|134
|
|t:|1729796114
|move|p2a: Lolota|Thunder Wave|p1a: Blissey
|-status|p1a: Blissey|par
|move|p1a: Blissey|Soft-Boiled|p1a: Blissey
|-heal|p1a: Blissey|94/100 par
|
|-heal|p1a: Blissey|99/100 par|[from] item: Leftovers
|upkeep
|turn|135
|
|t:|1729796120
|-curestatus|p1a: Blissey|par|[from] ability: Natural Cure
|switch|p1a: Flygon|Flygon, M|100/100
|move|p2a: Lolota|Rapid Spin|p1a: Flygon
|-damage|p1a: Flygon|98/100
|-sideend|p2: TRXXJEH|Spikes|[from] move: Rapid Spin|[of] p2a: Lolota
|
|-heal|p1a: Flygon|100/100|[from] item: Leftovers
|upkeep
|turn|136
|
|t:|1729796130
|switch|p1a: Blissey|Blissey, F|99/100
|move|p2a: Lolota|Surf|p1a: Blissey
|-damage|p1a: Blissey|87/100
|
|-heal|p1a: Blissey|93/100|[from] item: Leftovers
|upkeep
|turn|137
|
|t:|1729796152
|switch|p2a: ClownPoo|Salamence, F|100/100
|-ability|p2a: ClownPoo|Intimidate|boost
|-unboost|p1a: Blissey|atk|1
|switch|p1a: Flygon|Flygon, M|100/100
|
|upkeep
|turn|138
|
|t:|1729796161
|switch|p1a: Blissey|Blissey, F|93/100
|move|p2a: ClownPoo|Dragon Claw|p1a: Blissey
|-damage|p1a: Blissey|79/100
|
|-heal|p1a: Blissey|85/100|[from] item: Leftovers
|upkeep
|turn|139
|
|t:|1729796169
|move|p2a: ClownPoo|Brick Break|p1a: Blissey
|-supereffective|p1a: Blissey
|-damage|p1a: Blissey|48/100
|move|p1a: Blissey|Seismic Toss|p2a: ClownPoo
|-damage|p2a: ClownPoo|70/100
|
|-heal|p2a: ClownPoo|76/100|[from] item: Leftovers
|-heal|p1a: Blissey|54/100|[from] item: Leftovers
|upkeep
|turn|140
|
|t:|1729796174
|move|p2a: ClownPoo|Brick Break|p1a: Blissey
|-supereffective|p1a: Blissey
|-damage|p1a: Blissey|17/100
|move|p1a: Blissey|Soft-Boiled|p1a: Blissey
|-heal|p1a: Blissey|67/100
|
|-heal|p2a: ClownPoo|82/100|[from] item: Leftovers
|-heal|p1a: Blissey|73/100|[from] item: Leftovers
|upkeep
|turn|141
|
|t:|1729796179
|move|p2a: ClownPoo|Brick Break|p1a: Blissey
|-supereffective|p1a: Blissey
|-damage|p1a: Blissey|33/100
|move|p1a: Blissey|Counter|p2a: ClownPoo
|-damage|p2a: ClownPoo|0 fnt
|faint|p2a: ClownPoo
|
|t:|1729796198
|switch|p2a: Rhynoman|Rhydon, F|88/100
|
|-heal|p1a: Blissey|39/100|[from] item: Leftovers
|-heal|p2a: Rhynoman|94/100|[from] item: Leftovers
|upkeep
|turn|142
|
|t:|1729796205
|switch|p1a: Zapdos|Zapdos|25/100
|move|p2a: Rhynoman|Megahorn|p1a: Zapdos
|-resisted|p1a: Zapdos
|-damage|p1a: Zapdos|0 fnt
|faint|p1a: Zapdos
|
|t:|1729796212
|switch|p1a: Flygon|Flygon, M|100/100
|
|-heal|p2a: Rhynoman|99/100|[from] item: Leftovers
|upkeep
|turn|143
|
|t:|1729796231
|switch|p2a: Lolota|Starmie|100/100
|move|p1a: Flygon|Earthquake|p2a: Lolota
|-damage|p2a: Lolota|57/100
|
|-heal|p2a: Lolota|63/100|[from] item: Leftovers
|upkeep
|turn|144
|
|t:|1729796242
|switch|p1a: Blissey|Blissey, F|39/100
|move|p2a: Lolota|Recover|p2a: Lolota
|-heal|p2a: Lolota|100/100
|
|-heal|p1a: Blissey|45/100|[from] item: Leftovers
|upkeep
|turn|145
|
|t:|1729796245
|move|p2a: Lolota|Thunder Wave|p1a: Blissey
|-status|p1a: Blissey|par
|move|p1a: Blissey|Soft-Boiled|p1a: Blissey
|-heal|p1a: Blissey|95/100 par
|
|-heal|p1a: Blissey|100/100 par|[from] item: Leftovers
|upkeep
|turn|146
|
|t:|1729796265
|switch|p2a: Peepee|Jirachi|100/100
|-curestatus|p1a: Blissey|par|[from] ability: Natural Cure
|switch|p1a: Flygon|Flygon, M|100/100
|
|upkeep
|turn|147
|
|t:|1729796279
|switch|p1a: Blissey|Blissey, F|100/100
|switch|p2a: Lolota|Starmie|100/100
|
|upkeep
|turn|148
|
|t:|1729796284
|switch|p1a: Flygon|Flygon, M|100/100
|move|p2a: Lolota|Thunder Wave|p1a: Flygon
|-immune|p1a: Flygon
|
|upkeep
|turn|149
|
|t:|1729796297
|switch|p1a: Blissey|Blissey, F|100/100
|move|p2a: Lolota|Rapid Spin|p1a: Blissey
|-damage|p1a: Blissey|98/100
|
|-heal|p1a: Blissey|100/100|[from] item: Leftovers
|upkeep
|turn|150
|
|t:|1729796303
|switch|p1a: Flygon|Flygon, M|100/100
|move|p2a: Lolota|Thunder Wave|p1a: Flygon
|-immune|p1a: Flygon
|
|upkeep
|turn|151
|
|t:|1729796306
|switch|p1a: Blissey|Blissey, F|100/100
|move|p2a: Lolota|Thunder Wave|p1a: Blissey
|-status|p1a: Blissey|par
|
|upkeep
|turn|152
|
|t:|1729796311
|switch|p2a: Magneman|Magneton|56/100
|-curestatus|p1a: Blissey|par|[from] ability: Natural Cure
|switch|p1a: Flygon|Flygon, M|100/100
|
|upkeep
|turn|153
|
|t:|1729796320
|switch|p1a: Blissey|Blissey, F|100/100
|switch|p2a: MisterMan|Zapdos|94/100 tox
|
|-heal|p2a: MisterMan|100/100 tox|[from] item: Leftovers
|-damage|p2a: MisterMan|94/100 tox|[from] psn
|upkeep
|turn|154
|
|t:|1729796327
|switch|p2a: Rhynoman|Rhydon, F|99/100
|move|p1a: Blissey|Seismic Toss|p2a: Rhynoman
|-damage|p2a: Rhynoman|76/100
|
|-heal|p2a: Rhynoman|82/100|[from] item: Leftovers
|upkeep
|turn|155
|
|t:|1729796332
|switch|p1a: Flygon|Flygon, M|100/100
|move|p2a: Rhynoman|Megahorn|p1a: Flygon|[miss]
|-miss|p2a: Rhynoman|p1a: Flygon
|
|-heal|p2a: Rhynoman|88/100|[from] item: Leftovers
|upkeep
|turn|156
|
|t:|1729796344
|switch|p2a: Lolota|Starmie|100/100
|move|p1a: Flygon|Earthquake|p2a: Lolota
|-damage|p2a: Lolota|56/100
|
|-heal|p2a: Lolota|62/100|[from] item: Leftovers
|upkeep
|turn|157
|
|t:|1729796352
|switch|p2a: MisterMan|Zapdos|94/100 tox
|move|p1a: Flygon|Rock Slide|p2a: MisterMan
|-supereffective|p2a: MisterMan
|-damage|p2a: MisterMan|55/100 tox
|
|-heal|p2a: MisterMan|61/100 tox|[from] item: Leftovers
|-damage|p2a: MisterMan|55/100 tox|[from] psn
|upkeep
|turn|158
|
|t:|1729796361
|move|p2a: MisterMan|Hidden Power|p1a: Flygon
|-damage|p1a: Flygon|74/100
|move|p1a: Flygon|Toxic|p2a: MisterMan
|-fail|p2a: MisterMan|tox
|
|-heal|p2a: MisterMan|61/100 tox|[from] item: Leftovers
|-damage|p2a: MisterMan|49/100 tox|[from] psn
|-heal|p1a: Flygon|80/100|[from] item: Leftovers
|upkeep
|turn|159
|
|t:|1729796376
|switch|p2a: Lolota|Starmie|62/100
|switch|p1a: Blissey|Blissey, F|100/100
|
|-heal|p2a: Lolota|68/100|[from] item: Leftovers
|upkeep
|turn|160
|
|t:|1729796380
|switch|p1a: Flygon|Flygon, M|80/100
|move|p2a: Lolota|Recover|p2a: Lolota
|-heal|p2a: Lolota|100/100
|
|-heal|p1a: Flygon|86/100|[from] item: Leftovers
|upkeep
|turn|161
|
|t:|1729796389
|switch|p1a: Blissey|Blissey, F|100/100
|move|p2a: Lolota|Thunder Wave|p1a: Blissey
|-status|p1a: Blissey|par
|
|upkeep
|turn|162
|
|t:|1729796392
|switch|p2a: Rhynoman|Rhydon, F|88/100
|-curestatus|p1a: Blissey|par|[from] ability: Natural Cure
|switch|p1a: Flygon|Flygon, M|86/100
|
|-heal|p1a: Flygon|92/100|[from] item: Leftovers
|-heal|p2a: Rhynoman|94/100|[from] item: Leftovers
|upkeep
|turn|163
|
|t:|1729796403
|switch|p2a: Lolota|Starmie|100/100
|move|p1a: Flygon|Protect||[still]
|-fail|p1a: Flygon
|
|-heal|p1a: Flygon|98/100|[from] item: Leftovers
|upkeep
|turn|164
|
|t:|1729796411
|switch|p2a: Peepee|Jirachi|100/100
|switch|p1a: Blissey|Blissey, F|100/100
|
|upkeep
|turn|165
|
|t:|1729796416
|switch|p1a: Flygon|Flygon, M|98/100
|move|p2a: Peepee|Calm Mind|p2a: Peepee
|-boost|p2a: Peepee|spa|1
|-boost|p2a: Peepee|spd|1
|
|-heal|p1a: Flygon|100/100|[from] item: Leftovers
|upkeep
|turn|166
|
|t:|1729796421
|switch|p1a: Blissey|Blissey, F|100/100
|switch|p2a: Lolota|Starmie|100/100
|
|upkeep
|turn|167
|
|t:|1729796426
|switch|p1a: Flygon|Flygon, M|100/100
|move|p2a: Lolota|Thunder Wave|p1a: Flygon
|-immune|p1a: Flygon
|
|upkeep
|turn|168
|
|t:|1729796439
|switch|p1a: Blissey|Blissey, F|100/100
|move|p2a: Lolota|Rapid Spin|p1a: Blissey
|-damage|p1a: Blissey|98/100
|
|-heal|p1a: Blissey|100/100|[from] item: Leftovers
|upkeep
|turn|169
|
|t:|1729796445
|move|p2a: Lolota|Thunder Wave|p1a: Blissey
|-status|p1a: Blissey|par
|cant|p1a: Blissey|par
|
|upkeep
|turn|170
|
|t:|1729796449
|switch|p2a: Rhynoman|Rhydon, F|94/100
|-curestatus|p1a: Blissey|par|[from] ability: Natural Cure
|switch|p1a: Flygon|Flygon, M|100/100
|
|-heal|p2a: Rhynoman|99/100|[from] item: Leftovers
|upkeep
|turn|171
|
|t:|1729796460
|switch|p1a: Blissey|Blissey, F|100/100
|switch|p2a: MisterMan|Zapdos|49/100 tox
|
|-heal|p2a: MisterMan|55/100 tox|[from] item: Leftovers
|-damage|p2a: MisterMan|49/100 tox|[from] psn
|upkeep
|turn|172
|
|t:|1729796469
|switch|p2a: Lolota|Starmie|100/100
|move|p1a: Blissey|Seismic Toss|p2a: Lolota
|-damage|p2a: Lolota|70/100
|
|-heal|p2a: Lolota|76/100|[from] item: Leftovers
|upkeep
|turn|173
|
|t:|1729796473
|move|p2a: Lolota|Thunder Wave|p1a: Blissey
|-status|p1a: Blissey|par
|cant|p1a: Blissey|par
|
|-heal|p2a: Lolota|82/100|[from] item: Leftovers
|upkeep
|turn|174
|
|t:|1729796479
|-curestatus|p1a: Blissey|par|[from] ability: Natural Cure
|switch|p1a: Flygon|Flygon, M|100/100
|move|p2a: Lolota|Surf|p1a: Flygon
|-damage|p1a: Flygon|65/100
|
|-heal|p2a: Lolota|88/100|[from] item: Leftovers
|-heal|p1a: Flygon|71/100|[from] item: Leftovers
|upkeep
|turn|175
|
|t:|1729796490
|switch|p2a: Rhynoman|Rhydon, F|99/100
|switch|p1a: Blissey|Blissey, F|100/100
|
|-heal|p2a: Rhynoman|100/100|[from] item: Leftovers
|upkeep
|turn|176
|
|t:|1729796501
|move|p2a: Rhynoman|Megahorn|p1a: Blissey
|-damage|p1a: Blissey|58/100
|move|p1a: Blissey|Counter|p2a: Rhynoman
|-damage|p2a: Rhynoman|0 fnt
|faint|p2a: Rhynoman
|
|t:|1729796509
|switch|p2a: Magneman|Magneton|56/100
|
|-heal|p1a: Blissey|64/100|[from] item: Leftovers
|upkeep
|turn|177
|
|t:|1729796513
|move|p2a: Magneman|Hidden Power|p1a: Blissey
|-crit|p1a: Blissey
|-damage|p1a: Blissey|46/100
|move|p1a: Blissey|Soft-Boiled|p1a: Blissey
|-heal|p1a: Blissey|96/100
|
|-heal|p1a: Blissey|100/100|[from] item: Leftovers
|upkeep
|turn|178
|
|t:|1729796516
|move|p2a: Magneman|Thunder Wave|p1a: Blissey
|-status|p1a: Blissey|par
|move|p1a: Blissey|Seismic Toss|p2a: Magneman
|-damage|p2a: Magneman|17/100
|
|upkeep
|turn|179
|
|t:|1729796521
|move|p2a: Magneman|Thunderbolt|p1a: Blissey
|-damage|p1a: Blissey|78/100 par
|move|p1a: Blissey|Seismic Toss|p2a: Magneman
|-damage|p2a: Magneman|0 fnt
|faint|p2a: Magneman
|c|☆TRXXJEH|gg
|-message|TRXXJEH forfeited.
|
|win|naisuneicha
|player|p2|
|c|☆naisuneicha|gg
|c|☆naisuneicha|that was rough 
|c|☆naisuneicha|sometimes i rrly wish we used chess timers haha 

</script>
<script type="application/json" class="data" id="replaydata-smogtours-gen3ou-801590">
{"id":"smogtours-gen3ou-801590","format":"[Gen 3] OU","players":["naisuneicha","TRXXJEH"],"uploadtime":1729796542,"views":71,"formatid":"gen3ou","rating":null,"private":0,"password":null}
</script>

<script defer src="js/replays.js?9d40a366"></script>
