<!DOCTYPE html>
<meta charset="utf-8" />
<meta name="viewport" content="width=device-width" />

<title>[Gen 3] OU: I&#039;m the Dome Ace vs. Garpachi - Replays - Pok&eacute;mon Showdown!</title>

<meta name="description" content="Watch a replay of a Pok&eacute;mon battle between I&#039;m the Dome Ace and Garpachi! Format: [Gen 3] OU; Date: Oct 4, 2024" />
<!--

Hey, you! Looking in the source for the replay log?

You can find them in JSON format, just add `.json` at the end of a replay URL.

https://replay.pokemonshowdown.com/gen7randomdoublesbattle-865046831.json

Or, if you only need the log itself, add `.log` instead:

https://replay.pokemonshowdown.com/gen7randomdoublesbattle-865046831.log

-->

<link rel="stylesheet" href="//pokemonshowdown.com/style/global.css?0.767286132409787" />
<link rel="stylesheet" href="//play.pokemonshowdown.com/style/font-awesome.css?0.9266228007934947" />
<link rel="stylesheet" href="//play.pokemonshowdown.com/style/battle.css?0.7924700842790926" />
<link rel="stylesheet" href="//play.pokemonshowdown.com/style/utilichart.css?0.8777417872839479" />

<!-- Global site tag (gtag.js) - Google Analytics -->
<script async src="https://www.googletagmanager.com/gtag/js?id=UA-26211653-1"></script>
<script>
  window.dataLayer = window.dataLayer || [];
  function gtag(){dataLayer.push(arguments);}
  gtag('js', new Date());

  gtag('config', 'UA-26211653-1');
</script>
<!-- End Google Analytics -->
<!-- Venatus Ad Manager - Install in <HEAD> of page -->
	<script src="https://hb.vntsm.com/v3/live/ad-manager.min.js" type="text/javascript" data-site-id="642aba63ec9a7b11c3c9c1be" data-mode="scan" async></script>
<!-- / Venatus Ad Manager -->

<style>
	@media (max-width:820px) {
		.battle {
			margin: 0 auto;
		}
		.battle-log {
			margin: 7px auto 0;
			max-width: 640px;
			height: 300px;
			position: static;
		}
	}
	.optgroup {
		display: inline-block;
		line-height: 22px;
		font-size: 10pt;
	}
	.optgroup .button {
		height: 25px;
		padding-top: 0;
		padding-bottom: 0;
	}
	.optgroup button.button {
		padding-left: 12px;
		padding-right: 12px;
	}
	.linklist {
		list-style: none;
		margin: 0.5em 0;
		padding: 0;
	}
	.linklist li {
		padding: 2px 0;
	}
	.sidebar {
		float: left;
		width: 320px;
	}
	.bar-wrapper {
		max-width: 1100px;
		margin: 0 auto;
	}
	.bar-wrapper.has-sidebar {
		max-width: 1430px;
	}
	.mainbar {
		margin: 0;
		padding-right: 1px;
	}
	.mainbar.has-sidebar {
		margin-left: 330px;
	}
	@media (min-width: 1511px) {
		.sidebar {
			width: 400px;
		}
		.bar-wrapper.has-sidebar {
			max-width: 1510px;
		}
		.mainbar.has-sidebar {
			margin-left: 410px;
		}
	}
	.section.first-section {
		margin-top: 9px;
	}
	.blocklink small {
		white-space: normal;
	}
	.button {
		vertical-align: middle;
	}
	.replay-controls {
		padding-top: 10px;
	}
	.replay-controls h1 {
		font-size: 16pt;
		font-weight: normal;
		color: #CCC;
	}
	.pagelink {
		text-align: center;
	}
	.pagelink a {
		width: 150px;
	}
	.textbox, .button {
		font-size: 11pt;
		vertical-align: middle;
	}
	@media (max-width: 450px) {
		.button {
			font-size: 9pt;
		}
	}
</style>

<div>

	<header>
		<div class="nav-wrapper"><ul class="nav">
			<li><a class="button nav-first" href="//pokemonshowdown.com/"><img src="//pokemonshowdown.com/images/pokemonshowdownbeta.png" srcset="//pokemonshowdown.com/images/pokemonshowdownbeta.png 1x, //pokemonshowdown.com/images/pokemonshowdownbeta@2x.png 2x" alt="Pok&eacute;mon Showdown" width="146" height="44" /> Home</a></li>
			<li><a class="button" href="//pokemonshowdown.com/dex/">Pok&eacute;dex</a></li>
			<li><a class="button cur" href="/">Replays</a></li>
			<li><a class="button" href="//pokemonshowdown.com/ladder/">Ladder</a></li>
			<li><a class="button nav-last" href="//pokemonshowdown.com/forums/">Forum</a></li>
			<li><a class="button greenbutton nav-first nav-last" href="//play.pokemonshowdown.com/">Play</a></li>
		</ul></div>
	</header>

	<div class="main" id="main">

		<noscript><section class="section">You need to enable JavaScript to use this page; sorry!</section></noscript>

	</div>

</div>

<script defer nomodule src="//play.pokemonshowdown.com/js/lib/ps-polyfill.js"></script>
<script defer src="//play.pokemonshowdown.com/js/lib/preact.min.js"></script>

<script defer src="//play.pokemonshowdown.com/config/config.js?6dec07f6"></script>
<script defer src="//play.pokemonshowdown.com/js/lib/jquery-1.11.0.min.js"></script>
<script defer src="//play.pokemonshowdown.com/js/lib/html-sanitizer-minified.js"></script>
<script defer src="//play.pokemonshowdown.com/js/battle-sound.js"></script>
<script defer src="//play.pokemonshowdown.com/js/battledata.js?0.6315294753075389"></script>
<script defer src="//play.pokemonshowdown.com/data/pokedex-mini.js?0.7603743185311358"></script>
<script defer src="//play.pokemonshowdown.com/data/pokedex-mini-bw.js?0.030888842834281283"></script>
<script defer src="//play.pokemonshowdown.com/data/graphics.js?0.05593094747507488"></script>
<script defer src="//play.pokemonshowdown.com/data/pokedex.js?0.47064822249611904"></script>
<script defer src="//play.pokemonshowdown.com/data/moves.js?0.8583693120512459"></script>
<script defer src="//play.pokemonshowdown.com/data/abilities.js?0.16017181182386842"></script>
<script defer src="//play.pokemonshowdown.com/data/items.js?0.4163379185673943"></script>
<script defer src="//play.pokemonshowdown.com/data/teambuilder-tables.js?0.31075597372830477"></script>
<script defer src="//play.pokemonshowdown.com/js/battle-tooltips.js?0.6536193500708172"></script>
<script defer src="//play.pokemonshowdown.com/js/battle.js?0.1916591943277901"></script>

<script defer src="js/utils.js?e31f9a17"></script>
<script defer src="js/replays-battle.js?7008c182"></script>

<!-- don't scrape this data! just add .json or .log after the URL!
Full API docs: https://github.com/smogon/pokemon-showdown-client/blob/master/WEB-API.md -->
<script type="text/plain" class="log" id="replaylog-smogtours-gen3ou-794501">
|inactive|Battle timer is ON: inactive players will automatically lose when time's up.
|t:|1728011872
|gametype|singles
|player|p1|I'm the Dome Ace|rancher|
|player|p2|Garpachi|maid|
|teamsize|p1|6
|teamsize|p2|6
|gen|3
|tier|[Gen 3] OU
|rule|Sleep Clause Mod: Limit one foe put to sleep
|rule|Switch Priority Clause Mod: Faster Pokémon switch first
|rule|Species Clause: Limit one of each Pokémon
|rule|OHKO Clause: OHKO moves are banned
|rule|Evasion Items Clause: Evasion items are banned
|rule|Evasion Moves Clause: Evasion moves are banned
|rule|Endless Battle Clause: Forcing endless battles is banned
|rule|HP Percentage Mod: HP is shown in percentages
|rule|One Boost Passer Clause: Limit one Baton Passer that has a way to boost its stats
|rule|Freeze Clause Mod: Limit one foe frozen
|
|t:|1728011872
|start
|switch|p1a: Tyranitar|Tyranitar, F|100/100
|switch|p2a: Metagross|Metagross|100/100
|-weather|Sandstorm|[from] ability: Sand Stream|[of] p1a: Tyranitar
|turn|1
|c|☆Garpachi|glhf
|c|☆I'm the Dome Ace|u2
|
|t:|1728011901
|switch|p1a: Skarmory|Skarmory, M|100/100
|move|p2a: Metagross|Meteor Mash|p1a: Skarmory
|-resisted|p1a: Skarmory
|-damage|p1a: Skarmory|77/100
|
|-weather|Sandstorm|[upkeep]
|-heal|p1a: Skarmory|83/100|[from] item: Leftovers
|upkeep
|turn|2
|c|☆I'm the Dome Ace|go mag
|
|t:|1728011913
|switch|p2a: Magneton|Magneton|100/100
|move|p1a: Skarmory|Spikes|p2a: Magneton
|-sidestart|p2: Garpachi|Spikes
|
|-weather|Sandstorm|[upkeep]
|-heal|p1a: Skarmory|89/100|[from] item: Leftovers
|upkeep
|turn|3
|c|☆Garpachi|okay
|c|☆I'm the Dome Ace|he really did it the absolute madman
|
|t:|1728011923
|move|p2a: Magneton|Thunderbolt|p1a: Skarmory
|-supereffective|p1a: Skarmory
|-damage|p1a: Skarmory|0 fnt
|faint|p1a: Skarmory
|
|t:|1728011924
|switch|p1a: Moltres|Moltres|100/100
|
|-weather|Sandstorm|[upkeep]
|-damage|p1a: Moltres|94/100|[from] Sandstorm
|-heal|p1a: Moltres|100/100|[from] item: Leftovers
|upkeep
|turn|4
|
|t:|1728011944
|switch|p2a: Tyranitar|Tyranitar, F|100/100
|-damage|p2a: Tyranitar|88/100|[from] Spikes
|move|p1a: Moltres|Flamethrower|p2a: Tyranitar
|-resisted|p2a: Tyranitar
|-damage|p2a: Tyranitar|68/100
|-status|p2a: Tyranitar|brn
|-enditem|p2a: Tyranitar|Lum Berry|[eat]
|-curestatus|p2a: Tyranitar|brn|[msg]
|
|-weather|Sandstorm|[upkeep]
|-damage|p1a: Moltres|94/100|[from] Sandstorm
|-heal|p1a: Moltres|100/100|[from] item: Leftovers
|upkeep
|turn|5
|inactive|Garpachi has 270 seconds left.
|
|t:|1728011969
|switch|p1a: Flygon|Flygon, M|100/100
|switch|p2a: Metagross|Metagross|100/100
|-damage|p2a: Metagross|88/100|[from] Spikes
|
|-weather|Sandstorm|[upkeep]
|upkeep
|turn|6
|inactive|Garpachi has 270 seconds left.
|
|t:|1728011992
|switch|p2a: Porygon2|Porygon2|100/100
|-damage|p2a: Porygon2|88/100|[from] Spikes
|-ability|p2a: Porygon2|Levitate|[from] ability: Trace|[of] p1a: Flygon
|move|p1a: Flygon|Protect||[still]
|-fail|p1a: Flygon
|
|-weather|Sandstorm|[upkeep]
|-damage|p2a: Porygon2|82/100|[from] Sandstorm
|-heal|p2a: Porygon2|88/100|[from] item: Leftovers
|upkeep
|turn|7
|
|t:|1728012004
|switch|p1a: Jirachi|Jirachi|100/100
|move|p2a: Porygon2|Thunder Wave|p1a: Jirachi
|-status|p1a: Jirachi|par
|
|-weather|Sandstorm|[upkeep]
|-damage|p2a: Porygon2|82/100|[from] Sandstorm
|-heal|p2a: Porygon2|88/100|[from] item: Leftovers
|upkeep
|turn|8
|
|t:|1728012018
|switch|p2a: Magneton|Magneton|100/100
|-damage|p2a: Magneton|88/100|[from] Spikes
|cant|p1a: Jirachi|par
|
|-weather|Sandstorm|[upkeep]
|upkeep
|turn|9
|
|t:|1728012025
|move|p2a: Magneton|Thunderbolt|p1a: Jirachi
|-damage|p1a: Jirachi|68/100 par
|move|p1a: Jirachi|Wish|p1a: Jirachi
|
|-weather|Sandstorm|[upkeep]
|-heal|p1a: Jirachi|74/100 par|[from] item: Leftovers
|upkeep
|turn|10
|inactive|Garpachi has 270 seconds left.
|
|t:|1728012038
|move|p2a: Magneton|Thunderbolt|p1a: Jirachi
|-damage|p1a: Jirachi|40/100 par
|move|p1a: Jirachi|Fire Punch|p2a: Magneton
|-supereffective|p2a: Magneton
|-damage|p2a: Magneton|24/100
|
|-heal|p1a: Jirachi|90/100 par|[from] move: Wish|[wisher] Jirachi
|-weather|Sandstorm|[upkeep]
|-enditem|p2a: Magneton|Salac Berry|[eat]
|-boost|p2a: Magneton|spe|1|[from] item: Salac Berry
|-heal|p1a: Jirachi|96/100 par|[from] item: Leftovers
|upkeep
|turn|11
|inactive|Garpachi has 270 seconds left.
|c|☆I'm the Dome Ace|let the record show i firepunched on the fullpara btw
|
|t:|1728012055
|move|p2a: Magneton|Thunderbolt|p1a: Jirachi
|-damage|p1a: Jirachi|60/100 par
|move|p1a: Jirachi|Wish|p1a: Jirachi
|
|-weather|Sandstorm|[upkeep]
|-heal|p1a: Jirachi|66/100 par|[from] item: Leftovers
|upkeep
|turn|12
|c|+Kollin7|that's impressive
|c|☆I'm the Dome Ace|Thanks kollin7
|inactive|Garpachi has 240 seconds left.
|
|t:|1728012090
|move|p2a: Magneton|Thunderbolt|p1a: Jirachi
|-damage|p1a: Jirachi|35/100 par
|move|p1a: Jirachi|Fire Punch|p2a: Magneton
|-supereffective|p2a: Magneton
|-damage|p2a: Magneton|0 fnt
|faint|p2a: Magneton
|inactive|Garpachi has 240 seconds left.
|
|t:|1728012099
|switch|p2a: Metagross|Metagross|88/100
|-damage|p2a: Metagross|76/100|[from] Spikes
|
|-heal|p1a: Jirachi|85/100 par|[from] move: Wish|[wisher] Jirachi
|-weather|Sandstorm|[upkeep]
|-heal|p1a: Jirachi|91/100 par|[from] item: Leftovers
|upkeep
|turn|13
|
|t:|1728012109
|move|p1a: Jirachi|Protect|p1a: Jirachi
|-singleturn|p1a: Jirachi|Protect
|move|p2a: Metagross|Agility|p2a: Metagross
|-boost|p2a: Metagross|spe|2
|
|-weather|Sandstorm|[upkeep]
|-heal|p1a: Jirachi|98/100 par|[from] item: Leftovers
|upkeep
|turn|14
|
|t:|1728012121
|switch|p1a: Moltres|Moltres|100/100
|move|p2a: Metagross|Earthquake|p1a: Moltres
|-immune|p1a: Moltres
|
|-weather|Sandstorm|[upkeep]
|-damage|p1a: Moltres|94/100|[from] Sandstorm
|-heal|p1a: Moltres|100/100|[from] item: Leftovers
|upkeep
|turn|15
|inactive|Garpachi has 240 seconds left.
|
|t:|1728012148
|move|p1a: Moltres|Protect|p1a: Moltres
|-singleturn|p1a: Moltres|Protect
|move|p2a: Metagross|Earthquake|p1a: Moltres
|-activate|p1a: Moltres|Protect
|
|-weather|Sandstorm|[upkeep]
|-damage|p1a: Moltres|94/100|[from] Sandstorm
|-heal|p1a: Moltres|100/100|[from] item: Leftovers
|upkeep
|turn|16
|
|t:|1728012161
|switch|p1a: Jirachi|Jirachi|98/100 par
|move|p2a: Metagross|Earthquake|p1a: Jirachi
|-supereffective|p1a: Jirachi
|-damage|p1a: Jirachi|35/100 par
|
|-weather|Sandstorm|[upkeep]
|-heal|p1a: Jirachi|41/100 par|[from] item: Leftovers
|upkeep
|turn|17
|
|t:|1728012172
|switch|p1a: Moltres|Moltres|100/100
|move|p2a: Metagross|Earthquake|p1a: Moltres
|-immune|p1a: Moltres
|
|-weather|Sandstorm|[upkeep]
|-damage|p1a: Moltres|94/100|[from] Sandstorm
|-heal|p1a: Moltres|100/100|[from] item: Leftovers
|upkeep
|turn|18
|inactive|Garpachi has 210 seconds left.
|
|t:|1728012222
|switch|p2a: Porygon2|Porygon2|88/100
|-damage|p2a: Porygon2|76/100|[from] Spikes
|-ability|p2a: Porygon2|Pressure|[from] ability: Trace|[of] p1a: Moltres
|move|p1a: Moltres|Protect||[still]
|-fail|p1a: Moltres
|
|-weather|Sandstorm|[upkeep]
|-damage|p1a: Moltres|94/100|[from] Sandstorm
|-damage|p2a: Porygon2|70/100|[from] Sandstorm
|-heal|p1a: Moltres|100/100|[from] item: Leftovers
|-heal|p2a: Porygon2|76/100|[from] item: Leftovers
|upkeep
|turn|19
|inactive|Garpachi has 180 seconds left.
|
|t:|1728012259
|switch|p1a: Jirachi|Jirachi|41/100 par
|switch|p2a: Metagross|Metagross|76/100
|-damage|p2a: Metagross|64/100|[from] Spikes
|
|-weather|Sandstorm|[upkeep]
|-heal|p1a: Jirachi|48/100 par|[from] item: Leftovers
|upkeep
|turn|20
|
|t:|1728012275
|switch|p1a: Moltres|Moltres|100/100
|move|p2a: Metagross|Explosion|p1a: Moltres
|-damage|p1a: Moltres|0 fnt
|faint|p2a: Metagross
|faint|p1a: Moltres
|inactive|Garpachi has 180 seconds left.
|
|t:|1728012291
|switch|p1a: Flygon|Flygon, M|100/100
|switch|p2a: Heracross|Heracross, F|100/100
|-damage|p2a: Heracross|88/100|[from] Spikes
|
|-weather|Sandstorm|[upkeep]
|-damage|p2a: Heracross|82/100|[from] Sandstorm
|upkeep
|turn|21
|inactive|Garpachi has 180 seconds left.
|
|t:|1728012303
|move|p2a: Heracross|Megahorn|p1a: Flygon|[miss]
|-miss|p2a: Heracross|p1a: Flygon
|move|p1a: Flygon|Earthquake|p2a: Heracross
|-resisted|p2a: Heracross
|-damage|p2a: Heracross|59/100
|
|-weather|Sandstorm|[upkeep]
|-damage|p2a: Heracross|53/100|[from] Sandstorm
|upkeep
|turn|22
|inactive|Garpachi has 180 seconds left.
|
|t:|1728012314
|move|p2a: Heracross|Megahorn|p1a: Flygon
|-damage|p1a: Flygon|20/100
|move|p1a: Flygon|Earthquake|p2a: Heracross
|-resisted|p2a: Heracross
|-damage|p2a: Heracross|27/100
|
|-weather|Sandstorm|[upkeep]
|-damage|p2a: Heracross|21/100|[from] Sandstorm
|-heal|p1a: Flygon|26/100|[from] item: Leftovers
|upkeep
|turn|23
|c|☆I'm the Dome Ace|oh damn
|c|☆I'm the Dome Ace|not salac
|inactive|Garpachi has 180 seconds left.
|
|t:|1728012334
|switch|p2a: Celebi|Celebi|100/100
|-damage|p2a: Celebi|88/100|[from] Spikes
|move|p1a: Flygon|Protect||[still]
|-fail|p1a: Flygon
|
|-weather|Sandstorm|[upkeep]
|-damage|p2a: Celebi|82/100|[from] Sandstorm
|-heal|p2a: Celebi|88/100|[from] item: Leftovers
|-heal|p1a: Flygon|32/100|[from] item: Leftovers
|upkeep
|turn|24
|inactive|Garpachi has 180 seconds left.
|inactive|I'm the Dome Ace has 270 seconds left.
|
|t:|1728012367
|switch|p1a: Tyranitar|Tyranitar, F|100/100
|move|p2a: Celebi|Leech Seed|p1a: Tyranitar
|-start|p1a: Tyranitar|move: Leech Seed
|
|-weather|Sandstorm|[upkeep]
|-damage|p2a: Celebi|82/100|[from] Sandstorm
|-heal|p2a: Celebi|88/100|[from] item: Leftovers
|-damage|p1a: Tyranitar|88/100|[from] Leech Seed|[of] p2a: Celebi
|-heal|p2a: Celebi|100/100|[silent]
|upkeep
|turn|25
|inactive|Garpachi has 180 seconds left.
|
|t:|1728012386
|switch|p2a: Porygon2|Porygon2|76/100
|-damage|p2a: Porygon2|64/100|[from] Spikes
|-ability|p2a: Porygon2|Sand Stream|[from] ability: Trace|[of] p1a: Tyranitar
|move|p1a: Tyranitar|Crunch|p2a: Porygon2
|-damage|p2a: Porygon2|32/100
|
|-weather|Sandstorm|[upkeep]
|-damage|p2a: Porygon2|26/100|[from] Sandstorm
|-heal|p1a: Tyranitar|94/100|[from] item: Leftovers
|-damage|p1a: Tyranitar|82/100|[from] Leech Seed|[of] p2a: Porygon2
|-heal|p2a: Porygon2|39/100|[silent]
|-heal|p2a: Porygon2|45/100|[from] item: Leftovers
|upkeep
|turn|26
|
|t:|1728012413
|switch|p1a: Jirachi|Jirachi|48/100 par
|move|p2a: Porygon2|Recover|p2a: Porygon2
|-heal|p2a: Porygon2|95/100
|
|-weather|Sandstorm|[upkeep]
|-damage|p2a: Porygon2|89/100|[from] Sandstorm
|-heal|p2a: Porygon2|95/100|[from] item: Leftovers
|-heal|p1a: Jirachi|54/100 par|[from] item: Leftovers
|upkeep
|turn|27
|
|t:|1728012422
|switch|p2a: Tyranitar|Tyranitar, F|68/100
|-damage|p2a: Tyranitar|56/100|[from] Spikes
|move|p1a: Jirachi|Wish|p1a: Jirachi
|
|-weather|Sandstorm|[upkeep]
|-heal|p1a: Jirachi|60/100 par|[from] item: Leftovers
|upkeep
|turn|28
|inactive|Garpachi has 150 seconds left.
|
|t:|1728012468
|switch|p1a: Flygon|Flygon, M|32/100
|move|p2a: Tyranitar|Earthquake|p1a: Flygon
|-immune|p1a: Flygon
|
|-heal|p1a: Flygon|82/100|[from] move: Wish|[wisher] Jirachi
|-weather|Sandstorm|[upkeep]
|-heal|p1a: Flygon|88/100|[from] item: Leftovers
|upkeep
|turn|29
|
|t:|1728012480
|switch|p2a: Celebi|Celebi|100/100
|-damage|p2a: Celebi|88/100|[from] Spikes
|move|p1a: Flygon|Toxic|p2a: Celebi
|-status|p2a: Celebi|tox
|
|-weather|Sandstorm|[upkeep]
|-damage|p2a: Celebi|82/100 tox|[from] Sandstorm
|-heal|p2a: Celebi|88/100 tox|[from] item: Leftovers
|-damage|p2a: Celebi|82/100 tox|[from] psn
|-heal|p1a: Flygon|94/100|[from] item: Leftovers
|upkeep
|turn|30
|
|t:|1728012502
|move|p1a: Flygon|Protect|p1a: Flygon
|-singleturn|p1a: Flygon|Protect
|move|p2a: Celebi|Hidden Power|p1a: Flygon
|-activate|p1a: Flygon|Protect
|
|-weather|Sandstorm|[upkeep]
|-damage|p2a: Celebi|76/100 tox|[from] Sandstorm
|-heal|p2a: Celebi|82/100 tox|[from] item: Leftovers
|-damage|p2a: Celebi|70/100 tox|[from] psn
|-heal|p1a: Flygon|100/100|[from] item: Leftovers
|upkeep
|turn|31
|
|t:|1728012513
|-curestatus|p2a: Celebi|tox|[from] ability: Natural Cure
|switch|p2a: Porygon2|Porygon2|95/100
|-damage|p2a: Porygon2|83/100|[from] Spikes
|-ability|p2a: Porygon2|Levitate|[from] ability: Trace|[of] p1a: Flygon
|switch|p1a: Jirachi|Jirachi|60/100 par
|
|-weather|Sandstorm|[upkeep]
|-damage|p2a: Porygon2|77/100|[from] Sandstorm
|-heal|p2a: Porygon2|83/100|[from] item: Leftovers
|-heal|p1a: Jirachi|66/100 par|[from] item: Leftovers
|upkeep
|turn|32
|
|t:|1728012527
|move|p2a: Porygon2|Thunderbolt|p1a: Jirachi
|-damage|p1a: Jirachi|53/100 par
|move|p1a: Jirachi|Toxic|p2a: Porygon2
|-status|p2a: Porygon2|tox
|
|-weather|Sandstorm|[upkeep]
|-damage|p2a: Porygon2|77/100 tox|[from] Sandstorm
|-heal|p2a: Porygon2|83/100 tox|[from] item: Leftovers
|-damage|p2a: Porygon2|77/100 tox|[from] psn
|-heal|p1a: Jirachi|59/100 par|[from] item: Leftovers
|upkeep
|turn|33
|
|t:|1728012542
|switch|p2a: Celebi|Celebi|70/100
|-damage|p2a: Celebi|57/100|[from] Spikes
|move|p1a: Jirachi|Toxic|p2a: Celebi
|-status|p2a: Celebi|tox
|
|-weather|Sandstorm|[upkeep]
|-damage|p2a: Celebi|51/100 tox|[from] Sandstorm
|-heal|p2a: Celebi|57/100 tox|[from] item: Leftovers
|-damage|p2a: Celebi|51/100 tox|[from] psn
|-heal|p1a: Jirachi|65/100 par|[from] item: Leftovers
|upkeep
|turn|34
|
|t:|1728012552
|move|p2a: Celebi|Leech Seed|p1a: Jirachi|[miss]
|-miss|p2a: Celebi|p1a: Jirachi
|move|p1a: Jirachi|Wish|p1a: Jirachi
|
|-weather|Sandstorm|[upkeep]
|-damage|p2a: Celebi|45/100 tox|[from] Sandstorm
|-heal|p2a: Celebi|51/100 tox|[from] item: Leftovers
|-damage|p2a: Celebi|39/100 tox|[from] psn
|-heal|p1a: Jirachi|71/100 par|[from] item: Leftovers
|upkeep
|turn|35
|
|t:|1728012563
|-curestatus|p2a: Celebi|tox|[from] ability: Natural Cure
|switch|p2a: Tyranitar|Tyranitar, F|56/100
|-damage|p2a: Tyranitar|43/100|[from] Spikes
|move|p1a: Jirachi|Fire Punch|p2a: Tyranitar
|-resisted|p2a: Tyranitar
|-damage|p2a: Tyranitar|37/100
|
|-heal|p1a: Jirachi|100/100 par|[from] move: Wish|[wisher] Jirachi
|-weather|Sandstorm|[upkeep]
|upkeep
|turn|36
|inactive|Garpachi has 120 seconds left.
|
|t:|1728012613
|switch|p2a: Celebi|Celebi|39/100
|-damage|p2a: Celebi|26/100|[from] Spikes
|switch|p1a: Flygon|Flygon, M|100/100
|
|-weather|Sandstorm|[upkeep]
|-damage|p2a: Celebi|20/100|[from] Sandstorm
|-heal|p2a: Celebi|26/100|[from] item: Leftovers
|upkeep
|turn|37
|
|t:|1728012623
|switch|p1a: Jirachi|Jirachi|100/100 par
|move|p2a: Celebi|Leech Seed|p1a: Jirachi
|-start|p1a: Jirachi|move: Leech Seed
|
|-weather|Sandstorm|[upkeep]
|-damage|p2a: Celebi|20/100|[from] Sandstorm
|-heal|p2a: Celebi|26/100|[from] item: Leftovers
|-damage|p1a: Jirachi|88/100 par|[from] Leech Seed|[of] p2a: Celebi
|-heal|p2a: Celebi|39/100|[silent]
|upkeep
|turn|38
|
|t:|1728012641
|switch|p2a: Porygon2|Porygon2|77/100 tox
|-damage|p2a: Porygon2|65/100 tox|[from] Spikes
|-ability|p2a: Porygon2|Serene Grace|[from] ability: Trace|[of] p1a: Jirachi
|switch|p1a: Tyranitar|Tyranitar, F|82/100
|
|-weather|Sandstorm|[upkeep]
|-damage|p2a: Porygon2|59/100 tox|[from] Sandstorm
|-heal|p1a: Tyranitar|88/100|[from] item: Leftovers
|-heal|p2a: Porygon2|65/100 tox|[from] item: Leftovers
|-damage|p2a: Porygon2|59/100 tox|[from] psn
|upkeep
|turn|39
|
|t:|1728012654
|switch|p1a: Jirachi|Jirachi|88/100 par
|move|p2a: Porygon2|Ice Beam|p1a: Jirachi
|-resisted|p1a: Jirachi
|-damage|p1a: Jirachi|80/100 par
|
|-weather|Sandstorm|[upkeep]
|-damage|p2a: Porygon2|52/100 tox|[from] Sandstorm
|-heal|p2a: Porygon2|59/100 tox|[from] item: Leftovers
|-damage|p2a: Porygon2|46/100 tox|[from] psn
|-heal|p1a: Jirachi|87/100 par|[from] item: Leftovers
|upkeep
|turn|40
|inactive|Garpachi has 90 seconds left.
|
|t:|1728012672
|move|p2a: Porygon2|Recover|p2a: Porygon2
|-heal|p2a: Porygon2|96/100 tox
|move|p1a: Jirachi|Fire Punch|p2a: Porygon2
|-crit|p2a: Porygon2
|-damage|p2a: Porygon2|67/100 tox
|
|-weather|Sandstorm|[upkeep]
|-damage|p2a: Porygon2|61/100 tox|[from] Sandstorm
|-heal|p2a: Porygon2|67/100 tox|[from] item: Leftovers
|-damage|p2a: Porygon2|49/100 tox|[from] psn
|-heal|p1a: Jirachi|93/100 par|[from] item: Leftovers
|upkeep
|turn|41
|inactive|Garpachi has 90 seconds left.
|
|t:|1728012691
|switch|p2a: Tyranitar|Tyranitar, F|37/100
|-damage|p2a: Tyranitar|24/100|[from] Spikes
|move|p1a: Jirachi|Fire Punch|p2a: Tyranitar
|-resisted|p2a: Tyranitar
|-damage|p2a: Tyranitar|17/100
|
|-weather|Sandstorm|[upkeep]
|-heal|p1a: Jirachi|99/100 par|[from] item: Leftovers
|upkeep
|turn|42
|inactive|Garpachi has 90 seconds left.
|
|t:|1728012707
|switch|p1a: Flygon|Flygon, M|100/100
|move|p2a: Tyranitar|Earthquake|p1a: Flygon
|-immune|p1a: Flygon
|
|-weather|Sandstorm|[upkeep]
|upkeep
|turn|43
|
|t:|1728012718
|switch|p2a: Porygon2|Porygon2|49/100 tox
|-damage|p2a: Porygon2|37/100 tox|[from] Spikes
|-ability|p2a: Porygon2|Levitate|[from] ability: Trace|[of] p1a: Flygon
|move|p1a: Flygon|Rock Slide|p2a: Porygon2
|-damage|p2a: Porygon2|25/100 tox
|
|-weather|Sandstorm|[upkeep]
|-damage|p2a: Porygon2|18/100 tox|[from] Sandstorm
|-heal|p2a: Porygon2|25/100 tox|[from] item: Leftovers
|-damage|p2a: Porygon2|18/100 tox|[from] psn
|upkeep
|turn|44
|
|t:|1728012732
|switch|p1a: Jirachi|Jirachi|99/100 par
|switch|p2a: Heracross|Heracross, F|21/100
|-damage|p2a: Heracross|8/100|[from] Spikes
|
|-weather|Sandstorm|[upkeep]
|-damage|p2a: Heracross|2/100|[from] Sandstorm
|-heal|p1a: Jirachi|100/100 par|[from] item: Leftovers
|upkeep
|turn|45
|
|t:|1728012742
|switch|p1a: Gengar|Gengar, F|100/100
|move|p2a: Heracross|Megahorn|p1a: Gengar
|-resisted|p1a: Gengar
|-damage|p1a: Gengar|48/100
|
|-weather|Sandstorm|[upkeep]
|-damage|p1a: Gengar|42/100|[from] Sandstorm
|-damage|p2a: Heracross|0 fnt|[from] Sandstorm
|faint|p2a: Heracross
|-heal|p1a: Gengar|48/100|[from] item: Leftovers
|upkeep
|inactive|Garpachi has 60 seconds left.
|
|t:|1728012794
|switch|p2a: Celebi|Celebi|39/100
|-damage|p2a: Celebi|27/100|[from] Spikes
|turn|46
|
|t:|1728012806
|switch|p1a: Jirachi|Jirachi|100/100 par
|move|p2a: Celebi|Leech Seed|p1a: Jirachi
|-start|p1a: Jirachi|move: Leech Seed
|
|-weather|Sandstorm|[upkeep]
|-damage|p2a: Celebi|21/100|[from] Sandstorm
|-heal|p2a: Celebi|27/100|[from] item: Leftovers
|-damage|p1a: Jirachi|88/100 par|[from] Leech Seed|[of] p2a: Celebi
|-heal|p2a: Celebi|39/100|[silent]
|upkeep
|turn|47
|
|t:|1728012818
|switch|p2a: Porygon2|Porygon2|18/100 tox
|-damage|p2a: Porygon2|6/100 tox|[from] Spikes
|-ability|p2a: Porygon2|Serene Grace|[from] ability: Trace|[of] p1a: Jirachi
|move|p1a: Jirachi|Toxic|p2a: Porygon2
|-fail|p2a: Porygon2|tox
|
|-weather|Sandstorm|[upkeep]
|-damage|p2a: Porygon2|0 fnt|[from] Sandstorm
|faint|p2a: Porygon2
|-heal|p1a: Jirachi|94/100 par|[from] item: Leftovers
|upkeep
|
|t:|1728012829
|switch|p2a: Tyranitar|Tyranitar, F|17/100
|-damage|p2a: Tyranitar|5/100|[from] Spikes
|turn|48
|
|t:|1728012838
|switch|p1a: Flygon|Flygon, M|100/100
|move|p2a: Tyranitar|Dragon Dance|p2a: Tyranitar
|-boost|p2a: Tyranitar|atk|1
|-boost|p2a: Tyranitar|spe|1
|
|-weather|Sandstorm|[upkeep]
|upkeep
|turn|49
|
|t:|1728012845
|move|p2a: Tyranitar|Rock Slide|p1a: Flygon
|-resisted|p1a: Flygon
|-damage|p1a: Flygon|78/100
|move|p1a: Flygon|Earthquake|p2a: Tyranitar
|-supereffective|p2a: Tyranitar
|-damage|p2a: Tyranitar|0 fnt
|faint|p2a: Tyranitar
|
|t:|1728012852
|switch|p2a: Celebi|Celebi|39/100
|-damage|p2a: Celebi|27/100|[from] Spikes
|
|-weather|Sandstorm|[upkeep]
|-damage|p2a: Celebi|21/100|[from] Sandstorm
|-heal|p2a: Celebi|27/100|[from] item: Leftovers
|-heal|p1a: Flygon|84/100|[from] item: Leftovers
|upkeep
|turn|50
|c|☆Garpachi|well gg
|
|t:|1728012859
|move|p2a: Celebi|Hidden Power|p1a: Flygon
|-supereffective|p1a: Flygon
|-damage|p1a: Flygon|0 fnt
|faint|p1a: Flygon
|c|☆I'm the Dome Ace|ok it was ice lol
|c|☆Garpachi|thank you for letting me click hp ice
|c|☆I'm the Dome Ace|good thing i feared that earlier
|inactive|I'm the Dome Ace has 270 seconds left.
|inactive|I'm the Dome Ace disconnected and has 300 seconds to reconnect!
|player|p1|
|inactive|I'm the Dome Ace reconnected and has 270 seconds left.
|player|p1|I'm the Dome Ace|rancher|
|c|☆I'm the Dome Ace|funny time for my internet to cut
|c|☆I'm the Dome Ace|ggs
|
|t:|1728012914
|switch|p1a: Tyranitar|Tyranitar, F|88/100
|
|-weather|Sandstorm|[upkeep]
|-damage|p2a: Celebi|21/100|[from] Sandstorm
|-heal|p2a: Celebi|27/100|[from] item: Leftovers
|-heal|p1a: Tyranitar|94/100|[from] item: Leftovers
|upkeep
|turn|51
|inactive|Garpachi has 60 seconds left.
|
|t:|1728012928
|move|p2a: Celebi|Giga Drain|p1a: Tyranitar
|-supereffective|p1a: Tyranitar
|-crit|p1a: Tyranitar
|-damage|p1a: Tyranitar|11/100
|-heal|p2a: Celebi|70/100|[from] drain|[of] p1a: Tyranitar
|move|p1a: Tyranitar|Crunch|p2a: Celebi
|-supereffective|p2a: Celebi
|-damage|p2a: Celebi|3/100
|
|-weather|Sandstorm|[upkeep]
|-damage|p2a: Celebi|0 fnt|[from] Sandstorm
|faint|p2a: Celebi
|
|win|I'm the Dome Ace
|upkeep
|c|☆Garpachi|not even the crit could ave me
|c|☆Garpachi|gg

</script>
<script type="application/json" class="data" id="replaydata-smogtours-gen3ou-794501">
{"id":"smogtours-gen3ou-794501","format":"[Gen 3] OU","players":["I'm the Dome Ace","Garpachi"],"uploadtime":1728012928,"views":182,"formatid":"gen3ou","rating":null,"private":0,"password":null}
</script>

<script defer src="js/replays.js?9d40a366"></script>
