<!DOCTYPE html>
<meta charset="utf-8" />
<meta name="viewport" content="width=device-width" />

<title>[Gen 3] OU: wiilink100 vs. venik777 - Replays - Pok&eacute;mon Showdown!</title>

<meta name="description" content="Watch a replay of a Pok&eacute;mon battle between wiilink100 and venik777! Format: [Gen 3] OU; Date: Oct 10, 2024" />
<!--

Hey, you! Looking in the source for the replay log?

You can find them in JSON format, just add `.json` at the end of a replay URL.

https://replay.pokemonshowdown.com/gen7randomdoublesbattle-865046831.json

Or, if you only need the log itself, add `.log` instead:

https://replay.pokemonshowdown.com/gen7randomdoublesbattle-865046831.log

-->

<link rel="stylesheet" href="//pokemonshowdown.com/style/global.css?0.023195364461161105" />
<link rel="stylesheet" href="//play.pokemonshowdown.com/style/font-awesome.css?0.13261647063804238" />
<link rel="stylesheet" href="//play.pokemonshowdown.com/style/battle.css?0.8753245789963631" />
<link rel="stylesheet" href="//play.pokemonshowdown.com/style/utilichart.css?0.8627959624976733" />

<!-- Global site tag (gtag.js) - Google Analytics -->
<script async src="https://www.googletagmanager.com/gtag/js?id=UA-26211653-1"></script>
<script>
  window.dataLayer = window.dataLayer || [];
  function gtag(){dataLayer.push(arguments);}
  gtag('js', new Date());

  gtag('config', 'UA-26211653-1');
</script>
<!-- End Google Analytics -->
<!-- Venatus Ad Manager - Install in <HEAD> of page -->
	<script src="https://hb.vntsm.com/v3/live/ad-manager.min.js" type="text/javascript" data-site-id="642aba63ec9a7b11c3c9c1be" data-mode="scan" async></script>
<!-- / Venatus Ad Manager -->

<style>
	@media (max-width:820px) {
		.battle {
			margin: 0 auto;
		}
		.battle-log {
			margin: 7px auto 0;
			max-width: 640px;
			height: 300px;
			position: static;
		}
	}
	.optgroup {
		display: inline-block;
		line-height: 22px;
		font-size: 10pt;
	}
	.optgroup .button {
		height: 25px;
		padding-top: 0;
		padding-bottom: 0;
	}
	.optgroup button.button {
		padding-left: 12px;
		padding-right: 12px;
	}
	.linklist {
		list-style: none;
		margin: 0.5em 0;
		padding: 0;
	}
	.linklist li {
		padding: 2px 0;
	}
	.sidebar {
		float: left;
		width: 320px;
	}
	.bar-wrapper {
		max-width: 1100px;
		margin: 0 auto;
	}
	.bar-wrapper.has-sidebar {
		max-width: 1430px;
	}
	.mainbar {
		margin: 0;
		padding-right: 1px;
	}
	.mainbar.has-sidebar {
		margin-left: 330px;
	}
	@media (min-width: 1511px) {
		.sidebar {
			width: 400px;
		}
		.bar-wrapper.has-sidebar {
			max-width: 1510px;
		}
		.mainbar.has-sidebar {
			margin-left: 410px;
		}
	}
	.section.first-section {
		margin-top: 9px;
	}
	.blocklink small {
		white-space: normal;
	}
	.button {
		vertical-align: middle;
	}
	.replay-controls {
		padding-top: 10px;
	}
	.replay-controls h1 {
		font-size: 16pt;
		font-weight: normal;
		color: #CCC;
	}
	.pagelink {
		text-align: center;
	}
	.pagelink a {
		width: 150px;
	}
	.textbox, .button {
		font-size: 11pt;
		vertical-align: middle;
	}
	@media (max-width: 450px) {
		.button {
			font-size: 9pt;
		}
	}
</style>

<div>

	<header>
		<div class="nav-wrapper"><ul class="nav">
			<li><a class="button nav-first" href="//pokemonshowdown.com/"><img src="//pokemonshowdown.com/images/pokemonshowdownbeta.png" srcset="//pokemonshowdown.com/images/pokemonshowdownbeta.png 1x, //pokemonshowdown.com/images/pokemonshowdownbeta@2x.png 2x" alt="Pok&eacute;mon Showdown" width="146" height="44" /> Home</a></li>
			<li><a class="button" href="//pokemonshowdown.com/dex/">Pok&eacute;dex</a></li>
			<li><a class="button cur" href="/">Replays</a></li>
			<li><a class="button" href="//pokemonshowdown.com/ladder/">Ladder</a></li>
			<li><a class="button nav-last" href="//pokemonshowdown.com/forums/">Forum</a></li>
			<li><a class="button greenbutton nav-first nav-last" href="//play.pokemonshowdown.com/">Play</a></li>
		</ul></div>
	</header>

	<div class="main" id="main">

		<noscript><section class="section">You need to enable JavaScript to use this page; sorry!</section></noscript>

	</div>

</div>

<script defer nomodule src="//play.pokemonshowdown.com/js/lib/ps-polyfill.js"></script>
<script defer src="//play.pokemonshowdown.com/js/lib/preact.min.js"></script>

<script defer src="//play.pokemonshowdown.com/config/config.js?2bddbc15"></script>
<script defer src="//play.pokemonshowdown.com/js/lib/jquery-1.11.0.min.js"></script>
<script defer src="//play.pokemonshowdown.com/js/lib/html-sanitizer-minified.js"></script>
<script defer src="//play.pokemonshowdown.com/js/battle-sound.js"></script>
<script defer src="//play.pokemonshowdown.com/js/battledata.js?0.7209276989879541"></script>
<script defer src="//play.pokemonshowdown.com/data/pokedex-mini.js?0.6111056340867951"></script>
<script defer src="//play.pokemonshowdown.com/data/pokedex-mini-bw.js?0.3532142036491459"></script>
<script defer src="//play.pokemonshowdown.com/data/graphics.js?0.24223875632456182"></script>
<script defer src="//play.pokemonshowdown.com/data/pokedex.js?0.38839984266356864"></script>
<script defer src="//play.pokemonshowdown.com/data/moves.js?0.21866028504024015"></script>
<script defer src="//play.pokemonshowdown.com/data/abilities.js?0.2005157953846628"></script>
<script defer src="//play.pokemonshowdown.com/data/items.js?0.9894211263848525"></script>
<script defer src="//play.pokemonshowdown.com/data/teambuilder-tables.js?0.6008791140282215"></script>
<script defer src="//play.pokemonshowdown.com/js/battle-tooltips.js?0.7580118955022959"></script>
<script defer src="//play.pokemonshowdown.com/js/battle.js?0.6057722274234274"></script>

<script defer src="js/utils.js?e31f9a17"></script>
<script defer src="js/replays-battle.js?7008c182"></script>

<!-- don't scrape this data! just add .json or .log after the URL!
Full API docs: https://github.com/smogon/pokemon-showdown-client/blob/master/WEB-API.md -->
<script type="text/plain" class="log" id="replaylog-smogtours-gen3ou-796933">
|inactive|Battle timer is ON: inactive players will automatically lose when time's up.
|t:|1728581874
|gametype|singles
|player|p1|wiilink100|265|
|player|p2|venik777|1|
|teamsize|p1|6
|teamsize|p2|6
|gen|3
|tier|[Gen 3] OU
|rule|Sleep Clause Mod: Limit one foe put to sleep
|rule|Switch Priority Clause Mod: Faster Pokémon switch first
|rule|Species Clause: Limit one of each Pokémon
|rule|OHKO Clause: OHKO moves are banned
|rule|Evasion Items Clause: Evasion items are banned
|rule|Evasion Moves Clause: Evasion moves are banned
|rule|Endless Battle Clause: Forcing endless battles is banned
|rule|HP Percentage Mod: HP is shown in percentages
|rule|One Boost Passer Clause: Limit one Baton Passer that has a way to boost its stats
|rule|Freeze Clause Mod: Limit one foe frozen
|
|t:|1728581874
|start
|switch|p1a: Skarmory|Skarmory, F|100/100
|switch|p2a: T1W1B|Jirachi|100/100
|turn|1
|
|t:|1728581889
|switch|p1a: Swampert|Swampert, F|100/100
|move|p2a: T1W1B|Dynamic Punch|p1a: Swampert
|-damage|p1a: Swampert|85/100
|-start|p1a: Swampert|confusion
|
|-heal|p1a: Swampert|91/100|[from] item: Leftovers
|upkeep
|turn|2
|inactive|venik777 has 270 seconds left.
|c|☆wiilink100|gl hf
|c|☆venik777|ыфьу
|inactive|venik777 has 240 seconds left.
|
|t:|1728581952
|switch|p2a: Repriloid|Skarmory, F|100/100
|switch|p1a: Gengar|Gengar, F|100/100
|
|upkeep
|turn|3
|inactive|venik777 has 240 seconds left.
|inactive|venik777 has 210 seconds left.
|
|t:|1728581999
|switch|p2a: wsrikushka🎀|Blissey, F|100/100
|move|p1a: Gengar|Will-O-Wisp|p2a: wsrikushka🎀
|-status|p2a: wsrikushka🎀|brn
|
|-damage|p2a: wsrikushka🎀|88/100 brn|[from] brn
|upkeep
|turn|4
|inactive|venik777 has 210 seconds left.
|
|t:|1728582026
|switch|p1a: Skarmory|Skarmory, F|100/100
|move|p2a: wsrikushka🎀|Thunderbolt|p1a: Skarmory
|-supereffective|p1a: Skarmory
|-damage|p1a: Skarmory|52/100
|
|-heal|p1a: Skarmory|58/100|[from] item: Leftovers
|-heal|p2a: wsrikushka🎀|94/100 brn|[from] item: Leftovers
|-damage|p2a: wsrikushka🎀|82/100 brn|[from] brn
|upkeep
|turn|5
|inactive|venik777 has 180 seconds left.
|
|t:|1728582049
|move|p1a: Skarmory|Spikes|p2a: wsrikushka🎀
|-sidestart|p2: venik777|Spikes
|move|p2a: wsrikushka🎀|Calm Mind|p2a: wsrikushka🎀
|-boost|p2a: wsrikushka🎀|spa|1
|-boost|p2a: wsrikushka🎀|spd|1
|
|-heal|p1a: Skarmory|64/100|[from] item: Leftovers
|-heal|p2a: wsrikushka🎀|88/100 brn|[from] item: Leftovers
|-damage|p2a: wsrikushka🎀|75/100 brn|[from] brn
|upkeep
|turn|6
|inactive|venik777 has 180 seconds left.
|
|t:|1728582084
|switch|p1a: Swampert|Swampert, F|91/100
|move|p2a: wsrikushka🎀|Thunderbolt|p1a: Swampert
|-immune|p1a: Swampert
|
|-heal|p1a: Swampert|97/100|[from] item: Leftovers
|-heal|p2a: wsrikushka🎀|82/100 brn|[from] item: Leftovers
|-damage|p2a: wsrikushka🎀|69/100 brn|[from] brn
|upkeep
|turn|7
|
|t:|1728582091
|-curestatus|p2a: wsrikushka🎀|brn|[from] ability: Natural Cure
|switch|p2a: Repriloid|Skarmory, F|100/100
|move|p1a: Swampert|Earthquake|p2a: Repriloid
|-immune|p2a: Repriloid
|
|-heal|p1a: Swampert|100/100|[from] item: Leftovers
|upkeep
|turn|8
|
|t:|1728582096
|switch|p1a: Starmie|Starmie|100/100
|move|p2a: Repriloid|Roar|p1a: Starmie
|drag|p1a: Blissey|Blissey, F|100/100
|
|upkeep
|turn|9
|
|t:|1728582108
|move|p2a: Repriloid|Taunt|p1a: Blissey
|-start|p1a: Blissey|move: Taunt
|move|p1a: Blissey|Fire Blast|p2a: Repriloid
|-supereffective|p2a: Repriloid
|-damage|p2a: Repriloid|39/100
|
|-heal|p2a: Repriloid|45/100|[from] item: Leftovers
|upkeep
|turn|10
|inactive|venik777 has 150 seconds left.
|
|t:|1728582157
|switch|p1a: Starmie|Starmie|100/100
|move|p2a: Repriloid|Roar|p1a: Starmie
|drag|p1a: Gengar|Gengar, F|100/100
|
|-heal|p2a: Repriloid|51/100|[from] item: Leftovers
|upkeep
|turn|11
|inactive|venik777 has 120 seconds left.
|inactive|venik777 has 90 seconds left.
|
|t:|1728582226
|switch|p2a: jozin457|Swampert, F|100/100
|-damage|p2a: jozin457|88/100|[from] Spikes
|move|p1a: Gengar|Will-O-Wisp|p2a: jozin457|[miss]
|-miss|p1a: Gengar|p2a: jozin457
|
|-heal|p2a: jozin457|94/100|[from] item: Leftovers
|upkeep
|turn|12
|
|t:|1728582250
|move|p1a: Gengar|Will-O-Wisp|p2a: jozin457
|-status|p2a: jozin457|brn
|move|p2a: jozin457|Hydro Pump|p1a: Gengar|[miss]
|-miss|p2a: jozin457|p1a: Gengar
|
|-heal|p2a: jozin457|100/100 brn|[from] item: Leftovers
|-damage|p2a: jozin457|88/100 brn|[from] brn
|upkeep
|turn|13
|inactive|venik777 has 60 seconds left.
|
|t:|1728582282
|switch|p1a: Blissey|Blissey, F|100/100
|switch|p2a: wsrikushka🎀|Blissey, F|69/100
|-damage|p2a: wsrikushka🎀|57/100|[from] Spikes
|
|-heal|p2a: wsrikushka🎀|63/100|[from] item: Leftovers
|upkeep
|turn|14
|
|t:|1728582296
|move|p2a: wsrikushka🎀|Calm Mind|p2a: wsrikushka🎀
|-boost|p2a: wsrikushka🎀|spa|1
|-boost|p2a: wsrikushka🎀|spd|1
|move|p1a: Blissey|Toxic|p2a: wsrikushka🎀
|-status|p2a: wsrikushka🎀|tox
|
|-heal|p2a: wsrikushka🎀|69/100 tox|[from] item: Leftovers
|-damage|p2a: wsrikushka🎀|63/100 tox|[from] psn
|upkeep
|turn|15
|
|t:|1728582315
|-curestatus|p2a: wsrikushka🎀|tox|[from] ability: Natural Cure
|switch|p2a: Egor|Charizard, F|100/100
|switch|p1a: Swampert|Swampert, F|100/100
|
|upkeep
|turn|16
|inactive|venik777 has 30 seconds left.
|inactive|venik777 has 20 seconds left.
|
|t:|1728582355
|move|p2a: Egor|Hidden Power|p1a: Swampert
|-supereffective|p1a: Swampert
|-damage|p1a: Swampert|28/100
|move|p1a: Swampert|Hydro Pump|p2a: Egor
|-supereffective|p2a: Egor
|-damage|p2a: Egor|0 fnt
|faint|p2a: Egor
|inactive|venik777 has 25 seconds left this turn.
|inactive|venik777 has 20 seconds left.
|inactive|venik777 has 15 seconds left.
|
|t:|1728582368
|switch|p2a: T1W1B|Jirachi|100/100
|-damage|p2a: T1W1B|88/100|[from] Spikes
|
|-heal|p2a: T1W1B|94/100|[from] item: Leftovers
|-heal|p1a: Swampert|34/100|[from] item: Leftovers
|upkeep
|turn|17
|inactive|venik777 has 25 seconds left this turn.
|inactive|venik777 has 20 seconds left.
|inactive|venik777 has 15 seconds left.
|inactive|venik777 has 10 seconds left.
|
|t:|1728582385
|move|p1a: Swampert|Protect|p1a: Swampert
|-singleturn|p1a: Swampert|Protect
|move|p2a: T1W1B|Ice Punch|p1a: Swampert
|-activate|p1a: Swampert|Protect
|
|-heal|p2a: T1W1B|99/100|[from] item: Leftovers
|-heal|p1a: Swampert|40/100|[from] item: Leftovers
|upkeep
|turn|18
|inactive|venik777 has 20 seconds left this turn.
|inactive|venik777 has 15 seconds left.
|
|t:|1728582392
|switch|p1a: Gengar|Gengar, F|100/100
|move|p2a: T1W1B|Hidden Power|p1a: Gengar
|-resisted|p1a: Gengar
|-damage|p1a: Gengar|88/100
|
|-heal|p1a: Gengar|94/100|[from] item: Leftovers
|-heal|p2a: T1W1B|100/100|[from] item: Leftovers
|upkeep
|turn|19
|inactive|venik777 has 25 seconds left this turn.
|inactive|venik777 has 20 seconds left.
|
|t:|1728582401
|switch|p2a: wsrikushka🎀|Blissey, F|63/100
|-damage|p2a: wsrikushka🎀|50/100|[from] Spikes
|move|p1a: Gengar|Will-O-Wisp|p2a: wsrikushka🎀
|-status|p2a: wsrikushka🎀|brn
|
|-heal|p1a: Gengar|99/100|[from] item: Leftovers
|-heal|p2a: wsrikushka🎀|57/100 brn|[from] item: Leftovers
|-damage|p2a: wsrikushka🎀|44/100 brn|[from] brn
|upkeep
|turn|20
|inactive|venik777 has 30 seconds left this turn.
|
|t:|1728582407
|switch|p1a: Swampert|Swampert, F|40/100
|move|p2a: wsrikushka🎀|Soft-Boiled|p2a: wsrikushka🎀
|-heal|p2a: wsrikushka🎀|94/100 brn
|
|-heal|p1a: Swampert|46/100|[from] item: Leftovers
|-heal|p2a: wsrikushka🎀|99/100 brn|[from] item: Leftovers
|-damage|p2a: wsrikushka🎀|88/100 brn|[from] brn
|upkeep
|turn|21
|
|t:|1728582413
|-curestatus|p2a: wsrikushka🎀|brn|[from] ability: Natural Cure
|switch|p2a: Repriloid|Skarmory, F|51/100
|move|p1a: Swampert|Earthquake|p2a: Repriloid
|-immune|p2a: Repriloid
|
|-heal|p2a: Repriloid|57/100|[from] item: Leftovers
|-heal|p1a: Swampert|53/100|[from] item: Leftovers
|upkeep
|turn|22
|
|t:|1728582428
|switch|p1a: Starmie|Starmie|100/100
|move|p2a: Repriloid|Drill Peck|p1a: Starmie
|-damage|p1a: Starmie|64/100
|
|-heal|p1a: Starmie|70/100|[from] item: Leftovers
|-heal|p2a: Repriloid|63/100|[from] item: Leftovers
|upkeep
|turn|23
|
|t:|1728582435
|switch|p2a: wsrikushka🎀|Blissey, F|88/100
|-damage|p2a: wsrikushka🎀|75/100|[from] Spikes
|move|p1a: Starmie|Thunderbolt|p2a: wsrikushka🎀
|-damage|p2a: wsrikushka🎀|65/100
|
|-heal|p1a: Starmie|76/100|[from] item: Leftovers
|-heal|p2a: wsrikushka🎀|71/100|[from] item: Leftovers
|upkeep
|turn|24
|inactive|venik777 has 30 seconds left.
|inactive|venik777 has 20 seconds left.
|inactive|venik777 has 15 seconds left.
|
|t:|1728582471
|switch|p1a: Tyranitar|Tyranitar, F|100/100
|-weather|Sandstorm|[from] ability: Sand Stream|[of] p1a: Tyranitar
|switch|p2a: T1W1B|Jirachi|100/100
|-damage|p2a: T1W1B|88/100|[from] Spikes
|
|-weather|Sandstorm|[upkeep]
|-heal|p2a: T1W1B|94/100|[from] item: Leftovers
|upkeep
|turn|25
|inactive|venik777 has 25 seconds left this turn.
|inactive|venik777 has 20 seconds left.
|inactive|venik777 has 15 seconds left.
|
|t:|1728582483
|switch|p1a: Gengar|Gengar, F|99/100
|move|p2a: T1W1B|Dynamic Punch|p1a: Gengar
|-immune|p1a: Gengar
|
|-weather|Sandstorm|[upkeep]
|-damage|p1a: Gengar|94/100|[from] Sandstorm
|-heal|p1a: Gengar|99/100|[from] item: Leftovers
|-heal|p2a: T1W1B|99/100|[from] item: Leftovers
|upkeep
|turn|26
|inactive|venik777 has 25 seconds left this turn.
|inactive|venik777 has 20 seconds left.
|
|t:|1728582493
|switch|p2a: wsrikushka🎀|Blissey, F|71/100
|-damage|p2a: wsrikushka🎀|59/100|[from] Spikes
|move|p1a: Gengar|Will-O-Wisp|p2a: wsrikushka🎀
|-status|p2a: wsrikushka🎀|brn
|
|-weather|Sandstorm|[upkeep]
|-damage|p1a: Gengar|94/100|[from] Sandstorm
|-damage|p2a: wsrikushka🎀|53/100 brn|[from] Sandstorm
|-heal|p1a: Gengar|99/100|[from] item: Leftovers
|-heal|p2a: wsrikushka🎀|59/100 brn|[from] item: Leftovers
|-damage|p2a: wsrikushka🎀|46/100 brn|[from] brn
|upkeep
|turn|27
|inactive|venik777 has 30 seconds left this turn.
|
|t:|1728582501
|switch|p1a: Swampert|Swampert, F|53/100
|move|p2a: wsrikushka🎀|Soft-Boiled|p2a: wsrikushka🎀
|-heal|p2a: wsrikushka🎀|96/100 brn
|
|-weather|Sandstorm|[upkeep]
|-damage|p2a: wsrikushka🎀|90/100 brn|[from] Sandstorm
|-heal|p1a: Swampert|59/100|[from] item: Leftovers
|-heal|p2a: wsrikushka🎀|96/100 brn|[from] item: Leftovers
|-damage|p2a: wsrikushka🎀|84/100 brn|[from] brn
|upkeep
|turn|28
|inactive|venik777 has 30 seconds left.
|
|t:|1728582511
|-curestatus|p2a: wsrikushka🎀|brn|[from] ability: Natural Cure
|switch|p2a: Repriloid|Skarmory, F|63/100
|move|p1a: Swampert|Hydro Pump|p2a: Repriloid|[miss]
|-miss|p1a: Swampert|p2a: Repriloid
|
|-weather|Sandstorm|[upkeep]
|-heal|p2a: Repriloid|69/100|[from] item: Leftovers
|-heal|p1a: Swampert|65/100|[from] item: Leftovers
|upkeep
|turn|29
|inactive|venik777 has 30 seconds left.
|inactive|venik777 has 20 seconds left.
|inactive|venik777 has 15 seconds left.
|inactive|venik777 has 10 seconds left.
|
|t:|1728582537
|switch|p1a: Tyranitar|Tyranitar, F|100/100
|move|p2a: Repriloid|Drill Peck|p1a: Tyranitar
|-resisted|p1a: Tyranitar
|-damage|p1a: Tyranitar|91/100
|
|-weather|Sandstorm|[upkeep]
|-heal|p2a: Repriloid|75/100|[from] item: Leftovers
|-heal|p1a: Tyranitar|97/100|[from] item: Leftovers
|upkeep
|turn|30
|inactive|venik777 has 20 seconds left this turn.
|inactive|venik777 has 15 seconds left.
|
|t:|1728582546
|-singleturn|p1a: Tyranitar|move: Focus Punch
|move|p1a: Tyranitar|Focus Punch|p2a: Repriloid
|-damage|p2a: Repriloid|35/100
|move|p2a: Repriloid|Roar|p1a: Tyranitar
|drag|p1a: Gengar|Gengar, F|99/100
|
|-weather|Sandstorm|[upkeep]
|-damage|p1a: Gengar|94/100|[from] Sandstorm
|-heal|p1a: Gengar|99/100|[from] item: Leftovers
|-heal|p2a: Repriloid|41/100|[from] item: Leftovers
|upkeep
|turn|31
|inactive|venik777 has 25 seconds left this turn.
|inactive|venik777 has 20 seconds left.
|inactive|venik777 has 15 seconds left.
|
|t:|1728582558
|switch|p2a: wsrikushka🎀|Blissey, F|84/100
|-damage|p2a: wsrikushka🎀|71/100|[from] Spikes
|move|p1a: Gengar|Will-O-Wisp|p2a: wsrikushka🎀
|-status|p2a: wsrikushka🎀|brn
|
|-weather|Sandstorm|[upkeep]
|-damage|p1a: Gengar|94/100|[from] Sandstorm
|-damage|p2a: wsrikushka🎀|65/100 brn|[from] Sandstorm
|-heal|p1a: Gengar|99/100|[from] item: Leftovers
|-heal|p2a: wsrikushka🎀|71/100 brn|[from] item: Leftovers
|-damage|p2a: wsrikushka🎀|59/100 brn|[from] brn
|upkeep
|turn|32
|inactive|venik777 has 25 seconds left this turn.
|
|t:|1728582563
|move|p1a: Gengar|Explosion|p2a: wsrikushka🎀
|-damage|p2a: wsrikushka🎀|0 fnt
|faint|p1a: Gengar
|faint|p2a: wsrikushka🎀
|inactive|venik777 has 30 seconds left.
|
|t:|1728582572
|switch|p1a: Blissey|Blissey, F|100/100
|switch|p2a: T1W1B|Jirachi|99/100
|-damage|p2a: T1W1B|88/100|[from] Spikes
|
|-weather|Sandstorm|[upkeep]
|-damage|p1a: Blissey|94/100|[from] Sandstorm
|-heal|p2a: T1W1B|94/100|[from] item: Leftovers
|-heal|p1a: Blissey|100/100|[from] item: Leftovers
|upkeep
|turn|33
|inactive|venik777 has 30 seconds left.
|
|t:|1728582586
|move|p2a: T1W1B|Dynamic Punch|p1a: Blissey|[miss]
|-miss|p2a: T1W1B|p1a: Blissey
|move|p1a: Blissey|Fire Blast|p2a: T1W1B
|-supereffective|p2a: T1W1B
|-damage|p2a: T1W1B|19/100
|
|-weather|Sandstorm|[upkeep]
|-damage|p1a: Blissey|94/100|[from] Sandstorm
|-heal|p2a: T1W1B|25/100|[from] item: Leftovers
|-heal|p1a: Blissey|100/100|[from] item: Leftovers
|upkeep
|turn|34
|inactive|venik777 has 30 seconds left.
|inactive|venik777 has 20 seconds left.
|
|t:|1728582607
|move|p2a: T1W1B|Dynamic Punch|p1a: Blissey|[miss]
|-miss|p2a: T1W1B|p1a: Blissey
|move|p1a: Blissey|Fire Blast|p2a: T1W1B
|-supereffective|p2a: T1W1B
|-damage|p2a: T1W1B|0 fnt
|faint|p2a: T1W1B
|inactive|venik777 has 25 seconds left this turn.
|inactive|venik777 has 20 seconds left.
|inactive|venik777 has 15 seconds left.
|inactive|venik777 has 10 seconds left.
|inactive|venik777 has 5 seconds left.
|
|t:|1728582628
|switch|p2a: Repriloid|Skarmory, F|41/100
|
|-weather|Sandstorm|[upkeep]
|-damage|p1a: Blissey|94/100|[from] Sandstorm
|-heal|p2a: Repriloid|47/100|[from] item: Leftovers
|-heal|p1a: Blissey|100/100|[from] item: Leftovers
|upkeep
|turn|35
|inactive|venik777 has 15 seconds left this turn.
|
|t:|1728582633
|move|p2a: Repriloid|Taunt|p1a: Blissey
|-start|p1a: Blissey|move: Taunt
|move|p1a: Blissey|Fire Blast|p2a: Repriloid
|-supereffective|p2a: Repriloid
|-damage|p2a: Repriloid|0 fnt
|faint|p2a: Repriloid
|inactive|venik777 has 20 seconds left this turn.
|
|t:|1728582635
|switch|p2a: lampochka|Tyranitar, M|100/100
|-damage|p2a: lampochka|88/100|[from] Spikes
|
|-weather|Sandstorm|[upkeep]
|-damage|p1a: Blissey|94/100|[from] Sandstorm
|-heal|p2a: lampochka|94/100|[from] item: Leftovers
|-heal|p1a: Blissey|100/100|[from] item: Leftovers
|upkeep
|turn|36
|inactive|venik777 has 30 seconds left this turn.
|
|t:|1728582646
|switch|p1a: Skarmory|Skarmory, F|64/100
|move|p2a: lampochka|Dragon Dance|p2a: lampochka
|-boost|p2a: lampochka|atk|1
|-boost|p2a: lampochka|spe|1
|
|-weather|Sandstorm|[upkeep]
|-heal|p2a: lampochka|100/100|[from] item: Leftovers
|-heal|p1a: Skarmory|70/100|[from] item: Leftovers
|upkeep
|turn|37
|inactive|venik777 has 30 seconds left.
|
|t:|1728582663
|move|p2a: lampochka|Rock Slide|p1a: Skarmory
|-damage|p1a: Skarmory|27/100
|move|p1a: Skarmory|Roar|p2a: lampochka
|drag|p2a: jozin457|Swampert, F|88/100 brn
|-damage|p2a: jozin457|76/100 brn|[from] Spikes
|
|-weather|Sandstorm|[upkeep]
|-heal|p1a: Skarmory|33/100|[from] item: Leftovers
|-heal|p2a: jozin457|82/100 brn|[from] item: Leftovers
|-damage|p2a: jozin457|69/100 brn|[from] brn
|upkeep
|turn|38
|inactive|venik777 has 30 seconds left.
|
|t:|1728582675
|switch|p1a: Blissey|Blissey, F|100/100
|switch|p2a: lampochka|Tyranitar, M|100/100
|-damage|p2a: lampochka|88/100|[from] Spikes
|
|-weather|Sandstorm|[upkeep]
|-damage|p1a: Blissey|94/100|[from] Sandstorm
|-heal|p2a: lampochka|94/100|[from] item: Leftovers
|-heal|p1a: Blissey|100/100|[from] item: Leftovers
|upkeep
|turn|39
|inactive|venik777 has 30 seconds left.
|inactive|venik777 has 20 seconds left.
|
|t:|1728582692
|move|p2a: lampochka|Dragon Dance|p2a: lampochka
|-boost|p2a: lampochka|atk|1
|-boost|p2a: lampochka|spe|1
|move|p1a: Blissey|Toxic|p2a: lampochka
|-status|p2a: lampochka|tox
|
|-weather|Sandstorm|[upkeep]
|-damage|p1a: Blissey|94/100|[from] Sandstorm
|-heal|p2a: lampochka|100/100 tox|[from] item: Leftovers
|-damage|p2a: lampochka|94/100 tox|[from] psn
|-heal|p1a: Blissey|100/100|[from] item: Leftovers
|upkeep
|turn|40
|inactive|venik777 has 30 seconds left this turn.
|
|t:|1728582700
|switch|p1a: Swampert|Swampert, F|65/100
|move|p2a: lampochka|Dragon Dance|p2a: lampochka
|-boost|p2a: lampochka|atk|1
|-boost|p2a: lampochka|spe|1
|
|-weather|Sandstorm|[upkeep]
|-heal|p2a: lampochka|100/100 tox|[from] item: Leftovers
|-damage|p2a: lampochka|88/100 tox|[from] psn
|-heal|p1a: Swampert|71/100|[from] item: Leftovers
|upkeep
|turn|41
|inactive|venik777 has 30 seconds left.
|inactive|venik777 has 20 seconds left.
|inactive|venik777 has 15 seconds left.
|
|t:|1728582728
|move|p2a: lampochka|Earthquake|p1a: Swampert
|-damage|p1a: Swampert|18/100
|move|p1a: Swampert|Hydro Pump|p2a: lampochka
|-supereffective|p2a: lampochka
|-damage|p2a: lampochka|0 fnt
|faint|p2a: lampochka
|inactive|venik777 has 20 seconds left this turn.
|
|t:|1728582731
|switch|p2a: jozin457|Swampert, F|69/100 brn
|-damage|p2a: jozin457|57/100 brn|[from] Spikes
|
|-weather|Sandstorm|[upkeep]
|-heal|p1a: Swampert|25/100|[from] item: Leftovers
|-heal|p2a: jozin457|63/100 brn|[from] item: Leftovers
|-damage|p2a: jozin457|51/100 brn|[from] brn
|upkeep
|turn|42
|inactive|venik777 has 30 seconds left this turn.
|
|t:|1728582735
|move|p1a: Swampert|Protect|p1a: Swampert
|-singleturn|p1a: Swampert|Protect
|move|p2a: jozin457|Hydro Pump|p1a: Swampert
|-activate|p1a: Swampert|Protect
|
|-weather|Sandstorm|[upkeep]
|-heal|p1a: Swampert|31/100|[from] item: Leftovers
|-heal|p2a: jozin457|57/100 brn|[from] item: Leftovers
|-damage|p2a: jozin457|45/100 brn|[from] brn
|upkeep
|turn|43
|
|t:|1728582741
|switch|p1a: Blissey|Blissey, F|100/100
|move|p2a: jozin457|Hydro Pump|p1a: Blissey
|-damage|p1a: Blissey|85/100
|
|-weather|Sandstorm|[upkeep]
|-damage|p1a: Blissey|79/100|[from] Sandstorm
|-heal|p1a: Blissey|85/100|[from] item: Leftovers
|-heal|p2a: jozin457|51/100 brn|[from] item: Leftovers
|-damage|p2a: jozin457|38/100 brn|[from] brn
|upkeep
|turn|44
|
|t:|1728582751
|move|p1a: Blissey|Soft-Boiled|p1a: Blissey
|-heal|p1a: Blissey|100/100
|move|p2a: jozin457|Ice Beam|p1a: Blissey
|-damage|p1a: Blissey|93/100
|
|-weather|Sandstorm|[upkeep]
|-damage|p1a: Blissey|87/100|[from] Sandstorm
|-heal|p1a: Blissey|93/100|[from] item: Leftovers
|-heal|p2a: jozin457|45/100 brn|[from] item: Leftovers
|-damage|p2a: jozin457|32/100 brn|[from] brn
|upkeep
|turn|45
|
|t:|1728582756
|move|p1a: Blissey|Soft-Boiled|p1a: Blissey
|-heal|p1a: Blissey|100/100
|move|p2a: jozin457|Ice Beam|p1a: Blissey
|-damage|p1a: Blissey|92/100
|
|-weather|Sandstorm|[upkeep]
|-damage|p1a: Blissey|86/100|[from] Sandstorm
|-heal|p1a: Blissey|92/100|[from] item: Leftovers
|-heal|p2a: jozin457|38/100 brn|[from] item: Leftovers
|-damage|p2a: jozin457|26/100 brn|[from] brn
|upkeep
|turn|46
|inactive|venik777 has 60 seconds left.
|
|t:|1728582765
|move|p1a: Blissey|Ice Beam|p2a: jozin457
|-damage|p2a: jozin457|3/100 brn
|move|p2a: jozin457|Ice Beam|p1a: Blissey
|-damage|p1a: Blissey|84/100
|
|-weather|Sandstorm|[upkeep]
|-damage|p1a: Blissey|78/100|[from] Sandstorm
|-heal|p1a: Blissey|84/100|[from] item: Leftovers
|-heal|p2a: jozin457|9/100 brn|[from] item: Leftovers
|-damage|p2a: jozin457|0 fnt|[from] brn
|faint|p2a: jozin457
|
|win|wiilink100
|upkeep
|c|☆venik777|wp
|c|☆wiilink100|gg wp

</script>
<script type="application/json" class="data" id="replaydata-smogtours-gen3ou-796933">
{"id":"smogtours-gen3ou-796933","format":"[Gen 3] OU","players":["wiilink100","venik777"],"uploadtime":1728582765,"views":100,"formatid":"gen3ou","rating":null,"private":0,"password":null}
</script>

<script defer src="js/replays.js?9d40a366"></script>
