<!DOCTYPE html>
<meta charset="utf-8" />
<meta name="viewport" content="width=device-width" />

<title>[Gen 3] OU: zxgzxg vs. cow xi - Replays - Pok&eacute;mon Showdown!</title>

<meta name="description" content="Watch a replay of a Pok&eacute;mon battle between zxgzxg and cow xi! Format: [Gen 3] OU; Date: Oct 24, 2024" />
<!--

Hey, you! Looking in the source for the replay log?

You can find them in JSON format, just add `.json` at the end of a replay URL.

https://replay.pokemonshowdown.com/gen7randomdoublesbattle-865046831.json

Or, if you only need the log itself, add `.log` instead:

https://replay.pokemonshowdown.com/gen7randomdoublesbattle-865046831.log

-->

<link rel="stylesheet" href="//pokemonshowdown.com/style/global.css?0.767286132409787" />
<link rel="stylesheet" href="//play.pokemonshowdown.com/style/font-awesome.css?0.9266228007934947" />
<link rel="stylesheet" href="//play.pokemonshowdown.com/style/battle.css?0.7924700842790926" />
<link rel="stylesheet" href="//play.pokemonshowdown.com/style/utilichart.css?0.8777417872839479" />

<!-- Global site tag (gtag.js) - Google Analytics -->
<script async src="https://www.googletagmanager.com/gtag/js?id=UA-26211653-1"></script>
<script>
  window.dataLayer = window.dataLayer || [];
  function gtag(){dataLayer.push(arguments);}
  gtag('js', new Date());

  gtag('config', 'UA-26211653-1');
</script>
<!-- End Google Analytics -->
<!-- Venatus Ad Manager - Install in <HEAD> of page -->
	<script src="https://hb.vntsm.com/v3/live/ad-manager.min.js" type="text/javascript" data-site-id="642aba63ec9a7b11c3c9c1be" data-mode="scan" async></script>
<!-- / Venatus Ad Manager -->

<style>
	@media (max-width:820px) {
		.battle {
			margin: 0 auto;
		}
		.battle-log {
			margin: 7px auto 0;
			max-width: 640px;
			height: 300px;
			position: static;
		}
	}
	.optgroup {
		display: inline-block;
		line-height: 22px;
		font-size: 10pt;
	}
	.optgroup .button {
		height: 25px;
		padding-top: 0;
		padding-bottom: 0;
	}
	.optgroup button.button {
		padding-left: 12px;
		padding-right: 12px;
	}
	.linklist {
		list-style: none;
		margin: 0.5em 0;
		padding: 0;
	}
	.linklist li {
		padding: 2px 0;
	}
	.sidebar {
		float: left;
		width: 320px;
	}
	.bar-wrapper {
		max-width: 1100px;
		margin: 0 auto;
	}
	.bar-wrapper.has-sidebar {
		max-width: 1430px;
	}
	.mainbar {
		margin: 0;
		padding-right: 1px;
	}
	.mainbar.has-sidebar {
		margin-left: 330px;
	}
	@media (min-width: 1511px) {
		.sidebar {
			width: 400px;
		}
		.bar-wrapper.has-sidebar {
			max-width: 1510px;
		}
		.mainbar.has-sidebar {
			margin-left: 410px;
		}
	}
	.section.first-section {
		margin-top: 9px;
	}
	.blocklink small {
		white-space: normal;
	}
	.button {
		vertical-align: middle;
	}
	.replay-controls {
		padding-top: 10px;
	}
	.replay-controls h1 {
		font-size: 16pt;
		font-weight: normal;
		color: #CCC;
	}
	.pagelink {
		text-align: center;
	}
	.pagelink a {
		width: 150px;
	}
	.textbox, .button {
		font-size: 11pt;
		vertical-align: middle;
	}
	@media (max-width: 450px) {
		.button {
			font-size: 9pt;
		}
	}
</style>

<div>

	<header>
		<div class="nav-wrapper"><ul class="nav">
			<li><a class="button nav-first" href="//pokemonshowdown.com/"><img src="//pokemonshowdown.com/images/pokemonshowdownbeta.png" srcset="//pokemonshowdown.com/images/pokemonshowdownbeta.png 1x, //pokemonshowdown.com/images/pokemonshowdownbeta@2x.png 2x" alt="Pok&eacute;mon Showdown" width="146" height="44" /> Home</a></li>
			<li><a class="button" href="//pokemonshowdown.com/dex/">Pok&eacute;dex</a></li>
			<li><a class="button cur" href="/">Replays</a></li>
			<li><a class="button" href="//pokemonshowdown.com/ladder/">Ladder</a></li>
			<li><a class="button nav-last" href="//pokemonshowdown.com/forums/">Forum</a></li>
			<li><a class="button greenbutton nav-first nav-last" href="//play.pokemonshowdown.com/">Play</a></li>
		</ul></div>
	</header>

	<div class="main" id="main">

		<noscript><section class="section">You need to enable JavaScript to use this page; sorry!</section></noscript>

	</div>

</div>

<script defer nomodule src="//play.pokemonshowdown.com/js/lib/ps-polyfill.js"></script>
<script defer src="//play.pokemonshowdown.com/js/lib/preact.min.js"></script>

<script defer src="//play.pokemonshowdown.com/config/config.js?6dec07f6"></script>
<script defer src="//play.pokemonshowdown.com/js/lib/jquery-1.11.0.min.js"></script>
<script defer src="//play.pokemonshowdown.com/js/lib/html-sanitizer-minified.js"></script>
<script defer src="//play.pokemonshowdown.com/js/battle-sound.js"></script>
<script defer src="//play.pokemonshowdown.com/js/battledata.js?0.6315294753075389"></script>
<script defer src="//play.pokemonshowdown.com/data/pokedex-mini.js?0.7603743185311358"></script>
<script defer src="//play.pokemonshowdown.com/data/pokedex-mini-bw.js?0.030888842834281283"></script>
<script defer src="//play.pokemonshowdown.com/data/graphics.js?0.05593094747507488"></script>
<script defer src="//play.pokemonshowdown.com/data/pokedex.js?0.47064822249611904"></script>
<script defer src="//play.pokemonshowdown.com/data/moves.js?0.8583693120512459"></script>
<script defer src="//play.pokemonshowdown.com/data/abilities.js?0.16017181182386842"></script>
<script defer src="//play.pokemonshowdown.com/data/items.js?0.4163379185673943"></script>
<script defer src="//play.pokemonshowdown.com/data/teambuilder-tables.js?0.31075597372830477"></script>
<script defer src="//play.pokemonshowdown.com/js/battle-tooltips.js?0.6536193500708172"></script>
<script defer src="//play.pokemonshowdown.com/js/battle.js?0.1916591943277901"></script>

<script defer src="js/utils.js?e31f9a17"></script>
<script defer src="js/replays-battle.js?7008c182"></script>

<!-- don't scrape this data! just add .json or .log after the URL!
Full API docs: https://github.com/smogon/pokemon-showdown-client/blob/master/WEB-API.md -->
<script type="text/plain" class="log" id="replaylog-smogtours-gen3ou-801617">
|inactive|Battle timer is ON: inactive players will automatically lose when time's up.
|t:|1729798861
|gametype|singles
|player|p1|zxgzxg|102|
|player|p2|cow xi|lucas|
|teamsize|p1|6
|teamsize|p2|6
|gen|3
|tier|[Gen 3] OU
|rule|Sleep Clause Mod: Limit one foe put to sleep
|rule|Switch Priority Clause Mod: Faster Pokémon switch first
|rule|Species Clause: Limit one of each Pokémon
|rule|OHKO Clause: OHKO moves are banned
|rule|Evasion Items Clause: Evasion items are banned
|rule|Evasion Moves Clause: Evasion moves are banned
|rule|Endless Battle Clause: Forcing endless battles is banned
|rule|HP Percentage Mod: HP is shown in percentages
|rule|One Boost Passer Clause: Limit one Baton Passer that has a way to boost its stats
|rule|Freeze Clause Mod: Limit one foe frozen
|
|t:|1729798861
|start
|switch|p1a: Man in the Mirror|Skarmory, F|100/100
|switch|p2a: Tyranitar|Tyranitar, F|100/100
|-weather|Sandstorm|[from] ability: Sand Stream|[of] p2a: Tyranitar
|turn|1
|c|☆cow xi|gl
|c|☆zxgzxg|u2
|
|t:|1729798884
|move|p1a: Man in the Mirror|Spikes|p2a: Tyranitar
|-sidestart|p2: cow xi|Spikes
|move|p2a: Tyranitar|Fire Blast|p1a: Man in the Mirror
|-supereffective|p1a: Man in the Mirror
|-damage|p1a: Man in the Mirror|36/100
|
|-weather|Sandstorm|[upkeep]
|-heal|p1a: Man in the Mirror|42/100|[from] item: Leftovers
|upkeep
|turn|2
|
|t:|1729798892
|move|p1a: Man in the Mirror|Toxic|p2a: Tyranitar
|-status|p2a: Tyranitar|tox
|move|p2a: Tyranitar|Fire Blast|p1a: Man in the Mirror
|-supereffective|p1a: Man in the Mirror
|-damage|p1a: Man in the Mirror|0 fnt
|faint|p1a: Man in the Mirror
|
|t:|1729798898
|switch|p1a: Metallica|Metagross|100/100
|
|-weather|Sandstorm|[upkeep]
|-damage|p2a: Tyranitar|94/100 tox|[from] psn
|upkeep
|turn|3
|
|t:|1729798905
|switch|p2a: Skarmory|Skarmory, M|100/100
|move|p1a: Metallica|Meteor Mash|p2a: Skarmory
|-resisted|p2a: Skarmory
|-damage|p2a: Skarmory|78/100
|
|-weather|Sandstorm|[upkeep]
|-heal|p2a: Skarmory|84/100|[from] item: Leftovers
|upkeep
|turn|4
|
|t:|1729798915
|move|p2a: Skarmory|Spikes|p1a: Metallica
|-sidestart|p1: zxgzxg|Spikes
|move|p1a: Metallica|Explosion|p2a: Skarmory
|-resisted|p2a: Skarmory
|-damage|p2a: Skarmory|16/100
|faint|p1a: Metallica
|
|t:|1729798922
|switch|p1a: Greatful Dead|Aerodactyl, F|100/100
|
|-weather|Sandstorm|[upkeep]
|-heal|p2a: Skarmory|22/100|[from] item: Leftovers
|upkeep
|turn|5
|
|t:|1729798925
|move|p2a: Skarmory|Protect|p2a: Skarmory
|-singleturn|p2a: Skarmory|Protect
|move|p1a: Greatful Dead|Rock Slide|p2a: Skarmory
|-activate|p2a: Skarmory|Protect
|
|-weather|Sandstorm|[upkeep]
|-heal|p2a: Skarmory|28/100|[from] item: Leftovers
|upkeep
|turn|6
|
|t:|1729798930
|switch|p2a: Flygon|Flygon, M|100/100
|move|p1a: Greatful Dead|Rock Slide|p2a: Flygon
|-resisted|p2a: Flygon
|-damage|p2a: Flygon|78/100
|
|-weather|Sandstorm|[upkeep]
|-heal|p2a: Flygon|84/100|[from] item: Leftovers
|upkeep
|turn|7
|
|t:|1729798934
|switch|p1a: Beach Boy|Swampert, F|100/100
|-damage|p1a: Beach Boy|88/100|[from] Spikes
|move|p2a: Flygon|Toxic|p1a: Beach Boy
|-status|p1a: Beach Boy|tox
|
|-weather|Sandstorm|[upkeep]
|-heal|p2a: Flygon|90/100|[from] item: Leftovers
|-heal|p1a: Beach Boy|94/100 tox|[from] item: Leftovers
|-damage|p1a: Beach Boy|88/100 tox|[from] psn
|upkeep
|turn|8
|
|t:|1729798942
|switch|p2a: Gyarados|Gyarados, M|100/100
|-ability|p2a: Gyarados|Intimidate|boost
|-unboost|p1a: Beach Boy|atk|1
|move|p1a: Beach Boy|Ice Beam|p2a: Gyarados
|-damage|p2a: Gyarados|75/100
|
|-weather|Sandstorm|[upkeep]
|-damage|p2a: Gyarados|69/100|[from] Sandstorm
|-heal|p2a: Gyarados|75/100|[from] item: Leftovers
|-heal|p1a: Beach Boy|94/100 tox|[from] item: Leftovers
|-damage|p1a: Beach Boy|82/100 tox|[from] psn
|upkeep
|turn|9
|
|t:|1729798953
|switch|p1a: Baby Face|Snorlax, M|100/100
|-damage|p1a: Baby Face|88/100|[from] Spikes
|move|p2a: Gyarados|Earthquake|p1a: Baby Face
|-damage|p1a: Baby Face|60/100
|
|-weather|Sandstorm|[upkeep]
|-damage|p2a: Gyarados|69/100|[from] Sandstorm
|-damage|p1a: Baby Face|53/100|[from] Sandstorm
|-heal|p2a: Gyarados|75/100|[from] item: Leftovers
|-heal|p1a: Baby Face|60/100|[from] item: Leftovers
|upkeep
|turn|10
|
|t:|1729798961
|switch|p2a: Skarmory|Skarmory, M|28/100
|move|p1a: Baby Face|Body Slam|p2a: Skarmory
|-resisted|p2a: Skarmory
|-damage|p2a: Skarmory|15/100
|
|-weather|Sandstorm|[upkeep]
|-damage|p1a: Baby Face|53/100|[from] Sandstorm
|-heal|p2a: Skarmory|21/100|[from] item: Leftovers
|-heal|p1a: Baby Face|60/100|[from] item: Leftovers
|upkeep
|turn|11
|
|t:|1729798966
|move|p2a: Skarmory|Protect|p2a: Skarmory
|-singleturn|p2a: Skarmory|Protect
|move|p1a: Baby Face|Body Slam|p2a: Skarmory
|-activate|p2a: Skarmory|Protect
|
|-weather|Sandstorm|[upkeep]
|-damage|p1a: Baby Face|53/100|[from] Sandstorm
|-heal|p2a: Skarmory|27/100|[from] item: Leftovers
|-heal|p1a: Baby Face|60/100|[from] item: Leftovers
|upkeep
|turn|12
|
|t:|1729798973
|move|p2a: Skarmory|Spikes|p1a: Baby Face
|-sidestart|p1: zxgzxg|Spikes
|move|p1a: Baby Face|Body Slam|p2a: Skarmory
|-resisted|p2a: Skarmory
|-damage|p2a: Skarmory|12/100
|
|-weather|Sandstorm|[upkeep]
|-damage|p1a: Baby Face|53/100|[from] Sandstorm
|-heal|p2a: Skarmory|18/100|[from] item: Leftovers
|-heal|p1a: Baby Face|60/100|[from] item: Leftovers
|upkeep
|turn|13
|
|t:|1729798978
|switch|p1a: Beach Boy|Swampert, F|82/100 tox
|-damage|p1a: Beach Boy|66/100 tox|[from] Spikes
|move|p2a: Skarmory|Protect||[still]
|-fail|p2a: Skarmory
|
|-weather|Sandstorm|[upkeep]
|-heal|p1a: Beach Boy|72/100 tox|[from] item: Leftovers
|-damage|p1a: Beach Boy|66/100 tox|[from] psn
|-heal|p2a: Skarmory|24/100|[from] item: Leftovers
|upkeep
|turn|14
|
|t:|1729798982
|move|p2a: Skarmory|Protect|p2a: Skarmory
|-singleturn|p2a: Skarmory|Protect
|move|p1a: Beach Boy|Hydro Pump|p2a: Skarmory
|-activate|p2a: Skarmory|Protect
|
|-weather|Sandstorm|[upkeep]
|-heal|p1a: Beach Boy|72/100 tox|[from] item: Leftovers
|-damage|p1a: Beach Boy|59/100 tox|[from] psn
|-heal|p2a: Skarmory|30/100|[from] item: Leftovers
|upkeep
|turn|15
|
|t:|1729798988
|switch|p2a: Gyarados|Gyarados, M|75/100
|-ability|p2a: Gyarados|Intimidate|boost
|-unboost|p1a: Beach Boy|atk|1
|move|p1a: Beach Boy|Hydro Pump|p2a: Gyarados|[miss]
|-miss|p1a: Beach Boy|p2a: Gyarados
|
|-weather|Sandstorm|[upkeep]
|-damage|p2a: Gyarados|69/100|[from] Sandstorm
|-heal|p2a: Gyarados|75/100|[from] item: Leftovers
|-heal|p1a: Beach Boy|66/100 tox|[from] item: Leftovers
|-damage|p1a: Beach Boy|47/100 tox|[from] psn
|upkeep
|turn|16
|
|t:|1729798993
|move|p2a: Gyarados|Dragon Dance|p2a: Gyarados
|-boost|p2a: Gyarados|atk|1
|-boost|p2a: Gyarados|spe|1
|move|p1a: Beach Boy|Hydro Pump|p2a: Gyarados
|-resisted|p2a: Gyarados
|-crit|p2a: Gyarados
|-damage|p2a: Gyarados|27/100
|
|-weather|Sandstorm|[upkeep]
|-damage|p2a: Gyarados|21/100|[from] Sandstorm
|-heal|p2a: Gyarados|27/100|[from] item: Leftovers
|-heal|p1a: Beach Boy|53/100 tox|[from] item: Leftovers
|-damage|p1a: Beach Boy|29/100 tox|[from] psn
|upkeep
|turn|17
|
|t:|1729799001
|move|p2a: Gyarados|Earthquake|p1a: Beach Boy
|-damage|p1a: Beach Boy|0 fnt
|faint|p1a: Beach Boy
|
|t:|1729799004
|switch|p1a: Baby Face|Snorlax, M|60/100
|-damage|p1a: Baby Face|43/100|[from] Spikes
|
|-weather|Sandstorm|[upkeep]
|-damage|p2a: Gyarados|21/100|[from] Sandstorm
|-damage|p1a: Baby Face|37/100|[from] Sandstorm
|-heal|p2a: Gyarados|27/100|[from] item: Leftovers
|-heal|p1a: Baby Face|43/100|[from] item: Leftovers
|upkeep
|turn|18
|
|t:|1729799011
|move|p2a: Gyarados|Earthquake|p1a: Baby Face
|-damage|p1a: Baby Face|2/100
|move|p1a: Baby Face|Body Slam|p2a: Gyarados
|-damage|p2a: Gyarados|0 fnt
|faint|p2a: Gyarados
|
|t:|1729799016
|switch|p2a: Flygon|Flygon, M|90/100
|
|-weather|Sandstorm|[upkeep]
|-damage|p1a: Baby Face|0 fnt|[from] Sandstorm
|faint|p1a: Baby Face
|-heal|p2a: Flygon|96/100|[from] item: Leftovers
|upkeep
|
|t:|1729799019
|switch|p1a: Greatful Dead|Aerodactyl, F|100/100
|turn|19
|
|t:|1729799023
|move|p1a: Greatful Dead|Double-Edge|p2a: Flygon
|-damage|p2a: Flygon|55/100
|move|p2a: Flygon|Rock Slide|p1a: Greatful Dead
|-supereffective|p1a: Greatful Dead
|-damage|p1a: Greatful Dead|40/100
|
|-weather|Sandstorm|[upkeep]
|-heal|p2a: Flygon|61/100|[from] item: Leftovers
|upkeep
|turn|20
|
|t:|1729799028
|move|p2a: Flygon|Protect|p2a: Flygon
|-singleturn|p2a: Flygon|Protect
|move|p1a: Greatful Dead|Double-Edge|p2a: Flygon
|-activate|p2a: Flygon|Protect
|
|-weather|Sandstorm|[upkeep]
|-heal|p2a: Flygon|67/100|[from] item: Leftovers
|upkeep
|turn|21
|
|t:|1729799030
|move|p1a: Greatful Dead|Double-Edge|p2a: Flygon
|-damage|p2a: Flygon|25/100
|move|p2a: Flygon|Rock Slide|p1a: Greatful Dead
|-supereffective|p1a: Greatful Dead
|-damage|p1a: Greatful Dead|0 fnt
|faint|p1a: Greatful Dead
|
|t:|1729799032
|switch|p1a: Little Feet|Tyranitar, M|100/100
|-damage|p1a: Little Feet|84/100|[from] Spikes
|
|-weather|Sandstorm|[upkeep]
|-heal|p2a: Flygon|31/100|[from] item: Leftovers
|upkeep
|turn|22
|
|t:|1729799038
|move|p2a: Flygon|Earthquake|p1a: Little Feet
|-supereffective|p1a: Little Feet
|-damage|p1a: Little Feet|22/100
|move|p1a: Little Feet|Dragon Dance|p1a: Little Feet
|-boost|p1a: Little Feet|atk|1
|-boost|p1a: Little Feet|spe|1
|
|-weather|Sandstorm|[upkeep]
|-heal|p2a: Flygon|37/100|[from] item: Leftovers
|upkeep
|turn|23
|
|t:|1729799043
|move|p1a: Little Feet|Rock Slide|p2a: Flygon
|-resisted|p2a: Flygon
|-damage|p2a: Flygon|9/100
|move|p2a: Flygon|Earthquake|p1a: Little Feet
|-supereffective|p1a: Little Feet
|-damage|p1a: Little Feet|0 fnt
|faint|p1a: Little Feet
|
|win|cow xi
|c|☆cow xi|gg
|c|☆zxgzxg|ghg
|player|p2|

</script>
<script type="application/json" class="data" id="replaydata-smogtours-gen3ou-801617">
{"id":"smogtours-gen3ou-801617","format":"[Gen 3] OU","players":["zxgzxg","cow xi"],"uploadtime":1729799043,"views":107,"formatid":"gen3ou","rating":null,"private":0,"password":null}
</script>

<script defer src="js/replays.js?9d40a366"></script>
