<!DOCTYPE html>
<meta charset="utf-8" />
<meta name="viewport" content="width=device-width" />

<title>[Gen 3] OU: singingcrow vs. Genexys - Replays - Pok&eacute;mon Showdown!</title>

<meta name="description" content="Watch a replay of a Pok&eacute;mon battle between singingcrow and Genexys! Format: [Gen 3] OU; Date: Nov 7, 2024" />
<!--

Hey, you! Looking in the source for the replay log?

You can find them in JSON format, just add `.json` at the end of a replay URL.

https://replay.pokemonshowdown.com/gen7randomdoublesbattle-865046831.json

Or, if you only need the log itself, add `.log` instead:

https://replay.pokemonshowdown.com/gen7randomdoublesbattle-865046831.log

-->

<link rel="stylesheet" href="//pokemonshowdown.com/style/global.css?0.023195364461161105" />
<link rel="stylesheet" href="//play.pokemonshowdown.com/style/font-awesome.css?0.13261647063804238" />
<link rel="stylesheet" href="//play.pokemonshowdown.com/style/battle.css?0.8753245789963631" />
<link rel="stylesheet" href="//play.pokemonshowdown.com/style/utilichart.css?0.8627959624976733" />

<!-- Global site tag (gtag.js) - Google Analytics -->
<script async src="https://www.googletagmanager.com/gtag/js?id=UA-26211653-1"></script>
<script>
  window.dataLayer = window.dataLayer || [];
  function gtag(){dataLayer.push(arguments);}
  gtag('js', new Date());

  gtag('config', 'UA-26211653-1');
</script>
<!-- End Google Analytics -->
<!-- Venatus Ad Manager - Install in <HEAD> of page -->
	<script src="https://hb.vntsm.com/v3/live/ad-manager.min.js" type="text/javascript" data-site-id="642aba63ec9a7b11c3c9c1be" data-mode="scan" async></script>
<!-- / Venatus Ad Manager -->

<style>
	@media (max-width:820px) {
		.battle {
			margin: 0 auto;
		}
		.battle-log {
			margin: 7px auto 0;
			max-width: 640px;
			height: 300px;
			position: static;
		}
	}
	.optgroup {
		display: inline-block;
		line-height: 22px;
		font-size: 10pt;
	}
	.optgroup .button {
		height: 25px;
		padding-top: 0;
		padding-bottom: 0;
	}
	.optgroup button.button {
		padding-left: 12px;
		padding-right: 12px;
	}
	.linklist {
		list-style: none;
		margin: 0.5em 0;
		padding: 0;
	}
	.linklist li {
		padding: 2px 0;
	}
	.sidebar {
		float: left;
		width: 320px;
	}
	.bar-wrapper {
		max-width: 1100px;
		margin: 0 auto;
	}
	.bar-wrapper.has-sidebar {
		max-width: 1430px;
	}
	.mainbar {
		margin: 0;
		padding-right: 1px;
	}
	.mainbar.has-sidebar {
		margin-left: 330px;
	}
	@media (min-width: 1511px) {
		.sidebar {
			width: 400px;
		}
		.bar-wrapper.has-sidebar {
			max-width: 1510px;
		}
		.mainbar.has-sidebar {
			margin-left: 410px;
		}
	}
	.section.first-section {
		margin-top: 9px;
	}
	.blocklink small {
		white-space: normal;
	}
	.button {
		vertical-align: middle;
	}
	.replay-controls {
		padding-top: 10px;
	}
	.replay-controls h1 {
		font-size: 16pt;
		font-weight: normal;
		color: #CCC;
	}
	.pagelink {
		text-align: center;
	}
	.pagelink a {
		width: 150px;
	}
	.textbox, .button {
		font-size: 11pt;
		vertical-align: middle;
	}
	@media (max-width: 450px) {
		.button {
			font-size: 9pt;
		}
	}
</style>

<div>

	<header>
		<div class="nav-wrapper"><ul class="nav">
			<li><a class="button nav-first" href="//pokemonshowdown.com/"><img src="//pokemonshowdown.com/images/pokemonshowdownbeta.png" srcset="//pokemonshowdown.com/images/pokemonshowdownbeta.png 1x, //pokemonshowdown.com/images/pokemonshowdownbeta@2x.png 2x" alt="Pok&eacute;mon Showdown" width="146" height="44" /> Home</a></li>
			<li><a class="button" href="//pokemonshowdown.com/dex/">Pok&eacute;dex</a></li>
			<li><a class="button cur" href="/">Replays</a></li>
			<li><a class="button" href="//pokemonshowdown.com/ladder/">Ladder</a></li>
			<li><a class="button nav-last" href="//pokemonshowdown.com/forums/">Forum</a></li>
			<li><a class="button greenbutton nav-first nav-last" href="//play.pokemonshowdown.com/">Play</a></li>
		</ul></div>
	</header>

	<div class="main" id="main">

		<noscript><section class="section">You need to enable JavaScript to use this page; sorry!</section></noscript>

	</div>

</div>

<script defer nomodule src="//play.pokemonshowdown.com/js/lib/ps-polyfill.js"></script>
<script defer src="//play.pokemonshowdown.com/js/lib/preact.min.js"></script>

<script defer src="//play.pokemonshowdown.com/config/config.js?2bddbc15"></script>
<script defer src="//play.pokemonshowdown.com/js/lib/jquery-1.11.0.min.js"></script>
<script defer src="//play.pokemonshowdown.com/js/lib/html-sanitizer-minified.js"></script>
<script defer src="//play.pokemonshowdown.com/js/battle-sound.js"></script>
<script defer src="//play.pokemonshowdown.com/js/battledata.js?0.7209276989879541"></script>
<script defer src="//play.pokemonshowdown.com/data/pokedex-mini.js?0.6111056340867951"></script>
<script defer src="//play.pokemonshowdown.com/data/pokedex-mini-bw.js?0.3532142036491459"></script>
<script defer src="//play.pokemonshowdown.com/data/graphics.js?0.24223875632456182"></script>
<script defer src="//play.pokemonshowdown.com/data/pokedex.js?0.38839984266356864"></script>
<script defer src="//play.pokemonshowdown.com/data/moves.js?0.21866028504024015"></script>
<script defer src="//play.pokemonshowdown.com/data/abilities.js?0.2005157953846628"></script>
<script defer src="//play.pokemonshowdown.com/data/items.js?0.9894211263848525"></script>
<script defer src="//play.pokemonshowdown.com/data/teambuilder-tables.js?0.6008791140282215"></script>
<script defer src="//play.pokemonshowdown.com/js/battle-tooltips.js?0.7580118955022959"></script>
<script defer src="//play.pokemonshowdown.com/js/battle.js?0.6057722274234274"></script>

<script defer src="js/utils.js?e31f9a17"></script>
<script defer src="js/replays-battle.js?7008c182"></script>

<!-- don't scrape this data! just add .json or .log after the URL!
Full API docs: https://github.com/smogon/pokemon-showdown-client/blob/master/WEB-API.md -->
<script type="text/plain" class="log" id="replaylog-smogtours-gen3ou-805166">
|inactive|Battle timer is ON: inactive players will automatically lose when time's up.
|t:|1731017078
|gametype|singles
|player|p1|singingcrow|hiker-gen4|
|player|p2|Genexys|ghetsis|
|teamsize|p1|6
|teamsize|p2|6
|gen|3
|tier|[Gen 3] OU
|rule|Sleep Clause Mod: Limit one foe put to sleep
|rule|Switch Priority Clause Mod: Faster Pokémon switch first
|rule|Species Clause: Limit one of each Pokémon
|rule|OHKO Clause: OHKO moves are banned
|rule|Evasion Items Clause: Evasion items are banned
|rule|Evasion Moves Clause: Evasion moves are banned
|rule|Endless Battle Clause: Forcing endless battles is banned
|rule|HP Percentage Mod: HP is shown in percentages
|rule|One Boost Passer Clause: Limit one Baton Passer that has a way to boost its stats
|rule|Freeze Clause Mod: Limit one foe frozen
|
|t:|1731017078
|start
|switch|p1a: Hariyama|Hariyama, F|100/100
|switch|p2a: Hariyamaha|Hariyama, M|100/100
|turn|1
|c|☆Genexys|glhf
|c|☆Genexys|epic
|c|☆singingcrow|did you save an upload the replay?
|c|☆Genexys|i did
|inactive|singingcrow has 270 seconds left.
|
|t:|1731017112
|move|p1a: Hariyama|Knock Off|p2a: Hariyamaha
|-resisted|p2a: Hariyamaha
|-damage|p2a: Hariyamaha|99/100
|-enditem|p2a: Hariyamaha|Leftovers|[from] move: Knock Off|[of] p1a: Hariyama
|-hint|In Gens 3-4, Knock Off only makes the target's item unusable; it cannot obtain a new item.
|move|p2a: Hariyamaha|Knock Off|p1a: Hariyama
|-resisted|p1a: Hariyama
|-damage|p1a: Hariyama|99/100
|-enditem|p1a: Hariyama|Leftovers|[from] move: Knock Off|[of] p2a: Hariyamaha
|
|upkeep
|turn|2
|
|t:|1731017117
|switch|p2a: Infinite Rotation|Starmie|100/100
|move|p1a: Hariyama|Whirlwind|p2a: Infinite Rotation
|drag|p2a: snarky fellow|Skarmory, M|100/100
|
|upkeep
|turn|3
|
|t:|1731017120
|move|p2a: snarky fellow|Spikes|p1a: Hariyama
|-sidestart|p1: singingcrow|Spikes
|move|p1a: Hariyama|Knock Off|p2a: snarky fellow
|-resisted|p2a: snarky fellow
|-damage|p2a: snarky fellow|99/100
|-enditem|p2a: snarky fellow|Leftovers|[from] move: Knock Off|[of] p1a: Hariyama
|
|upkeep
|turn|4
|
|t:|1731017126
|switch|p2a: Infinite Rotation|Starmie|100/100
|move|p1a: Hariyama|Brick Break|p2a: Infinite Rotation
|-resisted|p2a: Infinite Rotation
|-damage|p2a: Infinite Rotation|81/100
|
|-heal|p2a: Infinite Rotation|88/100|[from] item: Leftovers
|upkeep
|turn|5
|
|t:|1731017128
|move|p2a: Infinite Rotation|Surf|p1a: Hariyama
|-damage|p1a: Hariyama|76/100
|move|p1a: Hariyama|Knock Off|p2a: Infinite Rotation
|-supereffective|p2a: Infinite Rotation
|-damage|p2a: Infinite Rotation|83/100
|-enditem|p2a: Infinite Rotation|Leftovers|[from] move: Knock Off|[of] p1a: Hariyama
|
|upkeep
|turn|6
|
|t:|1731017132
|move|p2a: Infinite Rotation|Surf|p1a: Hariyama
|-damage|p1a: Hariyama|51/100
|move|p1a: Hariyama|Brick Break|p2a: Infinite Rotation
|-resisted|p2a: Infinite Rotation
|-damage|p2a: Infinite Rotation|65/100
|
|upkeep
|turn|7
|
|t:|1731017136
|move|p2a: Infinite Rotation|Surf|p1a: Hariyama
|-crit|p1a: Hariyama
|-damage|p1a: Hariyama|2/100
|move|p1a: Hariyama|Rest|p1a: Hariyama
|-status|p1a: Hariyama|slp|[from] move: Rest
|-heal|p1a: Hariyama|100/100 slp|[silent]
|
|upkeep
|turn|8
|
|t:|1731017147
|switch|p1a: Blissey|Blissey, F|100/100
|-damage|p1a: Blissey|88/100|[from] Spikes
|move|p2a: Infinite Rotation|Recover|p2a: Infinite Rotation
|-heal|p2a: Infinite Rotation|100/100
|
|-heal|p1a: Blissey|94/100|[from] item: Leftovers
|upkeep
|turn|9
|
|t:|1731017156
|switch|p2a: Hariyamaha|Hariyama, M|99/100
|move|p1a: Blissey|Aromatherapy|p1a: Blissey
|-cureteam|p1a: Blissey|[from] move: Aromatherapy
|
|-heal|p1a: Blissey|99/100|[from] item: Leftovers
|upkeep
|turn|10
|
|t:|1731017159
|switch|p1a: Hariyama|Hariyama, F|100/100
|-damage|p1a: Hariyama|88/100|[from] Spikes
|move|p2a: Hariyamaha|Brick Break|p1a: Hariyama
|-damage|p1a: Hariyama|54/100
|
|upkeep
|turn|11
|
|t:|1731017163
|move|p2a: Hariyamaha|Brick Break|p1a: Hariyama
|-damage|p1a: Hariyama|22/100
|move|p1a: Hariyama|Brick Break|p2a: Hariyamaha
|-damage|p2a: Hariyamaha|66/100
|
|upkeep
|turn|12
|
|t:|1731017167
|switch|p1a: Skarmory|Skarmory, F|100/100
|move|p2a: Hariyamaha|Brick Break|p1a: Skarmory
|-damage|p1a: Skarmory|71/100
|
|-heal|p1a: Skarmory|77/100|[from] item: Leftovers
|upkeep
|turn|13
|
|t:|1731017170
|move|p1a: Skarmory|Toxic|p2a: Hariyamaha
|-status|p2a: Hariyamaha|tox
|move|p2a: Hariyamaha|Knock Off|p1a: Skarmory
|-resisted|p1a: Skarmory
|-damage|p1a: Skarmory|76/100
|-enditem|p1a: Skarmory|Leftovers|[from] move: Knock Off|[of] p2a: Hariyamaha
|
|-damage|p2a: Hariyamaha|59/100 tox|[from] psn
|upkeep
|turn|14
|
|t:|1731017176
|switch|p2a: Infinite Rotation|Starmie|100/100
|move|p1a: Skarmory|Spikes|p2a: Infinite Rotation
|-sidestart|p2: Genexys|Spikes
|
|upkeep
|turn|15
|
|t:|1731017192
|switch|p1a: Blissey|Blissey, F|99/100
|-damage|p1a: Blissey|88/100|[from] Spikes
|move|p2a: Infinite Rotation|Rapid Spin|p1a: Blissey
|-damage|p1a: Blissey|85/100
|-sideend|p2: Genexys|Spikes|[from] move: Rapid Spin|[of] p2a: Infinite Rotation
|
|-heal|p1a: Blissey|91/100|[from] item: Leftovers
|upkeep
|turn|16
|
|t:|1731017196
|switch|p2a: snarky fellow|Skarmory, M|99/100
|move|p1a: Blissey|Thunderbolt|p2a: snarky fellow
|-supereffective|p2a: snarky fellow
|-damage|p2a: snarky fellow|56/100
|
|-heal|p1a: Blissey|97/100|[from] item: Leftovers
|upkeep
|turn|17
|
|t:|1731017199
|move|p2a: snarky fellow|Protect|p2a: snarky fellow
|-singleturn|p2a: snarky fellow|Protect
|move|p1a: Blissey|Thunderbolt|p2a: snarky fellow
|-activate|p2a: snarky fellow|Protect
|
|-heal|p1a: Blissey|100/100|[from] item: Leftovers
|upkeep
|turn|18
|
|t:|1731017201
|switch|p2a: Rose Behelit|Blissey, F|100/100
|move|p1a: Blissey|Ice Beam|p2a: Rose Behelit
|-damage|p2a: Rose Behelit|91/100
|
|-heal|p2a: Rose Behelit|97/100|[from] item: Leftovers
|upkeep
|turn|19
|
|t:|1731017208
|switch|p1a: Claydol|Claydol|100/100
|move|p2a: Rose Behelit|Wish|p2a: Rose Behelit
|
|-heal|p2a: Rose Behelit|100/100|[from] item: Leftovers
|upkeep
|turn|20
|
|t:|1731017212
|move|p1a: Claydol|Psychic|p2a: Rose Behelit
|-damage|p2a: Rose Behelit|91/100
|move|p2a: Rose Behelit|Ice Beam|p1a: Claydol
|-supereffective|p1a: Claydol
|-damage|p1a: Claydol|57/100
|
|-heal|p2a: Rose Behelit|100/100|[from] move: Wish|[wisher] Rose Behelit
|-heal|p1a: Claydol|63/100|[from] item: Leftovers
|upkeep
|turn|21
|
|t:|1731017216
|move|p1a: Claydol|Rapid Spin|p2a: Rose Behelit
|-damage|p2a: Rose Behelit|95/100
|-sideend|p1: singingcrow|Spikes|[from] move: Rapid Spin|[of] p1a: Claydol
|move|p2a: Rose Behelit|Ice Beam|p1a: Claydol
|-supereffective|p1a: Claydol
|-damage|p1a: Claydol|20/100
|
|-heal|p1a: Claydol|26/100|[from] item: Leftovers
|-heal|p2a: Rose Behelit|100/100|[from] item: Leftovers
|upkeep
|turn|22
|
|t:|1731017222
|switch|p1a: Blissey|Blissey, F|100/100
|switch|p2a: snarky fellow|Skarmory, M|56/100
|
|upkeep
|turn|23
|
|t:|1731017226
|switch|p2a: Rose Behelit|Blissey, F|100/100
|move|p1a: Blissey|Thunderbolt|p2a: Rose Behelit
|-damage|p2a: Rose Behelit|91/100
|
|-heal|p2a: Rose Behelit|97/100|[from] item: Leftovers
|upkeep
|turn|24
|
|t:|1731017228
|switch|p1a: Hariyama|Hariyama, F|22/100
|move|p2a: Rose Behelit|Wish|p2a: Rose Behelit
|
|-heal|p2a: Rose Behelit|100/100|[from] item: Leftovers
|upkeep
|turn|25
|
|t:|1731017232
|switch|p2a: Hariyamaha|Hariyama, M|59/100 tox
|move|p1a: Hariyama|Rest|p1a: Hariyama
|-status|p1a: Hariyama|slp|[from] move: Rest
|-heal|p1a: Hariyama|100/100 slp|[silent]
|
|-heal|p2a: Hariyamaha|100/100 tox|[from] move: Wish|[wisher] Rose Behelit
|-damage|p2a: Hariyamaha|94/100 tox|[from] psn
|upkeep
|turn|26
|
|t:|1731017245
|switch|p2a: Akira|Salamence, M|100/100
|-ability|p2a: Akira|Intimidate|boost
|-unboost|p1a: Hariyama|atk|1
|cant|p1a: Hariyama|slp
|
|upkeep
|turn|27
|
|t:|1731017252
|switch|p1a: Suicune|Suicune|100/100
|move|p2a: Akira|Hidden Power|p1a: Suicune
|-damage|p1a: Suicune|68/100
|
|-heal|p1a: Suicune|74/100|[from] item: Leftovers
|upkeep
|turn|28
|
|t:|1731017258
|switch|p2a: Hariyamaha|Hariyama, M|94/100 tox
|move|p1a: Suicune|Roar|p2a: Hariyamaha
|drag|p2a: MeteGROSS #OWNED|Metagross, shiny|100/100
|
|-heal|p1a: Suicune|81/100|[from] item: Leftovers
|upkeep
|turn|29
|
|t:|1731017263
|switch|p1a: Skarmory|Skarmory, F|76/100
|move|p2a: MeteGROSS #OWNED|Meteor Mash|p1a: Skarmory
|-resisted|p1a: Skarmory
|-damage|p1a: Skarmory|53/100
|
|upkeep
|turn|30
|
|t:|1731017267
|switch|p2a: Infinite Rotation|Starmie|100/100
|move|p1a: Skarmory|Spikes|p2a: Infinite Rotation
|-sidestart|p2: Genexys|Spikes
|
|upkeep
|turn|31
|
|t:|1731017271
|switch|p1a: Blissey|Blissey, F|100/100
|move|p2a: Infinite Rotation|Rapid Spin|p1a: Blissey
|-crit|p1a: Blissey
|-damage|p1a: Blissey|95/100
|-sideend|p2: Genexys|Spikes|[from] move: Rapid Spin|[of] p2a: Infinite Rotation
|
|-heal|p1a: Blissey|100/100|[from] item: Leftovers
|upkeep
|turn|32
|
|t:|1731017274
|switch|p2a: Hariyamaha|Hariyama, M|94/100 tox
|move|p1a: Blissey|Aromatherapy|p1a: Blissey
|-cureteam|p1a: Blissey|[from] move: Aromatherapy
|
|-damage|p2a: Hariyamaha|88/100 tox|[from] psn
|upkeep
|turn|33
|
|t:|1731017282
|switch|p1a: Hariyama|Hariyama, F|100/100
|switch|p2a: Akira|Salamence, M|100/100
|-ability|p2a: Akira|Intimidate|boost
|-unboost|p1a: Hariyama|atk|1
|
|upkeep
|turn|34
|
|t:|1731017288
|switch|p1a: Suicune|Suicune|81/100
|move|p2a: Akira|Hidden Power|p1a: Suicune
|-damage|p1a: Suicune|45/100
|
|-heal|p1a: Suicune|52/100|[from] item: Leftovers
|upkeep
|turn|35
|
|t:|1731017296
|switch|p2a: Rose Behelit|Blissey, F|100/100
|move|p1a: Suicune|Rest|p1a: Suicune
|-status|p1a: Suicune|slp|[from] move: Rest
|-heal|p1a: Suicune|100/100 slp|[silent]
|
|upkeep
|turn|36
|
|t:|1731017302
|switch|p1a: Hariyama|Hariyama, F|100/100
|move|p2a: Rose Behelit|Wish|p2a: Rose Behelit
|
|upkeep
|turn|37
|
|t:|1731017308
|switch|p2a: snarky fellow|Skarmory, M|56/100
|move|p1a: Hariyama|Whirlwind|p2a: snarky fellow
|drag|p2a: Akira|Salamence, M|100/100
|-ability|p2a: Akira|Intimidate|boost
|-unboost|p1a: Hariyama|atk|1
|
|upkeep
|turn|38
|
|t:|1731017332
|move|p2a: Akira|Hidden Power|p1a: Hariyama
|-supereffective|p1a: Hariyama
|-damage|p1a: Hariyama|0 fnt
|faint|p1a: Hariyama
|
|t:|1731017338
|switch|p1a: Skarmory|Skarmory, F|53/100
|
|upkeep
|turn|39
|
|t:|1731017341
|switch|p2a: Infinite Rotation|Starmie|100/100
|move|p1a: Skarmory|Toxic|p2a: Infinite Rotation
|-status|p2a: Infinite Rotation|tox
|
|-damage|p2a: Infinite Rotation|94/100 tox|[from] psn
|upkeep
|turn|40
|
|t:|1731017343
|move|p2a: Infinite Rotation|Surf|p1a: Skarmory
|-damage|p1a: Skarmory|20/100
|move|p1a: Skarmory|Spikes|p2a: Infinite Rotation
|-sidestart|p2: Genexys|Spikes
|
|-damage|p2a: Infinite Rotation|82/100 tox|[from] psn
|upkeep
|turn|41
|
|t:|1731017346
|switch|p1a: Dugtrio|Dugtrio, F|100/100
|move|p2a: Infinite Rotation|Recover|p2a: Infinite Rotation
|-heal|p2a: Infinite Rotation|100/100 tox
|
|-damage|p2a: Infinite Rotation|82/100 tox|[from] psn
|upkeep
|turn|42
|
|t:|1731017350
|move|p1a: Dugtrio|Earthquake|p2a: Infinite Rotation
|-damage|p2a: Infinite Rotation|12/100 tox
|move|p2a: Infinite Rotation|Surf|p1a: Dugtrio
|-supereffective|p1a: Dugtrio
|-damage|p1a: Dugtrio|0 fnt
|faint|p1a: Dugtrio
|
|t:|1731017357
|switch|p1a: Claydol|Claydol|26/100
|
|-damage|p2a: Infinite Rotation|0 fnt|[from] psn
|faint|p2a: Infinite Rotation
|-heal|p1a: Claydol|33/100|[from] item: Leftovers
|upkeep
|
|t:|1731017361
|switch|p2a: Akira|Salamence, M|100/100
|-ability|p2a: Akira|Intimidate|boost
|-unboost|p1a: Claydol|atk|1
|turn|43
|
|t:|1731017368
|switch|p1a: Skarmory|Skarmory, F|20/100
|move|p2a: Akira|Hidden Power|p1a: Skarmory
|-resisted|p1a: Skarmory
|-damage|p1a: Skarmory|0 fnt
|faint|p1a: Skarmory
|
|t:|1731017374
|switch|p1a: Blissey|Blissey, F|100/100
|
|upkeep
|turn|44
|
|t:|1731017379
|switch|p2a: Rose Behelit|Blissey, F|100/100
|-damage|p2a: Rose Behelit|88/100|[from] Spikes
|move|p1a: Blissey|Aromatherapy|p1a: Blissey
|-cureteam|p1a: Blissey|[from] move: Aromatherapy
|
|-heal|p2a: Rose Behelit|94/100|[from] item: Leftovers
|upkeep
|turn|45
|
|t:|1731017388
|switch|p1a: Suicune|Suicune|100/100
|move|p2a: Rose Behelit|Wish|p2a: Rose Behelit
|
|-heal|p2a: Rose Behelit|99/100|[from] item: Leftovers
|upkeep
|turn|46
|
|t:|1731017391
|switch|p2a: Hariyamaha|Hariyama, M|88/100 tox
|-damage|p2a: Hariyamaha|76/100 tox|[from] Spikes
|move|p1a: Suicune|Roar|p2a: Hariyamaha
|drag|p2a: snarky fellow|Skarmory, M|56/100
|
|-heal|p2a: snarky fellow|100/100|[from] move: Wish|[wisher] Rose Behelit
|upkeep
|turn|47
|
|t:|1731017401
|switch|p1a: Claydol|Claydol|33/100
|move|p2a: snarky fellow|Toxic|p1a: Claydol
|-status|p1a: Claydol|tox
|
|-heal|p1a: Claydol|39/100 tox|[from] item: Leftovers
|-damage|p1a: Claydol|33/100 tox|[from] psn
|upkeep
|turn|48
|
|t:|1731017404
|move|p1a: Claydol|Refresh|p1a: Claydol
|-curestatus|p1a: Claydol|tox|[msg]
|move|p2a: snarky fellow|Spikes|p1a: Claydol
|-sidestart|p1: singingcrow|Spikes
|
|-heal|p1a: Claydol|39/100|[from] item: Leftovers
|upkeep
|turn|49
|
|t:|1731017409
|switch|p2a: Akira|Salamence, M|100/100
|-ability|p2a: Akira|Intimidate|boost
|-unboost|p1a: Claydol|atk|1
|move|p1a: Claydol|Rapid Spin|p2a: Akira
|-damage|p2a: Akira|96/100
|-sideend|p1: singingcrow|Spikes|[from] move: Rapid Spin|[of] p1a: Claydol
|
|-heal|p1a: Claydol|45/100|[from] item: Leftovers
|upkeep
|turn|50
|
|t:|1731017416
|move|p2a: Akira|Hidden Power|p1a: Claydol
|-damage|p1a: Claydol|0 fnt
|faint|p1a: Claydol
|
|t:|1731017418
|switch|p1a: Suicune|Suicune|100/100
|
|upkeep
|turn|51
|
|t:|1731017425
|switch|p2a: snarky fellow|Skarmory, M|100/100
|move|p1a: Suicune|Calm Mind|p1a: Suicune
|-boost|p1a: Suicune|spa|1
|-boost|p1a: Suicune|spd|1
|
|upkeep
|turn|52
|
|t:|1731017426
|move|p1a: Suicune|Surf|p2a: snarky fellow
|-crit|p2a: snarky fellow
|-damage|p2a: snarky fellow|17/100
|move|p2a: snarky fellow|Roar|p1a: Suicune
|drag|p1a: Blissey|Blissey, F|100/100
|
|upkeep
|turn|53
|
|t:|1731017436
|switch|p2a: Rose Behelit|Blissey, F|99/100
|-damage|p2a: Rose Behelit|88/100|[from] Spikes
|switch|p1a: Suicune|Suicune|100/100
|
|-heal|p2a: Rose Behelit|94/100|[from] item: Leftovers
|upkeep
|turn|54
|
|t:|1731017440
|move|p1a: Suicune|Calm Mind|p1a: Suicune
|-boost|p1a: Suicune|spa|1
|-boost|p1a: Suicune|spd|1
|move|p2a: Rose Behelit|Wish|p2a: Rose Behelit
|
|-heal|p2a: Rose Behelit|99/100|[from] item: Leftovers
|upkeep
|turn|55
|
|t:|1731017446
|switch|p2a: snarky fellow|Skarmory, M|17/100
|move|p1a: Suicune|Surf|p2a: snarky fellow
|-damage|p2a: snarky fellow|0 fnt
|faint|p2a: snarky fellow
|
|t:|1731017448
|switch|p2a: Hariyamaha|Hariyama, M|76/100 tox
|-damage|p2a: Hariyamaha|64/100 tox|[from] Spikes
|
|-heal|p2a: Hariyamaha|100/100 tox|[from] move: Wish|[wisher] Rose Behelit
|-damage|p2a: Hariyamaha|94/100 tox|[from] psn
|upkeep
|turn|56
|
|t:|1731017453
|move|p1a: Suicune|Calm Mind|p1a: Suicune
|-boost|p1a: Suicune|spa|1
|-boost|p1a: Suicune|spd|1
|move|p2a: Hariyamaha|Knock Off|p1a: Suicune
|-damage|p1a: Suicune|99/100
|-enditem|p1a: Suicune|Leftovers|[from] move: Knock Off|[of] p2a: Hariyamaha
|
|-damage|p2a: Hariyamaha|82/100 tox|[from] psn
|upkeep
|turn|57
|
|t:|1731017457
|move|p1a: Suicune|Surf|p2a: Hariyamaha
|-damage|p2a: Hariyamaha|33/100 tox
|move|p2a: Hariyamaha|Whirlwind|p1a: Suicune
|drag|p1a: Blissey|Blissey, F|100/100
|
|-damage|p2a: Hariyamaha|15/100 tox|[from] psn
|upkeep
|turn|58
|
|t:|1731017464
|move|p1a: Blissey|Thunderbolt|p2a: Hariyamaha
|-damage|p2a: Hariyamaha|0 fnt
|faint|p2a: Hariyamaha
|
|t:|1731017466
|switch|p2a: MeteGROSS #OWNED|Metagross, shiny|100/100
|-damage|p2a: MeteGROSS #OWNED|88/100|[from] Spikes
|
|-heal|p2a: MeteGROSS #OWNED|94/100|[from] item: Leftovers
|upkeep
|turn|59
|
|t:|1731017471
|switch|p1a: Suicune|Suicune|99/100
|move|p2a: MeteGROSS #OWNED|Meteor Mash|p1a: Suicune
|-resisted|p1a: Suicune
|-damage|p1a: Suicune|85/100
|
|-heal|p2a: MeteGROSS #OWNED|99/100|[from] item: Leftovers
|upkeep
|turn|60
|
|t:|1731017478
|move|p1a: Suicune|Surf|p2a: MeteGROSS #OWNED
|-damage|p2a: MeteGROSS #OWNED|71/100
|move|p2a: MeteGROSS #OWNED|Toxic|p1a: Suicune
|-status|p1a: Suicune|tox
|
|-damage|p1a: Suicune|78/100 tox|[from] psn
|-heal|p2a: MeteGROSS #OWNED|77/100|[from] item: Leftovers
|upkeep
|turn|61
|
|t:|1731017486
|switch|p2a: Akira|Salamence, M|96/100
|-ability|p2a: Akira|Intimidate|boost
|-unboost|p1a: Suicune|atk|1
|move|p1a: Suicune|Calm Mind|p1a: Suicune
|-boost|p1a: Suicune|spa|1
|-boost|p1a: Suicune|spd|1
|
|-damage|p1a: Suicune|66/100 tox|[from] psn
|upkeep
|turn|62
|
|t:|1731017491
|move|p2a: Akira|Hidden Power|p1a: Suicune
|-damage|p1a: Suicune|33/100 tox
|move|p1a: Suicune|Surf|p2a: Akira
|-resisted|p2a: Akira
|-damage|p2a: Akira|68/100
|
|-damage|p1a: Suicune|15/100 tox|[from] psn
|upkeep
|turn|63
|
|t:|1731017494
|move|p2a: Akira|Hidden Power|p1a: Suicune
|-crit|p1a: Suicune
|-damage|p1a: Suicune|0 fnt
|faint|p1a: Suicune
|
|t:|1731017495
|switch|p1a: Blissey|Blissey, F|100/100
|
|upkeep
|turn|64
|
|t:|1731017498
|switch|p2a: Rose Behelit|Blissey, F|99/100
|-damage|p2a: Rose Behelit|88/100|[from] Spikes
|move|p1a: Blissey|Ice Beam|p2a: Rose Behelit
|-damage|p2a: Rose Behelit|78/100
|
|-heal|p2a: Rose Behelit|84/100|[from] item: Leftovers
|upkeep
|turn|65
|c|☆singingcrow|gg
|c|☆Genexys|ggs
|-message|singingcrow forfeited.
|
|win|Genexys

</script>
<script type="application/json" class="data" id="replaydata-smogtours-gen3ou-805166">
{"id":"smogtours-gen3ou-805166","format":"[Gen 3] OU","players":["singingcrow","Genexys"],"uploadtime":1731017508,"views":50,"formatid":"gen3ou","rating":null,"private":0,"password":null}
</script>

<script defer src="js/replays.js?9d40a366"></script>
