<!DOCTYPE html>
<meta charset="utf-8" />
<meta name="viewport" content="width=device-width" />

<title>[Gen 3] OU: icypatek vs. go-go-zeppeli-1890 - Replays - Pok&eacute;mon Showdown!</title>

<meta name="description" content="Watch a replay of a Pok&eacute;mon battle between icypatek and go-go-zeppeli-1890! Format: [Gen 3] OU; Date: Oct 18, 2024" />
<!--

Hey, you! Looking in the source for the replay log?

You can find them in JSON format, just add `.json` at the end of a replay URL.

https://replay.pokemonshowdown.com/gen7randomdoublesbattle-865046831.json

Or, if you only need the log itself, add `.log` instead:

https://replay.pokemonshowdown.com/gen7randomdoublesbattle-865046831.log

-->

<link rel="stylesheet" href="//pokemonshowdown.com/style/global.css?0.767286132409787" />
<link rel="stylesheet" href="//play.pokemonshowdown.com/style/font-awesome.css?0.9266228007934947" />
<link rel="stylesheet" href="//play.pokemonshowdown.com/style/battle.css?0.7924700842790926" />
<link rel="stylesheet" href="//play.pokemonshowdown.com/style/utilichart.css?0.8777417872839479" />

<!-- Global site tag (gtag.js) - Google Analytics -->
<script async src="https://www.googletagmanager.com/gtag/js?id=UA-26211653-1"></script>
<script>
  window.dataLayer = window.dataLayer || [];
  function gtag(){dataLayer.push(arguments);}
  gtag('js', new Date());

  gtag('config', 'UA-26211653-1');
</script>
<!-- End Google Analytics -->
<!-- Venatus Ad Manager - Install in <HEAD> of page -->
	<script src="https://hb.vntsm.com/v3/live/ad-manager.min.js" type="text/javascript" data-site-id="642aba63ec9a7b11c3c9c1be" data-mode="scan" async></script>
<!-- / Venatus Ad Manager -->

<style>
	@media (max-width:820px) {
		.battle {
			margin: 0 auto;
		}
		.battle-log {
			margin: 7px auto 0;
			max-width: 640px;
			height: 300px;
			position: static;
		}
	}
	.optgroup {
		display: inline-block;
		line-height: 22px;
		font-size: 10pt;
	}
	.optgroup .button {
		height: 25px;
		padding-top: 0;
		padding-bottom: 0;
	}
	.optgroup button.button {
		padding-left: 12px;
		padding-right: 12px;
	}
	.linklist {
		list-style: none;
		margin: 0.5em 0;
		padding: 0;
	}
	.linklist li {
		padding: 2px 0;
	}
	.sidebar {
		float: left;
		width: 320px;
	}
	.bar-wrapper {
		max-width: 1100px;
		margin: 0 auto;
	}
	.bar-wrapper.has-sidebar {
		max-width: 1430px;
	}
	.mainbar {
		margin: 0;
		padding-right: 1px;
	}
	.mainbar.has-sidebar {
		margin-left: 330px;
	}
	@media (min-width: 1511px) {
		.sidebar {
			width: 400px;
		}
		.bar-wrapper.has-sidebar {
			max-width: 1510px;
		}
		.mainbar.has-sidebar {
			margin-left: 410px;
		}
	}
	.section.first-section {
		margin-top: 9px;
	}
	.blocklink small {
		white-space: normal;
	}
	.button {
		vertical-align: middle;
	}
	.replay-controls {
		padding-top: 10px;
	}
	.replay-controls h1 {
		font-size: 16pt;
		font-weight: normal;
		color: #CCC;
	}
	.pagelink {
		text-align: center;
	}
	.pagelink a {
		width: 150px;
	}
	.textbox, .button {
		font-size: 11pt;
		vertical-align: middle;
	}
	@media (max-width: 450px) {
		.button {
			font-size: 9pt;
		}
	}
</style>

<div>

	<header>
		<div class="nav-wrapper"><ul class="nav">
			<li><a class="button nav-first" href="//pokemonshowdown.com/"><img src="//pokemonshowdown.com/images/pokemonshowdownbeta.png" srcset="//pokemonshowdown.com/images/pokemonshowdownbeta.png 1x, //pokemonshowdown.com/images/pokemonshowdownbeta@2x.png 2x" alt="Pok&eacute;mon Showdown" width="146" height="44" /> Home</a></li>
			<li><a class="button" href="//pokemonshowdown.com/dex/">Pok&eacute;dex</a></li>
			<li><a class="button cur" href="/">Replays</a></li>
			<li><a class="button" href="//pokemonshowdown.com/ladder/">Ladder</a></li>
			<li><a class="button nav-last" href="//pokemonshowdown.com/forums/">Forum</a></li>
			<li><a class="button greenbutton nav-first nav-last" href="//play.pokemonshowdown.com/">Play</a></li>
		</ul></div>
	</header>

	<div class="main" id="main">

		<noscript><section class="section">You need to enable JavaScript to use this page; sorry!</section></noscript>

	</div>

</div>

<script defer nomodule src="//play.pokemonshowdown.com/js/lib/ps-polyfill.js"></script>
<script defer src="//play.pokemonshowdown.com/js/lib/preact.min.js"></script>

<script defer src="//play.pokemonshowdown.com/config/config.js?6dec07f6"></script>
<script defer src="//play.pokemonshowdown.com/js/lib/jquery-1.11.0.min.js"></script>
<script defer src="//play.pokemonshowdown.com/js/lib/html-sanitizer-minified.js"></script>
<script defer src="//play.pokemonshowdown.com/js/battle-sound.js"></script>
<script defer src="//play.pokemonshowdown.com/js/battledata.js?0.6315294753075389"></script>
<script defer src="//play.pokemonshowdown.com/data/pokedex-mini.js?0.7603743185311358"></script>
<script defer src="//play.pokemonshowdown.com/data/pokedex-mini-bw.js?0.030888842834281283"></script>
<script defer src="//play.pokemonshowdown.com/data/graphics.js?0.05593094747507488"></script>
<script defer src="//play.pokemonshowdown.com/data/pokedex.js?0.47064822249611904"></script>
<script defer src="//play.pokemonshowdown.com/data/moves.js?0.8583693120512459"></script>
<script defer src="//play.pokemonshowdown.com/data/abilities.js?0.16017181182386842"></script>
<script defer src="//play.pokemonshowdown.com/data/items.js?0.4163379185673943"></script>
<script defer src="//play.pokemonshowdown.com/data/teambuilder-tables.js?0.31075597372830477"></script>
<script defer src="//play.pokemonshowdown.com/js/battle-tooltips.js?0.6536193500708172"></script>
<script defer src="//play.pokemonshowdown.com/js/battle.js?0.1916591943277901"></script>

<script defer src="js/utils.js?e31f9a17"></script>
<script defer src="js/replays-battle.js?7008c182"></script>

<!-- don't scrape this data! just add .json or .log after the URL!
Full API docs: https://github.com/smogon/pokemon-showdown-client/blob/master/WEB-API.md -->
<script type="text/plain" class="log" id="replaylog-smogtours-gen3ou-799630">
|inactive|Battle timer is ON: inactive players will automatically lose when time's up.
|t:|1729278366
|gametype|singles
|player|p1|icypatek|102|
|player|p2|go-go-zeppeli-1890|266|
|teamsize|p1|6
|teamsize|p2|6
|gen|3
|tier|[Gen 3] OU
|rule|Sleep Clause Mod: Limit one foe put to sleep
|rule|Switch Priority Clause Mod: Faster Pokémon switch first
|rule|Species Clause: Limit one of each Pokémon
|rule|OHKO Clause: OHKO moves are banned
|rule|Evasion Items Clause: Evasion items are banned
|rule|Evasion Moves Clause: Evasion moves are banned
|rule|Endless Battle Clause: Forcing endless battles is banned
|rule|HP Percentage Mod: HP is shown in percentages
|rule|One Boost Passer Clause: Limit one Baton Passer that has a way to boost its stats
|rule|Freeze Clause Mod: Limit one foe frozen
|
|t:|1729278366
|start
|switch|p1a: 2|Jynx, F|100/100
|switch|p2a: Regirock|Regirock|100/100
|turn|1
|c|☆icypatek|glhf
|
|t:|1729278390
|move|p1a: 2|Substitute|p1a: 2
|-start|p1a: 2|Substitute
|-damage|p1a: 2|76/100
|move|p2a: Regirock|Rock Slide|p1a: 2
|-supereffective|p1a: 2
|-end|p1a: 2|Substitute
|
|-heal|p1a: 2|82/100|[from] item: Leftovers
|upkeep
|turn|2
|
|t:|1729278394
|move|p1a: 2|Lovely Kiss|p2a: Regirock
|-status|p2a: Regirock|slp|[from] move: Lovely Kiss
|cant|p2a: Regirock|slp
|
|-heal|p1a: 2|88/100|[from] item: Leftovers
|upkeep
|turn|3
|
|t:|1729278400
|switch|p2a: Metagross|Metagross|100/100
|move|p1a: 2|Substitute|p1a: 2
|-start|p1a: 2|Substitute
|-damage|p1a: 2|63/100
|
|-heal|p1a: 2|69/100|[from] item: Leftovers
|upkeep
|turn|4
|
|t:|1729278405
|move|p1a: 2|Ice Beam|p2a: Metagross
|-resisted|p2a: Metagross
|-damage|p2a: Metagross|75/100
|move|p2a: Metagross|Meteor Mash|p1a: 2|[miss]
|-miss|p2a: Metagross|p1a: 2
|
|-heal|p1a: 2|75/100|[from] item: Leftovers
|upkeep
|turn|5
|
|t:|1729278410
|move|p1a: 2|Ice Beam|p2a: Metagross
|-resisted|p2a: Metagross
|-damage|p2a: Metagross|53/100
|move|p2a: Metagross|Meteor Mash|p1a: 2|[miss]
|-miss|p2a: Metagross|p1a: 2
|
|-heal|p1a: 2|81/100|[from] item: Leftovers
|upkeep
|turn|6
|
|t:|1729278414
|move|p1a: 2|Ice Beam|p2a: Metagross
|-resisted|p2a: Metagross
|-damage|p2a: Metagross|31/100
|move|p2a: Metagross|Meteor Mash|p1a: 2
|-supereffective|p1a: 2
|-end|p1a: 2|Substitute
|
|-heal|p1a: 2|86/100|[from] item: Leftovers
|upkeep
|turn|7
|
|t:|1729278433
|move|p1a: 2|Substitute|p1a: 2
|-start|p1a: 2|Substitute
|-damage|p1a: 2|62/100
|move|p2a: Metagross|Meteor Mash|p1a: 2
|-supereffective|p1a: 2
|-end|p1a: 2|Substitute
|
|-heal|p1a: 2|68/100|[from] item: Leftovers
|upkeep
|turn|8
|
|t:|1729278438
|move|p1a: 2|Substitute|p1a: 2
|-start|p1a: 2|Substitute
|-damage|p1a: 2|43/100
|move|p2a: Metagross|Meteor Mash|p1a: 2
|-supereffective|p1a: 2
|-end|p1a: 2|Substitute
|
|-heal|p1a: 2|49/100|[from] item: Leftovers
|upkeep
|turn|9
|
|t:|1729278444
|move|p1a: 2|Substitute|p1a: 2
|-start|p1a: 2|Substitute
|-damage|p1a: 2|24/100
|move|p2a: Metagross|Meteor Mash|p1a: 2
|-supereffective|p1a: 2
|-end|p1a: 2|Substitute
|-boost|p2a: Metagross|atk|1
|
|-heal|p1a: 2|30/100|[from] item: Leftovers
|upkeep
|turn|10
|
|t:|1729278449
|move|p1a: 2|Ice Beam|p2a: Metagross
|-resisted|p2a: Metagross
|-damage|p2a: Metagross|9/100
|move|p2a: Metagross|Meteor Mash|p1a: 2
|-supereffective|p1a: 2
|-damage|p1a: 2|0 fnt
|faint|p1a: 2
|
|t:|1729278461
|switch|p1a: O Block|Dugtrio, M|100/100
|
|upkeep
|turn|11
|
|t:|1729278465
|move|p1a: O Block|Earthquake|p2a: Metagross
|-supereffective|p2a: Metagross
|-damage|p2a: Metagross|0 fnt
|faint|p2a: Metagross
|
|t:|1729278468
|switch|p2a: Zapdos|Zapdos|100/100
|
|upkeep
|turn|12
|
|t:|1729278473
|switch|p1a: Gr33n means go|Claydol|100/100
|move|p2a: Zapdos|Substitute|p2a: Zapdos
|-start|p2a: Zapdos|Substitute
|-damage|p2a: Zapdos|76/100
|
|-heal|p2a: Zapdos|82/100|[from] item: Leftovers
|upkeep
|turn|13
|
|t:|1729278494
|switch|p1a: 3 in the morning|Zapdos|100/100
|move|p2a: Zapdos|Hidden Power|p1a: 3 in the morning
|-resisted|p1a: 3 in the morning
|-damage|p1a: 3 in the morning|90/100
|
|-heal|p2a: Zapdos|88/100|[from] item: Leftovers
|-heal|p1a: 3 in the morning|97/100|[from] item: Leftovers
|upkeep
|turn|14
|
|t:|1729278500
|move|p2a: Zapdos|Thunder Wave|p1a: 3 in the morning
|-status|p1a: 3 in the morning|par
|move|p1a: 3 in the morning|Thunderbolt|p2a: Zapdos
|-end|p2a: Zapdos|Substitute
|
|-heal|p2a: Zapdos|94/100|[from] item: Leftovers
|-heal|p1a: 3 in the morning|100/100 par|[from] item: Leftovers
|upkeep
|turn|15
|
|t:|1729278505
|move|p2a: Zapdos|Substitute|p2a: Zapdos
|-start|p2a: Zapdos|Substitute
|-damage|p2a: Zapdos|69/100
|cant|p1a: 3 in the morning|par
|
|-heal|p2a: Zapdos|76/100|[from] item: Leftovers
|upkeep
|turn|16
|
|t:|1729278509
|move|p2a: Zapdos|Thunderbolt|p1a: 3 in the morning
|-damage|p1a: 3 in the morning|52/100 par
|move|p1a: 3 in the morning|Thunderbolt|p2a: Zapdos
|-end|p2a: Zapdos|Substitute
|
|-heal|p2a: Zapdos|82/100|[from] item: Leftovers
|-heal|p1a: 3 in the morning|58/100 par|[from] item: Leftovers
|upkeep
|turn|17
|
|t:|1729278513
|move|p2a: Zapdos|Substitute|p2a: Zapdos
|-start|p2a: Zapdos|Substitute
|-damage|p2a: Zapdos|57/100
|move|p1a: 3 in the morning|Thunderbolt|p2a: Zapdos
|-end|p2a: Zapdos|Substitute
|
|-heal|p2a: Zapdos|63/100|[from] item: Leftovers
|-heal|p1a: 3 in the morning|64/100 par|[from] item: Leftovers
|upkeep
|turn|18
|
|t:|1729278516
|move|p2a: Zapdos|Thunderbolt|p1a: 3 in the morning
|-damage|p1a: 3 in the morning|17/100 par
|move|p1a: 3 in the morning|Thunderbolt|p2a: Zapdos
|-damage|p2a: Zapdos|5/100
|
|-heal|p2a: Zapdos|12/100|[from] item: Leftovers
|-heal|p1a: 3 in the morning|23/100 par|[from] item: Leftovers
|upkeep
|turn|19
|
|t:|1729278531
|move|p2a: Zapdos|Thunderbolt|p1a: 3 in the morning
|-damage|p1a: 3 in the morning|0 fnt
|faint|p1a: 3 in the morning
|inactive|icypatek has 270 seconds left.
|
|t:|1729278564
|switch|p1a: Gr33n means go|Claydol|100/100
|
|-heal|p2a: Zapdos|18/100|[from] item: Leftovers
|upkeep
|turn|20
|inactive|go-go-zeppeli-1890 has 270 seconds left.
|
|t:|1729278597
|move|p2a: Zapdos|Hidden Power|p1a: Gr33n means go
|-supereffective|p1a: Gr33n means go
|-damage|p1a: Gr33n means go|57/100
|move|p1a: Gr33n means go|Psychic|p2a: Zapdos
|-damage|p2a: Zapdos|0 fnt
|faint|p2a: Zapdos
|inactive|go-go-zeppeli-1890 has 270 seconds left.
|
|t:|1729278624
|switch|p2a: Suicune|Suicune|100/100
|
|-heal|p1a: Gr33n means go|63/100|[from] item: Leftovers
|upkeep
|turn|21
|
|t:|1729278628
|move|p2a: Suicune|Hydro Pump|p1a: Gr33n means go
|-supereffective|p1a: Gr33n means go
|-crit|p1a: Gr33n means go
|-damage|p1a: Gr33n means go|0 fnt
|faint|p1a: Gr33n means go
|
|t:|1729278632
|switch|p1a: Chicano Batman|Suicune|100/100
|
|upkeep
|turn|22
|
|t:|1729278635
|move|p1a: Chicano Batman|Calm Mind|p1a: Chicano Batman
|-boost|p1a: Chicano Batman|spa|1
|-boost|p1a: Chicano Batman|spd|1
|move|p2a: Suicune|Roar|p1a: Chicano Batman
|drag|p1a: O Block|Dugtrio, M|100/100
|
|upkeep
|turn|23
|
|t:|1729278644
|switch|p1a: Chicano Batman|Suicune|100/100
|move|p2a: Suicune|Hydro Pump|p1a: Chicano Batman
|-resisted|p1a: Chicano Batman
|-damage|p1a: Chicano Batman|82/100
|
|-heal|p1a: Chicano Batman|88/100|[from] item: Leftovers
|upkeep
|turn|24
|
|t:|1729278650
|move|p1a: Chicano Batman|Surf|p2a: Suicune
|-resisted|p2a: Suicune
|-damage|p2a: Suicune|86/100
|move|p2a: Suicune|Calm Mind|p2a: Suicune
|-boost|p2a: Suicune|spa|1
|-boost|p2a: Suicune|spd|1
|
|-heal|p1a: Chicano Batman|94/100|[from] item: Leftovers
|-heal|p2a: Suicune|92/100|[from] item: Leftovers
|upkeep
|turn|25
|
|t:|1729278659
|move|p2a: Suicune|Calm Mind|p2a: Suicune
|-boost|p2a: Suicune|spa|1
|-boost|p2a: Suicune|spd|1
|move|p1a: Chicano Batman|Roar|p2a: Suicune
|drag|p2a: Regirock|Regirock|100/100 slp
|
|-heal|p1a: Chicano Batman|100/100|[from] item: Leftovers
|upkeep
|turn|26
|
|t:|1729278664
|switch|p2a: Suicune|Suicune|92/100
|move|p1a: Chicano Batman|Calm Mind|p1a: Chicano Batman
|-boost|p1a: Chicano Batman|spa|1
|-boost|p1a: Chicano Batman|spd|1
|
|-heal|p2a: Suicune|99/100|[from] item: Leftovers
|upkeep
|turn|27
|
|t:|1729278667
|move|p1a: Chicano Batman|Surf|p2a: Suicune
|-resisted|p2a: Suicune
|-damage|p2a: Suicune|77/100
|move|p2a: Suicune|Roar|p1a: Chicano Batman
|drag|p1a: O Block|Dugtrio, M|100/100
|
|-heal|p2a: Suicune|83/100|[from] item: Leftovers
|upkeep
|turn|28
|
|t:|1729278671
|switch|p1a: Chicano Batman|Suicune|100/100
|move|p2a: Suicune|Hydro Pump|p1a: Chicano Batman
|-resisted|p1a: Chicano Batman
|-damage|p1a: Chicano Batman|81/100
|
|-heal|p1a: Chicano Batman|88/100|[from] item: Leftovers
|-heal|p2a: Suicune|89/100|[from] item: Leftovers
|upkeep
|turn|29
|
|t:|1729278680
|move|p1a: Chicano Batman|Surf|p2a: Suicune
|-resisted|p2a: Suicune
|-damage|p2a: Suicune|77/100
|move|p2a: Suicune|Calm Mind|p2a: Suicune
|-boost|p2a: Suicune|spa|1
|-boost|p2a: Suicune|spd|1
|
|-heal|p1a: Chicano Batman|94/100|[from] item: Leftovers
|-heal|p2a: Suicune|83/100|[from] item: Leftovers
|upkeep
|turn|30
|
|t:|1729278685
|move|p2a: Suicune|Ice Beam|p1a: Chicano Batman
|-resisted|p1a: Chicano Batman
|-damage|p1a: Chicano Batman|80/100
|move|p1a: Chicano Batman|Roar|p2a: Suicune
|drag|p2a: Dugtrio|Dugtrio, F, shiny|100/100
|
|-heal|p1a: Chicano Batman|86/100|[from] item: Leftovers
|upkeep
|turn|31
|
|t:|1729278713
|switch|p2a: Suicune|Suicune|83/100
|move|p1a: Chicano Batman|Surf|p2a: Suicune
|-resisted|p2a: Suicune
|-crit|p2a: Suicune
|-damage|p2a: Suicune|53/100
|
|-heal|p1a: Chicano Batman|92/100|[from] item: Leftovers
|-heal|p2a: Suicune|60/100|[from] item: Leftovers
|upkeep
|turn|32
|
|t:|1729278718
|move|p1a: Chicano Batman|Calm Mind|p1a: Chicano Batman
|-boost|p1a: Chicano Batman|spa|1
|-boost|p1a: Chicano Batman|spd|1
|move|p2a: Suicune|Calm Mind|p2a: Suicune
|-boost|p2a: Suicune|spa|1
|-boost|p2a: Suicune|spd|1
|
|-heal|p1a: Chicano Batman|98/100|[from] item: Leftovers
|-heal|p2a: Suicune|66/100|[from] item: Leftovers
|upkeep
|turn|33
|
|t:|1729278721
|move|p1a: Chicano Batman|Roar|p2a: Suicune
|drag|p2a: Dugtrio|Dugtrio, F, shiny|100/100
|
|-heal|p1a: Chicano Batman|100/100|[from] item: Leftovers
|upkeep
|turn|34
|
|t:|1729278725
|switch|p2a: Suicune|Suicune|66/100
|move|p1a: Chicano Batman|Surf|p2a: Suicune
|-resisted|p2a: Suicune
|-damage|p2a: Suicune|44/100
|
|-heal|p2a: Suicune|50/100|[from] item: Leftovers
|upkeep
|turn|35
|
|t:|1729278727
|move|p1a: Chicano Batman|Surf|p2a: Suicune
|-resisted|p2a: Suicune
|-damage|p2a: Suicune|31/100
|move|p2a: Suicune|Roar|p1a: Chicano Batman
|drag|p1a: Piñata|Jirachi|100/100
|
|-heal|p2a: Suicune|37/100|[from] item: Leftovers
|upkeep
|turn|36
|
|t:|1729278750
|switch|p1a: Chicano Batman|Suicune|100/100
|switch|p2a: Dugtrio|Dugtrio, F, shiny|100/100
|
|upkeep
|turn|37
|
|t:|1729278764
|switch|p2a: Regirock|Regirock|100/100 slp
|move|p1a: Chicano Batman|Surf|p2a: Regirock
|-supereffective|p2a: Regirock
|-damage|p2a: Regirock|36/100 slp
|
|upkeep
|turn|38
|
|t:|1729278769
|move|p1a: Chicano Batman|Surf|p2a: Regirock
|-supereffective|p2a: Regirock
|-damage|p2a: Regirock|0 fnt
|faint|p2a: Regirock
|
|t:|1729278787
|switch|p2a: Gengar|Gengar, F|100/100
|
|upkeep
|turn|39
|
|t:|1729278800
|move|p2a: Gengar|Thunderbolt|p1a: Chicano Batman
|-supereffective|p1a: Chicano Batman
|-damage|p1a: Chicano Batman|53/100
|move|p1a: Chicano Batman|Roar|p2a: Gengar
|drag|p2a: Suicune|Suicune|37/100
|
|-heal|p1a: Chicano Batman|59/100|[from] item: Leftovers
|-heal|p2a: Suicune|43/100|[from] item: Leftovers
|upkeep
|turn|40
|
|t:|1729278808
|move|p1a: Chicano Batman|Calm Mind|p1a: Chicano Batman
|-boost|p1a: Chicano Batman|spa|1
|-boost|p1a: Chicano Batman|spd|1
|move|p2a: Suicune|Roar|p1a: Chicano Batman
|drag|p1a: O Block|Dugtrio, M|100/100
|
|-heal|p2a: Suicune|50/100|[from] item: Leftovers
|upkeep
|turn|41
|
|t:|1729278837
|move|p1a: O Block|Earthquake|p2a: Suicune
|-damage|p2a: Suicune|4/100
|move|p2a: Suicune|Hydro Pump|p1a: O Block
|-supereffective|p1a: O Block
|-damage|p1a: O Block|0 fnt
|faint|p1a: O Block
|
|t:|1729278842
|switch|p1a: Chicano Batman|Suicune|59/100
|
|-heal|p1a: Chicano Batman|66/100|[from] item: Leftovers
|-heal|p2a: Suicune|11/100|[from] item: Leftovers
|upkeep
|turn|42
|
|t:|1729278852
|switch|p2a: Gengar|Gengar, F|100/100
|move|p1a: Chicano Batman|Surf|p2a: Gengar
|-damage|p2a: Gengar|41/100
|
|-heal|p2a: Gengar|48/100|[from] item: Leftovers
|-heal|p1a: Chicano Batman|72/100|[from] item: Leftovers
|upkeep
|turn|43
|
|t:|1729278866
|move|p2a: Gengar|Thunderbolt|p1a: Chicano Batman
|-supereffective|p1a: Chicano Batman
|-damage|p1a: Chicano Batman|29/100
|move|p1a: Chicano Batman|Surf|p2a: Gengar
|-damage|p2a: Gengar|0 fnt
|faint|p2a: Gengar
|
|t:|1729278872
|switch|p2a: Dugtrio|Dugtrio, F, shiny|100/100
|
|-heal|p1a: Chicano Batman|36/100|[from] item: Leftovers
|upkeep
|turn|44
|
|t:|1729278894
|move|p2a: Dugtrio|Earthquake|p1a: Chicano Batman
|-damage|p1a: Chicano Batman|0 fnt
|faint|p1a: Chicano Batman
|
|t:|1729278897
|switch|p1a: Piñata|Jirachi|100/100
|
|upkeep
|turn|45
|
|t:|1729278900
|move|p2a: Dugtrio|Earthquake|p1a: Piñata
|-supereffective|p1a: Piñata
|-damage|p1a: Piñata|0 fnt
|faint|p1a: Piñata
|
|win|go-go-zeppeli-1890
|c|☆icypatek|gg
|c|☆go-go-zeppeli-1890|omg gg
|player|p1|

</script>
<script type="application/json" class="data" id="replaydata-smogtours-gen3ou-799630">
{"id":"smogtours-gen3ou-799630","format":"[Gen 3] OU","players":["icypatek","go-go-zeppeli-1890"],"uploadtime":1729278900,"views":84,"formatid":"gen3ou","rating":null,"private":0,"password":null}
</script>

<script defer src="js/replays.js?9d40a366"></script>
