<!DOCTYPE html>
<meta charset="utf-8" />
<meta name="viewport" content="width=device-width" />

<title>[Gen 3] OU: Janis105 vs. suhayb1910 - Replays - Pok&eacute;mon Showdown!</title>

<meta name="description" content="Watch a replay of a Pok&eacute;mon battle between Janis105 and suhayb1910! Format: [Gen 3] OU; Date: Oct 2, 2024" />
<!--

Hey, you! Looking in the source for the replay log?

You can find them in JSON format, just add `.json` at the end of a replay URL.

https://replay.pokemonshowdown.com/gen7randomdoublesbattle-865046831.json

Or, if you only need the log itself, add `.log` instead:

https://replay.pokemonshowdown.com/gen7randomdoublesbattle-865046831.log

-->

<link rel="stylesheet" href="//pokemonshowdown.com/style/global.css?0.767286132409787" />
<link rel="stylesheet" href="//play.pokemonshowdown.com/style/font-awesome.css?0.9266228007934947" />
<link rel="stylesheet" href="//play.pokemonshowdown.com/style/battle.css?0.7924700842790926" />
<link rel="stylesheet" href="//play.pokemonshowdown.com/style/utilichart.css?0.8777417872839479" />

<!-- Global site tag (gtag.js) - Google Analytics -->
<script async src="https://www.googletagmanager.com/gtag/js?id=UA-26211653-1"></script>
<script>
  window.dataLayer = window.dataLayer || [];
  function gtag(){dataLayer.push(arguments);}
  gtag('js', new Date());

  gtag('config', 'UA-26211653-1');
</script>
<!-- End Google Analytics -->
<!-- Venatus Ad Manager - Install in <HEAD> of page -->
	<script src="https://hb.vntsm.com/v3/live/ad-manager.min.js" type="text/javascript" data-site-id="642aba63ec9a7b11c3c9c1be" data-mode="scan" async></script>
<!-- / Venatus Ad Manager -->

<style>
	@media (max-width:820px) {
		.battle {
			margin: 0 auto;
		}
		.battle-log {
			margin: 7px auto 0;
			max-width: 640px;
			height: 300px;
			position: static;
		}
	}
	.optgroup {
		display: inline-block;
		line-height: 22px;
		font-size: 10pt;
	}
	.optgroup .button {
		height: 25px;
		padding-top: 0;
		padding-bottom: 0;
	}
	.optgroup button.button {
		padding-left: 12px;
		padding-right: 12px;
	}
	.linklist {
		list-style: none;
		margin: 0.5em 0;
		padding: 0;
	}
	.linklist li {
		padding: 2px 0;
	}
	.sidebar {
		float: left;
		width: 320px;
	}
	.bar-wrapper {
		max-width: 1100px;
		margin: 0 auto;
	}
	.bar-wrapper.has-sidebar {
		max-width: 1430px;
	}
	.mainbar {
		margin: 0;
		padding-right: 1px;
	}
	.mainbar.has-sidebar {
		margin-left: 330px;
	}
	@media (min-width: 1511px) {
		.sidebar {
			width: 400px;
		}
		.bar-wrapper.has-sidebar {
			max-width: 1510px;
		}
		.mainbar.has-sidebar {
			margin-left: 410px;
		}
	}
	.section.first-section {
		margin-top: 9px;
	}
	.blocklink small {
		white-space: normal;
	}
	.button {
		vertical-align: middle;
	}
	.replay-controls {
		padding-top: 10px;
	}
	.replay-controls h1 {
		font-size: 16pt;
		font-weight: normal;
		color: #CCC;
	}
	.pagelink {
		text-align: center;
	}
	.pagelink a {
		width: 150px;
	}
	.textbox, .button {
		font-size: 11pt;
		vertical-align: middle;
	}
	@media (max-width: 450px) {
		.button {
			font-size: 9pt;
		}
	}
</style>

<div>

	<header>
		<div class="nav-wrapper"><ul class="nav">
			<li><a class="button nav-first" href="//pokemonshowdown.com/"><img src="//pokemonshowdown.com/images/pokemonshowdownbeta.png" srcset="//pokemonshowdown.com/images/pokemonshowdownbeta.png 1x, //pokemonshowdown.com/images/pokemonshowdownbeta@2x.png 2x" alt="Pok&eacute;mon Showdown" width="146" height="44" /> Home</a></li>
			<li><a class="button" href="//pokemonshowdown.com/dex/">Pok&eacute;dex</a></li>
			<li><a class="button cur" href="/">Replays</a></li>
			<li><a class="button" href="//pokemonshowdown.com/ladder/">Ladder</a></li>
			<li><a class="button nav-last" href="//pokemonshowdown.com/forums/">Forum</a></li>
			<li><a class="button greenbutton nav-first nav-last" href="//play.pokemonshowdown.com/">Play</a></li>
		</ul></div>
	</header>

	<div class="main" id="main">

		<noscript><section class="section">You need to enable JavaScript to use this page; sorry!</section></noscript>

	</div>

</div>

<script defer nomodule src="//play.pokemonshowdown.com/js/lib/ps-polyfill.js"></script>
<script defer src="//play.pokemonshowdown.com/js/lib/preact.min.js"></script>

<script defer src="//play.pokemonshowdown.com/config/config.js?6dec07f6"></script>
<script defer src="//play.pokemonshowdown.com/js/lib/jquery-1.11.0.min.js"></script>
<script defer src="//play.pokemonshowdown.com/js/lib/html-sanitizer-minified.js"></script>
<script defer src="//play.pokemonshowdown.com/js/battle-sound.js"></script>
<script defer src="//play.pokemonshowdown.com/js/battledata.js?0.6315294753075389"></script>
<script defer src="//play.pokemonshowdown.com/data/pokedex-mini.js?0.7603743185311358"></script>
<script defer src="//play.pokemonshowdown.com/data/pokedex-mini-bw.js?0.030888842834281283"></script>
<script defer src="//play.pokemonshowdown.com/data/graphics.js?0.05593094747507488"></script>
<script defer src="//play.pokemonshowdown.com/data/pokedex.js?0.47064822249611904"></script>
<script defer src="//play.pokemonshowdown.com/data/moves.js?0.8583693120512459"></script>
<script defer src="//play.pokemonshowdown.com/data/abilities.js?0.16017181182386842"></script>
<script defer src="//play.pokemonshowdown.com/data/items.js?0.4163379185673943"></script>
<script defer src="//play.pokemonshowdown.com/data/teambuilder-tables.js?0.31075597372830477"></script>
<script defer src="//play.pokemonshowdown.com/js/battle-tooltips.js?0.6536193500708172"></script>
<script defer src="//play.pokemonshowdown.com/js/battle.js?0.1916591943277901"></script>

<script defer src="js/utils.js?e31f9a17"></script>
<script defer src="js/replays-battle.js?7008c182"></script>

<!-- don't scrape this data! just add .json or .log after the URL!
Full API docs: https://github.com/smogon/pokemon-showdown-client/blob/master/WEB-API.md -->
<script type="text/plain" class="log" id="replaylog-smogtours-gen3ou-794030">
|inactive|Battle timer is ON: inactive players will automatically lose when time's up.
|t:|1727899524
|gametype|singles
|player|p1|Janis105|266|
|player|p2|suhayb1910|volo|
|teamsize|p1|6
|teamsize|p2|6
|gen|3
|tier|[Gen 3] OU
|rule|Sleep Clause Mod: Limit one foe put to sleep
|rule|Switch Priority Clause Mod: Faster Pokémon switch first
|rule|Species Clause: Limit one of each Pokémon
|rule|OHKO Clause: OHKO moves are banned
|rule|Evasion Items Clause: Evasion items are banned
|rule|Evasion Moves Clause: Evasion moves are banned
|rule|Endless Battle Clause: Forcing endless battles is banned
|rule|HP Percentage Mod: HP is shown in percentages
|rule|One Boost Passer Clause: Limit one Baton Passer that has a way to boost its stats
|rule|Freeze Clause Mod: Limit one foe frozen
|
|t:|1727899524
|start
|switch|p1a: Tyranitar|Tyranitar, M|100/100
|switch|p2a: Vaporeon|Vaporeon, F|100/100
|-weather|Sandstorm|[from] ability: Sand Stream|[of] p1a: Tyranitar
|turn|1
|c|☆Janis105|glhf :)
|inactive|Janis105 has 270 seconds left.
|c|☆suhayb1910|likewise
|inactive|Janis105 has 240 seconds left.
|
|t:|1727899589
|switch|p1a: Swampert|Swampert, F|100/100
|move|p2a: Vaporeon|Substitute|p2a: Vaporeon
|-start|p2a: Vaporeon|Substitute
|-damage|p2a: Vaporeon|76/100
|
|-weather|Sandstorm|[upkeep]
|-damage|p2a: Vaporeon|69/100|[from] Sandstorm
|upkeep
|turn|2
|
|t:|1727899612
|move|p2a: Vaporeon|Hydro Pump|p1a: Swampert
|-damage|p1a: Swampert|50/100
|move|p1a: Swampert|Earthquake|p2a: Vaporeon
|-end|p2a: Vaporeon|Substitute
|
|-weather|Sandstorm|[upkeep]
|-damage|p2a: Vaporeon|63/100|[from] Sandstorm
|-heal|p1a: Swampert|56/100|[from] item: Leftovers
|upkeep
|turn|3
|
|t:|1727899638
|switch|p1a: Starmie|Starmie|100/100
|move|p2a: Vaporeon|Substitute|p2a: Vaporeon
|-start|p2a: Vaporeon|Substitute
|-damage|p2a: Vaporeon|38/100
|
|-weather|Sandstorm|[upkeep]
|-damage|p1a: Starmie|94/100|[from] Sandstorm
|-damage|p2a: Vaporeon|32/100|[from] Sandstorm
|-heal|p1a: Starmie|100/100|[from] item: Leftovers
|upkeep
|turn|4
|
|t:|1727899645
|move|p1a: Starmie|Psychic|p2a: Vaporeon
|-end|p2a: Vaporeon|Substitute
|move|p2a: Vaporeon|Substitute|p2a: Vaporeon
|-start|p2a: Vaporeon|Substitute
|-damage|p2a: Vaporeon|7/100
|
|-weather|Sandstorm|[upkeep]
|-damage|p1a: Starmie|94/100|[from] Sandstorm
|-damage|p2a: Vaporeon|1/100|[from] Sandstorm
|-heal|p1a: Starmie|100/100|[from] item: Leftovers
|-enditem|p2a: Vaporeon|Salac Berry|[eat]
|-boost|p2a: Vaporeon|spe|1|[from] item: Salac Berry
|upkeep
|turn|5
|
|t:|1727899657
|move|p2a: Vaporeon|Baton Pass|p2a: Vaporeon
|
|t:|1727899683
|switch|p2a: Tyranitar|Tyranitar, F|100/100|[from] Baton Pass
|move|p1a: Starmie|Surf|p2a: Tyranitar
|-supereffective|p2a: Tyranitar
|-end|p2a: Tyranitar|Substitute
|
|-weather|Sandstorm|[upkeep]
|-damage|p1a: Starmie|94/100|[from] Sandstorm
|-heal|p1a: Starmie|100/100|[from] item: Leftovers
|upkeep
|turn|6
|inactive|Janis105 has 270 seconds left.
|inactive|suhayb1910 has 270 seconds left.
|inactive|Janis105 has 240 seconds left.
|inactive|suhayb1910 has 240 seconds left.
|
|t:|1727899779
|switch|p2a: Vaporeon|Vaporeon, F|1/100
|move|p1a: Starmie|Surf|p2a: Vaporeon
|-heal|p2a: Vaporeon|26/100|[from] ability: Water Absorb|[of] p1a: Starmie
|
|-weather|Sandstorm|[upkeep]
|-damage|p1a: Starmie|94/100|[from] Sandstorm
|-damage|p2a: Vaporeon|20/100|[from] Sandstorm
|-heal|p1a: Starmie|100/100|[from] item: Leftovers
|upkeep
|turn|7
|
|t:|1727899789
|switch|p2a: Swampert|Swampert, F|100/100
|move|p1a: Starmie|Psychic|p2a: Swampert
|-damage|p2a: Swampert|64/100
|
|-weather|Sandstorm|[upkeep]
|-damage|p1a: Starmie|94/100|[from] Sandstorm
|-heal|p1a: Starmie|100/100|[from] item: Leftovers
|upkeep
|turn|8
|
|t:|1727899809
|move|p1a: Starmie|Psychic|p2a: Swampert
|-damage|p2a: Swampert|27/100
|move|p2a: Swampert|Endeavor|p1a: Starmie
|-damage|p1a: Starmie|29/100
|
|-weather|Sandstorm|[upkeep]
|-damage|p1a: Starmie|22/100|[from] Sandstorm
|-heal|p1a: Starmie|29/100|[from] item: Leftovers
|upkeep
|turn|9
|
|t:|1727899824
|switch|p2a: Vaporeon|Vaporeon, F|20/100
|move|p1a: Starmie|Psychic|p2a: Vaporeon
|-damage|p2a: Vaporeon|0 fnt
|faint|p2a: Vaporeon
|
|t:|1727899828
|switch|p2a: Metagross|Metagross|100/100
|
|-weather|Sandstorm|[upkeep]
|-damage|p1a: Starmie|22/100|[from] Sandstorm
|-heal|p1a: Starmie|29/100|[from] item: Leftovers
|upkeep
|turn|10
|
|t:|1727899840
|switch|p1a: Skarmory|Skarmory, M|100/100
|move|p2a: Metagross|Meteor Mash|p1a: Skarmory
|-resisted|p1a: Skarmory
|-damage|p1a: Skarmory|65/100
|
|-weather|Sandstorm|[upkeep]
|-heal|p1a: Skarmory|71/100|[from] item: Leftovers
|upkeep
|turn|11
|
|t:|1727899849
|move|p2a: Metagross|Meteor Mash|p1a: Skarmory|[miss]
|-miss|p2a: Metagross|p1a: Skarmory
|move|p1a: Skarmory|Spikes|p2a: Metagross
|-sidestart|p2: suhayb1910|Spikes
|
|-weather|Sandstorm|[upkeep]
|-heal|p1a: Skarmory|77/100|[from] item: Leftovers
|upkeep
|turn|12
|
|t:|1727899852
|move|p1a: Skarmory|Protect|p1a: Skarmory
|-singleturn|p1a: Skarmory|Protect
|move|p2a: Metagross|Meteor Mash|p1a: Skarmory
|-activate|p1a: Skarmory|Protect
|
|-weather|Sandstorm|[upkeep]
|-heal|p1a: Skarmory|83/100|[from] item: Leftovers
|upkeep
|turn|13
|
|t:|1727899858
|move|p2a: Metagross|Meteor Mash|p1a: Skarmory
|-resisted|p1a: Skarmory
|-damage|p1a: Skarmory|48/100
|move|p1a: Skarmory|Spikes|p2a: Metagross
|-sidestart|p2: suhayb1910|Spikes
|
|-weather|Sandstorm|[upkeep]
|-heal|p1a: Skarmory|53/100|[from] item: Leftovers
|upkeep
|turn|14
|
|t:|1727899863
|move|p1a: Skarmory|Protect|p1a: Skarmory
|-singleturn|p1a: Skarmory|Protect
|move|p2a: Metagross|Meteor Mash|p1a: Skarmory|[miss]
|-miss|p2a: Metagross|p1a: Skarmory
|
|-weather|Sandstorm|[upkeep]
|-heal|p1a: Skarmory|59/100|[from] item: Leftovers
|upkeep
|turn|15
|
|t:|1727899888
|switch|p1a: Metagross|Metagross|100/100
|move|p2a: Metagross|Meteor Mash|p1a: Metagross
|-resisted|p1a: Metagross
|-damage|p1a: Metagross|66/100
|-boost|p2a: Metagross|atk|1
|
|-weather|Sandstorm|[upkeep]
|-heal|p1a: Metagross|72/100|[from] item: Leftovers
|upkeep
|turn|16
|
|t:|1727899897
|switch|p2a: Salamence|Salamence, M|100/100
|-ability|p2a: Salamence|Intimidate|boost
|-fail|p1a: Metagross|unboost|[from] ability: Clear Body|[of] p1a: Metagross
|move|p1a: Metagross|Earthquake|p2a: Salamence
|-immune|p2a: Salamence
|
|-weather|Sandstorm|[upkeep]
|-damage|p2a: Salamence|94/100|[from] Sandstorm
|-heal|p2a: Salamence|100/100|[from] item: Leftovers
|-heal|p1a: Metagross|78/100|[from] item: Leftovers
|upkeep
|turn|17
|
|t:|1727899913
|switch|p1a: Gengar|Gengar, F|100/100
|move|p2a: Salamence|Dragon Dance|p2a: Salamence
|-boost|p2a: Salamence|atk|1
|-boost|p2a: Salamence|spe|1
|
|-weather|Sandstorm|[upkeep]
|-damage|p2a: Salamence|94/100|[from] Sandstorm
|-damage|p1a: Gengar|95/100|[from] Sandstorm
|-heal|p2a: Salamence|100/100|[from] item: Leftovers
|-heal|p1a: Gengar|100/100|[from] item: Leftovers
|upkeep
|turn|18
|inactive|Janis105 has 240 seconds left.
|
|t:|1727899944
|move|p2a: Salamence|Dragon Dance|p2a: Salamence
|-boost|p2a: Salamence|atk|1
|-boost|p2a: Salamence|spe|1
|move|p1a: Gengar|Ice Punch|p2a: Salamence
|-supereffective|p2a: Salamence
|-damage|p2a: Salamence|8/100
|
|-weather|Sandstorm|[upkeep]
|-damage|p2a: Salamence|2/100|[from] Sandstorm
|-damage|p1a: Gengar|95/100|[from] Sandstorm
|-heal|p2a: Salamence|8/100|[from] item: Leftovers
|-heal|p1a: Gengar|100/100|[from] item: Leftovers
|upkeep
|turn|19
|
|t:|1727899962
|switch|p1a: Swampert|Swampert, F|56/100
|move|p2a: Salamence|Hidden Power|p1a: Swampert
|-damage|p1a: Swampert|8/100
|
|-weather|Sandstorm|[upkeep]
|-damage|p2a: Salamence|2/100|[from] Sandstorm
|-heal|p2a: Salamence|8/100|[from] item: Leftovers
|-heal|p1a: Swampert|14/100|[from] item: Leftovers
|upkeep
|turn|20
|inactive|Janis105 has 210 seconds left.
|
|t:|1727899984
|move|p2a: Salamence|Hidden Power|p1a: Swampert
|-damage|p1a: Swampert|0 fnt
|faint|p1a: Swampert
|inactive|Janis105 has 210 seconds left.
|
|t:|1727900003
|switch|p1a: Skarmory|Skarmory, M|59/100
|
|-weather|Sandstorm|[upkeep]
|-damage|p2a: Salamence|2/100|[from] Sandstorm
|-heal|p2a: Salamence|8/100|[from] item: Leftovers
|-heal|p1a: Skarmory|65/100|[from] item: Leftovers
|upkeep
|turn|21
|
|t:|1727900007
|move|p2a: Salamence|Rock Slide|p1a: Skarmory
|-damage|p1a: Skarmory|20/100
|move|p1a: Skarmory|Roar|p2a: Salamence
|drag|p2a: Heracross|Heracross, F|100/100
|-damage|p2a: Heracross|84/100|[from] Spikes
|
|-weather|Sandstorm|[upkeep]
|-damage|p2a: Heracross|78/100|[from] Sandstorm
|-heal|p1a: Skarmory|26/100|[from] item: Leftovers
|upkeep
|turn|22
|inactive|Janis105 has 210 seconds left.
|
|t:|1727900021
|move|p2a: Heracross|Substitute|p2a: Heracross
|-start|p2a: Heracross|Substitute
|-damage|p2a: Heracross|53/100
|move|p1a: Skarmory|Drill Peck|p2a: Heracross
|-supereffective|p2a: Heracross
|-end|p2a: Heracross|Substitute
|
|-weather|Sandstorm|[upkeep]
|-damage|p2a: Heracross|47/100|[from] Sandstorm
|-heal|p1a: Skarmory|32/100|[from] item: Leftovers
|upkeep
|turn|23
|
|t:|1727900031
|switch|p2a: Salamence|Salamence, M|8/100
|-ability|p2a: Salamence|Intimidate|boost
|-unboost|p1a: Skarmory|atk|1
|move|p1a: Skarmory|Drill Peck|p2a: Salamence
|-damage|p2a: Salamence|0 fnt
|faint|p2a: Salamence
|
|t:|1727900036
|switch|p2a: Metagross|Metagross|100/100
|-damage|p2a: Metagross|84/100|[from] Spikes
|
|-weather|Sandstorm|[upkeep]
|-heal|p1a: Skarmory|38/100|[from] item: Leftovers
|upkeep
|turn|24
|
|t:|1727900041
|move|p1a: Skarmory|Protect|p1a: Skarmory
|-singleturn|p1a: Skarmory|Protect
|move|p2a: Metagross|Meteor Mash|p1a: Skarmory
|-activate|p1a: Skarmory|Protect
|
|-weather|Sandstorm|[upkeep]
|-heal|p1a: Skarmory|44/100|[from] item: Leftovers
|upkeep
|turn|25
|
|t:|1727900046
|move|p2a: Metagross|Meteor Mash|p1a: Skarmory
|-resisted|p1a: Skarmory
|-damage|p1a: Skarmory|8/100
|-boost|p2a: Metagross|atk|1
|move|p1a: Skarmory|Spikes|p2a: Metagross
|-sidestart|p2: suhayb1910|Spikes
|
|-weather|Sandstorm|[upkeep]
|-heal|p1a: Skarmory|14/100|[from] item: Leftovers
|upkeep
|turn|26
|inactive|Janis105 has 240 seconds left.
|
|t:|1727900062
|move|p2a: Metagross|Meteor Mash|p1a: Skarmory
|-resisted|p1a: Skarmory
|-damage|p1a: Skarmory|0 fnt
|faint|p1a: Skarmory
|
|t:|1727900071
|switch|p1a: Tyranitar|Tyranitar, M|100/100
|
|-weather|Sandstorm|[upkeep]
|upkeep
|turn|27
|
|t:|1727900074
|move|p1a: Tyranitar|Earthquake|p2a: Metagross
|-supereffective|p2a: Metagross
|-damage|p2a: Metagross|21/100
|move|p2a: Metagross|Meteor Mash|p1a: Tyranitar
|-supereffective|p1a: Tyranitar
|-damage|p1a: Tyranitar|0 fnt
|faint|p1a: Tyranitar
|inactive|Janis105 has 240 seconds left.
|
|t:|1727900084
|switch|p1a: Metagross|Metagross|78/100
|
|-weather|Sandstorm|[upkeep]
|-heal|p1a: Metagross|84/100|[from] item: Leftovers
|upkeep
|turn|28
|
|t:|1727900089
|move|p2a: Metagross|Meteor Mash|p1a: Metagross
|-resisted|p1a: Metagross
|-damage|p1a: Metagross|36/100
|move|p1a: Metagross|Agility|p1a: Metagross
|-boost|p1a: Metagross|spe|2
|
|-weather|Sandstorm|[upkeep]
|-heal|p1a: Metagross|42/100|[from] item: Leftovers
|upkeep
|turn|29
|
|t:|1727900092
|move|p1a: Metagross|Earthquake|p2a: Metagross
|-supereffective|p2a: Metagross
|-damage|p2a: Metagross|0 fnt
|faint|p2a: Metagross
|
|t:|1727900097
|switch|p2a: Heracross|Heracross, F|47/100
|-damage|p2a: Heracross|22/100|[from] Spikes
|
|-weather|Sandstorm|[upkeep]
|-damage|p2a: Heracross|16/100|[from] Sandstorm
|-heal|p1a: Metagross|48/100|[from] item: Leftovers
|-enditem|p2a: Heracross|Salac Berry|[eat]
|-boost|p2a: Heracross|spe|1|[from] item: Salac Berry
|upkeep
|turn|30
|inactive|Janis105 has 240 seconds left.
|
|t:|1727900154
|switch|p1a: Gengar|Gengar, F|100/100
|move|p2a: Heracross|Megahorn|p1a: Gengar
|-resisted|p1a: Gengar
|-damage|p1a: Gengar|57/100
|
|-weather|Sandstorm|[upkeep]
|-damage|p2a: Heracross|10/100|[from] Sandstorm
|-damage|p1a: Gengar|51/100|[from] Sandstorm
|-heal|p1a: Gengar|57/100|[from] item: Leftovers
|upkeep
|turn|31
|
|t:|1727900165
|move|p2a: Heracross|Megahorn|p1a: Gengar
|-resisted|p1a: Gengar
|-damage|p1a: Gengar|12/100
|move|p1a: Gengar|Thunderbolt|p2a: Heracross
|-damage|p2a: Heracross|0 fnt
|faint|p2a: Heracross
|
|t:|1727900169
|switch|p2a: Tyranitar|Tyranitar, F|100/100
|-damage|p2a: Tyranitar|76/100|[from] Spikes
|
|-weather|Sandstorm|[upkeep]
|-damage|p1a: Gengar|6/100|[from] Sandstorm
|-heal|p1a: Gengar|12/100|[from] item: Leftovers
|upkeep
|turn|32
|
|t:|1727900176
|move|p1a: Gengar|Taunt|p2a: Tyranitar
|-start|p2a: Tyranitar|move: Taunt
|cant|p2a: Tyranitar|move: Taunt|Dragon Dance
|
|-weather|Sandstorm|[upkeep]
|-damage|p1a: Gengar|6/100|[from] Sandstorm
|-heal|p1a: Gengar|12/100|[from] item: Leftovers
|upkeep
|turn|33
|
|t:|1727900185
|move|p1a: Gengar|Thunderbolt|p2a: Tyranitar
|-damage|p2a: Tyranitar|45/100
|move|p2a: Tyranitar|Rock Slide|p1a: Gengar
|-damage|p1a: Gengar|0 fnt
|faint|p1a: Gengar
|
|t:|1727900201
|switch|p1a: Starmie|Starmie|29/100
|
|-weather|Sandstorm|[upkeep]
|-damage|p1a: Starmie|22/100|[from] Sandstorm
|-heal|p1a: Starmie|29/100|[from] item: Leftovers
|-end|p2a: Tyranitar|move: Taunt|[silent]
|upkeep
|turn|34
|
|t:|1727900205
|move|p1a: Starmie|Surf|p2a: Tyranitar
|-supereffective|p2a: Tyranitar
|-damage|p2a: Tyranitar|0 fnt
|faint|p2a: Tyranitar
|
|t:|1727900208
|switch|p2a: Swampert|Swampert, F|27/100
|-damage|p2a: Swampert|2/100|[from] Spikes
|
|-weather|Sandstorm|[upkeep]
|-damage|p1a: Starmie|22/100|[from] Sandstorm
|-heal|p1a: Starmie|29/100|[from] item: Leftovers
|-enditem|p2a: Swampert|Salac Berry|[eat]
|-boost|p2a: Swampert|spe|1|[from] item: Salac Berry
|upkeep
|turn|35
|
|t:|1727900212
|move|p2a: Swampert|Hydro Pump|p1a: Starmie
|-resisted|p1a: Starmie
|-damage|p1a: Starmie|0 fnt
|faint|p1a: Starmie
|inactive|Janis105 has 240 seconds left.
|
|t:|1727900226
|switch|p1a: Metagross|Metagross|48/100
|
|-weather|Sandstorm|[upkeep]
|-heal|p1a: Metagross|54/100|[from] item: Leftovers
|upkeep
|turn|36
|
|t:|1727900230
|move|p2a: Swampert|Hydro Pump|p1a: Metagross|[miss]
|-miss|p2a: Swampert|p1a: Metagross
|move|p1a: Metagross|Earthquake|p2a: Swampert
|-damage|p2a: Swampert|0 fnt
|faint|p2a: Swampert
|
|win|Janis105
|c|☆Janis105|wow
|c|☆suhayb1910|gg
|c|☆Janis105|gg
|player|p2|

</script>
<script type="application/json" class="data" id="replaydata-smogtours-gen3ou-794030">
{"id":"smogtours-gen3ou-794030","format":"[Gen 3] OU","players":["Janis105","suhayb1910"],"uploadtime":1727900230,"views":120,"formatid":"gen3ou","rating":null,"private":0,"password":null}
</script>

<script defer src="js/replays.js?9d40a366"></script>
