<!DOCTYPE html>
<meta charset="utf-8" />
<meta name="viewport" content="width=device-width" />

<title>[Gen 3] OU: G3neralR3van vs. celdanami - Replays - Pok&eacute;mon Showdown!</title>

<meta name="description" content="Watch a replay of a Pok&eacute;mon battle between G3neralR3van and celdanami! Format: [Gen 3] OU; Date: Oct 27, 2024" />
<!--

Hey, you! Looking in the source for the replay log?

You can find them in JSON format, just add `.json` at the end of a replay URL.

https://replay.pokemonshowdown.com/gen7randomdoublesbattle-865046831.json

Or, if you only need the log itself, add `.log` instead:

https://replay.pokemonshowdown.com/gen7randomdoublesbattle-865046831.log

-->

<link rel="stylesheet" href="//pokemonshowdown.com/style/global.css?0.023195364461161105" />
<link rel="stylesheet" href="//play.pokemonshowdown.com/style/font-awesome.css?0.13261647063804238" />
<link rel="stylesheet" href="//play.pokemonshowdown.com/style/battle.css?0.8753245789963631" />
<link rel="stylesheet" href="//play.pokemonshowdown.com/style/utilichart.css?0.8627959624976733" />

<!-- Global site tag (gtag.js) - Google Analytics -->
<script async src="https://www.googletagmanager.com/gtag/js?id=UA-26211653-1"></script>
<script>
  window.dataLayer = window.dataLayer || [];
  function gtag(){dataLayer.push(arguments);}
  gtag('js', new Date());

  gtag('config', 'UA-26211653-1');
</script>
<!-- End Google Analytics -->
<!-- Venatus Ad Manager - Install in <HEAD> of page -->
	<script src="https://hb.vntsm.com/v3/live/ad-manager.min.js" type="text/javascript" data-site-id="642aba63ec9a7b11c3c9c1be" data-mode="scan" async></script>
<!-- / Venatus Ad Manager -->

<style>
	@media (max-width:820px) {
		.battle {
			margin: 0 auto;
		}
		.battle-log {
			margin: 7px auto 0;
			max-width: 640px;
			height: 300px;
			position: static;
		}
	}
	.optgroup {
		display: inline-block;
		line-height: 22px;
		font-size: 10pt;
	}
	.optgroup .button {
		height: 25px;
		padding-top: 0;
		padding-bottom: 0;
	}
	.optgroup button.button {
		padding-left: 12px;
		padding-right: 12px;
	}
	.linklist {
		list-style: none;
		margin: 0.5em 0;
		padding: 0;
	}
	.linklist li {
		padding: 2px 0;
	}
	.sidebar {
		float: left;
		width: 320px;
	}
	.bar-wrapper {
		max-width: 1100px;
		margin: 0 auto;
	}
	.bar-wrapper.has-sidebar {
		max-width: 1430px;
	}
	.mainbar {
		margin: 0;
		padding-right: 1px;
	}
	.mainbar.has-sidebar {
		margin-left: 330px;
	}
	@media (min-width: 1511px) {
		.sidebar {
			width: 400px;
		}
		.bar-wrapper.has-sidebar {
			max-width: 1510px;
		}
		.mainbar.has-sidebar {
			margin-left: 410px;
		}
	}
	.section.first-section {
		margin-top: 9px;
	}
	.blocklink small {
		white-space: normal;
	}
	.button {
		vertical-align: middle;
	}
	.replay-controls {
		padding-top: 10px;
	}
	.replay-controls h1 {
		font-size: 16pt;
		font-weight: normal;
		color: #CCC;
	}
	.pagelink {
		text-align: center;
	}
	.pagelink a {
		width: 150px;
	}
	.textbox, .button {
		font-size: 11pt;
		vertical-align: middle;
	}
	@media (max-width: 450px) {
		.button {
			font-size: 9pt;
		}
	}
</style>

<div>

	<header>
		<div class="nav-wrapper"><ul class="nav">
			<li><a class="button nav-first" href="//pokemonshowdown.com/"><img src="//pokemonshowdown.com/images/pokemonshowdownbeta.png" srcset="//pokemonshowdown.com/images/pokemonshowdownbeta.png 1x, //pokemonshowdown.com/images/pokemonshowdownbeta@2x.png 2x" alt="Pok&eacute;mon Showdown" width="146" height="44" /> Home</a></li>
			<li><a class="button" href="//pokemonshowdown.com/dex/">Pok&eacute;dex</a></li>
			<li><a class="button cur" href="/">Replays</a></li>
			<li><a class="button" href="//pokemonshowdown.com/ladder/">Ladder</a></li>
			<li><a class="button nav-last" href="//pokemonshowdown.com/forums/">Forum</a></li>
			<li><a class="button greenbutton nav-first nav-last" href="//play.pokemonshowdown.com/">Play</a></li>
		</ul></div>
	</header>

	<div class="main" id="main">

		<noscript><section class="section">You need to enable JavaScript to use this page; sorry!</section></noscript>

	</div>

</div>

<script defer nomodule src="//play.pokemonshowdown.com/js/lib/ps-polyfill.js"></script>
<script defer src="//play.pokemonshowdown.com/js/lib/preact.min.js"></script>

<script defer src="//play.pokemonshowdown.com/config/config.js?2bddbc15"></script>
<script defer src="//play.pokemonshowdown.com/js/lib/jquery-1.11.0.min.js"></script>
<script defer src="//play.pokemonshowdown.com/js/lib/html-sanitizer-minified.js"></script>
<script defer src="//play.pokemonshowdown.com/js/battle-sound.js"></script>
<script defer src="//play.pokemonshowdown.com/js/battledata.js?0.7209276989879541"></script>
<script defer src="//play.pokemonshowdown.com/data/pokedex-mini.js?0.6111056340867951"></script>
<script defer src="//play.pokemonshowdown.com/data/pokedex-mini-bw.js?0.3532142036491459"></script>
<script defer src="//play.pokemonshowdown.com/data/graphics.js?0.24223875632456182"></script>
<script defer src="//play.pokemonshowdown.com/data/pokedex.js?0.38839984266356864"></script>
<script defer src="//play.pokemonshowdown.com/data/moves.js?0.21866028504024015"></script>
<script defer src="//play.pokemonshowdown.com/data/abilities.js?0.2005157953846628"></script>
<script defer src="//play.pokemonshowdown.com/data/items.js?0.9894211263848525"></script>
<script defer src="//play.pokemonshowdown.com/data/teambuilder-tables.js?0.6008791140282215"></script>
<script defer src="//play.pokemonshowdown.com/js/battle-tooltips.js?0.7580118955022959"></script>
<script defer src="//play.pokemonshowdown.com/js/battle.js?0.6057722274234274"></script>

<script defer src="js/utils.js?e31f9a17"></script>
<script defer src="js/replays-battle.js?7008c182"></script>

<!-- don't scrape this data! just add .json or .log after the URL!
Full API docs: https://github.com/smogon/pokemon-showdown-client/blob/master/WEB-API.md -->
<script type="text/plain" class="log" id="replaylog-smogtours-gen3ou-802543">
|inactive|Battle timer is ON: inactive players will automatically lose when time's up.
|t:|1730050120
|gametype|singles
|player|p1|G3neralR3van|volkner|
|player|p2|celdanami|rei-isekai|
|teamsize|p1|6
|teamsize|p2|6
|gen|3
|tier|[Gen 3] OU
|rule|Sleep Clause Mod: Limit one foe put to sleep
|rule|Switch Priority Clause Mod: Faster Pokémon switch first
|rule|Species Clause: Limit one of each Pokémon
|rule|OHKO Clause: OHKO moves are banned
|rule|Evasion Items Clause: Evasion items are banned
|rule|Evasion Moves Clause: Evasion moves are banned
|rule|Endless Battle Clause: Forcing endless battles is banned
|rule|HP Percentage Mod: HP is shown in percentages
|rule|One Boost Passer Clause: Limit one Baton Passer that has a way to boost its stats
|rule|Freeze Clause Mod: Limit one foe frozen
|
|t:|1730050120
|start
|switch|p1a: Suicune|Suicune|100/100
|switch|p2a: SEE?|Snorlax, F, shiny|100/100
|turn|1
|c|☆G3neralR3van|gl hf
|c|☆celdanami|ty i need it e_e
|c|☆celdanami|so hungover LMAO
|inactive|celdanami has 270 seconds left.
|c|☆G3neralR3van|lol
|inactive|celdanami has 240 seconds left.
|
|t:|1730050186
|move|p2a: SEE?|Double-Edge|p1a: Suicune
|-damage|p1a: Suicune|27/100
|-damage|p2a: SEE?|81/100|[from] Recoil|[of] p1a: Suicune
|move|p1a: Suicune|Roar|p2a: SEE?
|drag|p2a: I CAN'T SEE!|Minun, F, shiny|100/100
|
|-heal|p1a: Suicune|33/100|[from] item: Leftovers
|upkeep
|turn|2
|
|t:|1730050195
|switch|p1a: Snorlax|Snorlax, F|100/100
|move|p2a: I CAN'T SEE!|Baton Pass|p2a: I CAN'T SEE!
|
|t:|1730050213
|switch|p2a: SEE?|Snorlax, F, shiny|81/100|[from] Baton Pass
|
|upkeep
|turn|3
|
|t:|1730050218
|move|p2a: SEE?|Double-Edge|p1a: Snorlax
|-damage|p1a: Snorlax|14/100
|-damage|p2a: SEE?|53/100|[from] Recoil|[of] p1a: Snorlax
|move|p1a: Snorlax|Body Slam|p2a: SEE?
|-damage|p2a: SEE?|14/100
|
|-heal|p1a: Snorlax|21/100|[from] item: Leftovers
|upkeep
|turn|4
|
|t:|1730050233
|switch|p1a: Metagross|Metagross|100/100
|move|p2a: SEE?|Double-Edge|p1a: Metagross
|-resisted|p1a: Metagross
|-damage|p1a: Metagross|65/100
|-damage|p2a: SEE?|6/100|[from] Recoil|[of] p1a: Metagross
|
|upkeep
|turn|5
|
|t:|1730050238
|move|p1a: Metagross|Earthquake|p2a: SEE?
|-damage|p2a: SEE?|0 fnt
|faint|p2a: SEE?
|inactive|celdanami has 270 seconds left.
|
|t:|1730050294
|switch|p2a: Metagross|Metagross|100/100
|
|upkeep
|turn|6
|
|t:|1730050299
|move|p1a: Metagross|Earthquake|p2a: Metagross
|-supereffective|p2a: Metagross
|-damage|p2a: Metagross|8/100
|move|p2a: Metagross|Earthquake|p1a: Metagross
|-supereffective|p1a: Metagross
|-damage|p1a: Metagross|0 fnt
|faint|p1a: Metagross
|
|t:|1730050307
|switch|p1a: Magneton|Magneton|100/100
|
|-heal|p2a: Metagross|14/100|[from] item: Leftovers
|upkeep
|turn|7
|
|t:|1730050313
|move|p1a: Magneton|Thunderbolt|p2a: Metagross
|-damage|p2a: Metagross|0 fnt
|faint|p2a: Metagross
|
|t:|1730050318
|switch|p2a: I CAN'T SEE!|Minun, F, shiny|100/100
|
|upkeep
|turn|8
|
|t:|1730050321
|move|p2a: I CAN'T SEE!|Substitute|p2a: I CAN'T SEE!
|-start|p2a: I CAN'T SEE!|Substitute
|-damage|p2a: I CAN'T SEE!|75/100
|move|p1a: Magneton|Thunder Wave||[still]
|-fail|p1a: Magneton
|
|-heal|p2a: I CAN'T SEE!|82/100|[from] item: Leftovers
|upkeep
|turn|9
|
|t:|1730050325
|move|p2a: I CAN'T SEE!|Encore|p1a: Magneton
|-start|p1a: Magneton|Encore
|move|p1a: Magneton|Thunder Wave||[still]
|-fail|p1a: Magneton
|
|-heal|p2a: I CAN'T SEE!|88/100|[from] item: Leftovers
|upkeep
|turn|10
|
|t:|1730050340
|switch|p1a: Snorlax|Snorlax, F|21/100
|move|p2a: I CAN'T SEE!|Baton Pass|p2a: I CAN'T SEE!
|inactive|celdanami has 270 seconds left.
|
|t:|1730050356
|switch|p2a: Marowak|Marowak, M|100/100|[from] Baton Pass
|
|-heal|p1a: Snorlax|27/100|[from] item: Leftovers
|upkeep
|turn|11
|inactive|G3neralR3van has 270 seconds left.
|
|t:|1730050391
|move|p2a: Marowak|Earthquake|p1a: Snorlax
|-damage|p1a: Snorlax|0 fnt
|faint|p1a: Snorlax
|
|t:|1730050393
|switch|p1a: Salamence|Salamence, M|100/100
|
|upkeep
|turn|12
|
|t:|1730050398
|move|p1a: Salamence|Hidden Power|p2a: Marowak
|-supereffective|p2a: Marowak
|-end|p2a: Marowak|Substitute
|move|p2a: Marowak|Rock Slide|p1a: Salamence|[miss]
|-miss|p2a: Marowak|p1a: Salamence
|
|upkeep
|turn|13
|
|t:|1730050417
|move|p1a: Salamence|Hidden Power|p2a: Marowak
|-supereffective|p2a: Marowak
|-damage|p2a: Marowak|22/100
|move|p2a: Marowak|Sing|p1a: Salamence
|-status|p1a: Salamence|slp|[from] move: Sing
|
|upkeep
|turn|14
|
|t:|1730050432
|switch|p1a: Magneton|Magneton|100/100
|switch|p2a: I CAN'T SEE!|Minun, F, shiny|88/100
|
|-heal|p2a: I CAN'T SEE!|94/100|[from] item: Leftovers
|upkeep
|turn|15
|
|t:|1730050438
|move|p2a: I CAN'T SEE!|Agility|p2a: I CAN'T SEE!
|-boost|p2a: I CAN'T SEE!|spe|2
|move|p1a: Magneton|Hidden Power|p2a: I CAN'T SEE!
|-damage|p2a: I CAN'T SEE!|69/100
|
|-heal|p2a: I CAN'T SEE!|75/100|[from] item: Leftovers
|upkeep
|turn|16
|
|t:|1730050446
|switch|p1a: Suicune|Suicune|33/100
|move|p2a: I CAN'T SEE!|Baton Pass|p2a: I CAN'T SEE!
|
|t:|1730050450
|switch|p2a: Umbreon|Umbreon, M|100/100|[from] Baton Pass
|
|-heal|p1a: Suicune|39/100|[from] item: Leftovers
|upkeep
|turn|17
|
|t:|1730050455
|move|p2a: Umbreon|Taunt|p1a: Suicune
|-start|p1a: Suicune|move: Taunt
|cant|p1a: Suicune|move: Taunt|Roar
|
|-heal|p1a: Suicune|45/100|[from] item: Leftovers
|upkeep
|turn|18
|inactive|celdanami has 270 seconds left.
|
|t:|1730050509
|move|p2a: Umbreon|Substitute|p2a: Umbreon
|-start|p2a: Umbreon|Substitute
|-damage|p2a: Umbreon|76/100
|move|p1a: Suicune|Surf|p2a: Umbreon
|-activate|p2a: Umbreon|Substitute|[damage]
|
|-heal|p2a: Umbreon|82/100|[from] item: Leftovers
|-heal|p1a: Suicune|51/100|[from] item: Leftovers
|-end|p1a: Suicune|move: Taunt|[silent]
|upkeep
|turn|19
|
|t:|1730050523
|move|p2a: Umbreon|Taunt|p1a: Suicune
|-start|p1a: Suicune|move: Taunt
|move|p1a: Suicune|Surf|p2a: Umbreon
|-end|p2a: Umbreon|Substitute
|
|-heal|p2a: Umbreon|88/100|[from] item: Leftovers
|-heal|p1a: Suicune|57/100|[from] item: Leftovers
|upkeep
|turn|20
|
|t:|1730050533
|move|p2a: Umbreon|Wish|p2a: Umbreon
|move|p1a: Suicune|Surf|p2a: Umbreon
|-damage|p2a: Umbreon|64/100
|
|-heal|p2a: Umbreon|70/100|[from] item: Leftovers
|-heal|p1a: Suicune|63/100|[from] item: Leftovers
|-end|p1a: Suicune|move: Taunt|[silent]
|upkeep
|turn|21
|inactive|celdanami has 270 seconds left.
|
|t:|1730050559
|move|p2a: Umbreon|Baton Pass|p2a: Umbreon
|
|t:|1730050560
|switch|p2a: I CAN'T SEE!|Minun, F, shiny|75/100|[from] Baton Pass
|move|p1a: Suicune|Roar|p2a: I CAN'T SEE!
|drag|p2a: Umbreon|Umbreon, M|70/100
|
|-heal|p2a: Umbreon|100/100|[from] move: Wish|[wisher] Umbreon
|-heal|p1a: Suicune|69/100|[from] item: Leftovers
|upkeep
|turn|22
|
|t:|1730050590
|move|p1a: Suicune|Calm Mind|p1a: Suicune
|-boost|p1a: Suicune|spa|1
|-boost|p1a: Suicune|spd|1
|move|p2a: Umbreon|Taunt|p1a: Suicune
|-start|p1a: Suicune|move: Taunt
|
|-heal|p1a: Suicune|75/100|[from] item: Leftovers
|upkeep
|turn|23
|
|t:|1730050597
|move|p1a: Suicune|Surf|p2a: Umbreon
|-damage|p2a: Umbreon|61/100
|move|p2a: Umbreon|Substitute|p2a: Umbreon
|-start|p2a: Umbreon|Substitute
|-damage|p2a: Umbreon|36/100
|
|-heal|p1a: Suicune|81/100|[from] item: Leftovers
|-end|p1a: Suicune|move: Taunt|[silent]
|-heal|p2a: Umbreon|42/100|[from] item: Leftovers
|upkeep
|turn|24
|
|t:|1730050601
|move|p1a: Suicune|Surf|p2a: Umbreon
|-end|p2a: Umbreon|Substitute
|move|p2a: Umbreon|Wish|p2a: Umbreon
|
|-heal|p1a: Suicune|87/100|[from] item: Leftovers
|-heal|p2a: Umbreon|48/100|[from] item: Leftovers
|upkeep
|turn|25
|inactive|celdanami has 270 seconds left.
|c|☆celdanami|ok we're going with the just keep drinking strat
|inactive|celdanami has 240 seconds left.
|c|☆G3neralR3van|TIL marowak had sing
|inactive|celdanami has 210 seconds left.
|
|t:|1730050680
|move|p1a: Suicune|Calm Mind|p1a: Suicune
|-boost|p1a: Suicune|spa|1
|-boost|p1a: Suicune|spd|1
|move|p2a: Umbreon|Baton Pass|p2a: Umbreon
|
|t:|1730050686
|switch|p2a: I CAN'T SEE!|Minun, F, shiny|75/100|[from] Baton Pass
|
|-heal|p2a: I CAN'T SEE!|100/100|[from] move: Wish|[wisher] Umbreon
|-heal|p1a: Suicune|93/100|[from] item: Leftovers
|upkeep
|turn|26
|
|t:|1730050693
|move|p2a: I CAN'T SEE!|Encore|p1a: Suicune
|-start|p1a: Suicune|Encore
|move|p1a: Suicune|Calm Mind|p1a: Suicune
|-boost|p1a: Suicune|spa|1
|-boost|p1a: Suicune|spd|1
|
|-heal|p1a: Suicune|99/100|[from] item: Leftovers
|upkeep
|turn|27
|inactive|celdanami has 210 seconds left.
|c|☆celdanami|ikr 
|inactive|G3neralR3van has 270 seconds left.
|c|☆celdanami|i saw that and thought it'd be cute with drum
|c|☆celdanami|but ofc those are not compatible :[
|inactive|G3neralR3van has 240 seconds left.
|
|t:|1730050779
|switch|p1a: Salamence|Salamence, M|100/100 slp
|-ability|p1a: Salamence|Intimidate|boost
|-unboost|p2a: I CAN'T SEE!|atk|1
|move|p2a: I CAN'T SEE!|Agility|p2a: I CAN'T SEE!
|-boost|p2a: I CAN'T SEE!|spe|2
|
|upkeep
|turn|28
|inactive|celdanami has 210 seconds left.
|inactive|celdanami has 180 seconds left.
|
|t:|1730050830
|move|p2a: I CAN'T SEE!|Baton Pass|p2a: I CAN'T SEE!
|
|t:|1730050835
|switch|p2a: Umbreon|Umbreon, M|48/100|[from] Baton Pass
|cant|p1a: Salamence|slp
|
|-heal|p2a: Umbreon|54/100|[from] item: Leftovers
|upkeep
|turn|29
|inactive|celdanami has 180 seconds left.
|
|t:|1730050848
|switch|p1a: Suicune|Suicune|99/100
|move|p2a: Umbreon|Substitute|p2a: Umbreon
|-start|p2a: Umbreon|Substitute
|-damage|p2a: Umbreon|29/100
|
|-heal|p2a: Umbreon|35/100|[from] item: Leftovers
|-heal|p1a: Suicune|100/100|[from] item: Leftovers
|upkeep
|turn|30
|inactive|celdanami has 180 seconds left.
|
|t:|1730050865
|move|p2a: Umbreon|Taunt|p1a: Suicune
|-start|p1a: Suicune|move: Taunt
|move|p1a: Suicune|Surf|p2a: Umbreon
|-activate|p2a: Umbreon|Substitute|[damage]
|
|-heal|p2a: Umbreon|41/100|[from] item: Leftovers
|upkeep
|turn|31
|inactive|celdanami has 150 seconds left.
|c|☆celdanami|oh 
|inactive|celdanami has 120 seconds left.
|
|t:|1730050927
|move|p2a: Umbreon|Wish|p2a: Umbreon
|move|p1a: Suicune|Surf|p2a: Umbreon
|-end|p2a: Umbreon|Substitute
|
|-heal|p2a: Umbreon|47/100|[from] item: Leftovers
|-end|p1a: Suicune|move: Taunt|[silent]
|upkeep
|turn|32
|
|t:|1730050937
|move|p2a: Umbreon|Taunt|p1a: Suicune
|-start|p1a: Suicune|move: Taunt
|move|p1a: Suicune|Surf|p2a: Umbreon
|-damage|p2a: Umbreon|22/100
|
|-heal|p2a: Umbreon|72/100|[from] move: Wish|[wisher] Umbreon
|-heal|p2a: Umbreon|78/100|[from] item: Leftovers
|upkeep
|turn|33
|
|t:|1730050946
|move|p2a: Umbreon|Wish|p2a: Umbreon
|move|p1a: Suicune|Surf|p2a: Umbreon
|-damage|p2a: Umbreon|52/100
|
|-heal|p2a: Umbreon|58/100|[from] item: Leftovers
|-end|p1a: Suicune|move: Taunt|[silent]
|upkeep
|turn|34
|
|t:|1730050953
|move|p2a: Umbreon|Baton Pass|p2a: Umbreon
|
|t:|1730050955
|switch|p2a: I CAN'T SEE!|Minun, F, shiny|100/100|[from] Baton Pass
|move|p1a: Suicune|Ice Beam|p2a: I CAN'T SEE!
|-damage|p2a: I CAN'T SEE!|72/100
|
|-heal|p2a: I CAN'T SEE!|100/100|[from] move: Wish|[wisher] Umbreon
|upkeep
|turn|35
|inactive|G3neralR3van has 270 seconds left.
|inactive|celdanami has 150 seconds left.
|
|t:|1730050962
|move|p2a: I CAN'T SEE!|Encore|p1a: Suicune
|-start|p1a: Suicune|Encore
|move|p1a: Suicune|Ice Beam|p2a: I CAN'T SEE!
|-crit|p2a: I CAN'T SEE!
|-damage|p2a: I CAN'T SEE!|42/100
|
|-heal|p2a: I CAN'T SEE!|48/100|[from] item: Leftovers
|upkeep
|turn|36
|
|t:|1730050970
|move|p2a: I CAN'T SEE!|Baton Pass|p2a: I CAN'T SEE!
|
|t:|1730050971
|switch|p2a: WHERE AM I?|Azumarill, F, shiny|100/100|[from] Baton Pass
|move|p1a: Suicune|Ice Beam|p2a: WHERE AM I?
|-resisted|p2a: WHERE AM I?
|-damage|p2a: WHERE AM I?|84/100
|
|-heal|p2a: WHERE AM I?|90/100|[from] item: Leftovers
|upkeep
|turn|37
|
|t:|1730050981
|switch|p1a: Salamence|Salamence, M|100/100 slp
|-ability|p1a: Salamence|Intimidate|boost
|-unboost|p2a: WHERE AM I?|atk|1
|move|p2a: WHERE AM I?|Belly Drum|p2a: WHERE AM I?
|-damage|p2a: WHERE AM I?|40/100
|-setboost|p2a: WHERE AM I?|atk|6|[from] move: Belly Drum
|
|-heal|p2a: WHERE AM I?|46/100|[from] item: Leftovers
|upkeep
|turn|38
|
|t:|1730051002
|switch|p1a: Suicune|Suicune|100/100
|move|p2a: WHERE AM I?|Return|p1a: Suicune
|-damage|p1a: Suicune|0 fnt
|faint|p1a: Suicune
|
|t:|1730051009
|switch|p1a: Salamence|Salamence, M|100/100 slp
|-ability|p1a: Salamence|Intimidate|boost
|-unboost|p2a: WHERE AM I?|atk|1
|
|-heal|p2a: WHERE AM I?|52/100|[from] item: Leftovers
|upkeep
|turn|39
|
|t:|1730051017
|switch|p1a: Magneton|Magneton|100/100
|move|p2a: WHERE AM I?|Return|p1a: Magneton
|-resisted|p1a: Magneton
|-damage|p1a: Magneton|0 fnt
|faint|p1a: Magneton
|
|t:|1730051021
|switch|p1a: Salamence|Salamence, M|100/100 slp
|-ability|p1a: Salamence|Intimidate|boost
|-unboost|p2a: WHERE AM I?|atk|1
|
|-heal|p2a: WHERE AM I?|58/100|[from] item: Leftovers
|upkeep
|turn|40
|
|t:|1730051026
|move|p2a: WHERE AM I?|Return|p1a: Salamence
|-damage|p1a: Salamence|0 fnt
|faint|p1a: Salamence
|
|t:|1730051029
|switch|p1a: Heracross|Heracross, M|100/100
|
|-heal|p2a: WHERE AM I?|64/100|[from] item: Leftovers
|upkeep
|turn|41
|inactive|celdanami has 210 seconds left.
|c|☆celdanami|holy shit 
|c|☆celdanami|im too tired for this math
|inactive|G3neralR3van has 270 seconds left.
|
|t:|1730051068
|move|p2a: WHERE AM I?|Return|p1a: Heracross
|-damage|p1a: Heracross|0 fnt
|faint|p1a: Heracross
|
|win|celdanami
|c|☆G3neralR3van|gg
|c|☆celdanami|ggs
|c|☆G3neralR3van|good to grab it? 
|player|p1|

</script>
<script type="application/json" class="data" id="replaydata-smogtours-gen3ou-802543">
{"id":"smogtours-gen3ou-802543","format":"[Gen 3] OU","players":["G3neralR3van","celdanami"],"uploadtime":1730051068,"views":166,"formatid":"gen3ou","rating":null,"private":0,"password":null}
</script>

<script defer src="js/replays.js?9d40a366"></script>
