<!DOCTYPE html>
<meta charset="utf-8" />
<meta name="viewport" content="width=device-width" />

<title>[Gen 3] OU: YellowHat07 vs. theamazingeevee - Replays - Pok&eacute;mon Showdown!</title>

<meta name="description" content="Watch a replay of a Pok&eacute;mon battle between YellowHat07 and theamazingeevee! Format: [Gen 3] OU; Date: Oct 13, 2024" />
<!--

Hey, you! Looking in the source for the replay log?

You can find them in JSON format, just add `.json` at the end of a replay URL.

https://replay.pokemonshowdown.com/gen7randomdoublesbattle-865046831.json

Or, if you only need the log itself, add `.log` instead:

https://replay.pokemonshowdown.com/gen7randomdoublesbattle-865046831.log

-->

<link rel="stylesheet" href="//pokemonshowdown.com/style/global.css?0.023195364461161105" />
<link rel="stylesheet" href="//play.pokemonshowdown.com/style/font-awesome.css?0.13261647063804238" />
<link rel="stylesheet" href="//play.pokemonshowdown.com/style/battle.css?0.8753245789963631" />
<link rel="stylesheet" href="//play.pokemonshowdown.com/style/utilichart.css?0.8627959624976733" />

<!-- Global site tag (gtag.js) - Google Analytics -->
<script async src="https://www.googletagmanager.com/gtag/js?id=UA-26211653-1"></script>
<script>
  window.dataLayer = window.dataLayer || [];
  function gtag(){dataLayer.push(arguments);}
  gtag('js', new Date());

  gtag('config', 'UA-26211653-1');
</script>
<!-- End Google Analytics -->
<!-- Venatus Ad Manager - Install in <HEAD> of page -->
	<script src="https://hb.vntsm.com/v3/live/ad-manager.min.js" type="text/javascript" data-site-id="642aba63ec9a7b11c3c9c1be" data-mode="scan" async></script>
<!-- / Venatus Ad Manager -->

<style>
	@media (max-width:820px) {
		.battle {
			margin: 0 auto;
		}
		.battle-log {
			margin: 7px auto 0;
			max-width: 640px;
			height: 300px;
			position: static;
		}
	}
	.optgroup {
		display: inline-block;
		line-height: 22px;
		font-size: 10pt;
	}
	.optgroup .button {
		height: 25px;
		padding-top: 0;
		padding-bottom: 0;
	}
	.optgroup button.button {
		padding-left: 12px;
		padding-right: 12px;
	}
	.linklist {
		list-style: none;
		margin: 0.5em 0;
		padding: 0;
	}
	.linklist li {
		padding: 2px 0;
	}
	.sidebar {
		float: left;
		width: 320px;
	}
	.bar-wrapper {
		max-width: 1100px;
		margin: 0 auto;
	}
	.bar-wrapper.has-sidebar {
		max-width: 1430px;
	}
	.mainbar {
		margin: 0;
		padding-right: 1px;
	}
	.mainbar.has-sidebar {
		margin-left: 330px;
	}
	@media (min-width: 1511px) {
		.sidebar {
			width: 400px;
		}
		.bar-wrapper.has-sidebar {
			max-width: 1510px;
		}
		.mainbar.has-sidebar {
			margin-left: 410px;
		}
	}
	.section.first-section {
		margin-top: 9px;
	}
	.blocklink small {
		white-space: normal;
	}
	.button {
		vertical-align: middle;
	}
	.replay-controls {
		padding-top: 10px;
	}
	.replay-controls h1 {
		font-size: 16pt;
		font-weight: normal;
		color: #CCC;
	}
	.pagelink {
		text-align: center;
	}
	.pagelink a {
		width: 150px;
	}
	.textbox, .button {
		font-size: 11pt;
		vertical-align: middle;
	}
	@media (max-width: 450px) {
		.button {
			font-size: 9pt;
		}
	}
</style>

<div>

	<header>
		<div class="nav-wrapper"><ul class="nav">
			<li><a class="button nav-first" href="//pokemonshowdown.com/"><img src="//pokemonshowdown.com/images/pokemonshowdownbeta.png" srcset="//pokemonshowdown.com/images/pokemonshowdownbeta.png 1x, //pokemonshowdown.com/images/pokemonshowdownbeta@2x.png 2x" alt="Pok&eacute;mon Showdown" width="146" height="44" /> Home</a></li>
			<li><a class="button" href="//pokemonshowdown.com/dex/">Pok&eacute;dex</a></li>
			<li><a class="button cur" href="/">Replays</a></li>
			<li><a class="button" href="//pokemonshowdown.com/ladder/">Ladder</a></li>
			<li><a class="button nav-last" href="//pokemonshowdown.com/forums/">Forum</a></li>
			<li><a class="button greenbutton nav-first nav-last" href="//play.pokemonshowdown.com/">Play</a></li>
		</ul></div>
	</header>

	<div class="main" id="main">

		<noscript><section class="section">You need to enable JavaScript to use this page; sorry!</section></noscript>

	</div>

</div>

<script defer nomodule src="//play.pokemonshowdown.com/js/lib/ps-polyfill.js"></script>
<script defer src="//play.pokemonshowdown.com/js/lib/preact.min.js"></script>

<script defer src="//play.pokemonshowdown.com/config/config.js?2bddbc15"></script>
<script defer src="//play.pokemonshowdown.com/js/lib/jquery-1.11.0.min.js"></script>
<script defer src="//play.pokemonshowdown.com/js/lib/html-sanitizer-minified.js"></script>
<script defer src="//play.pokemonshowdown.com/js/battle-sound.js"></script>
<script defer src="//play.pokemonshowdown.com/js/battledata.js?0.7209276989879541"></script>
<script defer src="//play.pokemonshowdown.com/data/pokedex-mini.js?0.6111056340867951"></script>
<script defer src="//play.pokemonshowdown.com/data/pokedex-mini-bw.js?0.3532142036491459"></script>
<script defer src="//play.pokemonshowdown.com/data/graphics.js?0.24223875632456182"></script>
<script defer src="//play.pokemonshowdown.com/data/pokedex.js?0.38839984266356864"></script>
<script defer src="//play.pokemonshowdown.com/data/moves.js?0.21866028504024015"></script>
<script defer src="//play.pokemonshowdown.com/data/abilities.js?0.2005157953846628"></script>
<script defer src="//play.pokemonshowdown.com/data/items.js?0.9894211263848525"></script>
<script defer src="//play.pokemonshowdown.com/data/teambuilder-tables.js?0.6008791140282215"></script>
<script defer src="//play.pokemonshowdown.com/js/battle-tooltips.js?0.7580118955022959"></script>
<script defer src="//play.pokemonshowdown.com/js/battle.js?0.6057722274234274"></script>

<script defer src="js/utils.js?e31f9a17"></script>
<script defer src="js/replays-battle.js?7008c182"></script>

<!-- don't scrape this data! just add .json or .log after the URL!
Full API docs: https://github.com/smogon/pokemon-showdown-client/blob/master/WEB-API.md -->
<script type="text/plain" class="log" id="replaylog-smogtours-gen3ou-797936">
|inactive|Battle timer is ON: inactive players will automatically lose when time's up.
|t:|1728788812
|gametype|singles
|player|p1|YellowHat07|1|
|player|p2|theamazingeevee|elaine|
|teamsize|p1|6
|teamsize|p2|6
|gen|3
|tier|[Gen 3] OU
|rule|Sleep Clause Mod: Limit one foe put to sleep
|rule|Switch Priority Clause Mod: Faster Pokémon switch first
|rule|Species Clause: Limit one of each Pokémon
|rule|OHKO Clause: OHKO moves are banned
|rule|Evasion Items Clause: Evasion items are banned
|rule|Evasion Moves Clause: Evasion moves are banned
|rule|Endless Battle Clause: Forcing endless battles is banned
|rule|HP Percentage Mod: HP is shown in percentages
|rule|One Boost Passer Clause: Limit one Baton Passer that has a way to boost its stats
|rule|Freeze Clause Mod: Limit one foe frozen
|
|t:|1728788812
|start
|switch|p1a: Tyranitar|Tyranitar, F|100/100
|switch|p2a: Blaziken|Blaziken, F|100/100
|-weather|Sandstorm|[from] ability: Sand Stream|[of] p1a: Tyranitar
|turn|1
|
|t:|1728788820
|move|p2a: Blaziken|Sky Uppercut|p1a: Tyranitar
|-supereffective|p1a: Tyranitar
|-damage|p1a: Tyranitar|0 fnt
|faint|p1a: Tyranitar
|
|t:|1728788827
|switch|p1a: Swampert|Swampert, M|100/100
|
|-weather|Sandstorm|[upkeep]
|-damage|p2a: Blaziken|94/100|[from] Sandstorm
|-heal|p2a: Blaziken|100/100|[from] item: Leftovers
|upkeep
|turn|2
|
|t:|1728788837
|move|p2a: Blaziken|Hidden Power|p1a: Swampert
|-supereffective|p1a: Swampert
|-damage|p1a: Swampert|18/100
|move|p1a: Swampert|Toxic|p2a: Blaziken
|-status|p2a: Blaziken|tox
|
|-weather|Sandstorm|[upkeep]
|-damage|p2a: Blaziken|94/100 tox|[from] Sandstorm
|-heal|p2a: Blaziken|100/100 tox|[from] item: Leftovers
|-damage|p2a: Blaziken|94/100 tox|[from] psn
|-heal|p1a: Swampert|25/100|[from] item: Leftovers
|upkeep
|turn|3
|
|t:|1728788850
|switch|p1a: Zapdos|Zapdos|100/100
|move|p2a: Blaziken|Hidden Power|p1a: Zapdos
|-resisted|p1a: Zapdos
|-damage|p1a: Zapdos|92/100
|
|-weather|Sandstorm|[upkeep]
|-damage|p2a: Blaziken|88/100 tox|[from] Sandstorm
|-damage|p1a: Zapdos|86/100|[from] Sandstorm
|-heal|p2a: Blaziken|94/100 tox|[from] item: Leftovers
|-damage|p2a: Blaziken|82/100 tox|[from] psn
|-heal|p1a: Zapdos|92/100|[from] item: Leftovers
|upkeep
|turn|4
|
|t:|1728788862
|switch|p2a: Snorlax|Snorlax, F|100/100
|move|p1a: Zapdos|Thunderbolt|p2a: Snorlax
|-damage|p2a: Snorlax|78/100
|-status|p2a: Snorlax|par
|
|-weather|Sandstorm|[upkeep]
|-damage|p1a: Zapdos|86/100|[from] Sandstorm
|-damage|p2a: Snorlax|72/100 par|[from] Sandstorm
|-heal|p1a: Zapdos|92/100|[from] item: Leftovers
|-heal|p2a: Snorlax|78/100 par|[from] item: Leftovers
|upkeep
|turn|5
|
|t:|1728788891
|switch|p1a: Forretress|Forretress, F|100/100
|move|p2a: Snorlax|Shadow Ball|p1a: Forretress
|-resisted|p1a: Forretress
|-crit|p1a: Forretress
|-damage|p1a: Forretress|81/100
|-unboost|p1a: Forretress|spd|1
|
|-weather|Sandstorm|[upkeep]
|-damage|p2a: Snorlax|72/100 par|[from] Sandstorm
|-heal|p1a: Forretress|87/100|[from] item: Leftovers
|-heal|p2a: Snorlax|78/100 par|[from] item: Leftovers
|upkeep
|turn|6
|
|t:|1728788903
|switch|p2a: Blaziken|Blaziken, F|82/100 tox
|move|p1a: Forretress|Spikes|p2a: Blaziken
|-sidestart|p2: theamazingeevee|Spikes
|
|-weather|Sandstorm|[upkeep]
|-damage|p2a: Blaziken|76/100 tox|[from] Sandstorm
|-heal|p2a: Blaziken|82/100 tox|[from] item: Leftovers
|-damage|p2a: Blaziken|76/100 tox|[from] psn
|-heal|p1a: Forretress|94/100|[from] item: Leftovers
|upkeep
|turn|7
|
|t:|1728788922
|switch|p1a: Zapdos|Zapdos|92/100
|move|p2a: Blaziken|Fire Blast|p1a: Zapdos
|-damage|p1a: Zapdos|48/100
|-status|p1a: Zapdos|brn
|
|-weather|Sandstorm|[upkeep]
|-damage|p2a: Blaziken|69/100 tox|[from] Sandstorm
|-damage|p1a: Zapdos|41/100 brn|[from] Sandstorm
|-heal|p2a: Blaziken|76/100 tox|[from] item: Leftovers
|-damage|p2a: Blaziken|63/100 tox|[from] psn
|-heal|p1a: Zapdos|48/100 brn|[from] item: Leftovers
|-damage|p1a: Zapdos|35/100 brn|[from] brn
|upkeep
|turn|8
|
|t:|1728788943
|switch|p1a: Blissey|Blissey, F|100/100
|move|p2a: Blaziken|Fire Blast|p1a: Blissey
|-damage|p1a: Blissey|78/100
|-status|p1a: Blissey|brn
|
|-weather|Sandstorm|[upkeep]
|-damage|p2a: Blaziken|57/100 tox|[from] Sandstorm
|-damage|p1a: Blissey|71/100 brn|[from] Sandstorm
|-heal|p2a: Blaziken|63/100 tox|[from] item: Leftovers
|-damage|p2a: Blaziken|44/100 tox|[from] psn
|-heal|p1a: Blissey|78/100 brn|[from] item: Leftovers
|-damage|p1a: Blissey|65/100 brn|[from] brn
|upkeep
|turn|9
|inactive|YellowHat07 has 270 seconds left.
|
|t:|1728788974
|-curestatus|p1a: Blissey|brn|[from] ability: Natural Cure
|switch|p1a: Forretress|Forretress, F|94/100
|move|p2a: Blaziken|Sky Uppercut|p1a: Forretress
|-damage|p1a: Forretress|67/100
|
|-weather|Sandstorm|[upkeep]
|-damage|p2a: Blaziken|38/100 tox|[from] Sandstorm
|-heal|p2a: Blaziken|44/100 tox|[from] item: Leftovers
|-damage|p2a: Blaziken|20/100 tox|[from] psn
|-heal|p1a: Forretress|73/100|[from] item: Leftovers
|upkeep
|turn|10
|
|t:|1728788991
|switch|p1a: Swampert|Swampert, M|25/100
|move|p2a: Blaziken|Fire Blast|p1a: Swampert|[miss]
|-miss|p2a: Blaziken|p1a: Swampert
|
|-weather|Sandstorm|[upkeep]
|-damage|p2a: Blaziken|13/100 tox|[from] Sandstorm
|-heal|p2a: Blaziken|20/100 tox|[from] item: Leftovers
|-damage|p2a: Blaziken|0 fnt|[from] psn
|faint|p2a: Blaziken
|-heal|p1a: Swampert|31/100|[from] item: Leftovers
|upkeep
|
|t:|1728789017
|switch|p2a: Swampert|Swampert, M|100/100
|-damage|p2a: Swampert|88/100|[from] Spikes
|turn|11
|
|t:|1728789022
|move|p1a: Swampert|Protect|p1a: Swampert
|-singleturn|p1a: Swampert|Protect
|move|p2a: Swampert|Hydro Pump|p1a: Swampert
|-activate|p1a: Swampert|Protect
|
|-weather|Sandstorm|[upkeep]
|-heal|p1a: Swampert|37/100|[from] item: Leftovers
|-heal|p2a: Swampert|94/100|[from] item: Leftovers
|upkeep
|turn|12
|inactive|YellowHat07 has 270 seconds left.
|
|t:|1728789036
|switch|p1a: Blissey|Blissey, F|65/100
|move|p2a: Swampert|Hydro Pump|p1a: Blissey
|-crit|p1a: Blissey
|-damage|p1a: Blissey|28/100
|
|-weather|Sandstorm|[upkeep]
|-damage|p1a: Blissey|22/100|[from] Sandstorm
|-heal|p1a: Blissey|28/100|[from] item: Leftovers
|-heal|p2a: Swampert|99/100|[from] item: Leftovers
|upkeep
|turn|13
|inactive|YellowHat07 has 270 seconds left.
|
|t:|1728789045
|-singleturn|p2a: Swampert|move: Focus Punch
|move|p1a: Blissey|Soft-Boiled|p1a: Blissey
|-heal|p1a: Blissey|78/100
|move|p2a: Swampert|Focus Punch|p1a: Blissey
|-supereffective|p1a: Blissey
|-damage|p1a: Blissey|8/100
|
|-weather|Sandstorm|[upkeep]
|-damage|p1a: Blissey|2/100|[from] Sandstorm
|-heal|p1a: Blissey|8/100|[from] item: Leftovers
|-heal|p2a: Swampert|100/100|[from] item: Leftovers
|upkeep
|turn|14
|inactive|YellowHat07 has 270 seconds left.
|
|t:|1728789071
|-singleturn|p2a: Swampert|move: Focus Punch
|move|p1a: Blissey|Wish|p1a: Blissey
|move|p2a: Swampert|Focus Punch|p1a: Blissey
|-supereffective|p1a: Blissey
|-damage|p1a: Blissey|0 fnt
|faint|p1a: Blissey
|
|t:|1728789077
|switch|p1a: Zapdos|Zapdos|35/100 brn
|
|-weather|Sandstorm|[upkeep]
|-damage|p1a: Zapdos|29/100 brn|[from] Sandstorm
|-heal|p1a: Zapdos|35/100 brn|[from] item: Leftovers
|-damage|p1a: Zapdos|23/100 brn|[from] brn
|upkeep
|turn|15
|
|t:|1728789086
|move|p1a: Zapdos|Hidden Power|p2a: Swampert
|-supereffective|p2a: Swampert
|-damage|p2a: Swampert|22/100
|move|p2a: Swampert|Hydro Pump|p1a: Zapdos
|-damage|p1a: Zapdos|0 fnt
|faint|p1a: Zapdos
|
|t:|1728789100
|switch|p1a: Aerodactyl|Aerodactyl, F|100/100
|
|-weather|Sandstorm|[upkeep]
|-heal|p2a: Swampert|28/100|[from] item: Leftovers
|upkeep
|turn|16
|
|t:|1728789105
|move|p1a: Aerodactyl|Double-Edge|p2a: Swampert
|-damage|p2a: Swampert|0 fnt
|faint|p2a: Swampert
|
|t:|1728789121
|switch|p2a: Metagross|Metagross|100/100
|-damage|p2a: Metagross|88/100|[from] Spikes
|
|-weather|Sandstorm|[upkeep]
|-heal|p2a: Metagross|94/100|[from] item: Leftovers
|upkeep
|turn|17
|inactive|YellowHat07 has 270 seconds left.
|
|t:|1728789132
|switch|p1a: Swampert|Swampert, M|37/100
|move|p2a: Metagross|Meteor Mash|p1a: Swampert|[miss]
|-miss|p2a: Metagross|p1a: Swampert
|
|-weather|Sandstorm|[upkeep]
|-heal|p1a: Swampert|43/100|[from] item: Leftovers
|-heal|p2a: Metagross|99/100|[from] item: Leftovers
|upkeep
|turn|18
|inactive|YellowHat07 has 270 seconds left.
|
|t:|1728789141
|switch|p2a: Zapdos|Zapdos|100/100
|move|p1a: Swampert|Protect||[still]
|-fail|p1a: Swampert
|
|-weather|Sandstorm|[upkeep]
|-damage|p2a: Zapdos|94/100|[from] Sandstorm
|-heal|p2a: Zapdos|100/100|[from] item: Leftovers
|-heal|p1a: Swampert|49/100|[from] item: Leftovers
|upkeep
|turn|19
|inactive|YellowHat07 has 270 seconds left.
|
|t:|1728789157
|switch|p1a: Forretress|Forretress, F|73/100
|move|p2a: Zapdos|Baton Pass|p2a: Zapdos
|
|t:|1728789165
|switch|p2a: Metagross|Metagross|99/100|[from] Baton Pass
|-damage|p2a: Metagross|88/100|[from] Spikes
|
|-weather|Sandstorm|[upkeep]
|-heal|p2a: Metagross|94/100|[from] item: Leftovers
|-heal|p1a: Forretress|80/100|[from] item: Leftovers
|upkeep
|turn|20
|inactive|YellowHat07 has 270 seconds left.
|
|t:|1728789177
|move|p2a: Metagross|Hidden Power|p1a: Forretress
|-supereffective|p1a: Forretress
|-damage|p1a: Forretress|0 fnt
|faint|p1a: Forretress
|inactive|YellowHat07 has 270 seconds left.
|
|t:|1728789185
|switch|p1a: Swampert|Swampert, M|49/100
|
|-weather|Sandstorm|[upkeep]
|-heal|p1a: Swampert|56/100|[from] item: Leftovers
|-heal|p2a: Metagross|99/100|[from] item: Leftovers
|upkeep
|turn|21
|
|t:|1728789190
|switch|p2a: Snorlax|Snorlax, F|78/100 par
|-damage|p2a: Snorlax|65/100 par|[from] Spikes
|move|p1a: Swampert|Surf|p2a: Snorlax
|-damage|p2a: Snorlax|48/100 par
|
|-weather|Sandstorm|[upkeep]
|-damage|p2a: Snorlax|42/100 par|[from] Sandstorm
|-heal|p1a: Swampert|62/100|[from] item: Leftovers
|-heal|p2a: Snorlax|48/100 par|[from] item: Leftovers
|upkeep
|turn|22
|
|t:|1728789200
|move|p1a: Swampert|Surf|p2a: Snorlax
|-damage|p2a: Snorlax|32/100 par
|move|p2a: Snorlax|Curse|p2a: Snorlax
|-unboost|p2a: Snorlax|spe|1
|-boost|p2a: Snorlax|atk|1
|-boost|p2a: Snorlax|def|1
|
|-weather|Sandstorm|[upkeep]
|-damage|p2a: Snorlax|25/100 par|[from] Sandstorm
|-heal|p1a: Swampert|68/100|[from] item: Leftovers
|-heal|p2a: Snorlax|32/100 par|[from] item: Leftovers
|upkeep
|turn|23
|
|t:|1728789215
|move|p2a: Snorlax|Shadow Ball|p1a: Swampert
|-damage|p1a: Swampert|41/100
|move|p1a: Swampert|Roar|p2a: Snorlax
|drag|p2a: Zapdos|Zapdos|100/100
|
|-weather|Sandstorm|[upkeep]
|-damage|p2a: Zapdos|94/100|[from] Sandstorm
|-heal|p2a: Zapdos|100/100|[from] item: Leftovers
|-heal|p1a: Swampert|48/100|[from] item: Leftovers
|upkeep
|turn|24
|inactive|YellowHat07 has 270 seconds left.
|
|t:|1728789231
|move|p1a: Swampert|Protect|p1a: Swampert
|-singleturn|p1a: Swampert|Protect
|move|p2a: Zapdos|Toxic|p1a: Swampert
|-activate|p1a: Swampert|Protect
|
|-weather|Sandstorm|[upkeep]
|-damage|p2a: Zapdos|94/100|[from] Sandstorm
|-heal|p2a: Zapdos|100/100|[from] item: Leftovers
|-heal|p1a: Swampert|54/100|[from] item: Leftovers
|upkeep
|turn|25
|
|t:|1728789240
|move|p2a: Zapdos|Toxic|p1a: Swampert
|-status|p1a: Swampert|tox
|move|p1a: Swampert|Toxic|p2a: Zapdos
|-status|p2a: Zapdos|tox
|
|-weather|Sandstorm|[upkeep]
|-damage|p2a: Zapdos|94/100 tox|[from] Sandstorm
|-heal|p2a: Zapdos|100/100 tox|[from] item: Leftovers
|-damage|p2a: Zapdos|94/100 tox|[from] psn
|-heal|p1a: Swampert|60/100 tox|[from] item: Leftovers
|-damage|p1a: Swampert|54/100 tox|[from] psn
|upkeep
|turn|26
|inactive|YellowHat07 has 270 seconds left.
|
|t:|1728789257
|move|p2a: Zapdos|Hidden Power|p1a: Swampert
|-damage|p1a: Swampert|32/100 tox
|move|p1a: Swampert|Surf|p2a: Zapdos
|-crit|p2a: Zapdos
|-damage|p2a: Zapdos|0 fnt
|faint|p2a: Zapdos
|
|t:|1728789274
|switch|p2a: Snorlax|Snorlax, F|32/100 par
|-damage|p2a: Snorlax|19/100 par|[from] Spikes
|
|-weather|Sandstorm|[upkeep]
|-damage|p2a: Snorlax|13/100 par|[from] Sandstorm
|-heal|p1a: Swampert|38/100 tox|[from] item: Leftovers
|-damage|p1a: Swampert|26/100 tox|[from] psn
|-heal|p2a: Snorlax|19/100 par|[from] item: Leftovers
|upkeep
|turn|27
|inactive|YellowHat07 has 270 seconds left.
|inactive|theamazingeevee has 270 seconds left.
|
|t:|1728789295
|move|p1a: Swampert|Surf|p2a: Snorlax
|-damage|p2a: Snorlax|0 fnt
|faint|p2a: Snorlax
|
|t:|1728789309
|switch|p2a: Tyranitar|Tyranitar, M, shiny|100/100
|-damage|p2a: Tyranitar|88/100|[from] Spikes
|
|-weather|Sandstorm|[upkeep]
|-heal|p1a: Swampert|32/100 tox|[from] item: Leftovers
|-damage|p1a: Swampert|13/100 tox|[from] psn
|upkeep
|turn|28
|
|t:|1728789323
|move|p2a: Tyranitar|Hidden Power|p1a: Swampert
|-damage|p1a: Swampert|0 fnt
|faint|p1a: Swampert
|
|t:|1728789327
|switch|p1a: Aerodactyl|Aerodactyl, F|100/100
|
|-weather|Sandstorm|[upkeep]
|upkeep
|turn|29
|inactive|theamazingeevee has 270 seconds left.
|
|t:|1728789332
|move|p1a: Aerodactyl|Earthquake|p2a: Tyranitar
|-supereffective|p2a: Tyranitar
|-damage|p2a: Tyranitar|12/100
|move|p2a: Tyranitar|Rock Slide|p1a: Aerodactyl
|-supereffective|p1a: Aerodactyl
|-damage|p1a: Aerodactyl|0 fnt
|faint|p1a: Aerodactyl
|
|win|theamazingeevee
|c|☆theamazingeevee|gg

</script>
<script type="application/json" class="data" id="replaydata-smogtours-gen3ou-797936">
{"id":"smogtours-gen3ou-797936","format":"[Gen 3] OU","players":["YellowHat07","theamazingeevee"],"uploadtime":1728789332,"views":85,"formatid":"gen3ou","rating":null,"private":0,"password":null}
</script>

<script defer src="js/replays.js?9d40a366"></script>
