<!DOCTYPE html>
<meta charset="utf-8" />
<meta name="viewport" content="width=device-width" />

<title>[Gen 3] OU: Rainer2424 vs. Ooziegib - Replays - Pok&eacute;mon Showdown!</title>

<meta name="description" content="Watch a replay of a Pok&eacute;mon battle between Rainer2424 and Ooziegib! Format: [Gen 3] OU; Date: Oct 14, 2024" />
<!--

Hey, you! Looking in the source for the replay log?

You can find them in JSON format, just add `.json` at the end of a replay URL.

https://replay.pokemonshowdown.com/gen7randomdoublesbattle-865046831.json

Or, if you only need the log itself, add `.log` instead:

https://replay.pokemonshowdown.com/gen7randomdoublesbattle-865046831.log

-->

<link rel="stylesheet" href="//pokemonshowdown.com/style/global.css?0.767286132409787" />
<link rel="stylesheet" href="//play.pokemonshowdown.com/style/font-awesome.css?0.9266228007934947" />
<link rel="stylesheet" href="//play.pokemonshowdown.com/style/battle.css?0.7924700842790926" />
<link rel="stylesheet" href="//play.pokemonshowdown.com/style/utilichart.css?0.8777417872839479" />

<!-- Global site tag (gtag.js) - Google Analytics -->
<script async src="https://www.googletagmanager.com/gtag/js?id=UA-26211653-1"></script>
<script>
  window.dataLayer = window.dataLayer || [];
  function gtag(){dataLayer.push(arguments);}
  gtag('js', new Date());

  gtag('config', 'UA-26211653-1');
</script>
<!-- End Google Analytics -->
<!-- Venatus Ad Manager - Install in <HEAD> of page -->
	<script src="https://hb.vntsm.com/v3/live/ad-manager.min.js" type="text/javascript" data-site-id="642aba63ec9a7b11c3c9c1be" data-mode="scan" async></script>
<!-- / Venatus Ad Manager -->

<style>
	@media (max-width:820px) {
		.battle {
			margin: 0 auto;
		}
		.battle-log {
			margin: 7px auto 0;
			max-width: 640px;
			height: 300px;
			position: static;
		}
	}
	.optgroup {
		display: inline-block;
		line-height: 22px;
		font-size: 10pt;
	}
	.optgroup .button {
		height: 25px;
		padding-top: 0;
		padding-bottom: 0;
	}
	.optgroup button.button {
		padding-left: 12px;
		padding-right: 12px;
	}
	.linklist {
		list-style: none;
		margin: 0.5em 0;
		padding: 0;
	}
	.linklist li {
		padding: 2px 0;
	}
	.sidebar {
		float: left;
		width: 320px;
	}
	.bar-wrapper {
		max-width: 1100px;
		margin: 0 auto;
	}
	.bar-wrapper.has-sidebar {
		max-width: 1430px;
	}
	.mainbar {
		margin: 0;
		padding-right: 1px;
	}
	.mainbar.has-sidebar {
		margin-left: 330px;
	}
	@media (min-width: 1511px) {
		.sidebar {
			width: 400px;
		}
		.bar-wrapper.has-sidebar {
			max-width: 1510px;
		}
		.mainbar.has-sidebar {
			margin-left: 410px;
		}
	}
	.section.first-section {
		margin-top: 9px;
	}
	.blocklink small {
		white-space: normal;
	}
	.button {
		vertical-align: middle;
	}
	.replay-controls {
		padding-top: 10px;
	}
	.replay-controls h1 {
		font-size: 16pt;
		font-weight: normal;
		color: #CCC;
	}
	.pagelink {
		text-align: center;
	}
	.pagelink a {
		width: 150px;
	}
	.textbox, .button {
		font-size: 11pt;
		vertical-align: middle;
	}
	@media (max-width: 450px) {
		.button {
			font-size: 9pt;
		}
	}
</style>

<div>

	<header>
		<div class="nav-wrapper"><ul class="nav">
			<li><a class="button nav-first" href="//pokemonshowdown.com/"><img src="//pokemonshowdown.com/images/pokemonshowdownbeta.png" srcset="//pokemonshowdown.com/images/pokemonshowdownbeta.png 1x, //pokemonshowdown.com/images/pokemonshowdownbeta@2x.png 2x" alt="Pok&eacute;mon Showdown" width="146" height="44" /> Home</a></li>
			<li><a class="button" href="//pokemonshowdown.com/dex/">Pok&eacute;dex</a></li>
			<li><a class="button cur" href="/">Replays</a></li>
			<li><a class="button" href="//pokemonshowdown.com/ladder/">Ladder</a></li>
			<li><a class="button nav-last" href="//pokemonshowdown.com/forums/">Forum</a></li>
			<li><a class="button greenbutton nav-first nav-last" href="//play.pokemonshowdown.com/">Play</a></li>
		</ul></div>
	</header>

	<div class="main" id="main">

		<noscript><section class="section">You need to enable JavaScript to use this page; sorry!</section></noscript>

	</div>

</div>

<script defer nomodule src="//play.pokemonshowdown.com/js/lib/ps-polyfill.js"></script>
<script defer src="//play.pokemonshowdown.com/js/lib/preact.min.js"></script>

<script defer src="//play.pokemonshowdown.com/config/config.js?6dec07f6"></script>
<script defer src="//play.pokemonshowdown.com/js/lib/jquery-1.11.0.min.js"></script>
<script defer src="//play.pokemonshowdown.com/js/lib/html-sanitizer-minified.js"></script>
<script defer src="//play.pokemonshowdown.com/js/battle-sound.js"></script>
<script defer src="//play.pokemonshowdown.com/js/battledata.js?0.6315294753075389"></script>
<script defer src="//play.pokemonshowdown.com/data/pokedex-mini.js?0.7603743185311358"></script>
<script defer src="//play.pokemonshowdown.com/data/pokedex-mini-bw.js?0.030888842834281283"></script>
<script defer src="//play.pokemonshowdown.com/data/graphics.js?0.05593094747507488"></script>
<script defer src="//play.pokemonshowdown.com/data/pokedex.js?0.47064822249611904"></script>
<script defer src="//play.pokemonshowdown.com/data/moves.js?0.8583693120512459"></script>
<script defer src="//play.pokemonshowdown.com/data/abilities.js?0.16017181182386842"></script>
<script defer src="//play.pokemonshowdown.com/data/items.js?0.4163379185673943"></script>
<script defer src="//play.pokemonshowdown.com/data/teambuilder-tables.js?0.31075597372830477"></script>
<script defer src="//play.pokemonshowdown.com/js/battle-tooltips.js?0.6536193500708172"></script>
<script defer src="//play.pokemonshowdown.com/js/battle.js?0.1916591943277901"></script>

<script defer src="js/utils.js?e31f9a17"></script>
<script defer src="js/replays-battle.js?7008c182"></script>

<!-- don't scrape this data! just add .json or .log after the URL!
Full API docs: https://github.com/smogon/pokemon-showdown-client/blob/master/WEB-API.md -->
<script type="text/plain" class="log" id="replaylog-smogtours-gen3ou-798540">
|inactive|Battle timer is ON: inactive players will automatically lose when time's up.
|t:|1728865334
|gametype|singles
|player|p1|Rainer2424|1|
|player|p2|Ooziegib|101|
|teamsize|p1|6
|teamsize|p2|6
|gen|3
|tier|[Gen 3] OU
|rule|Sleep Clause Mod: Limit one foe put to sleep
|rule|Switch Priority Clause Mod: Faster Pokémon switch first
|rule|Species Clause: Limit one of each Pokémon
|rule|OHKO Clause: OHKO moves are banned
|rule|Evasion Items Clause: Evasion items are banned
|rule|Evasion Moves Clause: Evasion moves are banned
|rule|Endless Battle Clause: Forcing endless battles is banned
|rule|HP Percentage Mod: HP is shown in percentages
|rule|One Boost Passer Clause: Limit one Baton Passer that has a way to boost its stats
|rule|Freeze Clause Mod: Limit one foe frozen
|
|t:|1728865334
|start
|switch|p1a: MyRomance|Metagross|100/100
|switch|p2a: Tyranitar|Tyranitar, F|100/100
|-weather|Sandstorm|[from] ability: Sand Stream|[of] p2a: Tyranitar
|turn|1
|c|☆Rainer2424|Good luck 
|c|☆Ooziegib|u2
|
|t:|1728865358
|switch|p2a: Skarmory|Skarmory, F|100/100
|move|p1a: MyRomance|Explosion|p2a: Skarmory
|-resisted|p2a: Skarmory
|-damage|p2a: Skarmory|0 fnt
|faint|p1a: MyRomance
|faint|p2a: Skarmory
|
|t:|1728865370
|switch|p1a: SomeOtherTime|Suicune|100/100
|switch|p2a: Moltres|Moltres|100/100
|
|-weather|Sandstorm|[upkeep]
|-damage|p2a: Moltres|94/100|[from] Sandstorm
|-damage|p1a: SomeOtherTime|94/100|[from] Sandstorm
|-heal|p2a: Moltres|100/100|[from] item: Leftovers
|-heal|p1a: SomeOtherTime|100/100|[from] item: Leftovers
|upkeep
|turn|2
|
|t:|1728865375
|switch|p2a: Blissey|Blissey, F|100/100
|move|p1a: SomeOtherTime|Hydro Pump|p2a: Blissey
|-damage|p2a: Blissey|81/100
|
|-weather|Sandstorm|[upkeep]
|-damage|p1a: SomeOtherTime|94/100|[from] Sandstorm
|-damage|p2a: Blissey|74/100|[from] Sandstorm
|-heal|p1a: SomeOtherTime|100/100|[from] item: Leftovers
|-heal|p2a: Blissey|81/100|[from] item: Leftovers
|upkeep
|turn|3
|
|t:|1728865385
|switch|p1a: Porgy|Snorlax, M|100/100
|move|p2a: Blissey|Toxic|p1a: Porgy
|-immune|p1a: Porgy|[from] ability: Immunity
|
|-weather|Sandstorm|[upkeep]
|-damage|p2a: Blissey|74/100|[from] Sandstorm
|-damage|p1a: Porgy|94/100|[from] Sandstorm
|-heal|p2a: Blissey|81/100|[from] item: Leftovers
|-heal|p1a: Porgy|100/100|[from] item: Leftovers
|upkeep
|turn|4
|
|t:|1728865397
|switch|p2a: Tyranitar|Tyranitar, F|100/100
|switch|p1a: DetourAhead|Claydol|100/100
|
|-weather|Sandstorm|[upkeep]
|upkeep
|turn|5
|
|t:|1728865410
|switch|p2a: Moltres|Moltres|100/100
|move|p1a: DetourAhead|Earthquake|p2a: Moltres
|-immune|p2a: Moltres
|
|-weather|Sandstorm|[upkeep]
|-damage|p2a: Moltres|94/100|[from] Sandstorm
|-heal|p2a: Moltres|100/100|[from] item: Leftovers
|upkeep
|turn|6
|
|t:|1728865412
|move|p2a: Moltres|Will-O-Wisp|p1a: DetourAhead
|-status|p1a: DetourAhead|brn
|move|p1a: DetourAhead|Rock Slide|p2a: Moltres
|-supereffective|p2a: Moltres
|-damage|p2a: Moltres|59/100
|
|-weather|Sandstorm|[upkeep]
|-damage|p2a: Moltres|53/100|[from] Sandstorm
|-heal|p2a: Moltres|59/100|[from] item: Leftovers
|-damage|p1a: DetourAhead|88/100 brn|[from] brn
|upkeep
|turn|7
|
|t:|1728865429
|switch|p2a: Swampert|Swampert, F|100/100
|move|p1a: DetourAhead|Rock Slide|p2a: Swampert
|-resisted|p2a: Swampert
|-damage|p2a: Swampert|97/100
|
|-weather|Sandstorm|[upkeep]
|-heal|p1a: DetourAhead|94/100 brn|[from] item: Leftovers
|-damage|p1a: DetourAhead|82/100 brn|[from] brn
|-heal|p2a: Swampert|100/100|[from] item: Leftovers
|upkeep
|turn|8
|
|t:|1728865442
|switch|p1a: Porgy|Snorlax, M|100/100
|move|p2a: Swampert|Earthquake|p1a: Porgy
|-damage|p1a: Porgy|70/100
|
|-weather|Sandstorm|[upkeep]
|-damage|p1a: Porgy|64/100|[from] Sandstorm
|-heal|p1a: Porgy|70/100|[from] item: Leftovers
|upkeep
|turn|9
|
|t:|1728865461
|switch|p2a: Gengar|Gengar, M|100/100
|move|p1a: Porgy|Curse|p1a: Porgy
|-unboost|p1a: Porgy|spe|1
|-boost|p1a: Porgy|atk|1
|-boost|p1a: Porgy|def|1
|
|-weather|Sandstorm|[upkeep]
|-damage|p2a: Gengar|95/100|[from] Sandstorm
|-damage|p1a: Porgy|64/100|[from] Sandstorm
|-heal|p2a: Gengar|100/100|[from] item: Leftovers
|-heal|p1a: Porgy|70/100|[from] item: Leftovers
|upkeep
|turn|10
|
|t:|1728865465
|switch|p1a: Milestones|Tyranitar, F|100/100
|move|p2a: Gengar|Destiny Bond|p2a: Gengar
|-singlemove|p2a: Gengar|Destiny Bond
|
|-weather|Sandstorm|[upkeep]
|-damage|p2a: Gengar|95/100|[from] Sandstorm
|-heal|p2a: Gengar|100/100|[from] item: Leftovers
|upkeep
|turn|11
|
|t:|1728865476
|-activate|p2a: Gengar|move: Pursuit
|move|p1a: Milestones|Pursuit|p2a: Gengar|[from]Pursuit
|-supereffective|p2a: Gengar
|-damage|p2a: Gengar|2/100
|switch|p2a: Swampert|Swampert, F|100/100
|
|-weather|Sandstorm|[upkeep]
|upkeep
|turn|12
|
|t:|1728865480
|move|p1a: Milestones|Hidden Power|p2a: Swampert
|-supereffective|p2a: Swampert
|-damage|p2a: Swampert|23/100
|move|p2a: Swampert|Earthquake|p1a: Milestones
|-supereffective|p1a: Milestones
|-damage|p1a: Milestones|42/100
|
|-weather|Sandstorm|[upkeep]
|-heal|p2a: Swampert|29/100|[from] item: Leftovers
|upkeep
|turn|13
|
|t:|1728865490
|move|p2a: Swampert|Protect|p2a: Swampert
|-singleturn|p2a: Swampert|Protect
|move|p1a: Milestones|Crunch|p2a: Swampert
|-activate|p2a: Swampert|Protect
|
|-weather|Sandstorm|[upkeep]
|-heal|p2a: Swampert|35/100|[from] item: Leftovers
|upkeep
|turn|14
|
|t:|1728865502
|-activate|p2a: Swampert|move: Pursuit
|move|p1a: Milestones|Pursuit|p2a: Swampert|[from]Pursuit
|-damage|p2a: Swampert|0 fnt
|faint|p2a: Swampert
|-hint|Previously chosen switches continue in Gen 2-4 after a Pursuit target faints.
|switch|p2a: Moltres|Moltres|59/100
|
|-weather|Sandstorm|[upkeep]
|-damage|p2a: Moltres|53/100|[from] Sandstorm
|-heal|p2a: Moltres|59/100|[from] item: Leftovers
|upkeep
|turn|15
|
|t:|1728865522
|move|p2a: Moltres|Hidden Power|p1a: Milestones
|-supereffective|p1a: Milestones
|-damage|p1a: Milestones|0 fnt
|faint|p1a: Milestones
|
|t:|1728865525
|switch|p1a: Porgy|Snorlax, M|70/100
|
|-weather|Sandstorm|[upkeep]
|-damage|p2a: Moltres|53/100|[from] Sandstorm
|-damage|p1a: Porgy|64/100|[from] Sandstorm
|-heal|p2a: Moltres|59/100|[from] item: Leftovers
|-heal|p1a: Porgy|70/100|[from] item: Leftovers
|upkeep
|turn|16
|
|t:|1728865540
|move|p2a: Moltres|Will-O-Wisp|p1a: Porgy
|-status|p1a: Porgy|brn
|move|p1a: Porgy|Curse|p1a: Porgy
|-unboost|p1a: Porgy|spe|1
|-boost|p1a: Porgy|atk|1
|-boost|p1a: Porgy|def|1
|
|-weather|Sandstorm|[upkeep]
|-damage|p2a: Moltres|53/100|[from] Sandstorm
|-damage|p1a: Porgy|64/100 brn|[from] Sandstorm
|-heal|p2a: Moltres|59/100|[from] item: Leftovers
|-heal|p1a: Porgy|70/100 brn|[from] item: Leftovers
|-damage|p1a: Porgy|58/100 brn|[from] brn
|upkeep
|turn|17
|
|t:|1728865545
|move|p1a: Porgy|Body Slam|p2a: Moltres
|-damage|p2a: Moltres|24/100
|move|p2a: Moltres|Roar|p1a: Porgy
|drag|p1a: WaltzForDebby|Salamence, F|100/100
|-ability|p1a: WaltzForDebby|Intimidate|boost
|-unboost|p2a: Moltres|atk|1
|
|-weather|Sandstorm|[upkeep]
|-damage|p2a: Moltres|17/100|[from] Sandstorm
|-damage|p1a: WaltzForDebby|94/100|[from] Sandstorm
|-heal|p2a: Moltres|24/100|[from] item: Leftovers
|upkeep
|turn|18
|inactive|Ooziegib has 270 seconds left.
|
|t:|1728865580
|switch|p1a: Porgy|Snorlax, M|58/100 brn
|move|p2a: Moltres|Roar|p1a: Porgy
|drag|p1a: SomeOtherTime|Suicune|100/100
|
|-weather|Sandstorm|[upkeep]
|-damage|p2a: Moltres|17/100|[from] Sandstorm
|-damage|p1a: SomeOtherTime|94/100|[from] Sandstorm
|-heal|p2a: Moltres|24/100|[from] item: Leftovers
|-heal|p1a: SomeOtherTime|100/100|[from] item: Leftovers
|upkeep
|turn|19
|inactive|Ooziegib has 270 seconds left.
|
|t:|1728865591
|switch|p1a: Porgy|Snorlax, M|58/100 brn
|move|p2a: Moltres|Will-O-Wisp|p1a: Porgy|[miss]
|-miss|p2a: Moltres|p1a: Porgy
|
|-weather|Sandstorm|[upkeep]
|-damage|p2a: Moltres|17/100|[from] Sandstorm
|-damage|p1a: Porgy|52/100 brn|[from] Sandstorm
|-heal|p2a: Moltres|24/100|[from] item: Leftovers
|-heal|p1a: Porgy|58/100 brn|[from] item: Leftovers
|-damage|p1a: Porgy|45/100 brn|[from] brn
|upkeep
|turn|20
|
|t:|1728865598
|move|p2a: Moltres|Flamethrower|p1a: Porgy
|-damage|p1a: Porgy|16/100 brn
|move|p1a: Porgy|Body Slam|p2a: Moltres
|-damage|p2a: Moltres|1/100
|
|-weather|Sandstorm|[upkeep]
|-damage|p2a: Moltres|0 fnt|[from] Sandstorm
|-damage|p1a: Porgy|10/100 brn|[from] Sandstorm
|faint|p2a: Moltres
|-heal|p1a: Porgy|16/100 brn|[from] item: Leftovers
|-damage|p1a: Porgy|4/100 brn|[from] brn
|upkeep
|inactive|Ooziegib has 270 seconds left.
|
|t:|1728865611
|switch|p2a: Blissey|Blissey, F|81/100
|turn|21
|
|t:|1728865614
|move|p2a: Blissey|Ice Beam|p1a: Porgy
|-damage|p1a: Porgy|0 fnt
|faint|p1a: Porgy
|
|t:|1728865617
|switch|p1a: DetourAhead|Claydol|82/100 brn
|
|-weather|Sandstorm|[upkeep]
|-damage|p2a: Blissey|74/100|[from] Sandstorm
|-heal|p1a: DetourAhead|88/100 brn|[from] item: Leftovers
|-damage|p1a: DetourAhead|76/100 brn|[from] brn
|-heal|p2a: Blissey|81/100|[from] item: Leftovers
|upkeep
|turn|22
|
|t:|1728865622
|switch|p1a: SomeOtherTime|Suicune|100/100
|switch|p2a: Gengar|Gengar, M|2/100
|
|-weather|Sandstorm|[upkeep]
|-damage|p2a: Gengar|0 fnt|[from] Sandstorm
|-damage|p1a: SomeOtherTime|94/100|[from] Sandstorm
|faint|p2a: Gengar
|-heal|p1a: SomeOtherTime|100/100|[from] item: Leftovers
|upkeep
|
|t:|1728865625
|switch|p2a: Blissey|Blissey, F|81/100
|turn|23
|
|t:|1728865633
|switch|p1a: DetourAhead|Claydol|76/100 brn
|move|p2a: Blissey|Toxic||[still]
|-fail|p2a: Blissey
|
|-weather|Sandstorm|[upkeep]
|-damage|p2a: Blissey|74/100|[from] Sandstorm
|-heal|p1a: DetourAhead|82/100 brn|[from] item: Leftovers
|-damage|p1a: DetourAhead|70/100 brn|[from] brn
|-heal|p2a: Blissey|81/100|[from] item: Leftovers
|upkeep
|turn|24
|
|t:|1728865638
|switch|p2a: Tyranitar|Tyranitar, F|100/100
|move|p1a: DetourAhead|Explosion|p2a: Tyranitar
|-resisted|p2a: Tyranitar
|-damage|p2a: Tyranitar|76/100
|faint|p1a: DetourAhead
|
|t:|1728865641
|switch|p1a: SomeOtherTime|Suicune|100/100
|
|-weather|Sandstorm|[upkeep]
|-damage|p1a: SomeOtherTime|94/100|[from] Sandstorm
|-heal|p1a: SomeOtherTime|100/100|[from] item: Leftovers
|-heal|p2a: Tyranitar|82/100|[from] item: Leftovers
|upkeep
|turn|25
|
|t:|1728865647
|switch|p2a: Blissey|Blissey, F|81/100
|move|p1a: SomeOtherTime|Calm Mind|p1a: SomeOtherTime
|-boost|p1a: SomeOtherTime|spa|1
|-boost|p1a: SomeOtherTime|spd|1
|
|-weather|Sandstorm|[upkeep]
|-damage|p1a: SomeOtherTime|94/100|[from] Sandstorm
|-damage|p2a: Blissey|74/100|[from] Sandstorm
|-heal|p1a: SomeOtherTime|100/100|[from] item: Leftovers
|-heal|p2a: Blissey|81/100|[from] item: Leftovers
|upkeep
|turn|26
|
|t:|1728865650
|move|p1a: SomeOtherTime|Calm Mind|p1a: SomeOtherTime
|-boost|p1a: SomeOtherTime|spa|1
|-boost|p1a: SomeOtherTime|spd|1
|move|p2a: Blissey|Toxic|p1a: SomeOtherTime
|-status|p1a: SomeOtherTime|tox
|
|-weather|Sandstorm|[upkeep]
|-damage|p1a: SomeOtherTime|94/100 tox|[from] Sandstorm
|-damage|p2a: Blissey|74/100|[from] Sandstorm
|-heal|p1a: SomeOtherTime|100/100 tox|[from] item: Leftovers
|-damage|p1a: SomeOtherTime|94/100 tox|[from] psn
|-heal|p2a: Blissey|81/100|[from] item: Leftovers
|upkeep
|turn|27
|
|t:|1728865652
|move|p1a: SomeOtherTime|Ice Beam|p2a: Blissey
|-damage|p2a: Blissey|58/100
|-status|p2a: Blissey|frz
|cant|p2a: Blissey|frz
|
|-weather|Sandstorm|[upkeep]
|-damage|p1a: SomeOtherTime|88/100 tox|[from] Sandstorm
|-damage|p2a: Blissey|52/100 frz|[from] Sandstorm
|-heal|p1a: SomeOtherTime|94/100 tox|[from] item: Leftovers
|-damage|p1a: SomeOtherTime|82/100 tox|[from] psn
|-heal|p2a: Blissey|58/100 frz|[from] item: Leftovers
|upkeep
|turn|28
|
|t:|1728865656
|-curestatus|p2a: Blissey|frz|[from] ability: Natural Cure
|switch|p2a: Tyranitar|Tyranitar, F|82/100
|move|p1a: SomeOtherTime|Hydro Pump|p2a: Tyranitar|[miss]
|-miss|p1a: SomeOtherTime|p2a: Tyranitar
|
|-weather|Sandstorm|[upkeep]
|-damage|p1a: SomeOtherTime|76/100 tox|[from] Sandstorm
|-heal|p1a: SomeOtherTime|82/100 tox|[from] item: Leftovers
|-damage|p1a: SomeOtherTime|64/100 tox|[from] psn
|-heal|p2a: Tyranitar|88/100|[from] item: Leftovers
|upkeep
|turn|29
|
|t:|1728865662
|move|p1a: SomeOtherTime|Hydro Pump|p2a: Tyranitar
|-supereffective|p2a: Tyranitar
|-damage|p2a: Tyranitar|0 fnt
|faint|p2a: Tyranitar
|
|t:|1728865664
|switch|p2a: Blissey|Blissey, F|58/100
|
|-weather|Sandstorm|[upkeep]
|-damage|p1a: SomeOtherTime|58/100 tox|[from] Sandstorm
|-damage|p2a: Blissey|52/100|[from] Sandstorm
|-heal|p1a: SomeOtherTime|64/100 tox|[from] item: Leftovers
|-damage|p1a: SomeOtherTime|40/100 tox|[from] psn
|-heal|p2a: Blissey|58/100|[from] item: Leftovers
|upkeep
|turn|30
|
|t:|1728865666
|move|p1a: SomeOtherTime|Ice Beam|p2a: Blissey
|-damage|p2a: Blissey|34/100
|move|p2a: Blissey|Soft-Boiled|p2a: Blissey
|-heal|p2a: Blissey|84/100
|
|-weather|Sandstorm|[upkeep]
|-damage|p1a: SomeOtherTime|34/100 tox|[from] Sandstorm
|-damage|p2a: Blissey|78/100|[from] Sandstorm
|-heal|p1a: SomeOtherTime|40/100 tox|[from] item: Leftovers
|-damage|p1a: SomeOtherTime|10/100 tox|[from] psn
|-heal|p2a: Blissey|84/100|[from] item: Leftovers
|upkeep
|turn|31
|
|t:|1728865671
|move|p1a: SomeOtherTime|Hydro Pump|p2a: Blissey
|-damage|p2a: Blissey|43/100
|move|p2a: Blissey|Soft-Boiled|p2a: Blissey
|-heal|p2a: Blissey|93/100
|
|-weather|Sandstorm|[upkeep]
|-damage|p1a: SomeOtherTime|4/100 tox|[from] Sandstorm
|-damage|p2a: Blissey|86/100|[from] Sandstorm
|-heal|p1a: SomeOtherTime|10/100 tox|[from] item: Leftovers
|-damage|p1a: SomeOtherTime|0 fnt|[from] psn
|faint|p1a: SomeOtherTime
|-heal|p2a: Blissey|93/100|[from] item: Leftovers
|upkeep
|
|t:|1728865673
|switch|p1a: WaltzForDebby|Salamence, F|94/100
|-ability|p1a: WaltzForDebby|Intimidate|boost
|-unboost|p2a: Blissey|atk|1
|turn|32
|
|t:|1728865675
|move|p1a: WaltzForDebby|Brick Break|p2a: Blissey
|-supereffective|p2a: Blissey
|-damage|p2a: Blissey|40/100
|move|p2a: Blissey|Ice Beam|p1a: WaltzForDebby
|-supereffective|p1a: WaltzForDebby
|-damage|p1a: WaltzForDebby|0 fnt
|faint|p1a: WaltzForDebby
|
|win|Ooziegib
|c|☆Rainer2424|Gg
|c|☆Ooziegib|gg

</script>
<script type="application/json" class="data" id="replaydata-smogtours-gen3ou-798540">
{"id":"smogtours-gen3ou-798540","format":"[Gen 3] OU","players":["Rainer2424","Ooziegib"],"uploadtime":1728865675,"views":131,"formatid":"gen3ou","rating":null,"private":0,"password":null}
</script>

<script defer src="js/replays.js?9d40a366"></script>
