<!DOCTYPE html>
<meta charset="utf-8" />
<meta name="viewport" content="width=device-width" />

<title>[Gen 3] OU: GroundBack vs. Figull400 - Replays - Pok&eacute;mon Showdown!</title>

<meta name="description" content="Watch a replay of a Pok&eacute;mon battle between GroundBack and Figull400! Format: [Gen 3] OU; Date: Oct 4, 2024" />
<!--

Hey, you! Looking in the source for the replay log?

You can find them in JSON format, just add `.json` at the end of a replay URL.

https://replay.pokemonshowdown.com/gen7randomdoublesbattle-865046831.json

Or, if you only need the log itself, add `.log` instead:

https://replay.pokemonshowdown.com/gen7randomdoublesbattle-865046831.log

-->

<link rel="stylesheet" href="//pokemonshowdown.com/style/global.css?0.023195364461161105" />
<link rel="stylesheet" href="//play.pokemonshowdown.com/style/font-awesome.css?0.13261647063804238" />
<link rel="stylesheet" href="//play.pokemonshowdown.com/style/battle.css?0.8753245789963631" />
<link rel="stylesheet" href="//play.pokemonshowdown.com/style/utilichart.css?0.8627959624976733" />

<!-- Global site tag (gtag.js) - Google Analytics -->
<script async src="https://www.googletagmanager.com/gtag/js?id=UA-26211653-1"></script>
<script>
  window.dataLayer = window.dataLayer || [];
  function gtag(){dataLayer.push(arguments);}
  gtag('js', new Date());

  gtag('config', 'UA-26211653-1');
</script>
<!-- End Google Analytics -->
<!-- Venatus Ad Manager - Install in <HEAD> of page -->
	<script src="https://hb.vntsm.com/v3/live/ad-manager.min.js" type="text/javascript" data-site-id="642aba63ec9a7b11c3c9c1be" data-mode="scan" async></script>
<!-- / Venatus Ad Manager -->

<style>
	@media (max-width:820px) {
		.battle {
			margin: 0 auto;
		}
		.battle-log {
			margin: 7px auto 0;
			max-width: 640px;
			height: 300px;
			position: static;
		}
	}
	.optgroup {
		display: inline-block;
		line-height: 22px;
		font-size: 10pt;
	}
	.optgroup .button {
		height: 25px;
		padding-top: 0;
		padding-bottom: 0;
	}
	.optgroup button.button {
		padding-left: 12px;
		padding-right: 12px;
	}
	.linklist {
		list-style: none;
		margin: 0.5em 0;
		padding: 0;
	}
	.linklist li {
		padding: 2px 0;
	}
	.sidebar {
		float: left;
		width: 320px;
	}
	.bar-wrapper {
		max-width: 1100px;
		margin: 0 auto;
	}
	.bar-wrapper.has-sidebar {
		max-width: 1430px;
	}
	.mainbar {
		margin: 0;
		padding-right: 1px;
	}
	.mainbar.has-sidebar {
		margin-left: 330px;
	}
	@media (min-width: 1511px) {
		.sidebar {
			width: 400px;
		}
		.bar-wrapper.has-sidebar {
			max-width: 1510px;
		}
		.mainbar.has-sidebar {
			margin-left: 410px;
		}
	}
	.section.first-section {
		margin-top: 9px;
	}
	.blocklink small {
		white-space: normal;
	}
	.button {
		vertical-align: middle;
	}
	.replay-controls {
		padding-top: 10px;
	}
	.replay-controls h1 {
		font-size: 16pt;
		font-weight: normal;
		color: #CCC;
	}
	.pagelink {
		text-align: center;
	}
	.pagelink a {
		width: 150px;
	}
	.textbox, .button {
		font-size: 11pt;
		vertical-align: middle;
	}
	@media (max-width: 450px) {
		.button {
			font-size: 9pt;
		}
	}
</style>

<div>

	<header>
		<div class="nav-wrapper"><ul class="nav">
			<li><a class="button nav-first" href="//pokemonshowdown.com/"><img src="//pokemonshowdown.com/images/pokemonshowdownbeta.png" srcset="//pokemonshowdown.com/images/pokemonshowdownbeta.png 1x, //pokemonshowdown.com/images/pokemonshowdownbeta@2x.png 2x" alt="Pok&eacute;mon Showdown" width="146" height="44" /> Home</a></li>
			<li><a class="button" href="//pokemonshowdown.com/dex/">Pok&eacute;dex</a></li>
			<li><a class="button cur" href="/">Replays</a></li>
			<li><a class="button" href="//pokemonshowdown.com/ladder/">Ladder</a></li>
			<li><a class="button nav-last" href="//pokemonshowdown.com/forums/">Forum</a></li>
			<li><a class="button greenbutton nav-first nav-last" href="//play.pokemonshowdown.com/">Play</a></li>
		</ul></div>
	</header>

	<div class="main" id="main">

		<noscript><section class="section">You need to enable JavaScript to use this page; sorry!</section></noscript>

	</div>

</div>

<script defer nomodule src="//play.pokemonshowdown.com/js/lib/ps-polyfill.js"></script>
<script defer src="//play.pokemonshowdown.com/js/lib/preact.min.js"></script>

<script defer src="//play.pokemonshowdown.com/config/config.js?2bddbc15"></script>
<script defer src="//play.pokemonshowdown.com/js/lib/jquery-1.11.0.min.js"></script>
<script defer src="//play.pokemonshowdown.com/js/lib/html-sanitizer-minified.js"></script>
<script defer src="//play.pokemonshowdown.com/js/battle-sound.js"></script>
<script defer src="//play.pokemonshowdown.com/js/battledata.js?0.7209276989879541"></script>
<script defer src="//play.pokemonshowdown.com/data/pokedex-mini.js?0.6111056340867951"></script>
<script defer src="//play.pokemonshowdown.com/data/pokedex-mini-bw.js?0.3532142036491459"></script>
<script defer src="//play.pokemonshowdown.com/data/graphics.js?0.24223875632456182"></script>
<script defer src="//play.pokemonshowdown.com/data/pokedex.js?0.38839984266356864"></script>
<script defer src="//play.pokemonshowdown.com/data/moves.js?0.21866028504024015"></script>
<script defer src="//play.pokemonshowdown.com/data/abilities.js?0.2005157953846628"></script>
<script defer src="//play.pokemonshowdown.com/data/items.js?0.9894211263848525"></script>
<script defer src="//play.pokemonshowdown.com/data/teambuilder-tables.js?0.6008791140282215"></script>
<script defer src="//play.pokemonshowdown.com/js/battle-tooltips.js?0.7580118955022959"></script>
<script defer src="//play.pokemonshowdown.com/js/battle.js?0.6057722274234274"></script>

<script defer src="js/utils.js?e31f9a17"></script>
<script defer src="js/replays-battle.js?7008c182"></script>

<!-- don't scrape this data! just add .json or .log after the URL!
Full API docs: https://github.com/smogon/pokemon-showdown-client/blob/master/WEB-API.md -->
<script type="text/plain" class="log" id="replaylog-smogtours-gen3ou-794685">
|inactive|Battle timer is ON: inactive players will automatically lose when time's up.
|t:|1728072581
|gametype|singles
|player|p1|GroundBack|waiter-gen4dp|
|player|p2|Figull400|gambler|
|teamsize|p1|6
|teamsize|p2|6
|gen|3
|tier|[Gen 3] OU
|rule|Sleep Clause Mod: Limit one foe put to sleep
|rule|Switch Priority Clause Mod: Faster Pokémon switch first
|rule|Species Clause: Limit one of each Pokémon
|rule|OHKO Clause: OHKO moves are banned
|rule|Evasion Items Clause: Evasion items are banned
|rule|Evasion Moves Clause: Evasion moves are banned
|rule|Endless Battle Clause: Forcing endless battles is banned
|rule|HP Percentage Mod: HP is shown in percentages
|rule|One Boost Passer Clause: Limit one Baton Passer that has a way to boost its stats
|rule|Freeze Clause Mod: Limit one foe frozen
|
|t:|1728072581
|start
|switch|p1a: The Lady In Purple|Jynx, F|100/100
|switch|p2a: Tyranitar|Tyranitar, M|100/100
|-weather|Sandstorm|[from] ability: Sand Stream|[of] p2a: Tyranitar
|turn|1
|c|☆Figull400|hf
|c|☆GroundBack|glhf
|
|t:|1728072604
|switch|p1a: Suicune|Suicune|100/100
|move|p2a: Tyranitar|Fire Blast|p1a: Suicune
|-resisted|p1a: Suicune
|-damage|p1a: Suicune|88/100
|-status|p1a: Suicune|brn
|
|-weather|Sandstorm|[upkeep]
|-damage|p1a: Suicune|82/100 brn|[from] Sandstorm
|-heal|p1a: Suicune|88/100 brn|[from] item: Leftovers
|-damage|p1a: Suicune|76/100 brn|[from] brn
|upkeep
|turn|2
|
|t:|1728072611
|switch|p2a: Skarmory|Skarmory, F|100/100
|move|p1a: Suicune|Surf|p2a: Skarmory
|-damage|p2a: Skarmory|59/100
|
|-weather|Sandstorm|[upkeep]
|-damage|p1a: Suicune|69/100 brn|[from] Sandstorm
|-heal|p1a: Suicune|76/100 brn|[from] item: Leftovers
|-damage|p1a: Suicune|63/100 brn|[from] brn
|-heal|p2a: Skarmory|65/100|[from] item: Leftovers
|upkeep
|turn|3
|
|t:|1728072616
|move|p1a: Suicune|Calm Mind|p1a: Suicune
|-boost|p1a: Suicune|spa|1
|-boost|p1a: Suicune|spd|1
|move|p2a: Skarmory|Spikes|p1a: Suicune
|-sidestart|p1: GroundBack|Spikes
|
|-weather|Sandstorm|[upkeep]
|-damage|p1a: Suicune|57/100 brn|[from] Sandstorm
|-heal|p1a: Suicune|63/100 brn|[from] item: Leftovers
|-damage|p1a: Suicune|51/100 brn|[from] brn
|-heal|p2a: Skarmory|71/100|[from] item: Leftovers
|upkeep
|turn|4
|
|t:|1728072620
|switch|p2a: Blissey|Blissey, F|100/100
|move|p1a: Suicune|Surf|p2a: Blissey
|-damage|p2a: Blissey|76/100
|
|-weather|Sandstorm|[upkeep]
|-damage|p1a: Suicune|44/100 brn|[from] Sandstorm
|-damage|p2a: Blissey|70/100|[from] Sandstorm
|-heal|p1a: Suicune|51/100 brn|[from] item: Leftovers
|-damage|p1a: Suicune|38/100 brn|[from] brn
|-heal|p2a: Blissey|76/100|[from] item: Leftovers
|upkeep
|turn|5
|
|t:|1728072626
|move|p1a: Suicune|Rest|p1a: Suicune
|-status|p1a: Suicune|slp|[from] move: Rest
|-heal|p1a: Suicune|100/100 slp|[silent]
|move|p2a: Blissey|Calm Mind|p2a: Blissey
|-boost|p2a: Blissey|spa|1
|-boost|p2a: Blissey|spd|1
|
|-weather|Sandstorm|[upkeep]
|-damage|p1a: Suicune|94/100 slp|[from] Sandstorm
|-damage|p2a: Blissey|70/100|[from] Sandstorm
|-heal|p1a: Suicune|100/100 slp|[from] item: Leftovers
|-heal|p2a: Blissey|76/100|[from] item: Leftovers
|upkeep
|turn|6
|
|t:|1728072631
|switch|p1a: Dugtrio Jumpscare|Dugtrio, M|100/100
|-damage|p1a: Dugtrio Jumpscare|88/100|[from] Spikes
|move|p2a: Blissey|Soft-Boiled|p2a: Blissey
|-heal|p2a: Blissey|100/100
|
|-weather|Sandstorm|[upkeep]
|-damage|p2a: Blissey|94/100|[from] Sandstorm
|-heal|p2a: Blissey|100/100|[from] item: Leftovers
|upkeep
|turn|7
|
|t:|1728072634
|move|p1a: Dugtrio Jumpscare|Earthquake|p2a: Blissey
|-damage|p2a: Blissey|44/100
|move|p2a: Blissey|Ice Beam|p1a: Dugtrio Jumpscare
|-supereffective|p1a: Dugtrio Jumpscare
|-crit|p1a: Dugtrio Jumpscare
|-damage|p1a: Dugtrio Jumpscare|0 fnt
|faint|p1a: Dugtrio Jumpscare
|
|t:|1728072640
|switch|p1a: Metagross|Metagross|100/100
|-damage|p1a: Metagross|88/100|[from] Spikes
|
|-weather|Sandstorm|[upkeep]
|-damage|p2a: Blissey|38/100|[from] Sandstorm
|-heal|p2a: Blissey|44/100|[from] item: Leftovers
|upkeep
|turn|8
|
|t:|1728072644
|switch|p2a: Swampert|Swampert, F|100/100
|move|p1a: Metagross|Meteor Mash|p2a: Swampert
|-resisted|p2a: Swampert
|-damage|p2a: Swampert|71/100
|-boost|p1a: Metagross|atk|1
|
|-weather|Sandstorm|[upkeep]
|-heal|p2a: Swampert|77/100|[from] item: Leftovers
|upkeep
|turn|9
|
|t:|1728072656
|switch|p1a: Suicune|Suicune|100/100 slp
|-damage|p1a: Suicune|88/100 slp|[from] Spikes
|move|p2a: Swampert|Earthquake|p1a: Suicune
|-damage|p1a: Suicune|62/100 slp
|
|-weather|Sandstorm|[upkeep]
|-damage|p1a: Suicune|56/100 slp|[from] Sandstorm
|-heal|p1a: Suicune|62/100 slp|[from] item: Leftovers
|-heal|p2a: Swampert|83/100|[from] item: Leftovers
|upkeep
|turn|10
|
|t:|1728072662
|switch|p2a: Blissey|Blissey, F|44/100
|cant|p1a: Suicune|slp
|move|p1a: Suicune|Sleep Talk|p1a: Suicune
|move|p1a: Suicune|Surf|p2a: Blissey|[from]Sleep Talk
|-damage|p2a: Blissey|26/100
|
|-weather|Sandstorm|[upkeep]
|-damage|p1a: Suicune|56/100 slp|[from] Sandstorm
|-damage|p2a: Blissey|20/100|[from] Sandstorm
|-heal|p1a: Suicune|62/100 slp|[from] item: Leftovers
|-heal|p2a: Blissey|26/100|[from] item: Leftovers
|upkeep
|turn|11
|
|t:|1728072671
|switch|p1a: Metagross|Metagross|88/100
|-damage|p1a: Metagross|76/100|[from] Spikes
|move|p2a: Blissey|Soft-Boiled|p2a: Blissey
|-heal|p2a: Blissey|76/100
|
|-weather|Sandstorm|[upkeep]
|-damage|p2a: Blissey|70/100|[from] Sandstorm
|-heal|p2a: Blissey|76/100|[from] item: Leftovers
|upkeep
|turn|12
|
|t:|1728072677
|switch|p2a: Swampert|Swampert, F|83/100
|move|p1a: Metagross|Meteor Mash|p2a: Swampert
|-resisted|p2a: Swampert
|-damage|p2a: Swampert|52/100
|-boost|p1a: Metagross|atk|1
|
|-weather|Sandstorm|[upkeep]
|-heal|p2a: Swampert|58/100|[from] item: Leftovers
|upkeep
|turn|13
|inactive|GroundBack has 270 seconds left.
|
|t:|1728072721
|switch|p1a: Claydol|Claydol|100/100
|move|p2a: Swampert|Earthquake|p1a: Claydol
|-immune|p1a: Claydol
|
|-weather|Sandstorm|[upkeep]
|-heal|p2a: Swampert|64/100|[from] item: Leftovers
|upkeep
|turn|14
|
|t:|1728072729
|switch|p1a: Suicune|Suicune|62/100 slp
|-damage|p1a: Suicune|49/100 slp|[from] Spikes
|switch|p2a: Skarmory|Skarmory, F|71/100
|
|-weather|Sandstorm|[upkeep]
|-damage|p1a: Suicune|43/100 slp|[from] Sandstorm
|-heal|p1a: Suicune|49/100 slp|[from] item: Leftovers
|-heal|p2a: Skarmory|77/100|[from] item: Leftovers
|upkeep
|turn|15
|
|t:|1728072734
|switch|p2a: Blissey|Blissey, F|76/100
|cant|p1a: Suicune|slp
|move|p1a: Suicune|Sleep Talk|p1a: Suicune
|move|p1a: Suicune|Surf|p2a: Blissey|[from]Sleep Talk
|-damage|p2a: Blissey|59/100
|
|-weather|Sandstorm|[upkeep]
|-damage|p1a: Suicune|43/100 slp|[from] Sandstorm
|-damage|p2a: Blissey|53/100|[from] Sandstorm
|-heal|p1a: Suicune|49/100 slp|[from] item: Leftovers
|-heal|p2a: Blissey|59/100|[from] item: Leftovers
|upkeep
|turn|16
|
|t:|1728072742
|cant|p1a: Suicune|slp
|move|p1a: Suicune|Sleep Talk|p1a: Suicune
|move|p1a: Suicune|Calm Mind|p1a: Suicune|[from]Sleep Talk
|-boost|p1a: Suicune|spa|1
|-boost|p1a: Suicune|spd|1
|move|p2a: Blissey|Thunderbolt|p1a: Suicune
|-supereffective|p1a: Suicune
|-damage|p1a: Suicune|24/100 slp
|
|-weather|Sandstorm|[upkeep]
|-damage|p1a: Suicune|18/100 slp|[from] Sandstorm
|-damage|p2a: Blissey|53/100|[from] Sandstorm
|-heal|p1a: Suicune|24/100 slp|[from] item: Leftovers
|-heal|p2a: Blissey|59/100|[from] item: Leftovers
|upkeep
|turn|17
|
|t:|1728072750
|-curestatus|p1a: Suicune|slp|[msg]
|move|p1a: Suicune|Rest|p1a: Suicune
|-status|p1a: Suicune|slp|[from] move: Rest
|-heal|p1a: Suicune|100/100 slp|[silent]
|move|p2a: Blissey|Soft-Boiled|p2a: Blissey
|-heal|p2a: Blissey|100/100
|
|-weather|Sandstorm|[upkeep]
|-damage|p1a: Suicune|94/100 slp|[from] Sandstorm
|-damage|p2a: Blissey|94/100|[from] Sandstorm
|-heal|p1a: Suicune|100/100 slp|[from] item: Leftovers
|-heal|p2a: Blissey|100/100|[from] item: Leftovers
|upkeep
|turn|18
|
|t:|1728072757
|cant|p1a: Suicune|slp
|move|p1a: Suicune|Sleep Talk|p1a: Suicune
|move|p1a: Suicune|Rest|p1a: Suicune|[from]Sleep Talk
|move|p2a: Blissey|Thunderbolt|p1a: Suicune
|-supereffective|p1a: Suicune
|-damage|p1a: Suicune|77/100 slp
|
|-weather|Sandstorm|[upkeep]
|-damage|p1a: Suicune|70/100 slp|[from] Sandstorm
|-damage|p2a: Blissey|94/100|[from] Sandstorm
|-heal|p1a: Suicune|77/100 slp|[from] item: Leftovers
|-heal|p2a: Blissey|100/100|[from] item: Leftovers
|upkeep
|turn|19
|
|t:|1728072767
|cant|p1a: Suicune|slp
|move|p1a: Suicune|Sleep Talk|p1a: Suicune
|move|p1a: Suicune|Calm Mind|p1a: Suicune|[from]Sleep Talk
|-boost|p1a: Suicune|spa|1
|-boost|p1a: Suicune|spd|1
|move|p2a: Blissey|Calm Mind|p2a: Blissey
|-boost|p2a: Blissey|spa|1
|-boost|p2a: Blissey|spd|1
|
|-weather|Sandstorm|[upkeep]
|-damage|p1a: Suicune|70/100 slp|[from] Sandstorm
|-damage|p2a: Blissey|94/100|[from] Sandstorm
|-heal|p1a: Suicune|77/100 slp|[from] item: Leftovers
|-heal|p2a: Blissey|100/100|[from] item: Leftovers
|upkeep
|turn|20
|
|t:|1728072775
|-curestatus|p1a: Suicune|slp|[msg]
|move|p1a: Suicune|Surf|p2a: Blissey
|-damage|p2a: Blissey|77/100
|move|p2a: Blissey|Calm Mind|p2a: Blissey
|-boost|p2a: Blissey|spa|1
|-boost|p2a: Blissey|spd|1
|
|-weather|Sandstorm|[upkeep]
|-damage|p1a: Suicune|70/100|[from] Sandstorm
|-damage|p2a: Blissey|71/100|[from] Sandstorm
|-heal|p1a: Suicune|77/100|[from] item: Leftovers
|-heal|p2a: Blissey|77/100|[from] item: Leftovers
|upkeep
|turn|21
|inactive|GroundBack has 270 seconds left.
|
|t:|1728072807
|switch|p1a: Snorlax|Snorlax, F|100/100
|-damage|p1a: Snorlax|88/100|[from] Spikes
|move|p2a: Blissey|Ice Beam|p1a: Snorlax
|-damage|p1a: Snorlax|58/100
|
|-weather|Sandstorm|[upkeep]
|-damage|p2a: Blissey|71/100|[from] Sandstorm
|-damage|p1a: Snorlax|52/100|[from] Sandstorm
|-heal|p2a: Blissey|77/100|[from] item: Leftovers
|-heal|p1a: Snorlax|58/100|[from] item: Leftovers
|upkeep
|turn|22
|inactive|GroundBack has 270 seconds left.
|
|t:|1728072824
|switch|p2a: Skarmory|Skarmory, F|77/100
|move|p1a: Snorlax|Earthquake|p2a: Skarmory
|-immune|p2a: Skarmory
|
|-weather|Sandstorm|[upkeep]
|-damage|p1a: Snorlax|52/100|[from] Sandstorm
|-heal|p2a: Skarmory|83/100|[from] item: Leftovers
|-heal|p1a: Snorlax|58/100|[from] item: Leftovers
|upkeep
|turn|23
|inactive|GroundBack has 270 seconds left.
|
|t:|1728072837
|switch|p1a: The Lady In Purple|Jynx, F|100/100
|-damage|p1a: The Lady In Purple|88/100|[from] Spikes
|move|p2a: Skarmory|Drill Peck|p1a: The Lady In Purple
|-damage|p1a: The Lady In Purple|26/100
|
|-weather|Sandstorm|[upkeep]
|-damage|p1a: The Lady In Purple|20/100|[from] Sandstorm
|-heal|p1a: The Lady In Purple|26/100|[from] item: Leftovers
|-heal|p2a: Skarmory|89/100|[from] item: Leftovers
|upkeep
|turn|24
|
|t:|1728072843
|switch|p2a: Blissey|Blissey, F|77/100
|move|p1a: The Lady In Purple|Lovely Kiss|p2a: Blissey
|-status|p2a: Blissey|slp|[from] move: Lovely Kiss
|
|-weather|Sandstorm|[upkeep]
|-damage|p1a: The Lady In Purple|20/100|[from] Sandstorm
|-damage|p2a: Blissey|71/100 slp|[from] Sandstorm
|-heal|p1a: The Lady In Purple|26/100|[from] item: Leftovers
|-heal|p2a: Blissey|77/100 slp|[from] item: Leftovers
|upkeep
|turn|25
|
|t:|1728072848
|-curestatus|p2a: Blissey|slp|[from] ability: Natural Cure
|switch|p2a: Tyranitar|Tyranitar, M|100/100
|move|p1a: The Lady In Purple|Ice Beam|p2a: Tyranitar
|-damage|p2a: Tyranitar|53/100
|
|-weather|Sandstorm|[upkeep]
|-damage|p1a: The Lady In Purple|20/100|[from] Sandstorm
|-heal|p1a: The Lady In Purple|26/100|[from] item: Leftovers
|upkeep
|turn|26
|
|t:|1728072859
|move|p1a: The Lady In Purple|Lovely Kiss|p2a: Tyranitar
|-status|p2a: Tyranitar|slp|[from] move: Lovely Kiss
|-enditem|p2a: Tyranitar|Lum Berry|[eat]
|-curestatus|p2a: Tyranitar|slp|[msg]
|move|p2a: Tyranitar|Hidden Power|p1a: The Lady In Purple
|-damage|p1a: The Lady In Purple|2/100
|
|-weather|Sandstorm|[upkeep]
|-damage|p1a: The Lady In Purple|0 fnt|[from] Sandstorm
|faint|p1a: The Lady In Purple
|upkeep
|
|t:|1728072869
|switch|p1a: Suicune|Suicune|77/100
|-damage|p1a: Suicune|64/100|[from] Spikes
|turn|27
|
|t:|1728072874
|switch|p2a: Blissey|Blissey, F|77/100
|switch|p1a: Metagross|Metagross|76/100
|-damage|p1a: Metagross|64/100|[from] Spikes
|
|-weather|Sandstorm|[upkeep]
|-damage|p2a: Blissey|71/100|[from] Sandstorm
|-heal|p2a: Blissey|77/100|[from] item: Leftovers
|upkeep
|turn|28
|
|t:|1728072882
|switch|p2a: Swampert|Swampert, F|64/100
|move|p1a: Metagross|Meteor Mash|p2a: Swampert
|-resisted|p2a: Swampert
|-damage|p2a: Swampert|32/100
|
|-weather|Sandstorm|[upkeep]
|-heal|p2a: Swampert|38/100|[from] item: Leftovers
|upkeep
|turn|29
|
|t:|1728072890
|switch|p1a: Suicune|Suicune|64/100
|-damage|p1a: Suicune|52/100|[from] Spikes
|move|p2a: Swampert|Hydro Pump|p1a: Suicune
|-resisted|p1a: Suicune
|-damage|p1a: Suicune|36/100
|
|-weather|Sandstorm|[upkeep]
|-damage|p1a: Suicune|30/100|[from] Sandstorm
|-heal|p1a: Suicune|36/100|[from] item: Leftovers
|-heal|p2a: Swampert|44/100|[from] item: Leftovers
|upkeep
|turn|30
|
|t:|1728072893
|switch|p2a: Blissey|Blissey, F|77/100
|move|p1a: Suicune|Surf|p2a: Blissey
|-damage|p2a: Blissey|60/100
|
|-weather|Sandstorm|[upkeep]
|-damage|p1a: Suicune|30/100|[from] Sandstorm
|-damage|p2a: Blissey|54/100|[from] Sandstorm
|-heal|p1a: Suicune|36/100|[from] item: Leftovers
|-heal|p2a: Blissey|60/100|[from] item: Leftovers
|upkeep
|turn|31
|
|t:|1728072908
|switch|p1a: Claydol|Claydol|100/100
|move|p2a: Blissey|Thunderbolt|p1a: Claydol
|-immune|p1a: Claydol
|
|-weather|Sandstorm|[upkeep]
|-damage|p2a: Blissey|54/100|[from] Sandstorm
|-heal|p2a: Blissey|60/100|[from] item: Leftovers
|upkeep
|turn|32
|
|t:|1728072910
|switch|p2a: Skarmory|Skarmory, F|89/100
|move|p1a: Claydol|Rain Dance|p1a: Claydol
|-weather|RainDance
|
|-weather|RainDance|[upkeep]
|-heal|p2a: Skarmory|95/100|[from] item: Leftovers
|upkeep
|turn|33
|
|t:|1728072918
|switch|p1a: Suicune|Suicune|36/100
|-damage|p1a: Suicune|24/100|[from] Spikes
|move|p2a: Skarmory|Toxic|p1a: Suicune
|-status|p1a: Suicune|tox
|
|-weather|RainDance|[upkeep]
|-heal|p1a: Suicune|30/100 tox|[from] item: Leftovers
|-damage|p1a: Suicune|24/100 tox|[from] psn
|-heal|p2a: Skarmory|100/100|[from] item: Leftovers
|upkeep
|turn|34
|
|t:|1728072927
|switch|p2a: Blissey|Blissey, F|60/100
|move|p1a: Suicune|Rest|p1a: Suicune
|-status|p1a: Suicune|slp|[from] move: Rest
|-heal|p1a: Suicune|100/100 slp|[silent]
|
|-weather|RainDance|[upkeep]
|-heal|p2a: Blissey|66/100|[from] item: Leftovers
|upkeep
|turn|35
|
|t:|1728072941
|switch|p1a: Snorlax|Snorlax, F|58/100
|-damage|p1a: Snorlax|46/100|[from] Spikes
|move|p2a: Blissey|Soft-Boiled|p2a: Blissey
|-heal|p2a: Blissey|100/100
|
|-weather|RainDance|[upkeep]
|-heal|p1a: Snorlax|52/100|[from] item: Leftovers
|upkeep
|turn|36
|
|t:|1728072946
|switch|p2a: Skarmory|Skarmory, F|100/100
|move|p1a: Snorlax|Curse|p1a: Snorlax
|-unboost|p1a: Snorlax|spe|1
|-boost|p1a: Snorlax|atk|1
|-boost|p1a: Snorlax|def|1
|
|-weather|none
|-heal|p1a: Snorlax|58/100|[from] item: Leftovers
|upkeep
|turn|37
|
|t:|1728072950
|move|p1a: Snorlax|Curse|p1a: Snorlax
|-unboost|p1a: Snorlax|spe|1
|-boost|p1a: Snorlax|atk|1
|-boost|p1a: Snorlax|def|1
|move|p2a: Skarmory|Roar|p1a: Snorlax
|drag|p1a: Claydol|Claydol|100/100
|
|upkeep
|turn|38
|
|t:|1728072953
|move|p2a: Skarmory|Toxic|p1a: Claydol
|-status|p1a: Claydol|tox
|move|p1a: Claydol|Rapid Spin|p2a: Skarmory
|-resisted|p2a: Skarmory
|-damage|p2a: Skarmory|99/100
|-sideend|p1: GroundBack|Spikes|[from] move: Rapid Spin|[of] p1a: Claydol
|
|-heal|p2a: Skarmory|100/100|[from] item: Leftovers
|-damage|p1a: Claydol|94/100 tox|[from] psn
|upkeep
|turn|39
|
|t:|1728072958
|switch|p1a: Suicune|Suicune|100/100 slp
|move|p2a: Skarmory|Spikes|p1a: Suicune
|-sidestart|p1: GroundBack|Spikes
|
|upkeep
|turn|40
|
|t:|1728072961
|switch|p2a: Blissey|Blissey, F|100/100
|cant|p1a: Suicune|slp
|move|p1a: Suicune|Sleep Talk|p1a: Suicune
|move|p1a: Suicune|Rest|p1a: Suicune|[from]Sleep Talk
|
|upkeep
|turn|41
|
|t:|1728072969
|switch|p1a: Snorlax|Snorlax, F|58/100
|-damage|p1a: Snorlax|45/100|[from] Spikes
|move|p2a: Blissey|Thunderbolt|p1a: Snorlax
|-damage|p1a: Snorlax|30/100
|
|-heal|p1a: Snorlax|36/100|[from] item: Leftovers
|upkeep
|turn|42
|
|t:|1728072971
|switch|p2a: Skarmory|Skarmory, F|100/100
|move|p1a: Snorlax|Self-Destruct|p2a: Skarmory
|-resisted|p2a: Skarmory
|-damage|p2a: Skarmory|30/100
|faint|p1a: Snorlax
|
|t:|1728072978
|switch|p1a: Suicune|Suicune|100/100 slp
|-damage|p1a: Suicune|88/100 slp|[from] Spikes
|
|-heal|p1a: Suicune|94/100 slp|[from] item: Leftovers
|-heal|p2a: Skarmory|36/100|[from] item: Leftovers
|upkeep
|turn|43
|
|t:|1728072980
|switch|p2a: Blissey|Blissey, F|100/100
|cant|p1a: Suicune|slp
|move|p1a: Suicune|Sleep Talk|p1a: Suicune
|move|p1a: Suicune|Rest|p1a: Suicune|[from]Sleep Talk
|
|-heal|p1a: Suicune|100/100 slp|[from] item: Leftovers
|upkeep
|turn|44
|
|t:|1728072991
|switch|p1a: Claydol|Claydol|94/100 tox
|move|p2a: Blissey|Calm Mind|p2a: Blissey
|-boost|p2a: Blissey|spa|1
|-boost|p2a: Blissey|spd|1
|
|-heal|p1a: Claydol|100/100 tox|[from] item: Leftovers
|-damage|p1a: Claydol|94/100 tox|[from] psn
|upkeep
|turn|45
|
|t:|1728073000
|switch|p2a: Skarmory|Skarmory, F|36/100
|move|p1a: Claydol|Explosion|p2a: Skarmory
|-resisted|p2a: Skarmory
|-damage|p2a: Skarmory|3/100
|faint|p1a: Claydol
|
|t:|1728073005
|switch|p1a: Metagross|Metagross|64/100
|-damage|p1a: Metagross|51/100|[from] Spikes
|
|-heal|p2a: Skarmory|9/100|[from] item: Leftovers
|upkeep
|turn|46
|
|t:|1728073014
|move|p1a: Metagross|Meteor Mash|p2a: Skarmory
|-resisted|p2a: Skarmory
|-damage|p2a: Skarmory|0 fnt
|faint|p2a: Skarmory
|
|t:|1728073021
|switch|p2a: Salamence|Salamence, F|100/100
|-ability|p2a: Salamence|Intimidate|boost
|-fail|p1a: Metagross|unboost|[from] ability: Clear Body|[of] p1a: Metagross
|
|upkeep
|turn|47
|
|t:|1728073025
|switch|p1a: Suicune|Suicune|100/100 slp
|-damage|p1a: Suicune|88/100 slp|[from] Spikes
|move|p2a: Salamence|Flamethrower|p1a: Suicune
|-resisted|p1a: Suicune
|-damage|p1a: Suicune|77/100 slp
|
|-heal|p1a: Suicune|83/100 slp|[from] item: Leftovers
|upkeep
|turn|48
|
|t:|1728073027
|switch|p2a: Blissey|Blissey, F|100/100
|cant|p1a: Suicune|slp
|move|p1a: Suicune|Sleep Talk|p1a: Suicune
|move|p1a: Suicune|Rest|p1a: Suicune|[from]Sleep Talk
|
|-heal|p1a: Suicune|89/100 slp|[from] item: Leftovers
|upkeep
|turn|49
|
|t:|1728073033
|cant|p1a: Suicune|slp
|move|p1a: Suicune|Sleep Talk|p1a: Suicune
|move|p1a: Suicune|Rest|p1a: Suicune|[from]Sleep Talk
|move|p2a: Blissey|Thunderbolt|p1a: Suicune
|-supereffective|p1a: Suicune
|-damage|p1a: Suicune|51/100 slp
|
|-heal|p1a: Suicune|57/100 slp|[from] item: Leftovers
|upkeep
|turn|50
|
|t:|1728073039
|-curestatus|p1a: Suicune|slp|[msg]
|move|p1a: Suicune|Calm Mind|p1a: Suicune
|-boost|p1a: Suicune|spa|1
|-boost|p1a: Suicune|spd|1
|move|p2a: Blissey|Calm Mind|p2a: Blissey
|-boost|p2a: Blissey|spa|1
|-boost|p2a: Blissey|spd|1
|
|-heal|p1a: Suicune|63/100|[from] item: Leftovers
|upkeep
|turn|51
|
|t:|1728073045
|move|p1a: Suicune|Calm Mind|p1a: Suicune
|-boost|p1a: Suicune|spa|1
|-boost|p1a: Suicune|spd|1
|move|p2a: Blissey|Thunderbolt|p1a: Suicune
|-supereffective|p1a: Suicune
|-crit|p1a: Suicune
|-damage|p1a: Suicune|0 fnt
|faint|p1a: Suicune
|
|t:|1728073051
|switch|p1a: Metagross|Metagross|51/100
|-damage|p1a: Metagross|39/100|[from] Spikes
|
|upkeep
|turn|52
|
|t:|1728073055
|move|p1a: Metagross|Meteor Mash|p2a: Blissey
|-damage|p2a: Blissey|14/100
|move|p2a: Blissey|Thunderbolt|p1a: Metagross
|-damage|p1a: Metagross|0 fnt
|faint|p1a: Metagross
|
|win|Figull400
|c|☆GroundBack|gg
|c|☆Figull400|gg

</script>
<script type="application/json" class="data" id="replaydata-smogtours-gen3ou-794685">
{"id":"smogtours-gen3ou-794685","format":"[Gen 3] OU","players":["GroundBack","Figull400"],"uploadtime":1728073055,"views":118,"formatid":"gen3ou","rating":null,"private":0,"password":null}
</script>

<script defer src="js/replays.js?9d40a366"></script>
