<!DOCTYPE html>
<meta charset="utf-8" />
<meta name="viewport" content="width=device-width" />

<title>[Gen 3] OU: rezzo64 vs. Count Sliggoo II - Replays - Pok&eacute;mon Showdown!</title>

<meta name="description" content="Watch a replay of a Pok&eacute;mon battle between rezzo64 and Count Sliggoo II! Format: [Gen 3] OU; Date: Oct 10, 2024" />
<!--

Hey, you! Looking in the source for the replay log?

You can find them in JSON format, just add `.json` at the end of a replay URL.

https://replay.pokemonshowdown.com/gen7randomdoublesbattle-865046831.json

Or, if you only need the log itself, add `.log` instead:

https://replay.pokemonshowdown.com/gen7randomdoublesbattle-865046831.log

-->

<link rel="stylesheet" href="//pokemonshowdown.com/style/global.css?0.023195364461161105" />
<link rel="stylesheet" href="//play.pokemonshowdown.com/style/font-awesome.css?0.13261647063804238" />
<link rel="stylesheet" href="//play.pokemonshowdown.com/style/battle.css?0.8753245789963631" />
<link rel="stylesheet" href="//play.pokemonshowdown.com/style/utilichart.css?0.8627959624976733" />

<!-- Global site tag (gtag.js) - Google Analytics -->
<script async src="https://www.googletagmanager.com/gtag/js?id=UA-26211653-1"></script>
<script>
  window.dataLayer = window.dataLayer || [];
  function gtag(){dataLayer.push(arguments);}
  gtag('js', new Date());

  gtag('config', 'UA-26211653-1');
</script>
<!-- End Google Analytics -->
<!-- Venatus Ad Manager - Install in <HEAD> of page -->
	<script src="https://hb.vntsm.com/v3/live/ad-manager.min.js" type="text/javascript" data-site-id="642aba63ec9a7b11c3c9c1be" data-mode="scan" async></script>
<!-- / Venatus Ad Manager -->

<style>
	@media (max-width:820px) {
		.battle {
			margin: 0 auto;
		}
		.battle-log {
			margin: 7px auto 0;
			max-width: 640px;
			height: 300px;
			position: static;
		}
	}
	.optgroup {
		display: inline-block;
		line-height: 22px;
		font-size: 10pt;
	}
	.optgroup .button {
		height: 25px;
		padding-top: 0;
		padding-bottom: 0;
	}
	.optgroup button.button {
		padding-left: 12px;
		padding-right: 12px;
	}
	.linklist {
		list-style: none;
		margin: 0.5em 0;
		padding: 0;
	}
	.linklist li {
		padding: 2px 0;
	}
	.sidebar {
		float: left;
		width: 320px;
	}
	.bar-wrapper {
		max-width: 1100px;
		margin: 0 auto;
	}
	.bar-wrapper.has-sidebar {
		max-width: 1430px;
	}
	.mainbar {
		margin: 0;
		padding-right: 1px;
	}
	.mainbar.has-sidebar {
		margin-left: 330px;
	}
	@media (min-width: 1511px) {
		.sidebar {
			width: 400px;
		}
		.bar-wrapper.has-sidebar {
			max-width: 1510px;
		}
		.mainbar.has-sidebar {
			margin-left: 410px;
		}
	}
	.section.first-section {
		margin-top: 9px;
	}
	.blocklink small {
		white-space: normal;
	}
	.button {
		vertical-align: middle;
	}
	.replay-controls {
		padding-top: 10px;
	}
	.replay-controls h1 {
		font-size: 16pt;
		font-weight: normal;
		color: #CCC;
	}
	.pagelink {
		text-align: center;
	}
	.pagelink a {
		width: 150px;
	}
	.textbox, .button {
		font-size: 11pt;
		vertical-align: middle;
	}
	@media (max-width: 450px) {
		.button {
			font-size: 9pt;
		}
	}
</style>

<div>

	<header>
		<div class="nav-wrapper"><ul class="nav">
			<li><a class="button nav-first" href="//pokemonshowdown.com/"><img src="//pokemonshowdown.com/images/pokemonshowdownbeta.png" srcset="//pokemonshowdown.com/images/pokemonshowdownbeta.png 1x, //pokemonshowdown.com/images/pokemonshowdownbeta@2x.png 2x" alt="Pok&eacute;mon Showdown" width="146" height="44" /> Home</a></li>
			<li><a class="button" href="//pokemonshowdown.com/dex/">Pok&eacute;dex</a></li>
			<li><a class="button cur" href="/">Replays</a></li>
			<li><a class="button" href="//pokemonshowdown.com/ladder/">Ladder</a></li>
			<li><a class="button nav-last" href="//pokemonshowdown.com/forums/">Forum</a></li>
			<li><a class="button greenbutton nav-first nav-last" href="//play.pokemonshowdown.com/">Play</a></li>
		</ul></div>
	</header>

	<div class="main" id="main">

		<noscript><section class="section">You need to enable JavaScript to use this page; sorry!</section></noscript>

	</div>

</div>

<script defer nomodule src="//play.pokemonshowdown.com/js/lib/ps-polyfill.js"></script>
<script defer src="//play.pokemonshowdown.com/js/lib/preact.min.js"></script>

<script defer src="//play.pokemonshowdown.com/config/config.js?2bddbc15"></script>
<script defer src="//play.pokemonshowdown.com/js/lib/jquery-1.11.0.min.js"></script>
<script defer src="//play.pokemonshowdown.com/js/lib/html-sanitizer-minified.js"></script>
<script defer src="//play.pokemonshowdown.com/js/battle-sound.js"></script>
<script defer src="//play.pokemonshowdown.com/js/battledata.js?0.7209276989879541"></script>
<script defer src="//play.pokemonshowdown.com/data/pokedex-mini.js?0.6111056340867951"></script>
<script defer src="//play.pokemonshowdown.com/data/pokedex-mini-bw.js?0.3532142036491459"></script>
<script defer src="//play.pokemonshowdown.com/data/graphics.js?0.24223875632456182"></script>
<script defer src="//play.pokemonshowdown.com/data/pokedex.js?0.38839984266356864"></script>
<script defer src="//play.pokemonshowdown.com/data/moves.js?0.21866028504024015"></script>
<script defer src="//play.pokemonshowdown.com/data/abilities.js?0.2005157953846628"></script>
<script defer src="//play.pokemonshowdown.com/data/items.js?0.9894211263848525"></script>
<script defer src="//play.pokemonshowdown.com/data/teambuilder-tables.js?0.6008791140282215"></script>
<script defer src="//play.pokemonshowdown.com/js/battle-tooltips.js?0.7580118955022959"></script>
<script defer src="//play.pokemonshowdown.com/js/battle.js?0.6057722274234274"></script>

<script defer src="js/utils.js?e31f9a17"></script>
<script defer src="js/replays-battle.js?7008c182"></script>

<!-- don't scrape this data! just add .json or .log after the URL!
Full API docs: https://github.com/smogon/pokemon-showdown-client/blob/master/WEB-API.md -->
<script type="text/plain" class="log" id="replaylog-smogtours-gen3ou-796910">
|inactive|Battle timer is ON: inactive players will automatically lose when time's up.
|t:|1728576889
|gametype|singles
|player|p1|rezzo64|worker|
|player|p2|Count Sliggoo II|266|
|teamsize|p1|6
|teamsize|p2|6
|gen|3
|tier|[Gen 3] OU
|rule|Sleep Clause Mod: Limit one foe put to sleep
|rule|Switch Priority Clause Mod: Faster Pokémon switch first
|rule|Species Clause: Limit one of each Pokémon
|rule|OHKO Clause: OHKO moves are banned
|rule|Evasion Items Clause: Evasion items are banned
|rule|Evasion Moves Clause: Evasion moves are banned
|rule|Endless Battle Clause: Forcing endless battles is banned
|rule|HP Percentage Mod: HP is shown in percentages
|rule|One Boost Passer Clause: Limit one Baton Passer that has a way to boost its stats
|rule|Freeze Clause Mod: Limit one foe frozen
|
|t:|1728576889
|start
|switch|p1a: Tyranitar|Tyranitar, F|100/100
|switch|p2a: Despot|Tyranitar, M, shiny|100/100
|-weather|Sandstorm|[from] ability: Sand Stream|[of] p1a: Tyranitar
|turn|1
|
|t:|1728576903
|-singleturn|p1a: Tyranitar|move: Focus Punch
|switch|p2a: Aurora|Suicune|100/100
|move|p1a: Tyranitar|Focus Punch|p2a: Aurora
|-damage|p2a: Aurora|60/100
|
|-weather|Sandstorm|[upkeep]
|-damage|p2a: Aurora|54/100|[from] Sandstorm
|-heal|p2a: Aurora|60/100|[from] item: Leftovers
|upkeep
|turn|2
|
|t:|1728576918
|switch|p1a: Zapdos|Zapdos|100/100
|move|p2a: Aurora|Surf|p1a: Zapdos
|-damage|p1a: Zapdos|60/100
|
|-weather|Sandstorm|[upkeep]
|-damage|p1a: Zapdos|54/100|[from] Sandstorm
|-damage|p2a: Aurora|54/100|[from] Sandstorm
|-heal|p1a: Zapdos|60/100|[from] item: Leftovers
|-heal|p2a: Aurora|60/100|[from] item: Leftovers
|upkeep
|turn|3
|
|t:|1728576925
|switch|p2a: Wyrm|Steelix, M|100/100
|move|p1a: Zapdos|Thunderbolt|p2a: Wyrm
|-immune|p2a: Wyrm
|
|-weather|Sandstorm|[upkeep]
|-damage|p1a: Zapdos|54/100|[from] Sandstorm
|-heal|p1a: Zapdos|60/100|[from] item: Leftovers
|upkeep
|turn|4
|
|t:|1728576939
|switch|p1a: Swampert|Swampert, M|100/100
|move|p2a: Wyrm|Roar|p1a: Swampert
|drag|p1a: Celebi|Celebi|100/100
|
|-weather|Sandstorm|[upkeep]
|-damage|p1a: Celebi|94/100|[from] Sandstorm
|-heal|p1a: Celebi|100/100|[from] item: Leftovers
|upkeep
|turn|5
|
|t:|1728576950
|switch|p2a: Razor|Skarmory, F|100/100
|move|p1a: Celebi|Leech Seed|p2a: Razor
|-start|p2a: Razor|move: Leech Seed
|
|-weather|Sandstorm|[upkeep]
|-damage|p1a: Celebi|94/100|[from] Sandstorm
|-heal|p1a: Celebi|100/100|[from] item: Leftovers
|-damage|p2a: Razor|88/100|[from] Leech Seed|[of] p1a: Celebi
|upkeep
|turn|6
|
|t:|1728576962
|switch|p1a: Zapdos|Zapdos|60/100
|move|p2a: Razor|Spikes|p1a: Zapdos
|-sidestart|p1: rezzo64|Spikes
|
|-weather|Sandstorm|[upkeep]
|-damage|p1a: Zapdos|54/100|[from] Sandstorm
|-heal|p1a: Zapdos|60/100|[from] item: Leftovers
|-heal|p2a: Razor|94/100|[from] item: Leftovers
|-damage|p2a: Razor|82/100|[from] Leech Seed|[of] p1a: Zapdos
|-heal|p1a: Zapdos|72/100|[silent]
|upkeep
|turn|7
|
|t:|1728576974
|switch|p1a: Swampert|Swampert, M|100/100
|-damage|p1a: Swampert|88/100|[from] Spikes
|switch|p2a: Wyrm|Steelix, M|100/100
|
|-weather|Sandstorm|[upkeep]
|-heal|p1a: Swampert|94/100|[from] item: Leftovers
|upkeep
|turn|8
|
|t:|1728576996
|switch|p2a: Razor|Skarmory, F|82/100
|move|p1a: Swampert|Substitute|p1a: Swampert
|-start|p1a: Swampert|Substitute
|-damage|p1a: Swampert|69/100
|
|-weather|Sandstorm|[upkeep]
|-heal|p1a: Swampert|76/100|[from] item: Leftovers
|-heal|p2a: Razor|88/100|[from] item: Leftovers
|upkeep
|turn|9
|
|t:|1728577000
|move|p1a: Swampert|Hydro Pump|p2a: Razor|[miss]
|-miss|p1a: Swampert|p2a: Razor
|move|p2a: Razor|Spikes|p1a: Swampert
|-sidestart|p1: rezzo64|Spikes
|
|-weather|Sandstorm|[upkeep]
|-heal|p1a: Swampert|82/100|[from] item: Leftovers
|-heal|p2a: Razor|94/100|[from] item: Leftovers
|upkeep
|turn|10
|
|t:|1728577008
|move|p2a: Razor|Protect|p2a: Razor
|-singleturn|p2a: Razor|Protect
|move|p1a: Swampert|Hydro Pump|p2a: Razor
|-activate|p2a: Razor|Protect
|
|-weather|Sandstorm|[upkeep]
|-heal|p1a: Swampert|88/100|[from] item: Leftovers
|-heal|p2a: Razor|99/100|[from] item: Leftovers
|upkeep
|turn|11
|
|t:|1728577013
|move|p1a: Swampert|Hydro Pump|p2a: Razor
|-damage|p2a: Razor|57/100
|move|p2a: Razor|Spikes|p1a: Swampert
|-sidestart|p1: rezzo64|Spikes
|
|-weather|Sandstorm|[upkeep]
|-heal|p1a: Swampert|94/100|[from] item: Leftovers
|-heal|p2a: Razor|63/100|[from] item: Leftovers
|upkeep
|turn|12
|
|t:|1728577018
|move|p2a: Razor|Protect|p2a: Razor
|-singleturn|p2a: Razor|Protect
|move|p1a: Swampert|Hydro Pump|p2a: Razor
|-activate|p2a: Razor|Protect
|
|-weather|Sandstorm|[upkeep]
|-heal|p1a: Swampert|99/100|[from] item: Leftovers
|-heal|p2a: Razor|69/100|[from] item: Leftovers
|upkeep
|turn|13
|
|t:|1728577021
|move|p1a: Swampert|Hydro Pump|p2a: Razor
|-damage|p2a: Razor|23/100
|move|p2a: Razor|Roar|p1a: Swampert
|drag|p1a: Tyranitar|Tyranitar, F|100/100
|-damage|p1a: Tyranitar|76/100|[from] Spikes
|
|-weather|Sandstorm|[upkeep]
|-heal|p2a: Razor|29/100|[from] item: Leftovers
|-heal|p1a: Tyranitar|82/100|[from] item: Leftovers
|upkeep
|turn|14
|
|t:|1728577032
|switch|p2a: Aurora|Suicune|60/100
|move|p1a: Tyranitar|Rock Slide|p2a: Aurora
|-damage|p2a: Aurora|31/100
|
|-weather|Sandstorm|[upkeep]
|-damage|p2a: Aurora|25/100|[from] Sandstorm
|-heal|p2a: Aurora|31/100|[from] item: Leftovers
|-heal|p1a: Tyranitar|88/100|[from] item: Leftovers
|upkeep
|turn|15
|
|t:|1728577051
|move|p2a: Aurora|Surf|p1a: Tyranitar
|-supereffective|p1a: Tyranitar
|-damage|p1a: Tyranitar|18/100
|move|p1a: Tyranitar|Rock Slide|p2a: Aurora
|-damage|p2a: Aurora|0 fnt
|faint|p2a: Aurora
|
|t:|1728577062
|switch|p2a: Rocks Fall|Aerodactyl, F|100/100
|
|-weather|Sandstorm|[upkeep]
|-heal|p1a: Tyranitar|24/100|[from] item: Leftovers
|upkeep
|turn|16
|
|t:|1728577068
|move|p2a: Rocks Fall|Earthquake|p1a: Tyranitar
|-supereffective|p1a: Tyranitar
|-damage|p1a: Tyranitar|0 fnt
|faint|p1a: Tyranitar
|
|t:|1728577094
|switch|p1a: Swampert|Swampert, M|99/100
|-damage|p1a: Swampert|75/100|[from] Spikes
|
|-weather|Sandstorm|[upkeep]
|-heal|p1a: Swampert|81/100|[from] item: Leftovers
|upkeep
|turn|17
|
|t:|1728577117
|switch|p2a: Deadbolt|Magneton|100/100
|move|p1a: Swampert|Ice Beam|p2a: Deadbolt
|-resisted|p2a: Deadbolt
|-damage|p2a: Deadbolt|80/100
|
|-weather|Sandstorm|[upkeep]
|-heal|p1a: Swampert|88/100|[from] item: Leftovers
|upkeep
|turn|18
|
|t:|1728577129
|move|p1a: Swampert|Substitute|p1a: Swampert
|-start|p1a: Swampert|Substitute
|-damage|p1a: Swampert|63/100
|move|p2a: Deadbolt|Toxic||[still]
|-fail|p2a: Deadbolt
|
|-weather|Sandstorm|[upkeep]
|-heal|p1a: Swampert|69/100|[from] item: Leftovers
|upkeep
|turn|19
|
|t:|1728577135
|move|p2a: Deadbolt|Protect|p2a: Deadbolt
|-singleturn|p2a: Deadbolt|Protect
|move|p1a: Swampert|Ice Beam|p2a: Deadbolt
|-activate|p2a: Deadbolt|Protect
|
|-weather|Sandstorm|[upkeep]
|-heal|p1a: Swampert|75/100|[from] item: Leftovers
|upkeep
|turn|20
|
|t:|1728577144
|switch|p2a: Razor|Skarmory, F|29/100
|move|p1a: Swampert|Ice Beam|p2a: Razor
|-damage|p2a: Razor|6/100
|
|-weather|Sandstorm|[upkeep]
|-heal|p1a: Swampert|81/100|[from] item: Leftovers
|-heal|p2a: Razor|12/100|[from] item: Leftovers
|upkeep
|turn|21
|
|t:|1728577152
|move|p2a: Razor|Protect|p2a: Razor
|-singleturn|p2a: Razor|Protect
|move|p1a: Swampert|Substitute|p1a: Swampert
|-fail|p1a: Swampert|move: Substitute
|
|-weather|Sandstorm|[upkeep]
|-heal|p1a: Swampert|87/100|[from] item: Leftovers
|-heal|p2a: Razor|18/100|[from] item: Leftovers
|upkeep
|turn|22
|inactive|Count Sliggoo II disconnected and has 300 seconds to reconnect!
|player|p2|
|inactive|Count Sliggoo II reconnected and has 280 seconds left.
|player|p2|Count Sliggoo II|266|
|
|t:|1728577185
|switch|p2a: Deadbolt|Magneton|80/100
|move|p1a: Swampert|Substitute|p1a: Swampert
|-fail|p1a: Swampert|move: Substitute
|
|-weather|Sandstorm|[upkeep]
|-heal|p1a: Swampert|93/100|[from] item: Leftovers
|upkeep
|turn|23
|
|t:|1728577190
|move|p2a: Deadbolt|Protect|p2a: Deadbolt
|-singleturn|p2a: Deadbolt|Protect
|move|p1a: Swampert|Ice Beam|p2a: Deadbolt
|-activate|p2a: Deadbolt|Protect
|
|-weather|Sandstorm|[upkeep]
|-heal|p1a: Swampert|99/100|[from] item: Leftovers
|upkeep
|turn|24
|
|t:|1728577193
|move|p1a: Swampert|Ice Beam|p2a: Deadbolt
|-resisted|p2a: Deadbolt
|-crit|p2a: Deadbolt
|-damage|p2a: Deadbolt|33/100
|move|p2a: Deadbolt|Hidden Power|p1a: Swampert
|-resisted|p1a: Swampert
|-activate|p1a: Swampert|Substitute|[damage]
|
|-weather|Sandstorm|[upkeep]
|-heal|p1a: Swampert|100/100|[from] item: Leftovers
|upkeep
|turn|25
|
|t:|1728577199
|move|p2a: Deadbolt|Protect|p2a: Deadbolt
|-singleturn|p2a: Deadbolt|Protect
|move|p1a: Swampert|Ice Beam|p2a: Deadbolt
|-activate|p2a: Deadbolt|Protect
|
|-weather|Sandstorm|[upkeep]
|upkeep
|turn|26
|
|t:|1728577203
|switch|p2a: Wyrm|Steelix, M|100/100
|move|p1a: Swampert|Ice Beam|p2a: Wyrm
|-damage|p2a: Wyrm|74/100
|
|-weather|Sandstorm|[upkeep]
|-heal|p2a: Wyrm|80/100|[from] item: Leftovers
|upkeep
|turn|27
|
|t:|1728577209
|switch|p2a: Deadbolt|Magneton|33/100
|move|p1a: Swampert|Hydro Pump|p2a: Deadbolt
|-damage|p2a: Deadbolt|0 fnt
|faint|p2a: Deadbolt
|
|t:|1728577212
|switch|p2a: Razor|Skarmory, F|18/100
|
|-weather|Sandstorm|[upkeep]
|-heal|p2a: Razor|24/100|[from] item: Leftovers
|upkeep
|turn|28
|
|t:|1728577221
|switch|p1a: Zapdos|Zapdos|72/100
|move|p2a: Razor|Protect||[still]
|-fail|p2a: Razor
|
|-weather|Sandstorm|[upkeep]
|-damage|p1a: Zapdos|66/100|[from] Sandstorm
|-heal|p1a: Zapdos|72/100|[from] item: Leftovers
|-heal|p2a: Razor|30/100|[from] item: Leftovers
|upkeep
|turn|29
|
|t:|1728577235
|move|p2a: Razor|Protect|p2a: Razor
|-singleturn|p2a: Razor|Protect
|move|p1a: Zapdos|Hidden Power|p2a: Razor
|-activate|p2a: Razor|Protect
|
|-weather|Sandstorm|[upkeep]
|-damage|p1a: Zapdos|66/100|[from] Sandstorm
|-heal|p1a: Zapdos|72/100|[from] item: Leftovers
|-heal|p2a: Razor|36/100|[from] item: Leftovers
|upkeep
|turn|30
|
|t:|1728577238
|switch|p2a: Wyrm|Steelix, M|80/100
|move|p1a: Zapdos|Hidden Power|p2a: Wyrm
|-damage|p2a: Wyrm|50/100
|
|-weather|Sandstorm|[upkeep]
|-damage|p1a: Zapdos|66/100|[from] Sandstorm
|-heal|p1a: Zapdos|72/100|[from] item: Leftovers
|-heal|p2a: Wyrm|56/100|[from] item: Leftovers
|upkeep
|turn|31
|
|t:|1728577244
|move|p1a: Zapdos|Hidden Power|p2a: Wyrm
|-damage|p2a: Wyrm|28/100
|move|p2a: Wyrm|Hidden Power|p1a: Zapdos
|-supereffective|p1a: Zapdos
|-damage|p1a: Zapdos|38/100
|
|-weather|Sandstorm|[upkeep]
|-damage|p1a: Zapdos|32/100|[from] Sandstorm
|-heal|p1a: Zapdos|38/100|[from] item: Leftovers
|-heal|p2a: Wyrm|34/100|[from] item: Leftovers
|upkeep
|turn|32
|
|t:|1728577265
|move|p1a: Zapdos|Hidden Power|p2a: Wyrm
|-damage|p2a: Wyrm|7/100
|move|p2a: Wyrm|Explosion|p1a: Zapdos
|-damage|p1a: Zapdos|0 fnt
|faint|p2a: Wyrm
|faint|p1a: Zapdos
|
|t:|1728577288
|switch|p1a: Dugtrio|Dugtrio, F|100/100
|switch|p2a: Razor|Skarmory, F|36/100
|-damage|p1a: Dugtrio|75/100|[from] Spikes
|
|-weather|Sandstorm|[upkeep]
|-heal|p2a: Razor|42/100|[from] item: Leftovers
|upkeep
|turn|33
|
|t:|1728577307
|switch|p1a: Celebi|Celebi|100/100
|-damage|p1a: Celebi|75/100|[from] Spikes
|move|p2a: Razor|Toxic|p1a: Celebi
|-status|p1a: Celebi|tox
|
|-weather|Sandstorm|[upkeep]
|-damage|p1a: Celebi|69/100 tox|[from] Sandstorm
|-heal|p1a: Celebi|75/100 tox|[from] item: Leftovers
|-damage|p1a: Celebi|69/100 tox|[from] psn
|-heal|p2a: Razor|48/100|[from] item: Leftovers
|upkeep
|turn|34
|
|t:|1728577314
|move|p2a: Razor|Protect|p2a: Razor
|-singleturn|p2a: Razor|Protect
|move|p1a: Celebi|Leech Seed|p2a: Razor
|-activate|p2a: Razor|Protect
|
|-weather|Sandstorm|[upkeep]
|-damage|p1a: Celebi|63/100 tox|[from] Sandstorm
|-heal|p1a: Celebi|69/100 tox|[from] item: Leftovers
|-damage|p1a: Celebi|57/100 tox|[from] psn
|-heal|p2a: Razor|54/100|[from] item: Leftovers
|upkeep
|turn|35
|
|t:|1728577319
|switch|p2a: Despot|Tyranitar, M, shiny|100/100
|move|p1a: Celebi|Leech Seed|p2a: Despot|[miss]
|-miss|p1a: Celebi|p2a: Despot
|
|-weather|Sandstorm|[upkeep]
|-damage|p1a: Celebi|51/100 tox|[from] Sandstorm
|-heal|p1a: Celebi|57/100 tox|[from] item: Leftovers
|-damage|p1a: Celebi|38/100 tox|[from] psn
|upkeep
|turn|36
|
|t:|1728577330
|move|p1a: Celebi|Giga Drain|p2a: Despot
|-supereffective|p2a: Despot
|-damage|p2a: Despot|63/100
|-heal|p1a: Celebi|57/100 tox|[from] drain|[of] p2a: Despot
|move|p2a: Despot|Ice Beam|p1a: Celebi
|-supereffective|p1a: Celebi
|-damage|p1a: Celebi|17/100 tox
|
|-weather|Sandstorm|[upkeep]
|-damage|p1a: Celebi|11/100 tox|[from] Sandstorm
|-heal|p1a: Celebi|17/100 tox|[from] item: Leftovers
|-damage|p1a: Celebi|0 fnt|[from] psn
|faint|p1a: Celebi
|-heal|p2a: Despot|70/100|[from] item: Leftovers
|upkeep
|
|t:|1728577337
|switch|p1a: Dugtrio|Dugtrio, F|75/100
|-damage|p1a: Dugtrio|50/100|[from] Spikes
|turn|37
|
|t:|1728577339
|move|p1a: Dugtrio|Earthquake|p2a: Despot
|-supereffective|p2a: Despot
|-damage|p2a: Despot|0 fnt
|faint|p2a: Despot
|
|t:|1728577342
|switch|p2a: Razor|Skarmory, F|54/100
|
|-weather|Sandstorm|[upkeep]
|-heal|p2a: Razor|60/100|[from] item: Leftovers
|upkeep
|turn|38
|
|t:|1728577350
|move|p1a: Dugtrio|Earthquake|p2a: Razor
|-immune|p2a: Razor
|move|p2a: Razor|Toxic|p1a: Dugtrio
|-status|p1a: Dugtrio|tox
|
|-weather|Sandstorm|[upkeep]
|-damage|p1a: Dugtrio|44/100 tox|[from] psn
|-heal|p2a: Razor|66/100|[from] item: Leftovers
|upkeep
|turn|39
|
|t:|1728577351
|move|p1a: Dugtrio|Earthquake|p2a: Razor
|-immune|p2a: Razor
|move|p2a: Razor|Toxic|p1a: Dugtrio
|-fail|p1a: Dugtrio|tox
|
|-weather|Sandstorm|[upkeep]
|-damage|p1a: Dugtrio|32/100 tox|[from] psn
|-heal|p2a: Razor|72/100|[from] item: Leftovers
|upkeep
|turn|40
|
|t:|1728577354
|move|p1a: Dugtrio|Earthquake|p2a: Razor
|-immune|p2a: Razor
|move|p2a: Razor|Toxic|p1a: Dugtrio
|-fail|p1a: Dugtrio|tox
|
|-weather|Sandstorm|[upkeep]
|-damage|p1a: Dugtrio|14/100 tox|[from] psn
|-heal|p2a: Razor|78/100|[from] item: Leftovers
|upkeep
|turn|41
|
|t:|1728577356
|move|p1a: Dugtrio|Earthquake|p2a: Razor
|-immune|p2a: Razor
|move|p2a: Razor|Toxic|p1a: Dugtrio
|-fail|p1a: Dugtrio|tox
|
|-weather|Sandstorm|[upkeep]
|-damage|p1a: Dugtrio|0 fnt|[from] psn
|faint|p1a: Dugtrio
|-heal|p2a: Razor|84/100|[from] item: Leftovers
|upkeep
|
|t:|1728577358
|switch|p1a: Kingdra|Kingdra, F|100/100
|-damage|p1a: Kingdra|76/100|[from] Spikes
|turn|42
|
|t:|1728577366
|move|p1a: Kingdra|Rain Dance|p1a: Kingdra
|-weather|RainDance
|move|p2a: Razor|Toxic|p1a: Kingdra
|-status|p1a: Kingdra|tox
|-enditem|p1a: Kingdra|Lum Berry|[eat]
|-curestatus|p1a: Kingdra|tox|[msg]
|
|-weather|RainDance|[upkeep]
|-heal|p2a: Razor|90/100|[from] item: Leftovers
|upkeep
|turn|43
|
|t:|1728577372
|move|p2a: Razor|Protect|p2a: Razor
|-singleturn|p2a: Razor|Protect
|move|p1a: Kingdra|Hydro Pump|p2a: Razor
|-activate|p2a: Razor|Protect
|
|-weather|RainDance|[upkeep]
|-heal|p2a: Razor|96/100|[from] item: Leftovers
|upkeep
|turn|44
|
|t:|1728577375
|move|p1a: Kingdra|Hydro Pump|p2a: Razor|[miss]
|-miss|p1a: Kingdra|p2a: Razor
|move|p2a: Razor|Toxic|p1a: Kingdra|[miss]
|-miss|p2a: Razor|p1a: Kingdra
|
|-weather|RainDance|[upkeep]
|-heal|p2a: Razor|100/100|[from] item: Leftovers
|upkeep
|turn|45
|
|t:|1728577381
|move|p2a: Razor|Protect|p2a: Razor
|-singleturn|p2a: Razor|Protect
|move|p1a: Kingdra|Surf|p2a: Razor
|-activate|p2a: Razor|Protect
|
|-weather|RainDance|[upkeep]
|upkeep
|turn|46
|inactive|rezzo64 has 270 seconds left.
|
|t:|1728577433
|move|p1a: Kingdra|Hydro Pump|p2a: Razor
|-damage|p2a: Razor|29/100
|move|p2a: Razor|Roar|p1a: Kingdra
|drag|p1a: Swampert|Swampert, M|100/100
|-damage|p1a: Swampert|76/100|[from] Spikes
|
|-weather|none
|-heal|p1a: Swampert|82/100|[from] item: Leftovers
|-heal|p2a: Razor|35/100|[from] item: Leftovers
|upkeep
|turn|47
|
|t:|1728577446
|move|p2a: Razor|Protect|p2a: Razor
|-singleturn|p2a: Razor|Protect
|move|p1a: Swampert|Substitute|p1a: Swampert
|-start|p1a: Swampert|Substitute
|-damage|p1a: Swampert|57/100
|
|-heal|p1a: Swampert|63/100|[from] item: Leftovers
|-heal|p2a: Razor|41/100|[from] item: Leftovers
|upkeep
|turn|48
|
|t:|1728577452
|move|p1a: Swampert|Ice Beam|p2a: Razor
|-damage|p2a: Razor|16/100
|move|p2a: Razor|Roar|p1a: Swampert
|drag|p1a: Kingdra|Kingdra, F|76/100
|-damage|p1a: Kingdra|51/100|[from] Spikes
|
|-heal|p2a: Razor|22/100|[from] item: Leftovers
|upkeep
|turn|49
|inactive|rezzo64 has 270 seconds left.
|
|t:|1728577461
|move|p1a: Kingdra|Rain Dance|p1a: Kingdra
|-weather|RainDance
|move|p2a: Razor|Toxic|p1a: Kingdra
|-status|p1a: Kingdra|tox
|
|-weather|RainDance|[upkeep]
|-damage|p1a: Kingdra|45/100 tox|[from] psn
|-heal|p2a: Razor|28/100|[from] item: Leftovers
|upkeep
|turn|50
|
|t:|1728577464
|move|p2a: Razor|Protect|p2a: Razor
|-singleturn|p2a: Razor|Protect
|move|p1a: Kingdra|Surf|p2a: Razor
|-activate|p2a: Razor|Protect
|
|-weather|RainDance|[upkeep]
|-damage|p1a: Kingdra|32/100 tox|[from] psn
|-heal|p2a: Razor|34/100|[from] item: Leftovers
|upkeep
|turn|51
|
|t:|1728577470
|move|p2a: Razor|Protect||[still]
|-fail|p2a: Razor
|move|p1a: Kingdra|Surf|p2a: Razor
|-damage|p2a: Razor|0 fnt
|faint|p2a: Razor
|
|t:|1728577472
|switch|p2a: Rocks Fall|Aerodactyl, F|100/100
|
|-weather|RainDance|[upkeep]
|-damage|p1a: Kingdra|13/100 tox|[from] psn
|upkeep
|turn|52
|
|t:|1728577474
|move|p1a: Kingdra|Surf|p2a: Rocks Fall
|-supereffective|p2a: Rocks Fall
|-damage|p2a: Rocks Fall|0 fnt
|faint|p2a: Rocks Fall
|
|win|rezzo64
|c|☆Count Sliggoo II|Gg.
|c|☆rezzo64|gg
|player|p2|

</script>
<script type="application/json" class="data" id="replaydata-smogtours-gen3ou-796910">
{"id":"smogtours-gen3ou-796910","format":"[Gen 3] OU","players":["rezzo64","Count Sliggoo II"],"uploadtime":1728577474,"views":96,"formatid":"gen3ou","rating":null,"private":0,"password":null}
</script>

<script defer src="js/replays.js?9d40a366"></script>
