<!DOCTYPE html>
<meta charset="utf-8" />
<meta name="viewport" content="width=device-width" />

<title>[Gen 3] OU: tub69 vs. RBVengeance - Replays - Pok&eacute;mon Showdown!</title>

<meta name="description" content="Watch a replay of a Pok&eacute;mon battle between tub69 and RBVengeance! Format: [Gen 3] OU; Date: Oct 8, 2024" />
<!--

Hey, you! Looking in the source for the replay log?

You can find them in JSON format, just add `.json` at the end of a replay URL.

https://replay.pokemonshowdown.com/gen7randomdoublesbattle-865046831.json

Or, if you only need the log itself, add `.log` instead:

https://replay.pokemonshowdown.com/gen7randomdoublesbattle-865046831.log

-->

<link rel="stylesheet" href="//pokemonshowdown.com/style/global.css?0.023195364461161105" />
<link rel="stylesheet" href="//play.pokemonshowdown.com/style/font-awesome.css?0.13261647063804238" />
<link rel="stylesheet" href="//play.pokemonshowdown.com/style/battle.css?0.8753245789963631" />
<link rel="stylesheet" href="//play.pokemonshowdown.com/style/utilichart.css?0.8627959624976733" />

<!-- Global site tag (gtag.js) - Google Analytics -->
<script async src="https://www.googletagmanager.com/gtag/js?id=UA-26211653-1"></script>
<script>
  window.dataLayer = window.dataLayer || [];
  function gtag(){dataLayer.push(arguments);}
  gtag('js', new Date());

  gtag('config', 'UA-26211653-1');
</script>
<!-- End Google Analytics -->
<!-- Venatus Ad Manager - Install in <HEAD> of page -->
	<script src="https://hb.vntsm.com/v3/live/ad-manager.min.js" type="text/javascript" data-site-id="642aba63ec9a7b11c3c9c1be" data-mode="scan" async></script>
<!-- / Venatus Ad Manager -->

<style>
	@media (max-width:820px) {
		.battle {
			margin: 0 auto;
		}
		.battle-log {
			margin: 7px auto 0;
			max-width: 640px;
			height: 300px;
			position: static;
		}
	}
	.optgroup {
		display: inline-block;
		line-height: 22px;
		font-size: 10pt;
	}
	.optgroup .button {
		height: 25px;
		padding-top: 0;
		padding-bottom: 0;
	}
	.optgroup button.button {
		padding-left: 12px;
		padding-right: 12px;
	}
	.linklist {
		list-style: none;
		margin: 0.5em 0;
		padding: 0;
	}
	.linklist li {
		padding: 2px 0;
	}
	.sidebar {
		float: left;
		width: 320px;
	}
	.bar-wrapper {
		max-width: 1100px;
		margin: 0 auto;
	}
	.bar-wrapper.has-sidebar {
		max-width: 1430px;
	}
	.mainbar {
		margin: 0;
		padding-right: 1px;
	}
	.mainbar.has-sidebar {
		margin-left: 330px;
	}
	@media (min-width: 1511px) {
		.sidebar {
			width: 400px;
		}
		.bar-wrapper.has-sidebar {
			max-width: 1510px;
		}
		.mainbar.has-sidebar {
			margin-left: 410px;
		}
	}
	.section.first-section {
		margin-top: 9px;
	}
	.blocklink small {
		white-space: normal;
	}
	.button {
		vertical-align: middle;
	}
	.replay-controls {
		padding-top: 10px;
	}
	.replay-controls h1 {
		font-size: 16pt;
		font-weight: normal;
		color: #CCC;
	}
	.pagelink {
		text-align: center;
	}
	.pagelink a {
		width: 150px;
	}
	.textbox, .button {
		font-size: 11pt;
		vertical-align: middle;
	}
	@media (max-width: 450px) {
		.button {
			font-size: 9pt;
		}
	}
</style>

<div>

	<header>
		<div class="nav-wrapper"><ul class="nav">
			<li><a class="button nav-first" href="//pokemonshowdown.com/"><img src="//pokemonshowdown.com/images/pokemonshowdownbeta.png" srcset="//pokemonshowdown.com/images/pokemonshowdownbeta.png 1x, //pokemonshowdown.com/images/pokemonshowdownbeta@2x.png 2x" alt="Pok&eacute;mon Showdown" width="146" height="44" /> Home</a></li>
			<li><a class="button" href="//pokemonshowdown.com/dex/">Pok&eacute;dex</a></li>
			<li><a class="button cur" href="/">Replays</a></li>
			<li><a class="button" href="//pokemonshowdown.com/ladder/">Ladder</a></li>
			<li><a class="button nav-last" href="//pokemonshowdown.com/forums/">Forum</a></li>
			<li><a class="button greenbutton nav-first nav-last" href="//play.pokemonshowdown.com/">Play</a></li>
		</ul></div>
	</header>

	<div class="main" id="main">

		<noscript><section class="section">You need to enable JavaScript to use this page; sorry!</section></noscript>

	</div>

</div>

<script defer nomodule src="//play.pokemonshowdown.com/js/lib/ps-polyfill.js"></script>
<script defer src="//play.pokemonshowdown.com/js/lib/preact.min.js"></script>

<script defer src="//play.pokemonshowdown.com/config/config.js?2bddbc15"></script>
<script defer src="//play.pokemonshowdown.com/js/lib/jquery-1.11.0.min.js"></script>
<script defer src="//play.pokemonshowdown.com/js/lib/html-sanitizer-minified.js"></script>
<script defer src="//play.pokemonshowdown.com/js/battle-sound.js"></script>
<script defer src="//play.pokemonshowdown.com/js/battledata.js?0.7209276989879541"></script>
<script defer src="//play.pokemonshowdown.com/data/pokedex-mini.js?0.6111056340867951"></script>
<script defer src="//play.pokemonshowdown.com/data/pokedex-mini-bw.js?0.3532142036491459"></script>
<script defer src="//play.pokemonshowdown.com/data/graphics.js?0.24223875632456182"></script>
<script defer src="//play.pokemonshowdown.com/data/pokedex.js?0.38839984266356864"></script>
<script defer src="//play.pokemonshowdown.com/data/moves.js?0.21866028504024015"></script>
<script defer src="//play.pokemonshowdown.com/data/abilities.js?0.2005157953846628"></script>
<script defer src="//play.pokemonshowdown.com/data/items.js?0.9894211263848525"></script>
<script defer src="//play.pokemonshowdown.com/data/teambuilder-tables.js?0.6008791140282215"></script>
<script defer src="//play.pokemonshowdown.com/js/battle-tooltips.js?0.7580118955022959"></script>
<script defer src="//play.pokemonshowdown.com/js/battle.js?0.6057722274234274"></script>

<script defer src="js/utils.js?e31f9a17"></script>
<script defer src="js/replays-battle.js?7008c182"></script>

<!-- don't scrape this data! just add .json or .log after the URL!
Full API docs: https://github.com/smogon/pokemon-showdown-client/blob/master/WEB-API.md -->
<script type="text/plain" class="log" id="replaylog-smogtours-gen3ou-796489">
|inactive|Battle timer is ON: inactive players will automatically lose when time's up.
|t:|1728420985
|gametype|singles
|player|p1|tub69|169|
|player|p2|RBVengeance|leaf-masters2|
|teamsize|p1|6
|teamsize|p2|6
|gen|3
|tier|[Gen 3] OU
|rule|Sleep Clause Mod: Limit one foe put to sleep
|rule|Switch Priority Clause Mod: Faster Pokémon switch first
|rule|Species Clause: Limit one of each Pokémon
|rule|OHKO Clause: OHKO moves are banned
|rule|Evasion Items Clause: Evasion items are banned
|rule|Evasion Moves Clause: Evasion moves are banned
|rule|Endless Battle Clause: Forcing endless battles is banned
|rule|HP Percentage Mod: HP is shown in percentages
|rule|One Boost Passer Clause: Limit one Baton Passer that has a way to boost its stats
|rule|Freeze Clause Mod: Limit one foe frozen
|
|t:|1728420985
|start
|switch|p1a: Venusaur|Venusaur, M|100/100
|switch|p2a: Ciniks|Metagross|100/100
|turn|1
|
|t:|1728420993
|move|p1a: Venusaur|Sleep Powder|p2a: Ciniks
|-status|p2a: Ciniks|slp|[from] move: Sleep Powder
|cant|p2a: Ciniks|slp
|
|upkeep
|turn|2
|
|t:|1728420998
|switch|p1a: Zapdos|Zapdos|100/100
|cant|p2a: Ciniks|slp
|
|upkeep
|turn|3
|
|t:|1728421002
|move|p1a: Zapdos|Thunderbolt|p2a: Ciniks
|-damage|p2a: Ciniks|56/100 slp
|-curestatus|p2a: Ciniks|slp|[msg]
|move|p2a: Ciniks|Rock Slide|p1a: Zapdos
|-supereffective|p1a: Zapdos
|-damage|p1a: Zapdos|17/100
|
|-heal|p1a: Zapdos|23/100|[from] item: Leftovers
|upkeep
|turn|4
|inactive|tub69 has 270 seconds left.
|inactive|tub69 has 240 seconds left.
|
|t:|1728421082
|switch|p1a: Snorlax|Snorlax, F|100/100
|move|p2a: Ciniks|Rock Slide|p1a: Snorlax
|-damage|p1a: Snorlax|64/100
|
|-heal|p1a: Snorlax|71/100|[from] item: Leftovers
|upkeep
|turn|5
|
|t:|1728421091
|switch|p2a: Georgia|Skarmory, M|100/100
|move|p1a: Snorlax|Curse|p1a: Snorlax
|-unboost|p1a: Snorlax|spe|1
|-boost|p1a: Snorlax|atk|1
|-boost|p1a: Snorlax|def|1
|
|-heal|p1a: Snorlax|77/100|[from] item: Leftovers
|upkeep
|turn|6
|
|t:|1728421100
|switch|p1a: Zapdos|Zapdos|23/100
|move|p2a: Georgia|Roar|p1a: Zapdos
|drag|p1a: Snorlax|Snorlax, F|77/100
|
|-heal|p1a: Snorlax|83/100|[from] item: Leftovers
|upkeep
|turn|7
|inactive|tub69 has 240 seconds left.
|
|t:|1728421121
|switch|p1a: Zapdos|Zapdos|23/100
|move|p2a: Georgia|Spikes|p1a: Zapdos
|-sidestart|p1: tub69|Spikes
|
|-heal|p1a: Zapdos|29/100|[from] item: Leftovers
|upkeep
|turn|8
|
|t:|1728421132
|switch|p2a: DougDougDoug|Dugtrio, M|100/100
|move|p1a: Zapdos|Thunderbolt|p2a: DougDougDoug
|-immune|p2a: DougDougDoug
|
|-heal|p1a: Zapdos|35/100|[from] item: Leftovers
|upkeep
|turn|9
|inactive|tub69 has 240 seconds left.
|
|t:|1728421152
|switch|p1a: Suicune|Suicune|100/100
|-damage|p1a: Suicune|88/100|[from] Spikes
|move|p2a: DougDougDoug|Rock Slide|p1a: Suicune
|-damage|p1a: Suicune|67/100
|
|-heal|p1a: Suicune|73/100|[from] item: Leftovers
|upkeep
|turn|10
|
|t:|1728421172
|switch|p2a: Ciniks|Metagross|56/100
|move|p1a: Suicune|Substitute|p1a: Suicune
|-start|p1a: Suicune|Substitute
|-damage|p1a: Suicune|48/100
|
|-heal|p1a: Suicune|54/100|[from] item: Leftovers
|upkeep
|turn|11
|
|t:|1728421178
|move|p1a: Suicune|Surf|p2a: Ciniks
|-damage|p2a: Ciniks|15/100
|move|p2a: Ciniks|Meteor Mash|p1a: Suicune
|-resisted|p1a: Suicune
|-end|p1a: Suicune|Substitute
|
|-heal|p1a: Suicune|60/100|[from] item: Leftovers
|upkeep
|turn|12
|inactive|RBVengeance has 270 seconds left.
|inactive|tub69 has 240 seconds left.
|inactive|RBVengeance has 240 seconds left.
|
|t:|1728421245
|move|p1a: Suicune|Substitute|p1a: Suicune
|-start|p1a: Suicune|Substitute
|-damage|p1a: Suicune|35/100
|move|p2a: Ciniks|Meteor Mash|p1a: Suicune|[miss]
|-miss|p2a: Ciniks|p1a: Suicune
|
|-heal|p1a: Suicune|42/100|[from] item: Leftovers
|upkeep
|turn|13
|
|t:|1728421252
|move|p1a: Suicune|Surf|p2a: Ciniks
|-damage|p2a: Ciniks|0 fnt
|faint|p2a: Ciniks
|
|t:|1728421255
|switch|p2a: Georgia|Skarmory, M|100/100
|
|-heal|p1a: Suicune|48/100|[from] item: Leftovers
|upkeep
|turn|14
|
|t:|1728421260
|move|p1a: Suicune|Surf|p2a: Georgia
|-damage|p2a: Georgia|52/100
|move|p2a: Georgia|Roar|p1a: Suicune
|drag|p1a: Venusaur|Venusaur, M|100/100
|-damage|p1a: Venusaur|88/100|[from] Spikes
|
|-heal|p1a: Venusaur|94/100|[from] item: Leftovers
|-heal|p2a: Georgia|58/100|[from] item: Leftovers
|upkeep
|turn|15
|
|t:|1728421271
|move|p1a: Venusaur|Sleep Powder|p2a: Georgia|[miss]
|-miss|p1a: Venusaur|p2a: Georgia
|move|p2a: Georgia|Spikes|p1a: Venusaur
|-sidestart|p1: tub69|Spikes
|
|-heal|p1a: Venusaur|99/100|[from] item: Leftovers
|-heal|p2a: Georgia|64/100|[from] item: Leftovers
|upkeep
|turn|16
|inactive|tub69 has 270 seconds left.
|
|t:|1728421278
|move|p1a: Venusaur|Sleep Powder|p2a: Georgia|[miss]
|-miss|p1a: Venusaur|p2a: Georgia
|move|p2a: Georgia|Spikes|p1a: Venusaur
|-sidestart|p1: tub69|Spikes
|
|-heal|p1a: Venusaur|100/100|[from] item: Leftovers
|-heal|p2a: Georgia|70/100|[from] item: Leftovers
|upkeep
|turn|17
|
|t:|1728421292
|move|p2a: Georgia|Protect|p2a: Georgia
|-singleturn|p2a: Georgia|Protect
|move|p1a: Venusaur|Sleep Powder|p2a: Georgia|[miss]
|-miss|p1a: Venusaur|p2a: Georgia
|
|-heal|p2a: Georgia|76/100|[from] item: Leftovers
|upkeep
|turn|18
|inactive|RBVengeance has 240 seconds left.
|
|t:|1728421327
|move|p1a: Venusaur|Sleep Powder|p2a: Georgia
|-status|p2a: Georgia|slp|[from] move: Sleep Powder
|cant|p2a: Georgia|slp
|
|-heal|p2a: Georgia|82/100 slp|[from] item: Leftovers
|upkeep
|turn|19
|inactive|RBVengeance has 240 seconds left.
|c|☆tub69|well, venusaur is getting benched for butterfree ill tell ya that
|c|☆RBVengeance|LMAO
|
|t:|1728421339
|switch|p1a: Zapdos|Zapdos|35/100
|switch|p2a: Crystal|Espeon, F|100/100
|
|-heal|p1a: Zapdos|41/100|[from] item: Leftovers
|upkeep
|turn|20
|
|t:|1728421352
|move|p2a: Crystal|Calm Mind|p2a: Crystal
|-boost|p2a: Crystal|spa|1
|-boost|p2a: Crystal|spd|1
|move|p1a: Zapdos|Baton Pass|p1a: Zapdos
|
|t:|1728421354
|switch|p1a: Snorlax|Snorlax, F|83/100|[from] Baton Pass
|-damage|p1a: Snorlax|58/100|[from] Spikes
|
|-heal|p1a: Snorlax|64/100|[from] item: Leftovers
|upkeep
|turn|21
|
|t:|1728421371
|move|p2a: Crystal|Substitute|p2a: Crystal
|-start|p2a: Crystal|Substitute
|-damage|p2a: Crystal|76/100
|move|p1a: Snorlax|Shadow Ball|p2a: Crystal
|-supereffective|p2a: Crystal
|-end|p2a: Crystal|Substitute
|
|-heal|p2a: Crystal|82/100|[from] item: Leftovers
|-heal|p1a: Snorlax|70/100|[from] item: Leftovers
|upkeep
|turn|22
|
|t:|1728421385
|move|p2a: Crystal|Baton Pass|p2a: Crystal
|
|t:|1728421386
|switch|p2a: Ramen|Milotic, F|100/100|[from] Baton Pass
|move|p1a: Snorlax|Shadow Ball|p2a: Ramen
|-damage|p2a: Ramen|77/100
|
|-heal|p1a: Snorlax|76/100|[from] item: Leftovers
|upkeep
|turn|23
|
|t:|1728421398
|move|p2a: Ramen|Surf|p1a: Snorlax
|-damage|p1a: Snorlax|45/100
|move|p1a: Snorlax|Curse|p1a: Snorlax
|-unboost|p1a: Snorlax|spe|1
|-boost|p1a: Snorlax|atk|1
|-boost|p1a: Snorlax|def|1
|
|-heal|p1a: Snorlax|51/100|[from] item: Leftovers
|upkeep
|turn|24
|
|t:|1728421406
|move|p2a: Ramen|Surf|p1a: Snorlax
|-damage|p1a: Snorlax|22/100
|move|p1a: Snorlax|Earthquake|p2a: Ramen
|-damage|p2a: Ramen|29/100
|
|-heal|p1a: Snorlax|28/100|[from] item: Leftovers
|upkeep
|turn|25
|
|t:|1728421427
|move|p2a: Ramen|Recover|p2a: Ramen
|-heal|p2a: Ramen|79/100
|move|p1a: Snorlax|Earthquake|p2a: Ramen
|-damage|p2a: Ramen|32/100
|
|-heal|p1a: Snorlax|34/100|[from] item: Leftovers
|upkeep
|turn|26
|
|t:|1728421442
|move|p2a: Ramen|Recover|p2a: Ramen
|-heal|p2a: Ramen|82/100
|move|p1a: Snorlax|Self-Destruct|p2a: Ramen
|-damage|p2a: Ramen|0 fnt
|faint|p1a: Snorlax
|faint|p2a: Ramen
|inactive|tub69 has 270 seconds left.
|
|t:|1728421501
|switch|p2a: Crystal|Espeon, F|82/100
|switch|p1a: Metagross|Metagross|100/100
|-damage|p1a: Metagross|75/100|[from] Spikes
|
|-heal|p2a: Crystal|88/100|[from] item: Leftovers
|-heal|p1a: Metagross|82/100|[from] item: Leftovers
|upkeep
|turn|27
|
|t:|1728421512
|move|p2a: Crystal|Baton Pass|p2a: Crystal
|
|t:|1728421514
|switch|p2a: Biff Manly|Charizard, M|100/100|[from] Baton Pass
|move|p1a: Metagross|Meteor Mash|p2a: Biff Manly
|-resisted|p2a: Biff Manly
|-damage|p2a: Biff Manly|71/100
|-boost|p1a: Metagross|atk|1
|
|-heal|p1a: Metagross|88/100|[from] item: Leftovers
|upkeep
|turn|28
|inactive|tub69 has 240 seconds left.
|
|t:|1728421559
|move|p2a: Biff Manly|Fire Blast|p1a: Metagross
|-supereffective|p1a: Metagross
|-damage|p1a: Metagross|0 fnt
|faint|p1a: Metagross
|
|t:|1728421571
|switch|p1a: Zapdos|Zapdos|41/100
|
|-heal|p1a: Zapdos|47/100|[from] item: Leftovers
|upkeep
|turn|29
|
|t:|1728421585
|switch|p2a: DougDougDoug|Dugtrio, M|100/100
|move|p1a: Zapdos|Thunderbolt|p2a: DougDougDoug
|-immune|p2a: DougDougDoug
|
|-heal|p1a: Zapdos|53/100|[from] item: Leftovers
|upkeep
|turn|30
|
|t:|1728421599
|switch|p1a: Marowak|Marowak, F|100/100
|-damage|p1a: Marowak|76/100|[from] Spikes
|move|p2a: DougDougDoug|Rock Slide|p1a: Marowak
|-resisted|p1a: Marowak
|-damage|p1a: Marowak|58/100
|
|upkeep
|turn|31
|inactive|tub69 has 210 seconds left.
|
|t:|1728421627
|switch|p2a: Biff Manly|Charizard, M|71/100
|move|p1a: Marowak|Earthquake|p2a: Biff Manly
|-immune|p2a: Biff Manly
|
|upkeep
|turn|32
|
|t:|1728421636
|move|p2a: Biff Manly|Hidden Power|p1a: Marowak
|-supereffective|p1a: Marowak
|-damage|p1a: Marowak|0 fnt
|faint|p1a: Marowak
|
|t:|1728421639
|switch|p1a: Zapdos|Zapdos|53/100
|
|-heal|p1a: Zapdos|59/100|[from] item: Leftovers
|upkeep
|turn|33
|
|t:|1728421645
|switch|p2a: Crystal|Espeon, F|88/100
|move|p1a: Zapdos|Thunderbolt|p2a: Crystal
|-damage|p2a: Crystal|53/100
|
|-heal|p2a: Crystal|59/100|[from] item: Leftovers
|-heal|p1a: Zapdos|65/100|[from] item: Leftovers
|upkeep
|turn|34
|inactive|tub69 has 240 seconds left.
|inactive|RBVengeance has 270 seconds left.
|
|t:|1728421654
|move|p2a: Crystal|Calm Mind|p2a: Crystal
|-boost|p2a: Crystal|spa|1
|-boost|p2a: Crystal|spd|1
|move|p1a: Zapdos|Thunderbolt|p2a: Crystal
|-damage|p2a: Crystal|38/100
|-status|p2a: Crystal|par
|-status|p1a: Zapdos|par|[from] ability: Synchronize|[of] p2a: Crystal
|
|-heal|p2a: Crystal|44/100 par|[from] item: Leftovers
|-heal|p1a: Zapdos|71/100 par|[from] item: Leftovers
|upkeep
|turn|35
|inactive|RBVengeance has 270 seconds left.
|
|t:|1728421671
|move|p2a: Crystal|Baton Pass|p2a: Crystal
|
|t:|1728421673
|switch|p2a: Biff Manly|Charizard, M|71/100|[from] Baton Pass
|move|p1a: Zapdos|Thunderbolt|p2a: Biff Manly
|-supereffective|p2a: Biff Manly
|-damage|p2a: Biff Manly|5/100
|-status|p2a: Biff Manly|par
|
|-enditem|p2a: Biff Manly|Salac Berry|[eat]
|-boost|p2a: Biff Manly|spe|1|[from] item: Salac Berry
|-heal|p1a: Zapdos|77/100 par|[from] item: Leftovers
|upkeep
|turn|36
|inactive|RBVengeance has 270 seconds left.
|
|t:|1728421685
|move|p2a: Biff Manly|Fire Blast|p1a: Zapdos
|-damage|p1a: Zapdos|0 fnt
|faint|p1a: Zapdos
|
|t:|1728421700
|switch|p1a: Suicune|Suicune|48/100
|-damage|p1a: Suicune|23/100|[from] Spikes
|
|-heal|p1a: Suicune|29/100|[from] item: Leftovers
|upkeep
|turn|37
|inactive|RBVengeance has 270 seconds left.
|inactive|RBVengeance has 240 seconds left.
|inactive|tub69 has 240 seconds left.
|
|t:|1728421775
|move|p1a: Suicune|Surf|p2a: Biff Manly
|-supereffective|p2a: Biff Manly
|-damage|p2a: Biff Manly|0 fnt
|faint|p2a: Biff Manly
|inactive|RBVengeance has 210 seconds left.
|
|t:|1728421814
|switch|p2a: Crystal|Espeon, F|44/100 par
|
|-heal|p1a: Suicune|35/100|[from] item: Leftovers
|-heal|p2a: Crystal|50/100 par|[from] item: Leftovers
|upkeep
|turn|38
|
|t:|1728421819
|move|p1a: Suicune|Substitute|p1a: Suicune
|-start|p1a: Suicune|Substitute
|-damage|p1a: Suicune|10/100
|move|p2a: Crystal|Psychic|p1a: Suicune
|-end|p1a: Suicune|Substitute
|
|-heal|p1a: Suicune|16/100|[from] item: Leftovers
|-heal|p2a: Crystal|56/100 par|[from] item: Leftovers
|upkeep
|turn|39
|inactive|RBVengeance has 210 seconds left.
|
|t:|1728421836
|move|p1a: Suicune|Surf|p2a: Crystal
|-damage|p2a: Crystal|24/100 par
|cant|p2a: Crystal|par
|
|-heal|p1a: Suicune|23/100|[from] item: Leftovers
|-heal|p2a: Crystal|31/100 par|[from] item: Leftovers
|upkeep
|turn|40
|inactive|RBVengeance has 210 seconds left.
|
|t:|1728421846
|move|p1a: Suicune|Surf|p2a: Crystal
|-damage|p2a: Crystal|1/100 par
|move|p2a: Crystal|Psychic|p1a: Suicune
|-damage|p1a: Suicune|0 fnt
|faint|p1a: Suicune
|
|t:|1728421849
|switch|p1a: Venusaur|Venusaur, M|100/100
|-damage|p1a: Venusaur|76/100|[from] Spikes
|
|-heal|p1a: Venusaur|82/100|[from] item: Leftovers
|-heal|p2a: Crystal|7/100 par|[from] item: Leftovers
|upkeep
|turn|41
|inactive|RBVengeance has 210 seconds left.
|
|t:|1728421884
|move|p1a: Venusaur|Giga Drain|p2a: Crystal
|-damage|p2a: Crystal|0 fnt
|-heal|p1a: Venusaur|85/100|[from] drain|[of] p2a: Crystal
|faint|p2a: Crystal
|
|t:|1728421901
|switch|p2a: DougDougDoug|Dugtrio, M|100/100
|
|-heal|p1a: Venusaur|91/100|[from] item: Leftovers
|upkeep
|turn|42
|
|t:|1728421908
|move|p2a: DougDougDoug|Earthquake|p1a: Venusaur
|-damage|p1a: Venusaur|16/100
|move|p1a: Venusaur|Giga Drain|p2a: DougDougDoug
|-supereffective|p2a: DougDougDoug
|-damage|p2a: DougDougDoug|0 fnt
|-heal|p1a: Venusaur|51/100|[from] drain|[of] p2a: DougDougDoug
|faint|p2a: DougDougDoug
|c|☆RBVengeance|Gg
|
|t:|1728421918
|switch|p2a: Georgia|Skarmory, M|82/100 slp
|
|-heal|p1a: Venusaur|57/100|[from] item: Leftovers
|-heal|p2a: Georgia|88/100 slp|[from] item: Leftovers
|upkeep
|turn|43
|
|t:|1728421923
|move|p1a: Venusaur|Leech Seed|p2a: Georgia
|-start|p2a: Georgia|move: Leech Seed
|cant|p2a: Georgia|slp
|
|-heal|p1a: Venusaur|63/100|[from] item: Leftovers
|-heal|p2a: Georgia|94/100 slp|[from] item: Leftovers
|-damage|p2a: Georgia|82/100 slp|[from] Leech Seed|[of] p1a: Venusaur
|-heal|p1a: Venusaur|76/100|[silent]
|upkeep
|turn|44
|
|t:|1728421930
|move|p1a: Venusaur|Hidden Power|p2a: Georgia
|-damage|p2a: Georgia|54/100 slp
|cant|p2a: Georgia|slp
|
|-heal|p1a: Venusaur|82/100|[from] item: Leftovers
|-heal|p2a: Georgia|60/100 slp|[from] item: Leftovers
|-damage|p2a: Georgia|48/100 slp|[from] Leech Seed|[of] p1a: Venusaur
|-heal|p1a: Venusaur|96/100|[silent]
|upkeep
|turn|45
|inactive|RBVengeance has 210 seconds left.
|
|t:|1728421939
|move|p1a: Venusaur|Hidden Power|p2a: Georgia
|-damage|p2a: Georgia|20/100 slp
|cant|p2a: Georgia|slp
|
|-heal|p1a: Venusaur|100/100|[from] item: Leftovers
|-heal|p2a: Georgia|26/100 slp|[from] item: Leftovers
|-damage|p2a: Georgia|14/100 slp|[from] Leech Seed|[of] p1a: Venusaur
|upkeep
|turn|46
|c|☆tub69|gg
|
|t:|1728421947
|move|p1a: Venusaur|Hidden Power|p2a: Georgia
|-damage|p2a: Georgia|0 fnt
|faint|p2a: Georgia
|
|win|tub69

</script>
<script type="application/json" class="data" id="replaydata-smogtours-gen3ou-796489">
{"id":"smogtours-gen3ou-796489","format":"[Gen 3] OU","players":["tub69","RBVengeance"],"uploadtime":1728421947,"views":146,"formatid":"gen3ou","rating":null,"private":0,"password":null}
</script>

<script defer src="js/replays.js?9d40a366"></script>
