<!DOCTYPE html>
<meta charset="utf-8" />
<meta name="viewport" content="width=device-width" />

<title>[Gen 3] OU: earl gr3y vs. TreinerOrenge - Replays - Pok&eacute;mon Showdown!</title>

<meta name="description" content="Watch a replay of a Pok&eacute;mon battle between earl gr3y and TreinerOrenge! Format: [Gen 3] OU; Date: Oct 10, 2024" />
<!--

Hey, you! Looking in the source for the replay log?

You can find them in JSON format, just add `.json` at the end of a replay URL.

https://replay.pokemonshowdown.com/gen7randomdoublesbattle-865046831.json

Or, if you only need the log itself, add `.log` instead:

https://replay.pokemonshowdown.com/gen7randomdoublesbattle-865046831.log

-->

<link rel="stylesheet" href="//pokemonshowdown.com/style/global.css?0.767286132409787" />
<link rel="stylesheet" href="//play.pokemonshowdown.com/style/font-awesome.css?0.9266228007934947" />
<link rel="stylesheet" href="//play.pokemonshowdown.com/style/battle.css?0.7924700842790926" />
<link rel="stylesheet" href="//play.pokemonshowdown.com/style/utilichart.css?0.8777417872839479" />

<!-- Global site tag (gtag.js) - Google Analytics -->
<script async src="https://www.googletagmanager.com/gtag/js?id=UA-26211653-1"></script>
<script>
  window.dataLayer = window.dataLayer || [];
  function gtag(){dataLayer.push(arguments);}
  gtag('js', new Date());

  gtag('config', 'UA-26211653-1');
</script>
<!-- End Google Analytics -->
<!-- Venatus Ad Manager - Install in <HEAD> of page -->
	<script src="https://hb.vntsm.com/v3/live/ad-manager.min.js" type="text/javascript" data-site-id="642aba63ec9a7b11c3c9c1be" data-mode="scan" async></script>
<!-- / Venatus Ad Manager -->

<style>
	@media (max-width:820px) {
		.battle {
			margin: 0 auto;
		}
		.battle-log {
			margin: 7px auto 0;
			max-width: 640px;
			height: 300px;
			position: static;
		}
	}
	.optgroup {
		display: inline-block;
		line-height: 22px;
		font-size: 10pt;
	}
	.optgroup .button {
		height: 25px;
		padding-top: 0;
		padding-bottom: 0;
	}
	.optgroup button.button {
		padding-left: 12px;
		padding-right: 12px;
	}
	.linklist {
		list-style: none;
		margin: 0.5em 0;
		padding: 0;
	}
	.linklist li {
		padding: 2px 0;
	}
	.sidebar {
		float: left;
		width: 320px;
	}
	.bar-wrapper {
		max-width: 1100px;
		margin: 0 auto;
	}
	.bar-wrapper.has-sidebar {
		max-width: 1430px;
	}
	.mainbar {
		margin: 0;
		padding-right: 1px;
	}
	.mainbar.has-sidebar {
		margin-left: 330px;
	}
	@media (min-width: 1511px) {
		.sidebar {
			width: 400px;
		}
		.bar-wrapper.has-sidebar {
			max-width: 1510px;
		}
		.mainbar.has-sidebar {
			margin-left: 410px;
		}
	}
	.section.first-section {
		margin-top: 9px;
	}
	.blocklink small {
		white-space: normal;
	}
	.button {
		vertical-align: middle;
	}
	.replay-controls {
		padding-top: 10px;
	}
	.replay-controls h1 {
		font-size: 16pt;
		font-weight: normal;
		color: #CCC;
	}
	.pagelink {
		text-align: center;
	}
	.pagelink a {
		width: 150px;
	}
	.textbox, .button {
		font-size: 11pt;
		vertical-align: middle;
	}
	@media (max-width: 450px) {
		.button {
			font-size: 9pt;
		}
	}
</style>

<div>

	<header>
		<div class="nav-wrapper"><ul class="nav">
			<li><a class="button nav-first" href="//pokemonshowdown.com/"><img src="//pokemonshowdown.com/images/pokemonshowdownbeta.png" srcset="//pokemonshowdown.com/images/pokemonshowdownbeta.png 1x, //pokemonshowdown.com/images/pokemonshowdownbeta@2x.png 2x" alt="Pok&eacute;mon Showdown" width="146" height="44" /> Home</a></li>
			<li><a class="button" href="//pokemonshowdown.com/dex/">Pok&eacute;dex</a></li>
			<li><a class="button cur" href="/">Replays</a></li>
			<li><a class="button" href="//pokemonshowdown.com/ladder/">Ladder</a></li>
			<li><a class="button nav-last" href="//pokemonshowdown.com/forums/">Forum</a></li>
			<li><a class="button greenbutton nav-first nav-last" href="//play.pokemonshowdown.com/">Play</a></li>
		</ul></div>
	</header>

	<div class="main" id="main">

		<noscript><section class="section">You need to enable JavaScript to use this page; sorry!</section></noscript>

	</div>

</div>

<script defer nomodule src="//play.pokemonshowdown.com/js/lib/ps-polyfill.js"></script>
<script defer src="//play.pokemonshowdown.com/js/lib/preact.min.js"></script>

<script defer src="//play.pokemonshowdown.com/config/config.js?6dec07f6"></script>
<script defer src="//play.pokemonshowdown.com/js/lib/jquery-1.11.0.min.js"></script>
<script defer src="//play.pokemonshowdown.com/js/lib/html-sanitizer-minified.js"></script>
<script defer src="//play.pokemonshowdown.com/js/battle-sound.js"></script>
<script defer src="//play.pokemonshowdown.com/js/battledata.js?0.6315294753075389"></script>
<script defer src="//play.pokemonshowdown.com/data/pokedex-mini.js?0.7603743185311358"></script>
<script defer src="//play.pokemonshowdown.com/data/pokedex-mini-bw.js?0.030888842834281283"></script>
<script defer src="//play.pokemonshowdown.com/data/graphics.js?0.05593094747507488"></script>
<script defer src="//play.pokemonshowdown.com/data/pokedex.js?0.47064822249611904"></script>
<script defer src="//play.pokemonshowdown.com/data/moves.js?0.8583693120512459"></script>
<script defer src="//play.pokemonshowdown.com/data/abilities.js?0.16017181182386842"></script>
<script defer src="//play.pokemonshowdown.com/data/items.js?0.4163379185673943"></script>
<script defer src="//play.pokemonshowdown.com/data/teambuilder-tables.js?0.31075597372830477"></script>
<script defer src="//play.pokemonshowdown.com/js/battle-tooltips.js?0.6536193500708172"></script>
<script defer src="//play.pokemonshowdown.com/js/battle.js?0.1916591943277901"></script>

<script defer src="js/utils.js?e31f9a17"></script>
<script defer src="js/replays-battle.js?7008c182"></script>

<!-- don't scrape this data! just add .json or .log after the URL!
Full API docs: https://github.com/smogon/pokemon-showdown-client/blob/master/WEB-API.md -->
<script type="text/plain" class="log" id="replaylog-gen3ou-2220179020-y8q9sh579bax5hot5gpyoocum2y3dy8pw">
|j|☆earl gr3y
|j|☆TreinerOrenge
|t:|1728582827
|gametype|singles
|player|p1|earl gr3y|#roaplxyorknewyanma|
|player|p2|TreinerOrenge|#dpppliii|
|teamsize|p1|6
|teamsize|p2|6
|gen|3
|tier|[Gen 3] OU
|rule|Sleep Clause Mod: Limit one foe put to sleep
|rule|Switch Priority Clause Mod: Faster Pokémon switch first
|rule|Species Clause: Limit one of each Pokémon
|rule|OHKO Clause: OHKO moves are banned
|rule|Evasion Items Clause: Evasion items are banned
|rule|Evasion Moves Clause: Evasion moves are banned
|rule|Endless Battle Clause: Forcing endless battles is banned
|rule|HP Percentage Mod: HP is shown in percentages
|rule|One Boost Passer Clause: Limit one Baton Passer that has a way to boost its stats
|rule|Freeze Clause Mod: Limit one foe frozen
|
|t:|1728582827
|start
|switch|p1a: Metagross|Metagross|100/100
|switch|p2a: Tyranitar|Tyranitar, M|100/100
|-weather|Sandstorm|[from] ability: Sand Stream|[of] p2a: Tyranitar
|turn|1
|inactive|Battle timer is ON: inactive players will automatically lose when time's up. (requested by earl gr3y)
|c|☆earl gr3y|hf
|c|☆TreinerOrenge|U2
|
|t:|1728582852
|switch|p2a: Swampert|Swampert, M|100/100
|move|p1a: Metagross|Explosion|p2a: Swampert
|-damage|p2a: Swampert|0 fnt
|faint|p1a: Metagross
|faint|p2a: Swampert
|j| AmaIe
|inactive|earl gr3y has 270 seconds left.
|
|t:|1728582885
|switch|p1a: Swampert|Swampert, F, shiny|100/100
|switch|p2a: Forretress|Forretress, M|100/100
|
|-weather|Sandstorm|[upkeep]
|upkeep
|turn|2
|
|t:|1728582893
|switch|p1a: Skarmory|Skarmory, M|100/100
|move|p2a: Forretress|Spikes|p1a: Skarmory
|-sidestart|p1: earl gr3y|Spikes
|
|-weather|Sandstorm|[upkeep]
|upkeep
|turn|3
|c| AmaIe|don't the mods require it to be on tours?
|
|t:|1728582896
|move|p1a: Skarmory|Spikes|p2a: Forretress
|-sidestart|p2: TreinerOrenge|Spikes
|move|p2a: Forretress|Spikes|p1a: Skarmory
|-sidestart|p1: earl gr3y|Spikes
|
|-weather|Sandstorm|[upkeep]
|upkeep
|turn|4
|
|t:|1728582900
|move|p1a: Skarmory|Taunt|p2a: Forretress
|-start|p2a: Forretress|move: Taunt
|move|p2a: Forretress|Rapid Spin|p1a: Skarmory
|-resisted|p1a: Skarmory
|-damage|p1a: Skarmory|99/100
|-sideend|p2: TreinerOrenge|Spikes|[from] move: Rapid Spin|[of] p2a: Forretress
|
|-weather|Sandstorm|[upkeep]
|-heal|p1a: Skarmory|100/100|[from] item: Leftovers
|upkeep
|turn|5
|c| AmaIe|or is it like a bhol situation where they're fine with it
|j| DarthTyros
|
|t:|1728582910
|switch|p2a: Entei|Entei|100/100
|move|p1a: Skarmory|Spikes|p2a: Entei
|-sidestart|p2: TreinerOrenge|Spikes
|
|-weather|Sandstorm|[upkeep]
|-damage|p2a: Entei|94/100|[from] Sandstorm
|-heal|p2a: Entei|100/100|[from] item: Leftovers
|upkeep
|turn|6
|l| DarthTyros
|j| PursuitTarMafia
|j| DarthTyros
|j| 3 blades
|
|t:|1728582933
|switch|p1a: Aerodactyl|Aerodactyl, F|100/100
|move|p2a: Entei|Roar|p1a: Aerodactyl
|drag|p1a: Swampert|Swampert, F, shiny|100/100
|-damage|p1a: Swampert|84/100|[from] Spikes
|
|-weather|Sandstorm|[upkeep]
|-damage|p2a: Entei|94/100|[from] Sandstorm
|-heal|p2a: Entei|100/100|[from] item: Leftovers
|-heal|p1a: Swampert|90/100|[from] item: Leftovers
|upkeep
|turn|7
|j| DeepBlueC
|c|☆TreinerOrenge|I dunno im on phone at work they better allow it
|
|t:|1728582957
|switch|p2a: Gyarados|Gyarados, M|100/100
|-ability|p2a: Gyarados|Intimidate|boost
|-unboost|p1a: Swampert|atk|1
|switch|p1a: Aerodactyl|Aerodactyl, F|100/100
|
|-weather|Sandstorm|[upkeep]
|-damage|p2a: Gyarados|94/100|[from] Sandstorm
|-heal|p2a: Gyarados|100/100|[from] item: Leftovers
|upkeep
|turn|8
|c| AmaIe|well bhol got the pass for using the phone so they'll prob be fine with it
|j| adverb oh you
|
|t:|1728582968
|switch|p2a: Forretress|Forretress, M|100/100
|-damage|p2a: Forretress|88/100|[from] Spikes
|move|p1a: Aerodactyl|Rock Slide|p2a: Forretress
|-damage|p2a: Forretress|49/100
|
|-weather|Sandstorm|[upkeep]
|-heal|p2a: Forretress|55/100|[from] item: Leftovers
|upkeep
|turn|9
|j| Spfunkm
|
|t:|1728582975
|switch|p1a: Tyranitar|Tyranitar, M|100/100
|-damage|p1a: Tyranitar|84/100|[from] Spikes
|move|p2a: Forretress|Toxic|p1a: Tyranitar|[miss]
|-miss|p2a: Forretress|p1a: Tyranitar
|
|-weather|Sandstorm|[upkeep]
|-heal|p2a: Forretress|61/100|[from] item: Leftovers
|upkeep
|turn|10
|
|t:|1728582992
|switch|p2a: Gyarados|Gyarados, M|100/100
|-ability|p2a: Gyarados|Intimidate|boost
|-unboost|p1a: Tyranitar|atk|1
|move|p1a: Tyranitar|Rock Slide|p2a: Gyarados
|-supereffective|p2a: Gyarados
|-damage|p2a: Gyarados|55/100
|
|-weather|Sandstorm|[upkeep]
|-damage|p2a: Gyarados|49/100|[from] Sandstorm
|-heal|p2a: Gyarados|55/100|[from] item: Leftovers
|upkeep
|turn|11
|c| PursuitTarMafia|nepotism
|j| necasintrouble
|inactive|earl gr3y has 270 seconds left.
|inactive|TreinerOrenge has 270 seconds left.
|
|t:|1728583034
|switch|p2a: Forretress|Forretress, M|61/100
|-damage|p2a: Forretress|49/100|[from] Spikes
|switch|p1a: Skarmory|Skarmory, M|100/100
|
|-weather|Sandstorm|[upkeep]
|-heal|p2a: Forretress|55/100|[from] item: Leftovers
|upkeep
|turn|12
|inactive|TreinerOrenge has 270 seconds left.
|
|t:|1728583039
|move|p1a: Skarmory|Taunt|p2a: Forretress
|-start|p2a: Forretress|move: Taunt
|move|p2a: Forretress|Rapid Spin|p1a: Skarmory
|-resisted|p1a: Skarmory
|-damage|p1a: Skarmory|99/100
|-sideend|p2: TreinerOrenge|Spikes|[from] move: Rapid Spin|[of] p2a: Forretress
|
|-weather|Sandstorm|[upkeep]
|-heal|p1a: Skarmory|100/100|[from] item: Leftovers
|-heal|p2a: Forretress|61/100|[from] item: Leftovers
|upkeep
|turn|13
|c| Spfunkm|Bhol asked in advance xd
|
|t:|1728583045
|move|p1a: Skarmory|Spikes|p2a: Forretress
|-sidestart|p2: TreinerOrenge|Spikes
|move|p2a: Forretress|Rapid Spin|p1a: Skarmory
|-resisted|p1a: Skarmory
|-damage|p1a: Skarmory|99/100
|-sideend|p2: TreinerOrenge|Spikes|[from] move: Rapid Spin|[of] p2a: Forretress
|
|-weather|Sandstorm|[upkeep]
|-heal|p1a: Skarmory|100/100|[from] item: Leftovers
|-heal|p2a: Forretress|67/100|[from] item: Leftovers
|-end|p2a: Forretress|move: Taunt|[silent]
|upkeep
|turn|14
|
|t:|1728583048
|move|p1a: Skarmory|Drill Peck|p2a: Forretress
|-damage|p2a: Forretress|50/100
|move|p2a: Forretress|Rapid Spin|p1a: Skarmory
|-resisted|p1a: Skarmory
|-damage|p1a: Skarmory|99/100
|
|-weather|Sandstorm|[upkeep]
|-heal|p1a: Skarmory|100/100|[from] item: Leftovers
|-heal|p2a: Forretress|57/100|[from] item: Leftovers
|upkeep
|turn|15
|
|t:|1728583051
|switch|p2a: Entei|Entei|100/100
|move|p1a: Skarmory|Spikes|p2a: Entei
|-sidestart|p2: TreinerOrenge|Spikes
|
|-weather|Sandstorm|[upkeep]
|-damage|p2a: Entei|94/100|[from] Sandstorm
|-heal|p2a: Entei|100/100|[from] item: Leftovers
|upkeep
|turn|16
|n| Rambode|amaie
|
|t:|1728583067
|switch|p1a: Aerodactyl|Aerodactyl, F|100/100
|move|p2a: Entei|Flamethrower|p1a: Aerodactyl
|-resisted|p1a: Aerodactyl
|-damage|p1a: Aerodactyl|74/100
|
|-weather|Sandstorm|[upkeep]
|-damage|p2a: Entei|94/100|[from] Sandstorm
|-heal|p2a: Entei|100/100|[from] item: Leftovers
|upkeep
|turn|17
|
|t:|1728583081
|switch|p2a: Gyarados|Gyarados, M|55/100
|-ability|p2a: Gyarados|Intimidate|boost
|-unboost|p1a: Aerodactyl|atk|1
|move|p1a: Aerodactyl|Rock Slide|p2a: Gyarados
|-supereffective|p2a: Gyarados
|-damage|p2a: Gyarados|0 fnt
|faint|p2a: Gyarados
|
|t:|1728583083
|switch|p2a: Tyranitar|Tyranitar, M|100/100
|-damage|p2a: Tyranitar|88/100|[from] Spikes
|
|-weather|Sandstorm|[upkeep]
|-heal|p2a: Tyranitar|94/100|[from] item: Leftovers
|upkeep
|turn|18
|
|t:|1728583094
|-activate|p1a: Aerodactyl|move: Pursuit
|move|p2a: Tyranitar|Pursuit|p1a: Aerodactyl|[from]Pursuit
|-damage|p1a: Aerodactyl|25/100
|switch|p1a: Swampert|Swampert, F, shiny|90/100
|-damage|p1a: Swampert|74/100|[from] Spikes
|
|-weather|Sandstorm|[upkeep]
|-heal|p1a: Swampert|80/100|[from] item: Leftovers
|-heal|p2a: Tyranitar|100/100|[from] item: Leftovers
|upkeep
|turn|19
|
|t:|1728583100
|move|p1a: Swampert|Hydro Pump|p2a: Tyranitar
|-supereffective|p2a: Tyranitar
|-damage|p2a: Tyranitar|21/100
|move|p2a: Tyranitar|Hidden Power|p1a: Swampert
|-supereffective|p1a: Swampert
|-crit|p1a: Swampert
|-damage|p1a: Swampert|0 fnt
|faint|p1a: Swampert
|
|t:|1728583110
|switch|p1a: Aerodactyl|Aerodactyl, F|25/100
|
|-weather|Sandstorm|[upkeep]
|-heal|p2a: Tyranitar|27/100|[from] item: Leftovers
|upkeep
|turn|20
|
|t:|1728583117
|move|p1a: Aerodactyl|Rock Slide|p2a: Tyranitar
|-damage|p2a: Tyranitar|0 fnt
|faint|p2a: Tyranitar
|
|t:|1728583126
|switch|p2a: Blissey|Blissey, F|100/100
|-damage|p2a: Blissey|88/100|[from] Spikes
|
|-weather|Sandstorm|[upkeep]
|-damage|p2a: Blissey|82/100|[from] Sandstorm
|-heal|p2a: Blissey|88/100|[from] item: Leftovers
|upkeep
|turn|21
|
|t:|1728583146
|switch|p1a: Skarmory|Skarmory, M|100/100
|move|p2a: Blissey|Seismic Toss|p1a: Skarmory
|-damage|p1a: Skarmory|70/100
|
|-weather|Sandstorm|[upkeep]
|-damage|p2a: Blissey|82/100|[from] Sandstorm
|-heal|p1a: Skarmory|76/100|[from] item: Leftovers
|-heal|p2a: Blissey|88/100|[from] item: Leftovers
|upkeep
|turn|22
|
|t:|1728583154
|switch|p2a: Forretress|Forretress, M|57/100
|-damage|p2a: Forretress|44/100|[from] Spikes
|move|p1a: Skarmory|Drill Peck|p2a: Forretress
|-damage|p2a: Forretress|27/100
|
|-weather|Sandstorm|[upkeep]
|-heal|p1a: Skarmory|82/100|[from] item: Leftovers
|-heal|p2a: Forretress|33/100|[from] item: Leftovers
|upkeep
|turn|23
|
|t:|1728583156
|move|p1a: Skarmory|Drill Peck|p2a: Forretress
|-damage|p2a: Forretress|17/100
|move|p2a: Forretress|Rapid Spin|p1a: Skarmory
|-resisted|p1a: Skarmory
|-damage|p1a: Skarmory|81/100
|-sideend|p2: TreinerOrenge|Spikes|[from] move: Rapid Spin|[of] p2a: Forretress
|
|-weather|Sandstorm|[upkeep]
|-heal|p1a: Skarmory|87/100|[from] item: Leftovers
|-heal|p2a: Forretress|23/100|[from] item: Leftovers
|upkeep
|turn|24
|
|t:|1728583159
|switch|p2a: Entei|Entei|100/100
|move|p1a: Skarmory|Spikes|p2a: Entei
|-sidestart|p2: TreinerOrenge|Spikes
|
|-weather|Sandstorm|[upkeep]
|-damage|p2a: Entei|94/100|[from] Sandstorm
|-heal|p2a: Entei|100/100|[from] item: Leftovers
|-heal|p1a: Skarmory|93/100|[from] item: Leftovers
|upkeep
|turn|25
|
|t:|1728583173
|move|p2a: Entei|Flamethrower|p1a: Skarmory
|-supereffective|p1a: Skarmory
|-damage|p1a: Skarmory|14/100
|move|p1a: Skarmory|Drill Peck|p2a: Entei
|-damage|p2a: Entei|78/100
|
|-weather|Sandstorm|[upkeep]
|-damage|p2a: Entei|71/100|[from] Sandstorm
|-heal|p2a: Entei|78/100|[from] item: Leftovers
|-heal|p1a: Skarmory|20/100|[from] item: Leftovers
|upkeep
|turn|26
|
|t:|1728583177
|move|p2a: Entei|Flamethrower|p1a: Skarmory
|-supereffective|p1a: Skarmory
|-damage|p1a: Skarmory|0 fnt
|faint|p1a: Skarmory
|
|t:|1728583179
|switch|p1a: Aerodactyl|Aerodactyl, F|25/100
|
|-weather|Sandstorm|[upkeep]
|-damage|p2a: Entei|71/100|[from] Sandstorm
|-heal|p2a: Entei|78/100|[from] item: Leftovers
|upkeep
|turn|27
|
|t:|1728583182
|move|p1a: Aerodactyl|Rock Slide|p2a: Entei
|-supereffective|p2a: Entei
|-crit|p2a: Entei
|-damage|p2a: Entei|0 fnt
|faint|p2a: Entei
|
|t:|1728583183
|switch|p2a: Blissey|Blissey, F|88/100
|-damage|p2a: Blissey|76/100|[from] Spikes
|
|-weather|Sandstorm|[upkeep]
|-damage|p2a: Blissey|70/100|[from] Sandstorm
|-heal|p2a: Blissey|76/100|[from] item: Leftovers
|upkeep
|turn|28
|j|@verbatim
|j| lac00t
|
|t:|1728583201
|move|p1a: Aerodactyl|Rock Slide|p2a: Blissey|[miss]
|-miss|p1a: Aerodactyl|p2a: Blissey
|move|p2a: Blissey|Seismic Toss|p1a: Aerodactyl
|-damage|p1a: Aerodactyl|0 fnt
|faint|p1a: Aerodactyl
|
|t:|1728583204
|switch|p1a: Tyranitar|Tyranitar, M|84/100
|-damage|p1a: Tyranitar|67/100|[from] Spikes
|
|-weather|Sandstorm|[upkeep]
|-damage|p2a: Blissey|70/100|[from] Sandstorm
|-heal|p2a: Blissey|76/100|[from] item: Leftovers
|upkeep
|turn|29
|
|t:|1728583210
|move|p1a: Tyranitar|Rock Slide|p2a: Blissey
|-damage|p2a: Blissey|43/100
|move|p2a: Blissey|Ice Beam|p1a: Tyranitar
|-damage|p1a: Tyranitar|44/100
|
|-weather|Sandstorm|[upkeep]
|-damage|p2a: Blissey|36/100|[from] Sandstorm
|-heal|p2a: Blissey|43/100|[from] item: Leftovers
|upkeep
|turn|30
|l| Rambode
|
|t:|1728583217
|move|p1a: Tyranitar|Rock Slide|p2a: Blissey
|-damage|p2a: Blissey|9/100
|move|p2a: Blissey|Soft-Boiled|p2a: Blissey
|-heal|p2a: Blissey|59/100
|
|-weather|Sandstorm|[upkeep]
|-damage|p2a: Blissey|52/100|[from] Sandstorm
|-heal|p2a: Blissey|59/100|[from] item: Leftovers
|upkeep
|turn|31
|
|t:|1728583221
|move|p1a: Tyranitar|Rock Slide|p2a: Blissey
|-damage|p2a: Blissey|25/100
|move|p2a: Blissey|Soft-Boiled|p2a: Blissey
|-heal|p2a: Blissey|75/100
|
|-weather|Sandstorm|[upkeep]
|-damage|p2a: Blissey|69/100|[from] Sandstorm
|-heal|p2a: Blissey|75/100|[from] item: Leftovers
|upkeep
|turn|32
|
|t:|1728583223
|move|p1a: Tyranitar|Rock Slide|p2a: Blissey
|-damage|p2a: Blissey|40/100
|cant|p2a: Blissey|flinch
|
|-weather|Sandstorm|[upkeep]
|-damage|p2a: Blissey|34/100|[from] Sandstorm
|-heal|p2a: Blissey|40/100|[from] item: Leftovers
|upkeep
|turn|33
|
|t:|1728583226
|move|p1a: Tyranitar|Rock Slide|p2a: Blissey
|-damage|p2a: Blissey|4/100
|move|p2a: Blissey|Soft-Boiled|p2a: Blissey
|-heal|p2a: Blissey|54/100
|
|-weather|Sandstorm|[upkeep]
|-damage|p2a: Blissey|48/100|[from] Sandstorm
|-heal|p2a: Blissey|54/100|[from] item: Leftovers
|upkeep
|turn|34
|
|t:|1728583227
|move|p1a: Tyranitar|Rock Slide|p2a: Blissey
|-damage|p2a: Blissey|19/100
|cant|p2a: Blissey|flinch
|
|-weather|Sandstorm|[upkeep]
|-damage|p2a: Blissey|13/100|[from] Sandstorm
|-heal|p2a: Blissey|19/100|[from] item: Leftovers
|upkeep
|turn|35
|
|t:|1728583232
|move|p1a: Tyranitar|Rock Slide|p2a: Blissey
|-damage|p2a: Blissey|0 fnt
|faint|p2a: Blissey
|
|t:|1728583234
|switch|p2a: Forretress|Forretress, M|23/100
|-damage|p2a: Forretress|11/100|[from] Spikes
|
|-weather|Sandstorm|[upkeep]
|-heal|p2a: Forretress|17/100|[from] item: Leftovers
|upkeep
|turn|36
|
|t:|1728583240
|move|p1a: Tyranitar|Crunch|p2a: Forretress
|-resisted|p2a: Forretress
|-damage|p2a: Forretress|1/100
|-unboost|p2a: Forretress|spd|1
|move|p2a: Forretress|Hidden Power|p1a: Tyranitar
|-supereffective|p1a: Tyranitar
|-damage|p1a: Tyranitar|1/100
|
|-weather|Sandstorm|[upkeep]
|-heal|p2a: Forretress|7/100|[from] item: Leftovers
|upkeep
|turn|37
|
|t:|1728583244
|move|p1a: Tyranitar|Crunch|p2a: Forretress
|-resisted|p2a: Forretress
|-damage|p2a: Forretress|0 fnt
|faint|p2a: Forretress
|
|win|earl gr3y
|c|☆earl gr3y|gg
|l| necasintrouble
|c|☆TreinerOrenge|gg
|c|☆earl gr3y|switch 2 tours?
|l| DarthTyros
|c|☆TreinerOrenge|Nah im not moving my teams
|c|☆earl gr3y|k
|l| adverb oh you
|l| lac00t

</script>
<script type="application/json" class="data" id="replaydata-gen3ou-2220179020-y8q9sh579bax5hot5gpyoocum2y3dy8pw">
{"id":"gen3ou-2220179020","format":"[Gen 3] OU","players":["earl gr3y","TreinerOrenge"],"uploadtime":1728583249,"views":145,"formatid":"gen3ou","rating":null,"private":1,"password":"y8q9sh579bax5hot5gpyoocum2y3dy8"}
</script>

<script defer src="js/replays.js?9d40a366"></script>
