<!DOCTYPE html>
<meta charset="utf-8" />
<meta name="viewport" content="width=device-width" />

<title>[Gen 3] OU: Ghost Melone vs. DancingAlong - Replays - Pok&eacute;mon Showdown!</title>

<meta name="description" content="Watch a replay of a Pok&eacute;mon battle between Ghost Melone and DancingAlong! Format: [Gen 3] OU; Date: Oct 10, 2024" />
<!--

Hey, you! Looking in the source for the replay log?

You can find them in JSON format, just add `.json` at the end of a replay URL.

https://replay.pokemonshowdown.com/gen7randomdoublesbattle-865046831.json

Or, if you only need the log itself, add `.log` instead:

https://replay.pokemonshowdown.com/gen7randomdoublesbattle-865046831.log

-->

<link rel="stylesheet" href="//pokemonshowdown.com/style/global.css?0.767286132409787" />
<link rel="stylesheet" href="//play.pokemonshowdown.com/style/font-awesome.css?0.9266228007934947" />
<link rel="stylesheet" href="//play.pokemonshowdown.com/style/battle.css?0.7924700842790926" />
<link rel="stylesheet" href="//play.pokemonshowdown.com/style/utilichart.css?0.8777417872839479" />

<!-- Global site tag (gtag.js) - Google Analytics -->
<script async src="https://www.googletagmanager.com/gtag/js?id=UA-26211653-1"></script>
<script>
  window.dataLayer = window.dataLayer || [];
  function gtag(){dataLayer.push(arguments);}
  gtag('js', new Date());

  gtag('config', 'UA-26211653-1');
</script>
<!-- End Google Analytics -->
<!-- Venatus Ad Manager - Install in <HEAD> of page -->
	<script src="https://hb.vntsm.com/v3/live/ad-manager.min.js" type="text/javascript" data-site-id="642aba63ec9a7b11c3c9c1be" data-mode="scan" async></script>
<!-- / Venatus Ad Manager -->

<style>
	@media (max-width:820px) {
		.battle {
			margin: 0 auto;
		}
		.battle-log {
			margin: 7px auto 0;
			max-width: 640px;
			height: 300px;
			position: static;
		}
	}
	.optgroup {
		display: inline-block;
		line-height: 22px;
		font-size: 10pt;
	}
	.optgroup .button {
		height: 25px;
		padding-top: 0;
		padding-bottom: 0;
	}
	.optgroup button.button {
		padding-left: 12px;
		padding-right: 12px;
	}
	.linklist {
		list-style: none;
		margin: 0.5em 0;
		padding: 0;
	}
	.linklist li {
		padding: 2px 0;
	}
	.sidebar {
		float: left;
		width: 320px;
	}
	.bar-wrapper {
		max-width: 1100px;
		margin: 0 auto;
	}
	.bar-wrapper.has-sidebar {
		max-width: 1430px;
	}
	.mainbar {
		margin: 0;
		padding-right: 1px;
	}
	.mainbar.has-sidebar {
		margin-left: 330px;
	}
	@media (min-width: 1511px) {
		.sidebar {
			width: 400px;
		}
		.bar-wrapper.has-sidebar {
			max-width: 1510px;
		}
		.mainbar.has-sidebar {
			margin-left: 410px;
		}
	}
	.section.first-section {
		margin-top: 9px;
	}
	.blocklink small {
		white-space: normal;
	}
	.button {
		vertical-align: middle;
	}
	.replay-controls {
		padding-top: 10px;
	}
	.replay-controls h1 {
		font-size: 16pt;
		font-weight: normal;
		color: #CCC;
	}
	.pagelink {
		text-align: center;
	}
	.pagelink a {
		width: 150px;
	}
	.textbox, .button {
		font-size: 11pt;
		vertical-align: middle;
	}
	@media (max-width: 450px) {
		.button {
			font-size: 9pt;
		}
	}
</style>

<div>

	<header>
		<div class="nav-wrapper"><ul class="nav">
			<li><a class="button nav-first" href="//pokemonshowdown.com/"><img src="//pokemonshowdown.com/images/pokemonshowdownbeta.png" srcset="//pokemonshowdown.com/images/pokemonshowdownbeta.png 1x, //pokemonshowdown.com/images/pokemonshowdownbeta@2x.png 2x" alt="Pok&eacute;mon Showdown" width="146" height="44" /> Home</a></li>
			<li><a class="button" href="//pokemonshowdown.com/dex/">Pok&eacute;dex</a></li>
			<li><a class="button cur" href="/">Replays</a></li>
			<li><a class="button" href="//pokemonshowdown.com/ladder/">Ladder</a></li>
			<li><a class="button nav-last" href="//pokemonshowdown.com/forums/">Forum</a></li>
			<li><a class="button greenbutton nav-first nav-last" href="//play.pokemonshowdown.com/">Play</a></li>
		</ul></div>
	</header>

	<div class="main" id="main">

		<noscript><section class="section">You need to enable JavaScript to use this page; sorry!</section></noscript>

	</div>

</div>

<script defer nomodule src="//play.pokemonshowdown.com/js/lib/ps-polyfill.js"></script>
<script defer src="//play.pokemonshowdown.com/js/lib/preact.min.js"></script>

<script defer src="//play.pokemonshowdown.com/config/config.js?6dec07f6"></script>
<script defer src="//play.pokemonshowdown.com/js/lib/jquery-1.11.0.min.js"></script>
<script defer src="//play.pokemonshowdown.com/js/lib/html-sanitizer-minified.js"></script>
<script defer src="//play.pokemonshowdown.com/js/battle-sound.js"></script>
<script defer src="//play.pokemonshowdown.com/js/battledata.js?0.6315294753075389"></script>
<script defer src="//play.pokemonshowdown.com/data/pokedex-mini.js?0.7603743185311358"></script>
<script defer src="//play.pokemonshowdown.com/data/pokedex-mini-bw.js?0.030888842834281283"></script>
<script defer src="//play.pokemonshowdown.com/data/graphics.js?0.05593094747507488"></script>
<script defer src="//play.pokemonshowdown.com/data/pokedex.js?0.47064822249611904"></script>
<script defer src="//play.pokemonshowdown.com/data/moves.js?0.8583693120512459"></script>
<script defer src="//play.pokemonshowdown.com/data/abilities.js?0.16017181182386842"></script>
<script defer src="//play.pokemonshowdown.com/data/items.js?0.4163379185673943"></script>
<script defer src="//play.pokemonshowdown.com/data/teambuilder-tables.js?0.31075597372830477"></script>
<script defer src="//play.pokemonshowdown.com/js/battle-tooltips.js?0.6536193500708172"></script>
<script defer src="//play.pokemonshowdown.com/js/battle.js?0.1916591943277901"></script>

<script defer src="js/utils.js?e31f9a17"></script>
<script defer src="js/replays-battle.js?7008c182"></script>

<!-- don't scrape this data! just add .json or .log after the URL!
Full API docs: https://github.com/smogon/pokemon-showdown-client/blob/master/WEB-API.md -->
<script type="text/plain" class="log" id="replaylog-smogtours-gen3ou-797031">
|inactive|Battle timer is ON: inactive players will automatically lose when time's up.
|t:|1728595996
|gametype|singles
|player|p1|Ghost Melone|2|
|player|p2|DancingAlong|jogger|
|teamsize|p1|6
|teamsize|p2|6
|gen|3
|tier|[Gen 3] OU
|rule|Sleep Clause Mod: Limit one foe put to sleep
|rule|Switch Priority Clause Mod: Faster Pokémon switch first
|rule|Species Clause: Limit one of each Pokémon
|rule|OHKO Clause: OHKO moves are banned
|rule|Evasion Items Clause: Evasion items are banned
|rule|Evasion Moves Clause: Evasion moves are banned
|rule|Endless Battle Clause: Forcing endless battles is banned
|rule|HP Percentage Mod: HP is shown in percentages
|rule|One Boost Passer Clause: Limit one Baton Passer that has a way to boost its stats
|rule|Freeze Clause Mod: Limit one foe frozen
|
|t:|1728595996
|start
|switch|p1a: Tyranitar|Tyranitar, M|100/100
|switch|p2a: Zavorra|Zapdos|100/100
|-weather|Sandstorm|[from] ability: Sand Stream|[of] p1a: Tyranitar
|turn|1
|inactive|DancingAlong has 270 seconds left.
|inactive|Ghost Melone has 270 seconds left.
|inactive|DancingAlong has 240 seconds left.
|
|t:|1728596079
|-singleturn|p1a: Tyranitar|move: Focus Punch
|move|p2a: Zavorra|Baton Pass|p2a: Zavorra
|
|t:|1728596086
|switch|p2a: Garra|Gengar, M|100/100|[from] Baton Pass
|move|p1a: Tyranitar|Focus Punch|p2a: Garra
|-immune|p2a: Garra
|
|-weather|Sandstorm|[upkeep]
|-damage|p2a: Garra|94/100|[from] Sandstorm
|-heal|p2a: Garra|100/100|[from] item: Leftovers
|upkeep
|turn|2
|
|t:|1728596094
|switch|p2a: Persistenza|Metagross|100/100
|switch|p1a: Blissey|Blissey, F|100/100
|
|-weather|Sandstorm|[upkeep]
|-damage|p1a: Blissey|94/100|[from] Sandstorm
|-heal|p1a: Blissey|100/100|[from] item: Leftovers
|upkeep
|turn|3
|
|t:|1728596104
|switch|p2a: Zavorra|Zapdos|100/100
|switch|p1a: Swampert|Swampert, M|100/100
|
|-weather|Sandstorm|[upkeep]
|-damage|p2a: Zavorra|94/100|[from] Sandstorm
|-heal|p2a: Zavorra|100/100|[from] item: Leftovers
|upkeep
|turn|4
|
|t:|1728596112
|move|p2a: Zavorra|Substitute|p2a: Zavorra
|-start|p2a: Zavorra|Substitute
|-damage|p2a: Zavorra|76/100
|move|p1a: Swampert|Roar|p2a: Zavorra
|drag|p2a: Disprezzo|Dugtrio, F, shiny|100/100
|
|-weather|Sandstorm|[upkeep]
|upkeep
|turn|5
|inactive|Ghost Melone has 270 seconds left.
|
|t:|1728596151
|switch|p2a: Zavorra|Zapdos|76/100
|move|p1a: Swampert|Surf|p2a: Zavorra
|-damage|p2a: Zavorra|49/100
|
|-weather|Sandstorm|[upkeep]
|-damage|p2a: Zavorra|43/100|[from] Sandstorm
|-heal|p2a: Zavorra|49/100|[from] item: Leftovers
|upkeep
|turn|6
|inactive|Ghost Melone has 270 seconds left.
|
|t:|1728596171
|move|p2a: Zavorra|Baton Pass|p2a: Zavorra
|
|t:|1728596177
|switch|p2a: Garra|Gengar, M|100/100|[from] Baton Pass
|move|p1a: Swampert|Surf|p2a: Garra
|-damage|p2a: Garra|64/100
|
|-weather|Sandstorm|[upkeep]
|-damage|p2a: Garra|58/100|[from] Sandstorm
|-heal|p2a: Garra|64/100|[from] item: Leftovers
|upkeep
|turn|7
|inactive|Ghost Melone has 270 seconds left.
|
|t:|1728596198
|switch|p2a: Rivalsa|Suicune|100/100
|move|p1a: Swampert|Protect||[still]
|-fail|p1a: Swampert
|
|-weather|Sandstorm|[upkeep]
|-damage|p2a: Rivalsa|94/100|[from] Sandstorm
|-heal|p2a: Rivalsa|100/100|[from] item: Leftovers
|upkeep
|turn|8
|inactive|Ghost Melone has 270 seconds left.
|
|t:|1728596217
|switch|p2a: Disprezzo|Dugtrio, F, shiny|100/100
|move|p1a: Swampert|Roar|p2a: Disprezzo
|drag|p2a: Garra|Gengar, M|64/100
|
|-weather|Sandstorm|[upkeep]
|-damage|p2a: Garra|58/100|[from] Sandstorm
|-heal|p2a: Garra|64/100|[from] item: Leftovers
|upkeep
|turn|9
|
|t:|1728596234
|switch|p2a: Rivalsa|Suicune|100/100
|switch|p1a: Blissey|Blissey, F|100/100
|
|-weather|Sandstorm|[upkeep]
|-damage|p2a: Rivalsa|94/100|[from] Sandstorm
|-damage|p1a: Blissey|94/100|[from] Sandstorm
|-heal|p2a: Rivalsa|100/100|[from] item: Leftovers
|-heal|p1a: Blissey|100/100|[from] item: Leftovers
|upkeep
|turn|10
|inactive|DancingAlong has 270 seconds left.
|
|t:|1728596274
|move|p2a: Rivalsa|Calm Mind|p2a: Rivalsa
|-boost|p2a: Rivalsa|spa|1
|-boost|p2a: Rivalsa|spd|1
|move|p1a: Blissey|Seismic Toss|p2a: Rivalsa
|-damage|p2a: Rivalsa|73/100
|
|-weather|Sandstorm|[upkeep]
|-damage|p2a: Rivalsa|67/100|[from] Sandstorm
|-damage|p1a: Blissey|94/100|[from] Sandstorm
|-heal|p2a: Rivalsa|73/100|[from] item: Leftovers
|-heal|p1a: Blissey|100/100|[from] item: Leftovers
|upkeep
|turn|11
|inactive|DancingAlong has 270 seconds left.
|
|t:|1728596283
|switch|p2a: Persistenza|Metagross|100/100
|move|p1a: Blissey|Seismic Toss|p2a: Persistenza
|-damage|p2a: Persistenza|73/100
|
|-weather|Sandstorm|[upkeep]
|-damage|p1a: Blissey|94/100|[from] Sandstorm
|-heal|p2a: Persistenza|79/100|[from] item: Leftovers
|-heal|p1a: Blissey|100/100|[from] item: Leftovers
|upkeep
|turn|12
|
|t:|1728596291
|switch|p2a: Zavorra|Zapdos|49/100
|switch|p1a: Skarmory|Skarmory, F|100/100
|
|-weather|Sandstorm|[upkeep]
|-damage|p2a: Zavorra|43/100|[from] Sandstorm
|-heal|p2a: Zavorra|49/100|[from] item: Leftovers
|upkeep
|turn|13
|
|t:|1728596299
|switch|p1a: Swampert|Swampert, M|100/100
|move|p2a: Zavorra|Thunderbolt|p1a: Swampert
|-immune|p1a: Swampert
|
|-weather|Sandstorm|[upkeep]
|-damage|p2a: Zavorra|43/100|[from] Sandstorm
|-heal|p2a: Zavorra|49/100|[from] item: Leftovers
|upkeep
|turn|14
|
|t:|1728596310
|move|p2a: Zavorra|Hidden Power|p1a: Swampert
|-supereffective|p1a: Swampert
|-damage|p1a: Swampert|13/100
|move|p1a: Swampert|Surf|p2a: Zavorra
|-damage|p2a: Zavorra|11/100
|
|-weather|Sandstorm|[upkeep]
|-damage|p2a: Zavorra|5/100|[from] Sandstorm
|-heal|p2a: Zavorra|11/100|[from] item: Leftovers
|-heal|p1a: Swampert|19/100|[from] item: Leftovers
|upkeep
|turn|15
|
|t:|1728596325
|move|p1a: Swampert|Protect|p1a: Swampert
|-singleturn|p1a: Swampert|Protect
|move|p2a: Zavorra|Hidden Power|p1a: Swampert
|-activate|p1a: Swampert|Protect
|
|-weather|Sandstorm|[upkeep]
|-damage|p2a: Zavorra|5/100|[from] Sandstorm
|-heal|p2a: Zavorra|11/100|[from] item: Leftovers
|-heal|p1a: Swampert|25/100|[from] item: Leftovers
|upkeep
|turn|16
|
|t:|1728596337
|switch|p1a: Gengar|Gengar, F|100/100
|move|p2a: Zavorra|Baton Pass|p2a: Zavorra
|
|t:|1728596364
|switch|p2a: Costanza|Kingdra, M|100/100|[from] Baton Pass
|
|-weather|Sandstorm|[upkeep]
|-damage|p1a: Gengar|95/100|[from] Sandstorm
|-damage|p2a: Costanza|94/100|[from] Sandstorm
|-heal|p1a: Gengar|100/100|[from] item: Leftovers
|-heal|p2a: Costanza|100/100|[from] item: Leftovers
|upkeep
|turn|17
|inactive|DancingAlong has 270 seconds left.
|
|t:|1728596393
|move|p1a: Gengar|Will-O-Wisp|p2a: Costanza
|-status|p2a: Costanza|brn
|move|p2a: Costanza|Surf|p1a: Gengar
|-damage|p1a: Gengar|46/100
|
|-weather|Sandstorm|[upkeep]
|-damage|p1a: Gengar|40/100|[from] Sandstorm
|-damage|p2a: Costanza|94/100 brn|[from] Sandstorm
|-heal|p1a: Gengar|46/100|[from] item: Leftovers
|-heal|p2a: Costanza|100/100 brn|[from] item: Leftovers
|-damage|p2a: Costanza|88/100 brn|[from] brn
|upkeep
|turn|18
|inactive|Ghost Melone has 270 seconds left.
|
|t:|1728596429
|switch|p1a: Blissey|Blissey, F|100/100
|switch|p2a: Disprezzo|Dugtrio, F, shiny|100/100
|
|-weather|Sandstorm|[upkeep]
|-damage|p1a: Blissey|94/100|[from] Sandstorm
|-heal|p1a: Blissey|100/100|[from] item: Leftovers
|upkeep
|turn|19
|inactive|Ghost Melone has 270 seconds left.
|
|t:|1728596434
|move|p2a: Disprezzo|Beat Up|p1a: Blissey
|-damage|p1a: Blissey|90/100
|-crit|p1a: Blissey
|-damage|p1a: Blissey|74/100
|-damage|p1a: Blissey|63/100
|-damage|p1a: Blissey|46/100
|-damage|p1a: Blissey|36/100
|-hitcount|p1a: Blissey|5
|move|p1a: Blissey|Fire Blast|p2a: Disprezzo
|-damage|p2a: Disprezzo|53/100
|
|-weather|Sandstorm|[upkeep]
|-damage|p1a: Blissey|30/100|[from] Sandstorm
|-heal|p1a: Blissey|36/100|[from] item: Leftovers
|upkeep
|turn|20
|
|t:|1728596442
|move|p2a: Disprezzo|Beat Up|p1a: Blissey
|-crit|p1a: Blissey
|-damage|p1a: Blissey|18/100
|-damage|p1a: Blissey|9/100
|-damage|p1a: Blissey|0 fnt
|-hitcount|p1a: Blissey|3
|faint|p1a: Blissey
|
|t:|1728596445
|switch|p1a: Skarmory|Skarmory, F|100/100
|
|-weather|Sandstorm|[upkeep]
|upkeep
|turn|21
|
|t:|1728596452
|switch|p2a: Zavorra|Zapdos|11/100
|move|p1a: Skarmory|Spikes|p2a: Zavorra
|-sidestart|p2: DancingAlong|Spikes
|
|-weather|Sandstorm|[upkeep]
|-damage|p2a: Zavorra|5/100|[from] Sandstorm
|-heal|p2a: Zavorra|11/100|[from] item: Leftovers
|upkeep
|turn|22
|
|t:|1728596458
|move|p2a: Zavorra|Thunderbolt|p1a: Skarmory
|-supereffective|p1a: Skarmory
|-damage|p1a: Skarmory|9/100
|move|p1a: Skarmory|Toxic|p2a: Zavorra
|-status|p2a: Zavorra|tox
|
|-weather|Sandstorm|[upkeep]
|-damage|p2a: Zavorra|5/100 tox|[from] Sandstorm
|-heal|p2a: Zavorra|11/100 tox|[from] item: Leftovers
|-damage|p2a: Zavorra|5/100 tox|[from] psn
|-heal|p1a: Skarmory|15/100|[from] item: Leftovers
|upkeep
|turn|23
|
|t:|1728596487
|move|p2a: Zavorra|Baton Pass|p2a: Zavorra
|
|t:|1728596495
|switch|p2a: Garra|Gengar, M|64/100|[from] Baton Pass
|move|p1a: Skarmory|Spikes|p2a: Garra
|-sidestart|p2: DancingAlong|Spikes
|
|-weather|Sandstorm|[upkeep]
|-damage|p2a: Garra|58/100|[from] Sandstorm
|-heal|p2a: Garra|64/100|[from] item: Leftovers
|-heal|p1a: Skarmory|21/100|[from] item: Leftovers
|upkeep
|turn|24
|
|t:|1728596511
|switch|p1a: Swampert|Swampert, M|25/100
|move|p2a: Garra|Rain Dance|p2a: Garra
|-weather|RainDance
|
|-weather|RainDance|[upkeep]
|-heal|p2a: Garra|70/100|[from] item: Leftovers
|-heal|p1a: Swampert|32/100|[from] item: Leftovers
|upkeep
|turn|25
|
|t:|1728596540
|switch|p2a: Rivalsa|Suicune|73/100
|-damage|p2a: Rivalsa|57/100|[from] Spikes
|move|p1a: Swampert|Surf|p2a: Rivalsa
|-resisted|p2a: Rivalsa
|-damage|p2a: Rivalsa|31/100
|
|-weather|RainDance|[upkeep]
|-heal|p2a: Rivalsa|37/100|[from] item: Leftovers
|-heal|p1a: Swampert|38/100|[from] item: Leftovers
|upkeep
|turn|26
|
|t:|1728596552
|move|p2a: Rivalsa|Surf|p1a: Swampert
|-damage|p1a: Swampert|0 fnt
|faint|p1a: Swampert
|
|t:|1728596563
|switch|p1a: Tyranitar|Tyranitar, M|100/100
|-weather|Sandstorm|[from] ability: Sand Stream|[of] p1a: Tyranitar
|
|-weather|Sandstorm|[upkeep]
|-damage|p2a: Rivalsa|31/100|[from] Sandstorm
|-heal|p2a: Rivalsa|37/100|[from] item: Leftovers
|upkeep
|turn|27
|
|t:|1728596573
|switch|p1a: Skarmory|Skarmory, F|21/100
|move|p2a: Rivalsa|Surf|p1a: Skarmory
|-damage|p1a: Skarmory|0 fnt
|faint|p1a: Skarmory
|
|t:|1728596580
|switch|p1a: Gengar|Gengar, F|46/100
|
|-weather|Sandstorm|[upkeep]
|-damage|p1a: Gengar|40/100|[from] Sandstorm
|-damage|p2a: Rivalsa|31/100|[from] Sandstorm
|-heal|p1a: Gengar|46/100|[from] item: Leftovers
|-heal|p2a: Rivalsa|37/100|[from] item: Leftovers
|upkeep
|turn|28
|inactive|Ghost Melone has 270 seconds left.
|inactive|DancingAlong has 270 seconds left.
|
|t:|1728596624
|move|p1a: Gengar|Giga Drain|p2a: Rivalsa
|-supereffective|p2a: Rivalsa
|-damage|p2a: Rivalsa|8/100
|-heal|p1a: Gengar|63/100|[from] drain|[of] p2a: Rivalsa
|move|p2a: Rivalsa|Surf|p1a: Gengar
|-damage|p1a: Gengar|19/100
|
|-weather|Sandstorm|[upkeep]
|-damage|p1a: Gengar|13/100|[from] Sandstorm
|-damage|p2a: Rivalsa|2/100|[from] Sandstorm
|-heal|p1a: Gengar|19/100|[from] item: Leftovers
|-heal|p2a: Rivalsa|8/100|[from] item: Leftovers
|upkeep
|turn|29
|inactive|DancingAlong has 270 seconds left.
|inactive|Ghost Melone has 240 seconds left.
|inactive|DancingAlong has 240 seconds left.
|
|t:|1728596671
|move|p1a: Gengar|Giga Drain|p2a: Rivalsa
|-supereffective|p2a: Rivalsa
|-damage|p2a: Rivalsa|0 fnt
|-heal|p1a: Gengar|24/100|[from] drain|[of] p2a: Rivalsa
|faint|p2a: Rivalsa
|
|t:|1728596673
|switch|p2a: Garra|Gengar, M|70/100
|
|-weather|Sandstorm|[upkeep]
|-damage|p2a: Garra|64/100|[from] Sandstorm
|-damage|p1a: Gengar|18/100|[from] Sandstorm
|-heal|p2a: Garra|70/100|[from] item: Leftovers
|-heal|p1a: Gengar|24/100|[from] item: Leftovers
|upkeep
|turn|30
|
|t:|1728596686
|switch|p1a: Tyranitar|Tyranitar, M|100/100
|move|p2a: Garra|Thunderbolt|p1a: Tyranitar
|-damage|p1a: Tyranitar|74/100
|
|-weather|Sandstorm|[upkeep]
|-damage|p2a: Garra|64/100|[from] Sandstorm
|-heal|p2a: Garra|70/100|[from] item: Leftovers
|upkeep
|turn|31
|
|t:|1728596697
|move|p2a: Garra|Rain Dance|p2a: Garra
|-weather|RainDance
|move|p1a: Tyranitar|Rock Slide|p2a: Garra
|-damage|p2a: Garra|0 fnt
|faint|p2a: Garra
|inactive|DancingAlong has 240 seconds left.
|
|t:|1728596708
|switch|p2a: Disprezzo|Dugtrio, F, shiny|53/100
|-damage|p2a: Disprezzo|36/100|[from] Spikes
|
|-weather|RainDance|[upkeep]
|upkeep
|turn|32
|
|t:|1728596709
|move|p2a: Disprezzo|Earthquake|p1a: Tyranitar
|-supereffective|p1a: Tyranitar
|-damage|p1a: Tyranitar|0 fnt
|faint|p1a: Tyranitar
|
|t:|1728596714
|switch|p1a: Gengar|Gengar, F|24/100
|
|-weather|RainDance|[upkeep]
|-heal|p1a: Gengar|30/100|[from] item: Leftovers
|upkeep
|turn|33
|
|t:|1728596722
|move|p2a: Disprezzo|Earthquake|p1a: Gengar
|-immune|p1a: Gengar
|move|p1a: Gengar|Will-O-Wisp|p2a: Disprezzo
|-status|p2a: Disprezzo|brn
|
|-weather|RainDance|[upkeep]
|-damage|p2a: Disprezzo|24/100 brn|[from] brn
|-heal|p1a: Gengar|35/100|[from] item: Leftovers
|upkeep
|turn|34
|
|t:|1728596731
|move|p2a: Disprezzo|Earthquake|p1a: Gengar
|-immune|p1a: Gengar
|move|p1a: Gengar|Will-O-Wisp|p2a: Disprezzo
|-fail|p2a: Disprezzo|brn
|
|-weather|RainDance|[upkeep]
|-damage|p2a: Disprezzo|12/100 brn|[from] brn
|-heal|p1a: Gengar|41/100|[from] item: Leftovers
|upkeep
|turn|35
|
|t:|1728596736
|move|p2a: Disprezzo|Earthquake|p1a: Gengar
|-immune|p1a: Gengar
|move|p1a: Gengar|Giga Drain|p2a: Disprezzo
|-supereffective|p2a: Disprezzo
|-damage|p2a: Disprezzo|0 fnt
|-heal|p1a: Gengar|46/100|[from] drain|[of] p2a: Disprezzo
|faint|p2a: Disprezzo
|
|t:|1728596741
|switch|p2a: Persistenza|Metagross|79/100
|-damage|p2a: Persistenza|62/100|[from] Spikes
|
|-weather|none
|-heal|p1a: Gengar|52/100|[from] item: Leftovers
|-heal|p2a: Persistenza|68/100|[from] item: Leftovers
|upkeep
|turn|36
|
|t:|1728596748
|move|p2a: Persistenza|Protect|p2a: Persistenza
|-singleturn|p2a: Persistenza|Protect
|move|p1a: Gengar|Explosion|p2a: Persistenza
|-activate|p2a: Persistenza|Protect
|faint|p1a: Gengar
|
|t:|1728596751
|switch|p1a: Aerodactyl|Aerodactyl, F|100/100
|
|-heal|p2a: Persistenza|74/100|[from] item: Leftovers
|upkeep
|turn|37
|
|t:|1728596756
|move|p1a: Aerodactyl|Earthquake|p2a: Persistenza
|-supereffective|p2a: Persistenza
|-damage|p2a: Persistenza|16/100
|move|p2a: Persistenza|Explosion|p1a: Aerodactyl
|-resisted|p1a: Aerodactyl
|-damage|p1a: Aerodactyl|0 fnt
|faint|p2a: Persistenza
|faint|p1a: Aerodactyl
|
|win|DancingAlong

</script>
<script type="application/json" class="data" id="replaydata-smogtours-gen3ou-797031">
{"id":"smogtours-gen3ou-797031","format":"[Gen 3] OU","players":["Ghost Melone","DancingAlong"],"uploadtime":1728596756,"views":154,"formatid":"gen3ou","rating":null,"private":0,"password":null}
</script>

<script defer src="js/replays.js?9d40a366"></script>
