<!DOCTYPE html>
<meta charset="utf-8" />
<meta name="viewport" content="width=device-width" />

<title>[Gen 3] OU: krungo vs. ADV Pride - Replays - Pok&eacute;mon Showdown!</title>

<meta name="description" content="Watch a replay of a Pok&eacute;mon battle between krungo and ADV Pride! Format: [Gen 3] OU; Date: Oct 9, 2024" />
<!--

Hey, you! Looking in the source for the replay log?

You can find them in JSON format, just add `.json` at the end of a replay URL.

https://replay.pokemonshowdown.com/gen7randomdoublesbattle-865046831.json

Or, if you only need the log itself, add `.log` instead:

https://replay.pokemonshowdown.com/gen7randomdoublesbattle-865046831.log

-->

<link rel="stylesheet" href="//pokemonshowdown.com/style/global.css?0.023195364461161105" />
<link rel="stylesheet" href="//play.pokemonshowdown.com/style/font-awesome.css?0.13261647063804238" />
<link rel="stylesheet" href="//play.pokemonshowdown.com/style/battle.css?0.8753245789963631" />
<link rel="stylesheet" href="//play.pokemonshowdown.com/style/utilichart.css?0.8627959624976733" />

<!-- Global site tag (gtag.js) - Google Analytics -->
<script async src="https://www.googletagmanager.com/gtag/js?id=UA-26211653-1"></script>
<script>
  window.dataLayer = window.dataLayer || [];
  function gtag(){dataLayer.push(arguments);}
  gtag('js', new Date());

  gtag('config', 'UA-26211653-1');
</script>
<!-- End Google Analytics -->
<!-- Venatus Ad Manager - Install in <HEAD> of page -->
	<script src="https://hb.vntsm.com/v3/live/ad-manager.min.js" type="text/javascript" data-site-id="642aba63ec9a7b11c3c9c1be" data-mode="scan" async></script>
<!-- / Venatus Ad Manager -->

<style>
	@media (max-width:820px) {
		.battle {
			margin: 0 auto;
		}
		.battle-log {
			margin: 7px auto 0;
			max-width: 640px;
			height: 300px;
			position: static;
		}
	}
	.optgroup {
		display: inline-block;
		line-height: 22px;
		font-size: 10pt;
	}
	.optgroup .button {
		height: 25px;
		padding-top: 0;
		padding-bottom: 0;
	}
	.optgroup button.button {
		padding-left: 12px;
		padding-right: 12px;
	}
	.linklist {
		list-style: none;
		margin: 0.5em 0;
		padding: 0;
	}
	.linklist li {
		padding: 2px 0;
	}
	.sidebar {
		float: left;
		width: 320px;
	}
	.bar-wrapper {
		max-width: 1100px;
		margin: 0 auto;
	}
	.bar-wrapper.has-sidebar {
		max-width: 1430px;
	}
	.mainbar {
		margin: 0;
		padding-right: 1px;
	}
	.mainbar.has-sidebar {
		margin-left: 330px;
	}
	@media (min-width: 1511px) {
		.sidebar {
			width: 400px;
		}
		.bar-wrapper.has-sidebar {
			max-width: 1510px;
		}
		.mainbar.has-sidebar {
			margin-left: 410px;
		}
	}
	.section.first-section {
		margin-top: 9px;
	}
	.blocklink small {
		white-space: normal;
	}
	.button {
		vertical-align: middle;
	}
	.replay-controls {
		padding-top: 10px;
	}
	.replay-controls h1 {
		font-size: 16pt;
		font-weight: normal;
		color: #CCC;
	}
	.pagelink {
		text-align: center;
	}
	.pagelink a {
		width: 150px;
	}
	.textbox, .button {
		font-size: 11pt;
		vertical-align: middle;
	}
	@media (max-width: 450px) {
		.button {
			font-size: 9pt;
		}
	}
</style>

<div>

	<header>
		<div class="nav-wrapper"><ul class="nav">
			<li><a class="button nav-first" href="//pokemonshowdown.com/"><img src="//pokemonshowdown.com/images/pokemonshowdownbeta.png" srcset="//pokemonshowdown.com/images/pokemonshowdownbeta.png 1x, //pokemonshowdown.com/images/pokemonshowdownbeta@2x.png 2x" alt="Pok&eacute;mon Showdown" width="146" height="44" /> Home</a></li>
			<li><a class="button" href="//pokemonshowdown.com/dex/">Pok&eacute;dex</a></li>
			<li><a class="button cur" href="/">Replays</a></li>
			<li><a class="button" href="//pokemonshowdown.com/ladder/">Ladder</a></li>
			<li><a class="button nav-last" href="//pokemonshowdown.com/forums/">Forum</a></li>
			<li><a class="button greenbutton nav-first nav-last" href="//play.pokemonshowdown.com/">Play</a></li>
		</ul></div>
	</header>

	<div class="main" id="main">

		<noscript><section class="section">You need to enable JavaScript to use this page; sorry!</section></noscript>

	</div>

</div>

<script defer nomodule src="//play.pokemonshowdown.com/js/lib/ps-polyfill.js"></script>
<script defer src="//play.pokemonshowdown.com/js/lib/preact.min.js"></script>

<script defer src="//play.pokemonshowdown.com/config/config.js?2bddbc15"></script>
<script defer src="//play.pokemonshowdown.com/js/lib/jquery-1.11.0.min.js"></script>
<script defer src="//play.pokemonshowdown.com/js/lib/html-sanitizer-minified.js"></script>
<script defer src="//play.pokemonshowdown.com/js/battle-sound.js"></script>
<script defer src="//play.pokemonshowdown.com/js/battledata.js?0.7209276989879541"></script>
<script defer src="//play.pokemonshowdown.com/data/pokedex-mini.js?0.6111056340867951"></script>
<script defer src="//play.pokemonshowdown.com/data/pokedex-mini-bw.js?0.3532142036491459"></script>
<script defer src="//play.pokemonshowdown.com/data/graphics.js?0.24223875632456182"></script>
<script defer src="//play.pokemonshowdown.com/data/pokedex.js?0.38839984266356864"></script>
<script defer src="//play.pokemonshowdown.com/data/moves.js?0.21866028504024015"></script>
<script defer src="//play.pokemonshowdown.com/data/abilities.js?0.2005157953846628"></script>
<script defer src="//play.pokemonshowdown.com/data/items.js?0.9894211263848525"></script>
<script defer src="//play.pokemonshowdown.com/data/teambuilder-tables.js?0.6008791140282215"></script>
<script defer src="//play.pokemonshowdown.com/js/battle-tooltips.js?0.7580118955022959"></script>
<script defer src="//play.pokemonshowdown.com/js/battle.js?0.6057722274234274"></script>

<script defer src="js/utils.js?e31f9a17"></script>
<script defer src="js/replays-battle.js?7008c182"></script>

<!-- don't scrape this data! just add .json or .log after the URL!
Full API docs: https://github.com/smogon/pokemon-showdown-client/blob/master/WEB-API.md -->
<script type="text/plain" class="log" id="replaylog-smogtours-gen3ou-796560">
|inactive|Battle timer is ON: inactive players will automatically lose when time's up.
|t:|1728435722
|gametype|singles
|player|p1|krungo|170|
|player|p2|ADV Pride|265|
|teamsize|p1|6
|teamsize|p2|6
|gen|3
|tier|[Gen 3] OU
|rule|Sleep Clause Mod: Limit one foe put to sleep
|rule|Switch Priority Clause Mod: Faster Pokémon switch first
|rule|Species Clause: Limit one of each Pokémon
|rule|OHKO Clause: OHKO moves are banned
|rule|Evasion Items Clause: Evasion items are banned
|rule|Evasion Moves Clause: Evasion moves are banned
|rule|Endless Battle Clause: Forcing endless battles is banned
|rule|HP Percentage Mod: HP is shown in percentages
|rule|One Boost Passer Clause: Limit one Baton Passer that has a way to boost its stats
|rule|Freeze Clause Mod: Limit one foe frozen
|
|t:|1728435722
|start
|switch|p1a: Salamence|Salamence, M|100/100
|switch|p2a: Suicune|Suicune|100/100
|-ability|p1a: Salamence|Intimidate|boost
|-unboost|p2a: Suicune|atk|1
|turn|1
|
|t:|1728435730
|switch|p1a: Hariyama|Hariyama, M|100/100
|move|p2a: Suicune|Ice Beam|p1a: Hariyama
|-damage|p1a: Hariyama|75/100
|
|-heal|p1a: Hariyama|81/100|[from] item: Leftovers
|upkeep
|turn|2
|
|t:|1728435736
|move|p2a: Suicune|Hydro Pump|p1a: Hariyama
|-damage|p1a: Hariyama|29/100
|move|p1a: Hariyama|Knock Off|p2a: Suicune
|-damage|p2a: Suicune|98/100
|-enditem|p2a: Suicune|Leftovers|[from] move: Knock Off|[of] p1a: Hariyama
|-hint|In Gens 3-4, Knock Off only makes the target's item unusable; it cannot obtain a new item.
|
|-heal|p1a: Hariyama|35/100|[from] item: Leftovers
|upkeep
|turn|3
|
|t:|1728435753
|switch|p1a: Suicune|Suicune|100/100
|move|p2a: Suicune|Calm Mind|p2a: Suicune
|-boost|p2a: Suicune|spa|1
|-boost|p2a: Suicune|spd|1
|
|upkeep
|turn|4
|
|t:|1728435758
|move|p2a: Suicune|Roar|p1a: Suicune
|drag|p1a: Salamence|Salamence, M|100/100
|-ability|p1a: Salamence|Intimidate|boost
|-unboost|p2a: Suicune|atk|1
|
|upkeep
|turn|5
|
|t:|1728435764
|switch|p1a: Jirachi|Jirachi|100/100
|move|p2a: Suicune|Ice Beam|p1a: Jirachi
|-resisted|p1a: Jirachi
|-damage|p1a: Jirachi|84/100
|-status|p1a: Jirachi|frz
|
|-heal|p1a: Jirachi|90/100 frz|[from] item: Leftovers
|upkeep
|turn|6
|c|☆krungo|nuts
|
|t:|1728435773
|cant|p1a: Jirachi|frz
|move|p2a: Suicune|Calm Mind|p2a: Suicune
|-boost|p2a: Suicune|spa|1
|-boost|p2a: Suicune|spd|1
|
|-heal|p1a: Jirachi|97/100 frz|[from] item: Leftovers
|upkeep
|turn|7
|
|t:|1728435781
|move|p2a: Suicune|Hydro Pump|p1a: Jirachi
|-damage|p1a: Jirachi|2/100 frz
|-curestatus|p1a: Jirachi|frz|[msg]
|move|p1a: Jirachi|Toxic|p2a: Suicune
|-status|p2a: Suicune|tox
|
|-damage|p2a: Suicune|92/100 tox|[from] psn
|-heal|p1a: Jirachi|8/100|[from] item: Leftovers
|upkeep
|turn|8
|c|☆ADV Pride|Yeah really unlucky
|
|t:|1728435797
|move|p1a: Jirachi|Protect|p1a: Jirachi
|-singleturn|p1a: Jirachi|Protect
|move|p2a: Suicune|Calm Mind|p2a: Suicune
|-boost|p2a: Suicune|spa|1
|-boost|p2a: Suicune|spd|1
|
|-damage|p2a: Suicune|80/100 tox|[from] psn
|-heal|p1a: Jirachi|14/100|[from] item: Leftovers
|upkeep
|turn|9
|
|t:|1728435809
|switch|p1a: Suicune|Suicune|100/100
|move|p2a: Suicune|Ice Beam|p1a: Suicune
|-resisted|p1a: Suicune
|-damage|p1a: Suicune|76/100
|
|-damage|p2a: Suicune|62/100 tox|[from] psn
|-heal|p1a: Suicune|83/100|[from] item: Leftovers
|upkeep
|turn|10
|
|t:|1728435829
|switch|p2a: Snorlax|Snorlax, M|100/100
|move|p1a: Suicune|Calm Mind|p1a: Suicune
|-boost|p1a: Suicune|spa|1
|-boost|p1a: Suicune|spd|1
|
|-heal|p1a: Suicune|89/100|[from] item: Leftovers
|upkeep
|turn|11
|
|t:|1728435843
|move|p1a: Suicune|Surf|p2a: Snorlax
|-damage|p2a: Snorlax|73/100
|move|p2a: Snorlax|Body Slam|p1a: Suicune
|-damage|p1a: Suicune|66/100
|
|-heal|p1a: Suicune|72/100|[from] item: Leftovers
|-heal|p2a: Snorlax|79/100|[from] item: Leftovers
|upkeep
|turn|12
|
|t:|1728435870
|switch|p1a: Claydol|Claydol|100/100
|move|p2a: Snorlax|Body Slam|p1a: Claydol
|-damage|p1a: Claydol|57/100
|
|-heal|p1a: Claydol|63/100|[from] item: Leftovers
|-heal|p2a: Snorlax|86/100|[from] item: Leftovers
|upkeep
|turn|13
|
|t:|1728435882
|switch|p2a: Celebi|Celebi|100/100
|move|p1a: Claydol|Explosion|p2a: Celebi
|-damage|p2a: Celebi|16/100
|faint|p1a: Claydol
|
|t:|1728435889
|switch|p1a: Salamence|Salamence, M|100/100
|-ability|p1a: Salamence|Intimidate|boost
|-unboost|p2a: Celebi|atk|1
|
|-heal|p2a: Celebi|22/100|[from] item: Leftovers
|upkeep
|turn|14
|
|t:|1728435901
|switch|p2a: Aerodactyl|Aerodactyl, M|100/100
|move|p1a: Salamence|Hidden Power|p2a: Aerodactyl
|-resisted|p2a: Aerodactyl
|-damage|p2a: Aerodactyl|57/100
|
|upkeep
|turn|15
|
|t:|1728435918
|switch|p2a: Celebi|Celebi|22/100
|switch|p1a: Jirachi|Jirachi|14/100
|
|-heal|p2a: Celebi|28/100|[from] item: Leftovers
|-heal|p1a: Jirachi|20/100|[from] item: Leftovers
|upkeep
|turn|16
|
|t:|1728435925
|move|p2a: Celebi|Swords Dance|p2a: Celebi
|-boost|p2a: Celebi|atk|2
|move|p1a: Jirachi|Fire Punch|p2a: Celebi
|-supereffective|p2a: Celebi
|-damage|p2a: Celebi|0 fnt
|faint|p2a: Celebi
|
|t:|1728435933
|switch|p2a: Snorlax|Snorlax, M|86/100
|
|-heal|p1a: Jirachi|27/100|[from] item: Leftovers
|-heal|p2a: Snorlax|92/100|[from] item: Leftovers
|upkeep
|turn|17
|
|t:|1728435939
|move|p1a: Jirachi|Wish|p1a: Jirachi
|move|p2a: Snorlax|Earthquake|p1a: Jirachi
|-supereffective|p1a: Jirachi
|-damage|p1a: Jirachi|0 fnt
|faint|p1a: Jirachi
|
|t:|1728435943
|switch|p1a: Hariyama|Hariyama, M|35/100
|
|-heal|p1a: Hariyama|41/100|[from] item: Leftovers
|-heal|p2a: Snorlax|98/100|[from] item: Leftovers
|upkeep
|turn|18
|
|t:|1728435954
|switch|p2a: Suicune|Suicune|62/100 tox
|move|p1a: Hariyama|Brick Break|p2a: Suicune
|-damage|p2a: Suicune|29/100 tox
|
|-heal|p1a: Hariyama|91/100|[from] move: Wish|[wisher] Jirachi
|-damage|p2a: Suicune|23/100 tox|[from] psn
|-heal|p1a: Hariyama|97/100|[from] item: Leftovers
|upkeep
|turn|19
|
|t:|1728435964
|move|p2a: Suicune|Hydro Pump|p1a: Hariyama
|-damage|p1a: Hariyama|41/100
|move|p1a: Hariyama|Brick Break|p2a: Suicune
|-damage|p2a: Suicune|0 fnt
|faint|p2a: Suicune
|
|t:|1728435974
|switch|p2a: Metagross|Metagross|100/100
|
|-heal|p1a: Hariyama|47/100|[from] item: Leftovers
|upkeep
|turn|20
|
|t:|1728435986
|move|p2a: Metagross|Meteor Mash|p1a: Hariyama
|-damage|p1a: Hariyama|0 fnt
|faint|p1a: Hariyama
|
|t:|1728436000
|switch|p1a: Suicune|Suicune|72/100
|
|-heal|p1a: Suicune|78/100|[from] item: Leftovers
|upkeep
|turn|21
|
|t:|1728436010
|switch|p2a: Snorlax|Snorlax, M|98/100
|move|p1a: Suicune|Surf|p2a: Snorlax
|-damage|p2a: Snorlax|82/100
|
|-heal|p1a: Suicune|85/100|[from] item: Leftovers
|-heal|p2a: Snorlax|88/100|[from] item: Leftovers
|upkeep
|turn|22
|
|t:|1728436019
|move|p2a: Snorlax|Body Slam|p1a: Suicune
|-damage|p1a: Suicune|60/100
|move|p1a: Suicune|Roar|p2a: Snorlax
|drag|p2a: Salamence|Salamence, F|100/100
|-ability|p2a: Salamence|Intimidate|boost
|-unboost|p1a: Suicune|atk|1
|
|-heal|p1a: Suicune|66/100|[from] item: Leftovers
|upkeep
|turn|23
|
|t:|1728436028
|move|p2a: Salamence|Hidden Power|p1a: Suicune
|-supereffective|p1a: Suicune
|-damage|p1a: Suicune|29/100
|move|p1a: Suicune|Calm Mind|p1a: Suicune
|-boost|p1a: Suicune|spa|1
|-boost|p1a: Suicune|spd|1
|
|-heal|p1a: Suicune|35/100|[from] item: Leftovers
|upkeep
|turn|24
|
|t:|1728436039
|move|p2a: Salamence|Hidden Power|p1a: Suicune
|-supereffective|p1a: Suicune
|-damage|p1a: Suicune|10/100
|move|p1a: Suicune|Rest|p1a: Suicune
|-status|p1a: Suicune|slp|[from] move: Rest
|-heal|p1a: Suicune|100/100 slp|[silent]
|
|upkeep
|turn|25
|
|t:|1728436046
|switch|p2a: Snorlax|Snorlax, M|88/100
|switch|p1a: Blissey|Blissey, F|100/100
|
|-heal|p2a: Snorlax|94/100|[from] item: Leftovers
|upkeep
|turn|26
|
|t:|1728436053
|move|p1a: Blissey|Aromatherapy|p1a: Blissey
|-cureteam|p1a: Blissey|[from] move: Aromatherapy
|move|p2a: Snorlax|Body Slam|p1a: Blissey
|-damage|p1a: Blissey|62/100
|
|-heal|p1a: Blissey|68/100|[from] item: Leftovers
|-heal|p2a: Snorlax|99/100|[from] item: Leftovers
|upkeep
|turn|27
|
|t:|1728436066
|switch|p1a: Salamence|Salamence, M|100/100
|-ability|p1a: Salamence|Intimidate|boost
|-unboost|p2a: Snorlax|atk|1
|move|p2a: Snorlax|Body Slam|p1a: Salamence
|-damage|p1a: Salamence|68/100
|-status|p1a: Salamence|par
|
|-heal|p2a: Snorlax|100/100|[from] item: Leftovers
|upkeep
|turn|28
|
|t:|1728436075
|switch|p2a: Salamence|Salamence, F|100/100
|-ability|p2a: Salamence|Intimidate|boost
|-unboost|p1a: Salamence|atk|1
|move|p1a: Salamence|Brick Break|p2a: Salamence
|-resisted|p2a: Salamence
|-damage|p2a: Salamence|84/100
|
|-heal|p2a: Salamence|90/100|[from] item: Leftovers
|upkeep
|turn|29
|
|t:|1728436091
|switch|p1a: Blissey|Blissey, F|68/100
|move|p2a: Salamence|Hidden Power|p1a: Blissey
|-damage|p1a: Blissey|59/100
|
|-heal|p2a: Salamence|96/100|[from] item: Leftovers
|-heal|p1a: Blissey|65/100|[from] item: Leftovers
|upkeep
|turn|30
|
|t:|1728436098
|switch|p2a: Snorlax|Snorlax, M|100/100
|move|p1a: Blissey|Ice Beam|p2a: Snorlax
|-damage|p2a: Snorlax|94/100
|-status|p2a: Snorlax|frz
|
|-heal|p1a: Blissey|71/100|[from] item: Leftovers
|-heal|p2a: Snorlax|99/100 frz|[from] item: Leftovers
|upkeep
|turn|31
|
|t:|1728436109
|move|p1a: Blissey|Aromatherapy|p1a: Blissey
|-cureteam|p1a: Blissey|[from] move: Aromatherapy
|cant|p2a: Snorlax|frz
|
|-heal|p1a: Blissey|77/100|[from] item: Leftovers
|-heal|p2a: Snorlax|100/100 frz|[from] item: Leftovers
|upkeep
|turn|32
|
|t:|1728436119
|switch|p1a: Suicune|Suicune|100/100
|-curestatus|p2a: Snorlax|frz|[msg]
|move|p2a: Snorlax|Body Slam|p1a: Suicune
|-damage|p1a: Suicune|79/100
|
|-heal|p1a: Suicune|86/100|[from] item: Leftovers
|upkeep
|turn|33
|
|t:|1728436126
|move|p1a: Suicune|Calm Mind|p1a: Suicune
|-boost|p1a: Suicune|spa|1
|-boost|p1a: Suicune|spd|1
|move|p2a: Snorlax|Body Slam|p1a: Suicune
|-damage|p1a: Suicune|64/100
|
|-heal|p1a: Suicune|70/100|[from] item: Leftovers
|upkeep
|turn|34
|
|t:|1728436133
|move|p1a: Suicune|Calm Mind|p1a: Suicune
|-boost|p1a: Suicune|spa|1
|-boost|p1a: Suicune|spd|1
|move|p2a: Snorlax|Self-Destruct|p1a: Suicune
|-damage|p1a: Suicune|0 fnt
|faint|p2a: Snorlax
|faint|p1a: Suicune
|
|t:|1728436144
|switch|p1a: Blissey|Blissey, F|77/100
|switch|p2a: Metagross|Metagross|100/100
|
|-heal|p1a: Blissey|83/100|[from] item: Leftovers
|upkeep
|turn|35
|
|t:|1728436150
|move|p2a: Metagross|Meteor Mash|p1a: Blissey
|-damage|p1a: Blissey|19/100
|move|p1a: Blissey|Thunderbolt|p2a: Metagross
|-damage|p2a: Metagross|75/100
|
|-heal|p2a: Metagross|81/100|[from] item: Leftovers
|-heal|p1a: Blissey|25/100|[from] item: Leftovers
|upkeep
|turn|36
|
|t:|1728436157
|move|p2a: Metagross|Earthquake|p1a: Blissey
|-damage|p1a: Blissey|0 fnt
|faint|p1a: Blissey
|
|t:|1728436166
|switch|p1a: Salamence|Salamence, M|68/100
|-ability|p1a: Salamence|Intimidate|boost
|-fail|p2a: Metagross|unboost|[from] ability: Clear Body|[of] p2a: Metagross
|
|-heal|p2a: Metagross|87/100|[from] item: Leftovers
|upkeep
|turn|37
|c|☆krungo|gg
|
|t:|1728436174
|move|p1a: Salamence|Earthquake|p2a: Metagross
|-supereffective|p2a: Metagross
|-damage|p2a: Metagross|0 fnt
|faint|p2a: Metagross
|
|t:|1728436177
|switch|p2a: Salamence|Salamence, F|96/100
|-ability|p2a: Salamence|Intimidate|boost
|-unboost|p1a: Salamence|atk|1
|
|-heal|p2a: Salamence|100/100|[from] item: Leftovers
|upkeep
|turn|38
|
|t:|1728436183
|move|p1a: Salamence|Earthquake|p2a: Salamence
|-immune|p2a: Salamence
|move|p2a: Salamence|Dragon Claw|p1a: Salamence
|-supereffective|p1a: Salamence
|-damage|p1a: Salamence|0 fnt
|faint|p1a: Salamence
|
|win|ADV Pride
|c|☆ADV Pride|gg
|player|p1|

</script>
<script type="application/json" class="data" id="replaydata-smogtours-gen3ou-796560">
{"id":"smogtours-gen3ou-796560","format":"[Gen 3] OU","players":["krungo","ADV Pride"],"uploadtime":1728436183,"views":97,"formatid":"gen3ou","rating":null,"private":0,"password":null}
</script>

<script defer src="js/replays.js?9d40a366"></script>
