<!DOCTYPE html>
<meta charset="utf-8" />
<meta name="viewport" content="width=device-width" />

<title>[Gen 3] OU: mysticaisand vs. xGangg - Replays - Pok&eacute;mon Showdown!</title>

<meta name="description" content="Watch a replay of a Pok&eacute;mon battle between mysticaisand and xGangg! Format: [Gen 3] OU; Date: Oct 23, 2024" />
<!--

Hey, you! Looking in the source for the replay log?

You can find them in JSON format, just add `.json` at the end of a replay URL.

https://replay.pokemonshowdown.com/gen7randomdoublesbattle-865046831.json

Or, if you only need the log itself, add `.log` instead:

https://replay.pokemonshowdown.com/gen7randomdoublesbattle-865046831.log

-->

<link rel="stylesheet" href="//pokemonshowdown.com/style/global.css?0.767286132409787" />
<link rel="stylesheet" href="//play.pokemonshowdown.com/style/font-awesome.css?0.9266228007934947" />
<link rel="stylesheet" href="//play.pokemonshowdown.com/style/battle.css?0.7924700842790926" />
<link rel="stylesheet" href="//play.pokemonshowdown.com/style/utilichart.css?0.8777417872839479" />

<!-- Global site tag (gtag.js) - Google Analytics -->
<script async src="https://www.googletagmanager.com/gtag/js?id=UA-26211653-1"></script>
<script>
  window.dataLayer = window.dataLayer || [];
  function gtag(){dataLayer.push(arguments);}
  gtag('js', new Date());

  gtag('config', 'UA-26211653-1');
</script>
<!-- End Google Analytics -->
<!-- Venatus Ad Manager - Install in <HEAD> of page -->
	<script src="https://hb.vntsm.com/v3/live/ad-manager.min.js" type="text/javascript" data-site-id="642aba63ec9a7b11c3c9c1be" data-mode="scan" async></script>
<!-- / Venatus Ad Manager -->

<style>
	@media (max-width:820px) {
		.battle {
			margin: 0 auto;
		}
		.battle-log {
			margin: 7px auto 0;
			max-width: 640px;
			height: 300px;
			position: static;
		}
	}
	.optgroup {
		display: inline-block;
		line-height: 22px;
		font-size: 10pt;
	}
	.optgroup .button {
		height: 25px;
		padding-top: 0;
		padding-bottom: 0;
	}
	.optgroup button.button {
		padding-left: 12px;
		padding-right: 12px;
	}
	.linklist {
		list-style: none;
		margin: 0.5em 0;
		padding: 0;
	}
	.linklist li {
		padding: 2px 0;
	}
	.sidebar {
		float: left;
		width: 320px;
	}
	.bar-wrapper {
		max-width: 1100px;
		margin: 0 auto;
	}
	.bar-wrapper.has-sidebar {
		max-width: 1430px;
	}
	.mainbar {
		margin: 0;
		padding-right: 1px;
	}
	.mainbar.has-sidebar {
		margin-left: 330px;
	}
	@media (min-width: 1511px) {
		.sidebar {
			width: 400px;
		}
		.bar-wrapper.has-sidebar {
			max-width: 1510px;
		}
		.mainbar.has-sidebar {
			margin-left: 410px;
		}
	}
	.section.first-section {
		margin-top: 9px;
	}
	.blocklink small {
		white-space: normal;
	}
	.button {
		vertical-align: middle;
	}
	.replay-controls {
		padding-top: 10px;
	}
	.replay-controls h1 {
		font-size: 16pt;
		font-weight: normal;
		color: #CCC;
	}
	.pagelink {
		text-align: center;
	}
	.pagelink a {
		width: 150px;
	}
	.textbox, .button {
		font-size: 11pt;
		vertical-align: middle;
	}
	@media (max-width: 450px) {
		.button {
			font-size: 9pt;
		}
	}
</style>

<div>

	<header>
		<div class="nav-wrapper"><ul class="nav">
			<li><a class="button nav-first" href="//pokemonshowdown.com/"><img src="//pokemonshowdown.com/images/pokemonshowdownbeta.png" srcset="//pokemonshowdown.com/images/pokemonshowdownbeta.png 1x, //pokemonshowdown.com/images/pokemonshowdownbeta@2x.png 2x" alt="Pok&eacute;mon Showdown" width="146" height="44" /> Home</a></li>
			<li><a class="button" href="//pokemonshowdown.com/dex/">Pok&eacute;dex</a></li>
			<li><a class="button cur" href="/">Replays</a></li>
			<li><a class="button" href="//pokemonshowdown.com/ladder/">Ladder</a></li>
			<li><a class="button nav-last" href="//pokemonshowdown.com/forums/">Forum</a></li>
			<li><a class="button greenbutton nav-first nav-last" href="//play.pokemonshowdown.com/">Play</a></li>
		</ul></div>
	</header>

	<div class="main" id="main">

		<noscript><section class="section">You need to enable JavaScript to use this page; sorry!</section></noscript>

	</div>

</div>

<script defer nomodule src="//play.pokemonshowdown.com/js/lib/ps-polyfill.js"></script>
<script defer src="//play.pokemonshowdown.com/js/lib/preact.min.js"></script>

<script defer src="//play.pokemonshowdown.com/config/config.js?6dec07f6"></script>
<script defer src="//play.pokemonshowdown.com/js/lib/jquery-1.11.0.min.js"></script>
<script defer src="//play.pokemonshowdown.com/js/lib/html-sanitizer-minified.js"></script>
<script defer src="//play.pokemonshowdown.com/js/battle-sound.js"></script>
<script defer src="//play.pokemonshowdown.com/js/battledata.js?0.6315294753075389"></script>
<script defer src="//play.pokemonshowdown.com/data/pokedex-mini.js?0.7603743185311358"></script>
<script defer src="//play.pokemonshowdown.com/data/pokedex-mini-bw.js?0.030888842834281283"></script>
<script defer src="//play.pokemonshowdown.com/data/graphics.js?0.05593094747507488"></script>
<script defer src="//play.pokemonshowdown.com/data/pokedex.js?0.47064822249611904"></script>
<script defer src="//play.pokemonshowdown.com/data/moves.js?0.8583693120512459"></script>
<script defer src="//play.pokemonshowdown.com/data/abilities.js?0.16017181182386842"></script>
<script defer src="//play.pokemonshowdown.com/data/items.js?0.4163379185673943"></script>
<script defer src="//play.pokemonshowdown.com/data/teambuilder-tables.js?0.31075597372830477"></script>
<script defer src="//play.pokemonshowdown.com/js/battle-tooltips.js?0.6536193500708172"></script>
<script defer src="//play.pokemonshowdown.com/js/battle.js?0.1916591943277901"></script>

<script defer src="js/utils.js?e31f9a17"></script>
<script defer src="js/replays-battle.js?7008c182"></script>

<!-- don't scrape this data! just add .json or .log after the URL!
Full API docs: https://github.com/smogon/pokemon-showdown-client/blob/master/WEB-API.md -->
<script type="text/plain" class="log" id="replaylog-smogtours-gen3ou-801448">
|inactive|Battle timer is ON: inactive players will automatically lose when time's up.
|t:|1729721849
|gametype|singles
|player|p1|mysticaisand|clair|
|player|p2|xGangg|#teamvictini|
|teamsize|p1|6
|teamsize|p2|6
|gen|3
|tier|[Gen 3] OU
|rule|Sleep Clause Mod: Limit one foe put to sleep
|rule|Switch Priority Clause Mod: Faster Pokémon switch first
|rule|Species Clause: Limit one of each Pokémon
|rule|OHKO Clause: OHKO moves are banned
|rule|Evasion Items Clause: Evasion items are banned
|rule|Evasion Moves Clause: Evasion moves are banned
|rule|Endless Battle Clause: Forcing endless battles is banned
|rule|HP Percentage Mod: HP is shown in percentages
|rule|One Boost Passer Clause: Limit one Baton Passer that has a way to boost its stats
|rule|Freeze Clause Mod: Limit one foe frozen
|
|t:|1729721849
|start
|switch|p1a: Great Musk|Suicune, shiny|100/100
|switch|p2a: Smeargle|Smeargle, F, shiny|100/100
|turn|1
|c|☆xGangg|glhf
|c|☆mysticaisand|;)
|
|t:|1729721865
|move|p2a: Smeargle|Spore|p1a: Great Musk
|-status|p1a: Great Musk|slp|[from] move: Spore
|cant|p1a: Great Musk|slp
|
|upkeep
|turn|2
|
|t:|1729721868
|switch|p1a: Roaring Sun|Dugtrio, M|100/100
|move|p2a: Smeargle|Spikes|p1a: Roaring Sun
|-sidestart|p1: mysticaisand|Spikes
|
|upkeep
|turn|3
|
|t:|1729721879
|move|p1a: Roaring Sun|Earthquake|p2a: Smeargle
|-damage|p2a: Smeargle|0 fnt
|faint|p2a: Smeargle
|
|t:|1729721891
|switch|p2a: Zapdos|Zapdos|100/100
|
|upkeep
|turn|4
|
|t:|1729721896
|switch|p1a: Iron Coward|Celebi|100/100
|-damage|p1a: Iron Coward|88/100|[from] Spikes
|move|p2a: Zapdos|Toxic|p1a: Iron Coward
|-status|p1a: Iron Coward|tox
|
|-heal|p1a: Iron Coward|94/100 tox|[from] item: Leftovers
|-damage|p1a: Iron Coward|88/100 tox|[from] psn
|upkeep
|turn|5
|
|t:|1729721900
|switch|p2a: Tyranitar|Tyranitar, M|100/100
|-weather|Sandstorm|[from] ability: Sand Stream|[of] p2a: Tyranitar
|move|p1a: Iron Coward|Leech Seed|p2a: Tyranitar
|-start|p2a: Tyranitar|move: Leech Seed
|
|-weather|Sandstorm|[upkeep]
|-damage|p1a: Iron Coward|82/100 tox|[from] Sandstorm
|-heal|p1a: Iron Coward|88/100 tox|[from] item: Leftovers
|-damage|p1a: Iron Coward|75/100 tox|[from] psn
|-damage|p2a: Tyranitar|88/100|[from] Leech Seed|[of] p1a: Iron Coward
|-heal|p1a: Iron Coward|86/100 tox|[silent]
|upkeep
|turn|6
|
|t:|1729721908
|switch|p2a: Zapdos|Zapdos|100/100
|move|p1a: Iron Coward|Baton Pass|p1a: Iron Coward
|
|t:|1729721923
|-curestatus|p1a: Iron Coward|tox|[from] ability: Natural Cure
|switch|p1a: Queengambit|Raikou, shiny|100/100|[from] Baton Pass
|-damage|p1a: Queengambit|88/100|[from] Spikes
|
|-weather|Sandstorm|[upkeep]
|-damage|p1a: Queengambit|82/100|[from] Sandstorm
|-damage|p2a: Zapdos|94/100|[from] Sandstorm
|-heal|p1a: Queengambit|88/100|[from] item: Leftovers
|-heal|p2a: Zapdos|100/100|[from] item: Leftovers
|upkeep
|turn|7
|
|t:|1729721934
|switch|p2a: Metagross|Metagross|100/100
|move|p1a: Queengambit|Substitute|p1a: Queengambit
|-start|p1a: Queengambit|Substitute
|-damage|p1a: Queengambit|63/100
|
|-weather|Sandstorm|[upkeep]
|-damage|p1a: Queengambit|57/100|[from] Sandstorm
|-heal|p1a: Queengambit|63/100|[from] item: Leftovers
|upkeep
|turn|8
|
|t:|1729721936
|move|p1a: Queengambit|Thunderbolt|p2a: Metagross
|-damage|p2a: Metagross|50/100
|move|p2a: Metagross|Earthquake|p1a: Queengambit
|-supereffective|p1a: Queengambit
|-end|p1a: Queengambit|Substitute
|
|-weather|Sandstorm|[upkeep]
|-damage|p1a: Queengambit|57/100|[from] Sandstorm
|-heal|p1a: Queengambit|63/100|[from] item: Leftovers
|-heal|p2a: Metagross|56/100|[from] item: Leftovers
|upkeep
|turn|9
|
|t:|1729721943
|switch|p1a: Great Musk|Suicune, shiny|100/100 slp
|-damage|p1a: Great Musk|88/100 slp|[from] Spikes
|move|p2a: Metagross|Earthquake|p1a: Great Musk
|-damage|p1a: Great Musk|56/100 slp
|
|-weather|Sandstorm|[upkeep]
|-damage|p1a: Great Musk|50/100 slp|[from] Sandstorm
|-heal|p1a: Great Musk|56/100 slp|[from] item: Leftovers
|-heal|p2a: Metagross|62/100|[from] item: Leftovers
|upkeep
|turn|10
|
|t:|1729721948
|switch|p2a: Zapdos|Zapdos|100/100
|cant|p1a: Great Musk|slp
|
|-weather|Sandstorm|[upkeep]
|-damage|p2a: Zapdos|94/100|[from] Sandstorm
|-damage|p1a: Great Musk|50/100 slp|[from] Sandstorm
|-heal|p2a: Zapdos|100/100|[from] item: Leftovers
|-heal|p1a: Great Musk|56/100 slp|[from] item: Leftovers
|upkeep
|turn|11
|
|t:|1729721953
|move|p2a: Zapdos|Thunderbolt|p1a: Great Musk
|-supereffective|p1a: Great Musk
|-damage|p1a: Great Musk|0 fnt
|faint|p1a: Great Musk
|
|t:|1729721956
|switch|p1a: Iron Coward|Celebi|86/100
|-damage|p1a: Iron Coward|74/100|[from] Spikes
|
|-weather|Sandstorm|[upkeep]
|-damage|p1a: Iron Coward|68/100|[from] Sandstorm
|-damage|p2a: Zapdos|94/100|[from] Sandstorm
|-heal|p1a: Iron Coward|74/100|[from] item: Leftovers
|-heal|p2a: Zapdos|100/100|[from] item: Leftovers
|upkeep
|turn|12
|
|t:|1729721961
|move|p1a: Iron Coward|Calm Mind|p1a: Iron Coward
|-boost|p1a: Iron Coward|spa|1
|-boost|p1a: Iron Coward|spd|1
|move|p2a: Zapdos|Toxic|p1a: Iron Coward
|-status|p1a: Iron Coward|tox
|
|-weather|Sandstorm|[upkeep]
|-damage|p1a: Iron Coward|68/100 tox|[from] Sandstorm
|-damage|p2a: Zapdos|94/100|[from] Sandstorm
|-heal|p1a: Iron Coward|74/100 tox|[from] item: Leftovers
|-damage|p1a: Iron Coward|68/100 tox|[from] psn
|-heal|p2a: Zapdos|100/100|[from] item: Leftovers
|upkeep
|turn|13
|
|t:|1729721970
|move|p1a: Iron Coward|Leech Seed|p2a: Zapdos
|-start|p2a: Zapdos|move: Leech Seed
|move|p2a: Zapdos|Toxic|p1a: Iron Coward
|-fail|p1a: Iron Coward|tox
|
|-weather|Sandstorm|[upkeep]
|-damage|p1a: Iron Coward|61/100 tox|[from] Sandstorm
|-damage|p2a: Zapdos|94/100|[from] Sandstorm
|-heal|p1a: Iron Coward|68/100 tox|[from] item: Leftovers
|-damage|p1a: Iron Coward|55/100 tox|[from] psn
|-heal|p2a: Zapdos|100/100|[from] item: Leftovers
|-damage|p2a: Zapdos|88/100|[from] Leech Seed|[of] p1a: Iron Coward
|-heal|p1a: Iron Coward|66/100 tox|[silent]
|upkeep
|turn|14
|
|t:|1729721975
|switch|p2a: Tyranitar|Tyranitar, M|88/100
|move|p1a: Iron Coward|Baton Pass|p1a: Iron Coward
|
|t:|1729721983
|-curestatus|p1a: Iron Coward|tox|[from] ability: Natural Cure
|switch|p1a: Running Wake|Kingdra, F|100/100|[from] Baton Pass
|-damage|p1a: Running Wake|88/100|[from] Spikes
|
|-weather|Sandstorm|[upkeep]
|-damage|p1a: Running Wake|82/100|[from] Sandstorm
|upkeep
|turn|15
|inactive|xGangg has 270 seconds left.
|inactive|xGangg has 240 seconds left.
|
|t:|1729722053
|switch|p2a: Zapdos|Zapdos|88/100
|move|p1a: Running Wake|Surf|p2a: Zapdos
|-damage|p2a: Zapdos|10/100
|
|-weather|Sandstorm|[upkeep]
|-damage|p2a: Zapdos|4/100|[from] Sandstorm
|-damage|p1a: Running Wake|76/100|[from] Sandstorm
|-heal|p2a: Zapdos|10/100|[from] item: Leftovers
|upkeep
|turn|16
|
|t:|1729722062
|move|p2a: Zapdos|Toxic|p1a: Running Wake
|-status|p1a: Running Wake|tox
|-enditem|p1a: Running Wake|Lum Berry|[eat]
|-curestatus|p1a: Running Wake|tox|[msg]
|move|p1a: Running Wake|Ice Beam|p2a: Zapdos
|-supereffective|p2a: Zapdos
|-damage|p2a: Zapdos|0 fnt
|faint|p2a: Zapdos
|
|t:|1729722071
|switch|p2a: Gengar|Gengar, M|100/100
|
|-weather|Sandstorm|[upkeep]
|-damage|p2a: Gengar|94/100|[from] Sandstorm
|-damage|p1a: Running Wake|70/100|[from] Sandstorm
|-heal|p2a: Gengar|100/100|[from] item: Leftovers
|upkeep
|turn|17
|
|t:|1729722086
|switch|p1a: Iron Coward|Celebi|66/100
|-damage|p1a: Iron Coward|53/100|[from] Spikes
|move|p2a: Gengar|Explosion|p1a: Iron Coward
|-damage|p1a: Iron Coward|0 fnt
|faint|p2a: Gengar
|faint|p1a: Iron Coward
|inactive|xGangg has 240 seconds left.
|
|t:|1729722121
|switch|p2a: Swampert|Swampert, F|100/100
|switch|p1a: Roaring Sun|Dugtrio, M|100/100
|-damage|p1a: Roaring Sun|88/100|[from] Spikes
|
|-weather|Sandstorm|[upkeep]
|upkeep
|turn|18
|
|t:|1729722129
|switch|p1a: Silverdengo|Porygon2, shiny|100/100
|-damage|p1a: Silverdengo|88/100|[from] Spikes
|-ability|p1a: Silverdengo|Torrent|[from] ability: Trace|[of] p2a: Swampert
|move|p2a: Swampert|Substitute|p2a: Swampert
|-start|p2a: Swampert|Substitute
|-damage|p2a: Swampert|76/100
|
|-weather|Sandstorm|[upkeep]
|-damage|p1a: Silverdengo|82/100|[from] Sandstorm
|-heal|p1a: Silverdengo|88/100|[from] item: Leftovers
|upkeep
|turn|19
|
|t:|1729722132
|move|p2a: Swampert|Ice Beam|p1a: Silverdengo
|-damage|p1a: Silverdengo|66/100
|-status|p1a: Silverdengo|frz
|cant|p1a: Silverdengo|frz
|
|-weather|Sandstorm|[upkeep]
|-damage|p1a: Silverdengo|60/100 frz|[from] Sandstorm
|-heal|p1a: Silverdengo|66/100 frz|[from] item: Leftovers
|upkeep
|turn|20
|
|t:|1729722137
|move|p2a: Swampert|Hydro Pump|p1a: Silverdengo
|-damage|p1a: Silverdengo|21/100 frz
|cant|p1a: Silverdengo|frz
|
|-weather|Sandstorm|[upkeep]
|-damage|p1a: Silverdengo|15/100 frz|[from] Sandstorm
|-heal|p1a: Silverdengo|21/100 frz|[from] item: Leftovers
|upkeep
|turn|21
|
|t:|1729722140
|move|p2a: Swampert|Hydro Pump|p1a: Silverdengo|[miss]
|-miss|p2a: Swampert|p1a: Silverdengo
|cant|p1a: Silverdengo|frz
|
|-weather|Sandstorm|[upkeep]
|-damage|p1a: Silverdengo|15/100 frz|[from] Sandstorm
|-heal|p1a: Silverdengo|21/100 frz|[from] item: Leftovers
|upkeep
|turn|22
|
|t:|1729722143
|move|p2a: Swampert|Ice Beam|p1a: Silverdengo
|-damage|p1a: Silverdengo|0 fnt
|faint|p1a: Silverdengo
|
|t:|1729722146
|switch|p1a: Running Wake|Kingdra, F|70/100
|-damage|p1a: Running Wake|58/100|[from] Spikes
|
|-weather|Sandstorm|[upkeep]
|-damage|p1a: Running Wake|51/100|[from] Sandstorm
|upkeep
|turn|23
|inactive|xGangg has 270 seconds left.
|
|t:|1729722161
|move|p1a: Running Wake|Rain Dance|p1a: Running Wake
|-weather|RainDance
|move|p2a: Swampert|Ice Beam|p1a: Running Wake
|-damage|p1a: Running Wake|23/100
|
|-weather|RainDance|[upkeep]
|upkeep
|turn|24
|inactive|xGangg has 270 seconds left.
|
|t:|1729722173
|move|p1a: Running Wake|Surf|p2a: Swampert
|-end|p2a: Swampert|Substitute
|move|p2a: Swampert|Substitute|p2a: Swampert
|-start|p2a: Swampert|Substitute
|-damage|p2a: Swampert|51/100
|
|-weather|RainDance|[upkeep]
|upkeep
|turn|25
|
|t:|1729722177
|move|p1a: Running Wake|Surf|p2a: Swampert
|-end|p2a: Swampert|Substitute
|move|p2a: Swampert|Substitute|p2a: Swampert
|-start|p2a: Swampert|Substitute
|-damage|p2a: Swampert|26/100
|
|-weather|RainDance|[upkeep]
|upkeep
|turn|26
|
|t:|1729722181
|move|p1a: Running Wake|Surf|p2a: Swampert
|-end|p2a: Swampert|Substitute
|move|p2a: Swampert|Substitute|p2a: Swampert
|-start|p2a: Swampert|Substitute
|-damage|p2a: Swampert|1/100
|
|-weather|RainDance|[upkeep]
|-enditem|p2a: Swampert|Salac Berry|[eat]
|-boost|p2a: Swampert|spe|1|[from] item: Salac Berry
|upkeep
|turn|27
|
|t:|1729722185
|move|p1a: Running Wake|Surf|p2a: Swampert
|-end|p2a: Swampert|Substitute
|move|p2a: Swampert|Ice Beam|p1a: Running Wake
|-damage|p1a: Running Wake|0 fnt
|faint|p1a: Running Wake
|
|t:|1729722189
|switch|p1a: Queengambit|Raikou, shiny|63/100
|-damage|p1a: Queengambit|51/100|[from] Spikes
|
|-weather|none
|-heal|p1a: Queengambit|57/100|[from] item: Leftovers
|upkeep
|turn|28
|
|t:|1729722194
|move|p1a: Queengambit|Hidden Power|p2a: Swampert
|-supereffective|p2a: Swampert
|-damage|p2a: Swampert|0 fnt
|faint|p2a: Swampert
|
|t:|1729722209
|switch|p2a: Metagross|Metagross|62/100
|
|-heal|p1a: Queengambit|63/100|[from] item: Leftovers
|-heal|p2a: Metagross|68/100|[from] item: Leftovers
|upkeep
|turn|29
|
|t:|1729722212
|move|p1a: Queengambit|Thunderbolt|p2a: Metagross
|-damage|p2a: Metagross|19/100
|move|p2a: Metagross|Agility|p2a: Metagross
|-boost|p2a: Metagross|spe|2
|
|-heal|p2a: Metagross|25/100|[from] item: Leftovers
|-heal|p1a: Queengambit|69/100|[from] item: Leftovers
|upkeep
|turn|30
|
|t:|1729722216
|move|p2a: Metagross|Earthquake|p1a: Queengambit
|-supereffective|p1a: Queengambit
|-damage|p1a: Queengambit|0 fnt
|faint|p1a: Queengambit
|
|t:|1729722222
|switch|p1a: Roaring Sun|Dugtrio, M|88/100
|-damage|p1a: Roaring Sun|76/100|[from] Spikes
|
|-heal|p2a: Metagross|31/100|[from] item: Leftovers
|upkeep
|turn|31
|
|t:|1729722225
|move|p2a: Metagross|Earthquake|p1a: Roaring Sun
|-damage|p1a: Roaring Sun|0 fnt
|faint|p1a: Roaring Sun
|
|win|xGangg
|c|☆xGangg|gg
|c|☆mysticaisand|gg
|player|p1|

</script>
<script type="application/json" class="data" id="replaydata-smogtours-gen3ou-801448">
{"id":"smogtours-gen3ou-801448","format":"[Gen 3] OU","players":["mysticaisand","xGangg"],"uploadtime":1729722225,"views":87,"formatid":"gen3ou","rating":null,"private":0,"password":null}
</script>

<script defer src="js/replays.js?9d40a366"></script>
