<!DOCTYPE html>
<meta charset="utf-8" />
<meta name="viewport" content="width=device-width" />

<title>[Gen 3] OU: naisuneicha vs. Humorous Husband - Replays - Pok&eacute;mon Showdown!</title>

<meta name="description" content="Watch a replay of a Pok&eacute;mon battle between naisuneicha and Humorous Husband! Format: [Gen 3] OU; Date: Oct 15, 2024" />
<!--

Hey, you! Looking in the source for the replay log?

You can find them in JSON format, just add `.json` at the end of a replay URL.

https://replay.pokemonshowdown.com/gen7randomdoublesbattle-865046831.json

Or, if you only need the log itself, add `.log` instead:

https://replay.pokemonshowdown.com/gen7randomdoublesbattle-865046831.log

-->

<link rel="stylesheet" href="//pokemonshowdown.com/style/global.css?0.023195364461161105" />
<link rel="stylesheet" href="//play.pokemonshowdown.com/style/font-awesome.css?0.13261647063804238" />
<link rel="stylesheet" href="//play.pokemonshowdown.com/style/battle.css?0.8753245789963631" />
<link rel="stylesheet" href="//play.pokemonshowdown.com/style/utilichart.css?0.8627959624976733" />

<!-- Global site tag (gtag.js) - Google Analytics -->
<script async src="https://www.googletagmanager.com/gtag/js?id=UA-26211653-1"></script>
<script>
  window.dataLayer = window.dataLayer || [];
  function gtag(){dataLayer.push(arguments);}
  gtag('js', new Date());

  gtag('config', 'UA-26211653-1');
</script>
<!-- End Google Analytics -->
<!-- Venatus Ad Manager - Install in <HEAD> of page -->
	<script src="https://hb.vntsm.com/v3/live/ad-manager.min.js" type="text/javascript" data-site-id="642aba63ec9a7b11c3c9c1be" data-mode="scan" async></script>
<!-- / Venatus Ad Manager -->

<style>
	@media (max-width:820px) {
		.battle {
			margin: 0 auto;
		}
		.battle-log {
			margin: 7px auto 0;
			max-width: 640px;
			height: 300px;
			position: static;
		}
	}
	.optgroup {
		display: inline-block;
		line-height: 22px;
		font-size: 10pt;
	}
	.optgroup .button {
		height: 25px;
		padding-top: 0;
		padding-bottom: 0;
	}
	.optgroup button.button {
		padding-left: 12px;
		padding-right: 12px;
	}
	.linklist {
		list-style: none;
		margin: 0.5em 0;
		padding: 0;
	}
	.linklist li {
		padding: 2px 0;
	}
	.sidebar {
		float: left;
		width: 320px;
	}
	.bar-wrapper {
		max-width: 1100px;
		margin: 0 auto;
	}
	.bar-wrapper.has-sidebar {
		max-width: 1430px;
	}
	.mainbar {
		margin: 0;
		padding-right: 1px;
	}
	.mainbar.has-sidebar {
		margin-left: 330px;
	}
	@media (min-width: 1511px) {
		.sidebar {
			width: 400px;
		}
		.bar-wrapper.has-sidebar {
			max-width: 1510px;
		}
		.mainbar.has-sidebar {
			margin-left: 410px;
		}
	}
	.section.first-section {
		margin-top: 9px;
	}
	.blocklink small {
		white-space: normal;
	}
	.button {
		vertical-align: middle;
	}
	.replay-controls {
		padding-top: 10px;
	}
	.replay-controls h1 {
		font-size: 16pt;
		font-weight: normal;
		color: #CCC;
	}
	.pagelink {
		text-align: center;
	}
	.pagelink a {
		width: 150px;
	}
	.textbox, .button {
		font-size: 11pt;
		vertical-align: middle;
	}
	@media (max-width: 450px) {
		.button {
			font-size: 9pt;
		}
	}
</style>

<div>

	<header>
		<div class="nav-wrapper"><ul class="nav">
			<li><a class="button nav-first" href="//pokemonshowdown.com/"><img src="//pokemonshowdown.com/images/pokemonshowdownbeta.png" srcset="//pokemonshowdown.com/images/pokemonshowdownbeta.png 1x, //pokemonshowdown.com/images/pokemonshowdownbeta@2x.png 2x" alt="Pok&eacute;mon Showdown" width="146" height="44" /> Home</a></li>
			<li><a class="button" href="//pokemonshowdown.com/dex/">Pok&eacute;dex</a></li>
			<li><a class="button cur" href="/">Replays</a></li>
			<li><a class="button" href="//pokemonshowdown.com/ladder/">Ladder</a></li>
			<li><a class="button nav-last" href="//pokemonshowdown.com/forums/">Forum</a></li>
			<li><a class="button greenbutton nav-first nav-last" href="//play.pokemonshowdown.com/">Play</a></li>
		</ul></div>
	</header>

	<div class="main" id="main">

		<noscript><section class="section">You need to enable JavaScript to use this page; sorry!</section></noscript>

	</div>

</div>

<script defer nomodule src="//play.pokemonshowdown.com/js/lib/ps-polyfill.js"></script>
<script defer src="//play.pokemonshowdown.com/js/lib/preact.min.js"></script>

<script defer src="//play.pokemonshowdown.com/config/config.js?2bddbc15"></script>
<script defer src="//play.pokemonshowdown.com/js/lib/jquery-1.11.0.min.js"></script>
<script defer src="//play.pokemonshowdown.com/js/lib/html-sanitizer-minified.js"></script>
<script defer src="//play.pokemonshowdown.com/js/battle-sound.js"></script>
<script defer src="//play.pokemonshowdown.com/js/battledata.js?0.7209276989879541"></script>
<script defer src="//play.pokemonshowdown.com/data/pokedex-mini.js?0.6111056340867951"></script>
<script defer src="//play.pokemonshowdown.com/data/pokedex-mini-bw.js?0.3532142036491459"></script>
<script defer src="//play.pokemonshowdown.com/data/graphics.js?0.24223875632456182"></script>
<script defer src="//play.pokemonshowdown.com/data/pokedex.js?0.38839984266356864"></script>
<script defer src="//play.pokemonshowdown.com/data/moves.js?0.21866028504024015"></script>
<script defer src="//play.pokemonshowdown.com/data/abilities.js?0.2005157953846628"></script>
<script defer src="//play.pokemonshowdown.com/data/items.js?0.9894211263848525"></script>
<script defer src="//play.pokemonshowdown.com/data/teambuilder-tables.js?0.6008791140282215"></script>
<script defer src="//play.pokemonshowdown.com/js/battle-tooltips.js?0.7580118955022959"></script>
<script defer src="//play.pokemonshowdown.com/js/battle.js?0.6057722274234274"></script>

<script defer src="js/utils.js?e31f9a17"></script>
<script defer src="js/replays-battle.js?7008c182"></script>

<!-- don't scrape this data! just add .json or .log after the URL!
Full API docs: https://github.com/smogon/pokemon-showdown-client/blob/master/WEB-API.md -->
<script type="text/plain" class="log" id="replaylog-smogtours-gen3ou-799050">
|inactive|Battle timer is ON: inactive players will automatically lose when time's up.
|t:|1729030456
|gametype|singles
|player|p1|naisuneicha|karen|
|player|p2|Humorous Husband|wattson|
|teamsize|p1|6
|teamsize|p2|6
|gen|3
|tier|[Gen 3] OU
|rule|Sleep Clause Mod: Limit one foe put to sleep
|rule|Switch Priority Clause Mod: Faster Pokémon switch first
|rule|Species Clause: Limit one of each Pokémon
|rule|OHKO Clause: OHKO moves are banned
|rule|Evasion Items Clause: Evasion items are banned
|rule|Evasion Moves Clause: Evasion moves are banned
|rule|Endless Battle Clause: Forcing endless battles is banned
|rule|HP Percentage Mod: HP is shown in percentages
|rule|One Boost Passer Clause: Limit one Baton Passer that has a way to boost its stats
|rule|Freeze Clause Mod: Limit one foe frozen
|
|t:|1729030456
|start
|switch|p1a: Tyranitar|Tyranitar, F|100/100
|switch|p2a: Chef Boyardee|Zapdos|100/100
|-weather|Sandstorm|[from] ability: Sand Stream|[of] p1a: Tyranitar
|turn|1
|
|t:|1729030481
|switch|p2a: Chef Boyarbee|Skarmory, F, shiny|100/100
|move|p1a: Tyranitar|Rock Slide|p2a: Chef Boyarbee
|-damage|p2a: Chef Boyarbee|64/100
|
|-weather|Sandstorm|[upkeep]
|-heal|p2a: Chef Boyarbee|70/100|[from] item: Leftovers
|upkeep
|turn|2
|
|t:|1729030490
|switch|p1a: Magneton|Magneton|100/100
|move|p2a: Chef Boyarbee|Toxic|p1a: Magneton
|-immune|p1a: Magneton
|
|-weather|Sandstorm|[upkeep]
|-heal|p2a: Chef Boyarbee|76/100|[from] item: Leftovers
|upkeep
|turn|3
|
|t:|1729030496
|move|p2a: Chef Boyarbee|Protect|p2a: Chef Boyarbee
|-singleturn|p2a: Chef Boyarbee|Protect
|move|p1a: Magneton|Thunderbolt|p2a: Chef Boyarbee
|-activate|p2a: Chef Boyarbee|Protect
|
|-weather|Sandstorm|[upkeep]
|-heal|p2a: Chef Boyarbee|82/100|[from] item: Leftovers
|upkeep
|turn|4
|
|t:|1729030507
|move|p1a: Magneton|Thunderbolt|p2a: Chef Boyarbee
|-supereffective|p2a: Chef Boyarbee
|-damage|p2a: Chef Boyarbee|0 fnt
|faint|p2a: Chef Boyarbee
|
|t:|1729030521
|switch|p2a: Chef Beer a Boy|Claydol, shiny|100/100
|
|-weather|Sandstorm|[upkeep]
|upkeep
|turn|5
|
|t:|1729030532
|move|p2a: Chef Beer a Boy|Earthquake|p1a: Magneton
|-supereffective|p1a: Magneton
|-damage|p1a: Magneton|0 fnt
|faint|p1a: Magneton
|inactive|naisuneicha has 270 seconds left.
|
|t:|1729030568
|switch|p1a: Celebi|Celebi|100/100
|
|-weather|Sandstorm|[upkeep]
|-damage|p1a: Celebi|94/100|[from] Sandstorm
|-heal|p1a: Celebi|100/100|[from] item: Leftovers
|upkeep
|turn|6
|
|t:|1729030584
|switch|p2a: Chef Bayabooey|Tyranitar, M, shiny|100/100
|switch|p1a: Tyranitar|Tyranitar, F|100/100
|
|-weather|Sandstorm|[upkeep]
|upkeep
|turn|7
|
|t:|1729030595
|switch|p2a: Chef Read a Book|Gengar, M, shiny|100/100
|move|p1a: Tyranitar|Substitute|p1a: Tyranitar
|-start|p1a: Tyranitar|Substitute
|-damage|p1a: Tyranitar|76/100
|
|-weather|Sandstorm|[upkeep]
|-damage|p2a: Chef Read a Book|94/100|[from] Sandstorm
|-heal|p2a: Chef Read a Book|100/100|[from] item: Leftovers
|-heal|p1a: Tyranitar|82/100|[from] item: Leftovers
|upkeep
|turn|8
|
|t:|1729030605
|move|p2a: Chef Read a Book|Thunderbolt|p1a: Tyranitar
|-end|p1a: Tyranitar|Substitute
|move|p1a: Tyranitar|Rock Slide|p2a: Chef Read a Book
|-damage|p2a: Chef Read a Book|11/100
|
|-weather|Sandstorm|[upkeep]
|-damage|p2a: Chef Read a Book|5/100|[from] Sandstorm
|-heal|p2a: Chef Read a Book|11/100|[from] item: Leftovers
|-heal|p1a: Tyranitar|88/100|[from] item: Leftovers
|upkeep
|turn|9
|
|t:|1729030621
|switch|p2a: Chef Da Boy Ree|Metagross, shiny|100/100
|move|p1a: Tyranitar|Hidden Power|p2a: Chef Da Boy Ree
|-damage|p2a: Chef Da Boy Ree|74/100
|
|-weather|Sandstorm|[upkeep]
|-heal|p1a: Tyranitar|94/100|[from] item: Leftovers
|upkeep
|turn|10
|inactive|naisuneicha has 270 seconds left.
|
|t:|1729030647
|switch|p1a: Gyarados|Gyarados, F, shiny|100/100
|-ability|p1a: Gyarados|Intimidate|boost
|-fail|p2a: Chef Da Boy Ree|unboost|[from] ability: Clear Body|[of] p2a: Chef Da Boy Ree
|move|p2a: Chef Da Boy Ree|Meteor Mash|p1a: Gyarados
|-resisted|p1a: Gyarados
|-damage|p1a: Gyarados|50/100
|-boost|p2a: Chef Da Boy Ree|atk|1
|
|-weather|Sandstorm|[upkeep]
|-damage|p1a: Gyarados|44/100|[from] Sandstorm
|upkeep
|turn|11
|inactive|naisuneicha has 270 seconds left.
|inactive|Humorous Husband has 270 seconds left.
|
|t:|1729030676
|move|p1a: Gyarados|Earthquake|p2a: Chef Da Boy Ree
|-supereffective|p2a: Chef Da Boy Ree
|-damage|p2a: Chef Da Boy Ree|8/100
|move|p2a: Chef Da Boy Ree|Meteor Mash|p1a: Gyarados
|-resisted|p1a: Gyarados
|-damage|p1a: Gyarados|0 fnt
|faint|p1a: Gyarados
|
|t:|1729030694
|switch|p1a: Aerodactyl|Aerodactyl, M|100/100
|
|-weather|Sandstorm|[upkeep]
|upkeep
|turn|12
|
|t:|1729030702
|switch|p2a: Chef Read a Book|Gengar, M, shiny|11/100
|move|p1a: Aerodactyl|Hidden Power|p2a: Chef Read a Book
|-damage|p2a: Chef Read a Book|0 fnt
|faint|p2a: Chef Read a Book
|inactive|Humorous Husband has 270 seconds left.
|
|t:|1729030717
|switch|p2a: Chef Bayabooey|Tyranitar, M, shiny|100/100
|
|-weather|Sandstorm|[upkeep]
|upkeep
|turn|13
|
|t:|1729030723
|switch|p1a: Metagross|Metagross|100/100
|switch|p2a: Chef Beer a Boy|Claydol, shiny|100/100
|
|-weather|Sandstorm|[upkeep]
|upkeep
|turn|14
|inactive|naisuneicha has 270 seconds left.
|inactive|Humorous Husband has 270 seconds left.
|
|t:|1729030749
|switch|p1a: Celebi|Celebi|100/100
|move|p2a: Chef Beer a Boy|Earthquake|p1a: Celebi
|-resisted|p1a: Celebi
|-damage|p1a: Celebi|92/100
|
|-weather|Sandstorm|[upkeep]
|-damage|p1a: Celebi|86/100|[from] Sandstorm
|-heal|p1a: Celebi|92/100|[from] item: Leftovers
|upkeep
|turn|15
|inactive|naisuneicha has 270 seconds left.
|
|t:|1729030757
|switch|p2a: Chef Boyardee|Zapdos|100/100
|move|p1a: Celebi|Leech Seed|p2a: Chef Boyardee
|-start|p2a: Chef Boyardee|move: Leech Seed
|
|-weather|Sandstorm|[upkeep]
|-damage|p2a: Chef Boyardee|94/100|[from] Sandstorm
|-damage|p1a: Celebi|86/100|[from] Sandstorm
|-heal|p2a: Chef Boyardee|100/100|[from] item: Leftovers
|-damage|p2a: Chef Boyardee|88/100|[from] Leech Seed|[of] p1a: Celebi
|-heal|p1a: Celebi|96/100|[silent]
|-heal|p1a: Celebi|100/100|[from] item: Leftovers
|upkeep
|turn|16
|inactive|Humorous Husband has 270 seconds left.
|inactive|naisuneicha has 270 seconds left.
|
|t:|1729030784
|move|p2a: Chef Boyardee|Agility|p2a: Chef Boyardee
|-boost|p2a: Chef Boyardee|spe|2
|move|p1a: Celebi|Swords Dance|p1a: Celebi
|-boost|p1a: Celebi|atk|2
|
|-weather|Sandstorm|[upkeep]
|-damage|p2a: Chef Boyardee|82/100|[from] Sandstorm
|-damage|p1a: Celebi|94/100|[from] Sandstorm
|-heal|p2a: Chef Boyardee|88/100|[from] item: Leftovers
|-damage|p2a: Chef Boyardee|76/100|[from] Leech Seed|[of] p1a: Celebi
|-heal|p1a: Celebi|100/100|[silent]
|upkeep
|turn|17
|inactive|Humorous Husband has 270 seconds left.
|
|t:|1729030795
|move|p2a: Chef Boyardee|Thunder Wave|p1a: Celebi
|-status|p1a: Celebi|par
|move|p1a: Celebi|Baton Pass|p1a: Celebi
|inactive|naisuneicha has 240 seconds left.
|
|t:|1729030830
|-curestatus|p1a: Celebi|par|[from] ability: Natural Cure
|switch|p1a: Tyranitar|Tyranitar, F|94/100|[from] Baton Pass
|
|-weather|Sandstorm|[upkeep]
|-damage|p2a: Chef Boyardee|69/100|[from] Sandstorm
|-heal|p2a: Chef Boyardee|76/100|[from] item: Leftovers
|-damage|p2a: Chef Boyardee|63/100|[from] Leech Seed|[of] p1a: Tyranitar
|-heal|p1a: Tyranitar|100/100|[silent]
|upkeep
|turn|18
|inactive|Humorous Husband has 270 seconds left.
|
|t:|1729030850
|move|p2a: Chef Boyardee|Thunder Wave|p1a: Tyranitar
|-status|p1a: Tyranitar|par
|cant|p1a: Tyranitar|par
|
|-weather|Sandstorm|[upkeep]
|-damage|p2a: Chef Boyardee|57/100|[from] Sandstorm
|-heal|p2a: Chef Boyardee|63/100|[from] item: Leftovers
|-damage|p2a: Chef Boyardee|51/100|[from] Leech Seed|[of] p1a: Tyranitar
|upkeep
|turn|19
|inactive|Humorous Husband has 270 seconds left.
|
|t:|1729030863
|move|p2a: Chef Boyardee|Baton Pass|p2a: Chef Boyardee
|
|t:|1729030864
|switch|p2a: Chef Beer a Boy|Claydol, shiny|100/100|[from] Baton Pass
|move|p1a: Tyranitar|Substitute|p1a: Tyranitar
|-start|p1a: Tyranitar|Substitute
|-damage|p1a: Tyranitar|76/100 par
|
|-weather|Sandstorm|[upkeep]
|-damage|p2a: Chef Beer a Boy|88/100|[from] Leech Seed|[of] p1a: Tyranitar
|-heal|p1a: Tyranitar|86/100 par|[silent]
|-heal|p1a: Tyranitar|92/100 par|[from] item: Leftovers
|upkeep
|turn|20
|
|t:|1729030874
|move|p2a: Chef Beer a Boy|Earthquake|p1a: Tyranitar
|-supereffective|p1a: Tyranitar
|-end|p1a: Tyranitar|Substitute
|move|p1a: Tyranitar|Hidden Power|p2a: Chef Beer a Boy
|-supereffective|p2a: Chef Beer a Boy
|-damage|p2a: Chef Beer a Boy|0 fnt
|faint|p2a: Chef Beer a Boy
|inactive|Humorous Husband has 270 seconds left.
|
|t:|1729030890
|switch|p2a: Chef Bayabooey|Tyranitar, M, shiny|100/100
|
|-weather|Sandstorm|[upkeep]
|-heal|p1a: Tyranitar|98/100 par|[from] item: Leftovers
|upkeep
|turn|21
|inactive|naisuneicha has 270 seconds left.
|inactive|Humorous Husband has 270 seconds left.
|inactive|Humorous Husband has 240 seconds left.
|
|t:|1729030933
|move|p2a: Chef Bayabooey|Hidden Power|p1a: Tyranitar
|-supereffective|p1a: Tyranitar
|-damage|p1a: Tyranitar|66/100 par
|move|p1a: Tyranitar|Substitute|p1a: Tyranitar
|-start|p1a: Tyranitar|Substitute
|-damage|p1a: Tyranitar|41/100 par
|
|-weather|Sandstorm|[upkeep]
|-heal|p1a: Tyranitar|48/100 par|[from] item: Leftovers
|upkeep
|turn|22
|
|t:|1729030942
|-singleturn|p1a: Tyranitar|move: Focus Punch
|move|p2a: Chef Bayabooey|Hidden Power|p1a: Tyranitar
|-supereffective|p1a: Tyranitar
|-crit|p1a: Tyranitar
|-end|p1a: Tyranitar|Substitute
|cant|p1a: Tyranitar|par
|
|-weather|Sandstorm|[upkeep]
|-heal|p1a: Tyranitar|54/100 par|[from] item: Leftovers
|upkeep
|turn|23
|c|☆naisuneicha|noo
|
|t:|1729030953
|-singleturn|p2a: Chef Bayabooey|move: Focus Punch
|cant|p1a: Tyranitar|par
|move|p2a: Chef Bayabooey|Focus Punch|p1a: Tyranitar
|-supereffective|p1a: Tyranitar
|-damage|p1a: Tyranitar|0 fnt
|faint|p1a: Tyranitar
|inactive|naisuneicha has 240 seconds left.
|c|☆naisuneicha|this is insame 
|c|☆Humorous Husband|This is insane.
|inactive|naisuneicha has 210 seconds left.
|
|t:|1729031007
|switch|p1a: Celebi|Celebi|100/100
|
|-weather|Sandstorm|[upkeep]
|-damage|p1a: Celebi|94/100|[from] Sandstorm
|-heal|p1a: Celebi|100/100|[from] item: Leftovers
|upkeep
|turn|24
|
|t:|1729031012
|move|p2a: Chef Bayabooey|Fire Blast|p1a: Celebi
|-supereffective|p1a: Celebi
|-damage|p1a: Celebi|41/100
|move|p1a: Celebi|Leech Seed|p2a: Chef Bayabooey
|-start|p2a: Chef Bayabooey|move: Leech Seed
|
|-weather|Sandstorm|[upkeep]
|-damage|p1a: Celebi|35/100|[from] Sandstorm
|-damage|p2a: Chef Bayabooey|88/100|[from] Leech Seed|[of] p1a: Celebi
|-heal|p1a: Celebi|45/100|[silent]
|-heal|p1a: Celebi|51/100|[from] item: Leftovers
|upkeep
|turn|25
|
|t:|1729031027
|move|p2a: Chef Bayabooey|Rock Slide|p1a: Celebi
|-damage|p1a: Celebi|32/100
|cant|p1a: Celebi|flinch
|
|-weather|Sandstorm|[upkeep]
|-damage|p1a: Celebi|25/100|[from] Sandstorm
|-damage|p2a: Chef Bayabooey|76/100|[from] Leech Seed|[of] p1a: Celebi
|-heal|p1a: Celebi|36/100|[silent]
|-heal|p1a: Celebi|42/100|[from] item: Leftovers
|upkeep
|turn|26
|
|t:|1729031036
|move|p2a: Chef Bayabooey|Fire Blast|p1a: Celebi
|-supereffective|p1a: Celebi
|-damage|p1a: Celebi|0 fnt
|faint|p1a: Celebi
|
|t:|1729031043
|switch|p1a: Metagross|Metagross|100/100
|
|-weather|Sandstorm|[upkeep]
|-damage|p2a: Chef Bayabooey|64/100|[from] Leech Seed|[of] p1a: Metagross
|upkeep
|turn|27
|
|t:|1729031050
|move|p2a: Chef Bayabooey|Fire Blast|p1a: Metagross
|-supereffective|p1a: Metagross
|-damage|p1a: Metagross|21/100
|move|p1a: Metagross|Agility|p1a: Metagross
|-boost|p1a: Metagross|spe|2
|
|-weather|Sandstorm|[upkeep]
|-damage|p2a: Chef Bayabooey|51/100|[from] Leech Seed|[of] p1a: Metagross
|-heal|p1a: Metagross|33/100|[silent]
|upkeep
|turn|28
|inactive|Humorous Husband has 270 seconds left.
|inactive|naisuneicha has 210 seconds left.
|
|t:|1729031082
|switch|p2a: Chef Da Boy Ree|Metagross, shiny|8/100
|move|p1a: Metagross|Earthquake|p2a: Chef Da Boy Ree
|-supereffective|p2a: Chef Da Boy Ree
|-damage|p2a: Chef Da Boy Ree|0 fnt
|faint|p2a: Chef Da Boy Ree
|
|t:|1729031097
|switch|p2a: Chef Boyardee|Zapdos|51/100
|
|-weather|Sandstorm|[upkeep]
|-damage|p2a: Chef Boyardee|44/100|[from] Sandstorm
|-heal|p2a: Chef Boyardee|51/100|[from] item: Leftovers
|upkeep
|turn|29
|
|t:|1729031104
|move|p1a: Metagross|Rock Slide|p2a: Chef Boyardee
|-supereffective|p2a: Chef Boyardee
|-damage|p2a: Chef Boyardee|0 fnt
|faint|p2a: Chef Boyardee
|
|t:|1729031109
|switch|p2a: Chef Bayabooey|Tyranitar, M, shiny|51/100
|
|-weather|Sandstorm|[upkeep]
|upkeep
|turn|30
|inactive|Humorous Husband has 270 seconds left.
|c|☆Humorous Husband|gg
|c|☆naisuneicha|gg
|c|☆naisuneicha|the rng these two games were crazy 
|inactive|Humorous Husband has 240 seconds left.
|c|☆naisuneicha|someone should tally how many toxic misses we got last game lol
|c|☆Humorous Husband|Yes. 
|inactive|Humorous Husband has 210 seconds left.
|c|☆Humorous Husband|I choked on skarm I planned on to switch out and totally forgot.
|
|t:|1729031187
|move|p1a: Metagross|Earthquake|p2a: Chef Bayabooey
|-supereffective|p2a: Chef Bayabooey
|-damage|p2a: Chef Bayabooey|0 fnt
|faint|p2a: Chef Bayabooey
|
|win|naisuneicha
|c|☆naisuneicha|personally i never click toxic 
|c|☆naisuneicha|always spike so theres value on the field even if i do get magged 
|c|☆naisuneicha|and if they have a spinner with mag something tells me theyre very weak to dd tar or some kind of cleaner 

</script>
<script type="application/json" class="data" id="replaydata-smogtours-gen3ou-799050">
{"id":"smogtours-gen3ou-799050","format":"[Gen 3] OU","players":["naisuneicha","Humorous Husband"],"uploadtime":1729031187,"views":83,"formatid":"gen3ou","rating":null,"private":0,"password":null}
</script>

<script defer src="js/replays.js?9d40a366"></script>
