<!DOCTYPE html>
<meta charset="utf-8" />
<meta name="viewport" content="width=device-width" />

<title>[Gen 3] OU: Big Chungus irl vs. jank_city.mp4 - Replays - Pok&eacute;mon Showdown!</title>

<meta name="description" content="Watch a replay of a Pok&eacute;mon battle between Big Chungus irl and jank_city.mp4! Format: [Gen 3] OU; Date: Oct 12, 2024" />
<!--

Hey, you! Looking in the source for the replay log?

You can find them in JSON format, just add `.json` at the end of a replay URL.

https://replay.pokemonshowdown.com/gen7randomdoublesbattle-865046831.json

Or, if you only need the log itself, add `.log` instead:

https://replay.pokemonshowdown.com/gen7randomdoublesbattle-865046831.log

-->

<link rel="stylesheet" href="//pokemonshowdown.com/style/global.css?0.023195364461161105" />
<link rel="stylesheet" href="//play.pokemonshowdown.com/style/font-awesome.css?0.13261647063804238" />
<link rel="stylesheet" href="//play.pokemonshowdown.com/style/battle.css?0.8753245789963631" />
<link rel="stylesheet" href="//play.pokemonshowdown.com/style/utilichart.css?0.8627959624976733" />

<!-- Global site tag (gtag.js) - Google Analytics -->
<script async src="https://www.googletagmanager.com/gtag/js?id=UA-26211653-1"></script>
<script>
  window.dataLayer = window.dataLayer || [];
  function gtag(){dataLayer.push(arguments);}
  gtag('js', new Date());

  gtag('config', 'UA-26211653-1');
</script>
<!-- End Google Analytics -->
<!-- Venatus Ad Manager - Install in <HEAD> of page -->
	<script src="https://hb.vntsm.com/v3/live/ad-manager.min.js" type="text/javascript" data-site-id="642aba63ec9a7b11c3c9c1be" data-mode="scan" async></script>
<!-- / Venatus Ad Manager -->

<style>
	@media (max-width:820px) {
		.battle {
			margin: 0 auto;
		}
		.battle-log {
			margin: 7px auto 0;
			max-width: 640px;
			height: 300px;
			position: static;
		}
	}
	.optgroup {
		display: inline-block;
		line-height: 22px;
		font-size: 10pt;
	}
	.optgroup .button {
		height: 25px;
		padding-top: 0;
		padding-bottom: 0;
	}
	.optgroup button.button {
		padding-left: 12px;
		padding-right: 12px;
	}
	.linklist {
		list-style: none;
		margin: 0.5em 0;
		padding: 0;
	}
	.linklist li {
		padding: 2px 0;
	}
	.sidebar {
		float: left;
		width: 320px;
	}
	.bar-wrapper {
		max-width: 1100px;
		margin: 0 auto;
	}
	.bar-wrapper.has-sidebar {
		max-width: 1430px;
	}
	.mainbar {
		margin: 0;
		padding-right: 1px;
	}
	.mainbar.has-sidebar {
		margin-left: 330px;
	}
	@media (min-width: 1511px) {
		.sidebar {
			width: 400px;
		}
		.bar-wrapper.has-sidebar {
			max-width: 1510px;
		}
		.mainbar.has-sidebar {
			margin-left: 410px;
		}
	}
	.section.first-section {
		margin-top: 9px;
	}
	.blocklink small {
		white-space: normal;
	}
	.button {
		vertical-align: middle;
	}
	.replay-controls {
		padding-top: 10px;
	}
	.replay-controls h1 {
		font-size: 16pt;
		font-weight: normal;
		color: #CCC;
	}
	.pagelink {
		text-align: center;
	}
	.pagelink a {
		width: 150px;
	}
	.textbox, .button {
		font-size: 11pt;
		vertical-align: middle;
	}
	@media (max-width: 450px) {
		.button {
			font-size: 9pt;
		}
	}
</style>

<div>

	<header>
		<div class="nav-wrapper"><ul class="nav">
			<li><a class="button nav-first" href="//pokemonshowdown.com/"><img src="//pokemonshowdown.com/images/pokemonshowdownbeta.png" srcset="//pokemonshowdown.com/images/pokemonshowdownbeta.png 1x, //pokemonshowdown.com/images/pokemonshowdownbeta@2x.png 2x" alt="Pok&eacute;mon Showdown" width="146" height="44" /> Home</a></li>
			<li><a class="button" href="//pokemonshowdown.com/dex/">Pok&eacute;dex</a></li>
			<li><a class="button cur" href="/">Replays</a></li>
			<li><a class="button" href="//pokemonshowdown.com/ladder/">Ladder</a></li>
			<li><a class="button nav-last" href="//pokemonshowdown.com/forums/">Forum</a></li>
			<li><a class="button greenbutton nav-first nav-last" href="//play.pokemonshowdown.com/">Play</a></li>
		</ul></div>
	</header>

	<div class="main" id="main">

		<noscript><section class="section">You need to enable JavaScript to use this page; sorry!</section></noscript>

	</div>

</div>

<script defer nomodule src="//play.pokemonshowdown.com/js/lib/ps-polyfill.js"></script>
<script defer src="//play.pokemonshowdown.com/js/lib/preact.min.js"></script>

<script defer src="//play.pokemonshowdown.com/config/config.js?2bddbc15"></script>
<script defer src="//play.pokemonshowdown.com/js/lib/jquery-1.11.0.min.js"></script>
<script defer src="//play.pokemonshowdown.com/js/lib/html-sanitizer-minified.js"></script>
<script defer src="//play.pokemonshowdown.com/js/battle-sound.js"></script>
<script defer src="//play.pokemonshowdown.com/js/battledata.js?0.7209276989879541"></script>
<script defer src="//play.pokemonshowdown.com/data/pokedex-mini.js?0.6111056340867951"></script>
<script defer src="//play.pokemonshowdown.com/data/pokedex-mini-bw.js?0.3532142036491459"></script>
<script defer src="//play.pokemonshowdown.com/data/graphics.js?0.24223875632456182"></script>
<script defer src="//play.pokemonshowdown.com/data/pokedex.js?0.38839984266356864"></script>
<script defer src="//play.pokemonshowdown.com/data/moves.js?0.21866028504024015"></script>
<script defer src="//play.pokemonshowdown.com/data/abilities.js?0.2005157953846628"></script>
<script defer src="//play.pokemonshowdown.com/data/items.js?0.9894211263848525"></script>
<script defer src="//play.pokemonshowdown.com/data/teambuilder-tables.js?0.6008791140282215"></script>
<script defer src="//play.pokemonshowdown.com/js/battle-tooltips.js?0.7580118955022959"></script>
<script defer src="//play.pokemonshowdown.com/js/battle.js?0.6057722274234274"></script>

<script defer src="js/utils.js?e31f9a17"></script>
<script defer src="js/replays-battle.js?7008c182"></script>

<!-- don't scrape this data! just add .json or .log after the URL!
Full API docs: https://github.com/smogon/pokemon-showdown-client/blob/master/WEB-API.md -->
<script type="text/plain" class="log" id="replaylog-smogtours-gen3ou-797574">
|inactive|Battle timer is ON: inactive players will automatically lose when time's up.
|t:|1728752032
|gametype|singles
|player|p1|Big Chungus irl|firebreather|
|player|p2|jank_city.mp4|workerice|
|teamsize|p1|6
|teamsize|p2|6
|gen|3
|tier|[Gen 3] OU
|rule|Sleep Clause Mod: Limit one foe put to sleep
|rule|Switch Priority Clause Mod: Faster Pokémon switch first
|rule|Species Clause: Limit one of each Pokémon
|rule|OHKO Clause: OHKO moves are banned
|rule|Evasion Items Clause: Evasion items are banned
|rule|Evasion Moves Clause: Evasion moves are banned
|rule|Endless Battle Clause: Forcing endless battles is banned
|rule|HP Percentage Mod: HP is shown in percentages
|rule|One Boost Passer Clause: Limit one Baton Passer that has a way to boost its stats
|rule|Freeze Clause Mod: Limit one foe frozen
|
|t:|1728752032
|start
|switch|p1a: Tyranitar|Tyranitar, M|100/100
|switch|p2a: Metagross|Metagross|100/100
|-weather|Sandstorm|[from] ability: Sand Stream|[of] p1a: Tyranitar
|turn|1
|c|☆Big Chungus irl|gl and hf
|c|☆jank_city.mp4|glhf
|
|t:|1728752051
|move|p1a: Tyranitar|Protect|p1a: Tyranitar
|-singleturn|p1a: Tyranitar|Protect
|move|p2a: Metagross|Meteor Mash|p1a: Tyranitar
|-activate|p1a: Tyranitar|Protect
|
|-weather|Sandstorm|[upkeep]
|upkeep
|turn|2
|
|t:|1728752071
|switch|p1a: Swampert|Swampert, F|100/100
|move|p2a: Metagross|Meteor Mash|p1a: Swampert
|-resisted|p1a: Swampert
|-damage|p1a: Swampert|71/100
|
|-weather|Sandstorm|[upkeep]
|-heal|p1a: Swampert|77/100|[from] item: Leftovers
|upkeep
|turn|3
|inactive|jank_city.mp4 has 270 seconds left.
|inactive|jank_city.mp4 has 240 seconds left.
|
|t:|1728752121
|switch|p2a: Swampert|Swampert, M|100/100
|move|p1a: Swampert|Toxic|p2a: Swampert
|-status|p2a: Swampert|tox
|
|-weather|Sandstorm|[upkeep]
|-heal|p1a: Swampert|83/100|[from] item: Leftovers
|-damage|p2a: Swampert|94/100 tox|[from] psn
|upkeep
|turn|4
|inactive|jank_city.mp4 has 240 seconds left.
|
|t:|1728752142
|move|p1a: Swampert|Protect|p1a: Swampert
|-singleturn|p1a: Swampert|Protect
|move|p2a: Swampert|Hydro Pump|p1a: Swampert
|-activate|p1a: Swampert|Protect
|
|-weather|Sandstorm|[upkeep]
|-heal|p1a: Swampert|89/100|[from] item: Leftovers
|-heal|p2a: Swampert|100/100 tox|[from] item: Leftovers
|-damage|p2a: Swampert|88/100 tox|[from] psn
|upkeep
|turn|5
|
|t:|1728752163
|switch|p1a: Blissey|Blissey, F|100/100
|move|p2a: Swampert|Hydro Pump|p1a: Blissey|[miss]
|-miss|p2a: Swampert|p1a: Blissey
|
|-weather|Sandstorm|[upkeep]
|-damage|p1a: Blissey|94/100|[from] Sandstorm
|-heal|p2a: Swampert|94/100 tox|[from] item: Leftovers
|-damage|p2a: Swampert|76/100 tox|[from] psn
|-heal|p1a: Blissey|100/100|[from] item: Leftovers
|upkeep
|turn|6
|
|t:|1728752183
|switch|p2a: Metagross|Metagross|100/100
|switch|p1a: Moltres|Moltres|100/100
|
|-weather|Sandstorm|[upkeep]
|-damage|p1a: Moltres|94/100|[from] Sandstorm
|-heal|p1a: Moltres|100/100|[from] item: Leftovers
|upkeep
|turn|7
|
|t:|1728752194
|switch|p2a: Tail hitbox|Charizard, M, shiny|100/100
|move|p1a: Moltres|Flamethrower|p2a: Tail hitbox
|-resisted|p2a: Tail hitbox
|-damage|p2a: Tail hitbox|68/100
|
|-weather|Sandstorm|[upkeep]
|-damage|p2a: Tail hitbox|62/100|[from] Sandstorm
|-damage|p1a: Moltres|94/100|[from] Sandstorm
|-heal|p2a: Tail hitbox|68/100|[from] item: Leftovers
|-heal|p1a: Moltres|100/100|[from] item: Leftovers
|upkeep
|turn|8
|inactive|Big Chungus irl has 270 seconds left.
|inactive|jank_city.mp4 has 210 seconds left.
|inactive|Big Chungus irl has 240 seconds left.
|
|t:|1728752249
|move|p2a: Tail hitbox|Substitute|p2a: Tail hitbox
|-start|p2a: Tail hitbox|Substitute
|-damage|p2a: Tail hitbox|43/100
|move|p1a: Moltres|Flamethrower|p2a: Tail hitbox
|-resisted|p2a: Tail hitbox
|-end|p2a: Tail hitbox|Substitute
|
|-weather|Sandstorm|[upkeep]
|-damage|p2a: Tail hitbox|37/100|[from] Sandstorm
|-damage|p1a: Moltres|94/100|[from] Sandstorm
|-heal|p2a: Tail hitbox|43/100|[from] item: Leftovers
|-heal|p1a: Moltres|100/100|[from] item: Leftovers
|upkeep
|turn|9
|inactive|jank_city.mp4 has 210 seconds left.
|
|t:|1728752259
|move|p2a: Tail hitbox|Fire Blast|p1a: Moltres
|-resisted|p1a: Moltres
|-damage|p1a: Moltres|67/100
|move|p1a: Moltres|Flamethrower|p2a: Tail hitbox
|-resisted|p2a: Tail hitbox
|-damage|p2a: Tail hitbox|11/100
|
|-weather|Sandstorm|[upkeep]
|-damage|p2a: Tail hitbox|5/100|[from] Sandstorm
|-damage|p1a: Moltres|61/100|[from] Sandstorm
|-heal|p2a: Tail hitbox|11/100|[from] item: Leftovers
|-heal|p1a: Moltres|67/100|[from] item: Leftovers
|upkeep
|turn|10
|inactive|jank_city.mp4 has 210 seconds left.
|inactive|Big Chungus irl has 240 seconds left.
|
|t:|1728752274
|switch|p2a: Zapdos|Zapdos|100/100
|move|p1a: Moltres|Flamethrower|p2a: Zapdos
|-damage|p2a: Zapdos|45/100
|-status|p2a: Zapdos|brn
|
|-weather|Sandstorm|[upkeep]
|-damage|p2a: Zapdos|39/100 brn|[from] Sandstorm
|-damage|p1a: Moltres|61/100|[from] Sandstorm
|-heal|p2a: Zapdos|45/100 brn|[from] item: Leftovers
|-damage|p2a: Zapdos|33/100 brn|[from] brn
|-heal|p1a: Moltres|67/100|[from] item: Leftovers
|upkeep
|turn|11
|inactive|jank_city.mp4 has 210 seconds left.
|c|☆Big Chungus irl|sorry
|
|t:|1728752283
|switch|p1a: Blissey|Blissey, F|100/100
|move|p2a: Zapdos|Baton Pass|p2a: Zapdos
|inactive|jank_city.mp4 has 210 seconds left.
|c|☆jank_city.mp4|it's ok
|
|t:|1728752308
|switch|p2a: Snorlax|Snorlax, M|100/100|[from] Baton Pass
|
|-weather|Sandstorm|[upkeep]
|-damage|p1a: Blissey|94/100|[from] Sandstorm
|-damage|p2a: Snorlax|94/100|[from] Sandstorm
|-heal|p1a: Blissey|100/100|[from] item: Leftovers
|-heal|p2a: Snorlax|100/100|[from] item: Leftovers
|upkeep
|turn|12
|
|t:|1728752323
|switch|p1a: Gengar|Gengar, M|100/100
|move|p2a: Snorlax|Earthquake|p1a: Gengar
|-immune|p1a: Gengar
|
|-weather|Sandstorm|[upkeep]
|-damage|p1a: Gengar|94/100|[from] Sandstorm
|-damage|p2a: Snorlax|94/100|[from] Sandstorm
|-heal|p1a: Gengar|100/100|[from] item: Leftovers
|-heal|p2a: Snorlax|100/100|[from] item: Leftovers
|upkeep
|turn|13
|
|t:|1728752343
|move|p1a: Gengar|Will-O-Wisp|p2a: Snorlax
|-status|p2a: Snorlax|brn
|move|p2a: Snorlax|Shadow Ball|p1a: Gengar
|-supereffective|p1a: Gengar
|-damage|p1a: Gengar|60/100
|-unboost|p1a: Gengar|spd|1
|
|-weather|Sandstorm|[upkeep]
|-damage|p1a: Gengar|54/100|[from] Sandstorm
|-damage|p2a: Snorlax|94/100 brn|[from] Sandstorm
|-heal|p1a: Gengar|60/100|[from] item: Leftovers
|-heal|p2a: Snorlax|100/100 brn|[from] item: Leftovers
|-damage|p2a: Snorlax|88/100 brn|[from] brn
|upkeep
|turn|14
|inactive|Big Chungus irl has 270 seconds left.
|inactive|jank_city.mp4 has 180 seconds left.
|
|t:|1728752374
|switch|p1a: Tyranitar|Tyranitar, M|100/100
|move|p2a: Snorlax|Shadow Ball|p1a: Tyranitar
|-resisted|p1a: Tyranitar
|-damage|p1a: Tyranitar|96/100
|
|-weather|Sandstorm|[upkeep]
|-damage|p2a: Snorlax|82/100 brn|[from] Sandstorm
|-heal|p1a: Tyranitar|100/100|[from] item: Leftovers
|-heal|p2a: Snorlax|88/100 brn|[from] item: Leftovers
|-damage|p2a: Snorlax|76/100 brn|[from] brn
|upkeep
|turn|15
|
|t:|1728752382
|move|p1a: Tyranitar|Rock Slide|p2a: Snorlax
|-damage|p2a: Snorlax|33/100 brn
|move|p2a: Snorlax|Earthquake|p1a: Tyranitar
|-supereffective|p1a: Tyranitar
|-damage|p1a: Tyranitar|76/100
|
|-weather|Sandstorm|[upkeep]
|-damage|p2a: Snorlax|27/100 brn|[from] Sandstorm
|-heal|p1a: Tyranitar|83/100|[from] item: Leftovers
|-heal|p2a: Snorlax|33/100 brn|[from] item: Leftovers
|-damage|p2a: Snorlax|21/100 brn|[from] brn
|upkeep
|turn|16
|inactive|jank_city.mp4 has 180 seconds left.
|
|t:|1728752402
|switch|p2a: Metagross|Metagross|100/100
|move|p1a: Tyranitar|Earthquake|p2a: Metagross
|-supereffective|p2a: Metagross
|-damage|p2a: Metagross|37/100
|
|-weather|Sandstorm|[upkeep]
|-heal|p1a: Tyranitar|89/100|[from] item: Leftovers
|upkeep
|turn|17
|inactive|jank_city.mp4 has 180 seconds left.
|
|t:|1728752416
|move|p1a: Tyranitar|Protect|p1a: Tyranitar
|-singleturn|p1a: Tyranitar|Protect
|move|p2a: Metagross|Meteor Mash|p1a: Tyranitar
|-activate|p1a: Tyranitar|Protect
|
|-weather|Sandstorm|[upkeep]
|-heal|p1a: Tyranitar|95/100|[from] item: Leftovers
|upkeep
|turn|18
|
|t:|1728752424
|switch|p2a: Zapdos|Zapdos|33/100 brn
|switch|p1a: Swampert|Swampert, F|89/100
|
|-weather|Sandstorm|[upkeep]
|-damage|p2a: Zapdos|27/100 brn|[from] Sandstorm
|-heal|p2a: Zapdos|33/100 brn|[from] item: Leftovers
|-damage|p2a: Zapdos|20/100 brn|[from] brn
|-heal|p1a: Swampert|96/100|[from] item: Leftovers
|upkeep
|turn|19
|
|t:|1728752428
|move|p1a: Swampert|Protect|p1a: Swampert
|-singleturn|p1a: Swampert|Protect
|move|p2a: Zapdos|Hidden Power|p1a: Swampert
|-activate|p1a: Swampert|Protect
|
|-weather|Sandstorm|[upkeep]
|-damage|p2a: Zapdos|14/100 brn|[from] Sandstorm
|-heal|p2a: Zapdos|20/100 brn|[from] item: Leftovers
|-damage|p2a: Zapdos|8/100 brn|[from] brn
|-heal|p1a: Swampert|100/100|[from] item: Leftovers
|upkeep
|turn|20
|
|t:|1728752433
|switch|p1a: Blissey|Blissey, F|100/100
|move|p2a: Zapdos|Baton Pass|p2a: Zapdos
|
|t:|1728752438
|switch|p2a: Metagross|Metagross|37/100|[from] Baton Pass
|
|-weather|Sandstorm|[upkeep]
|-damage|p1a: Blissey|94/100|[from] Sandstorm
|-heal|p1a: Blissey|100/100|[from] item: Leftovers
|upkeep
|turn|21
|
|t:|1728752442
|switch|p1a: Forretress|Forretress, M|100/100
|move|p2a: Metagross|Explosion|p1a: Forretress
|-resisted|p1a: Forretress
|-damage|p1a: Forretress|0 fnt
|faint|p2a: Metagross
|faint|p1a: Forretress
|
|t:|1728752467
|switch|p2a: Swampert|Swampert, M|76/100 tox
|switch|p1a: Tyranitar|Tyranitar, M|95/100
|
|-weather|Sandstorm|[upkeep]
|-heal|p1a: Tyranitar|100/100|[from] item: Leftovers
|-heal|p2a: Swampert|82/100 tox|[from] item: Leftovers
|-damage|p2a: Swampert|76/100 tox|[from] psn
|upkeep
|turn|22
|
|t:|1728752475
|move|p1a: Tyranitar|Protect|p1a: Tyranitar
|-singleturn|p1a: Tyranitar|Protect
|move|p2a: Swampert|Hydro Pump|p1a: Tyranitar
|-activate|p1a: Tyranitar|Protect
|
|-weather|Sandstorm|[upkeep]
|-heal|p2a: Swampert|82/100 tox|[from] item: Leftovers
|-damage|p2a: Swampert|69/100 tox|[from] psn
|upkeep
|turn|23
|
|t:|1728752481
|switch|p1a: Swampert|Swampert, F|100/100
|move|p2a: Swampert|Hydro Pump|p1a: Swampert
|-damage|p1a: Swampert|58/100
|
|-weather|Sandstorm|[upkeep]
|-heal|p1a: Swampert|64/100|[from] item: Leftovers
|-heal|p2a: Swampert|76/100 tox|[from] item: Leftovers
|-damage|p2a: Swampert|57/100 tox|[from] psn
|upkeep
|turn|24
|
|t:|1728752499
|move|p1a: Swampert|Protect|p1a: Swampert
|-singleturn|p1a: Swampert|Protect
|move|p2a: Swampert|Hydro Pump|p1a: Swampert
|-activate|p1a: Swampert|Protect
|
|-weather|Sandstorm|[upkeep]
|-heal|p1a: Swampert|71/100|[from] item: Leftovers
|-heal|p2a: Swampert|63/100 tox|[from] item: Leftovers
|-damage|p2a: Swampert|38/100 tox|[from] psn
|upkeep
|turn|25
|
|t:|1728752511
|move|p1a: Swampert|Earthquake|p2a: Swampert
|-damage|p2a: Swampert|7/100 tox
|move|p2a: Swampert|Earthquake|p1a: Swampert
|-damage|p1a: Swampert|46/100
|
|-weather|Sandstorm|[upkeep]
|-heal|p1a: Swampert|52/100|[from] item: Leftovers
|-heal|p2a: Swampert|13/100 tox|[from] item: Leftovers
|-damage|p2a: Swampert|0 fnt|[from] psn
|faint|p2a: Swampert
|upkeep
|inactive|jank_city.mp4 has 210 seconds left.
|
|t:|1728752553
|switch|p2a: Tail hitbox|Charizard, M, shiny|11/100
|turn|26
|
|t:|1728752564
|move|p1a: Swampert|Protect|p1a: Swampert
|-singleturn|p1a: Swampert|Protect
|move|p2a: Tail hitbox|Fire Blast|p1a: Swampert
|-activate|p1a: Swampert|Protect
|
|-weather|Sandstorm|[upkeep]
|-damage|p2a: Tail hitbox|5/100|[from] Sandstorm
|-heal|p2a: Tail hitbox|11/100|[from] item: Leftovers
|-heal|p1a: Swampert|59/100|[from] item: Leftovers
|upkeep
|turn|27
|
|t:|1728752581
|switch|p1a: Moltres|Moltres|67/100
|move|p2a: Tail hitbox|Fire Blast|p1a: Moltres
|-resisted|p1a: Moltres
|-damage|p1a: Moltres|19/100
|
|-weather|Sandstorm|[upkeep]
|-damage|p2a: Tail hitbox|5/100|[from] Sandstorm
|-damage|p1a: Moltres|13/100|[from] Sandstorm
|-heal|p2a: Tail hitbox|11/100|[from] item: Leftovers
|-heal|p1a: Moltres|19/100|[from] item: Leftovers
|upkeep
|turn|28
|
|t:|1728752589
|-singleturn|p2a: Tail hitbox|move: Focus Punch
|move|p1a: Moltres|Flamethrower|p2a: Tail hitbox
|-resisted|p2a: Tail hitbox
|-damage|p2a: Tail hitbox|0 fnt
|faint|p2a: Tail hitbox
|
|t:|1728752592
|switch|p2a: Tyranitar|Tyranitar, M|100/100
|
|-weather|Sandstorm|[upkeep]
|-damage|p1a: Moltres|13/100|[from] Sandstorm
|-heal|p1a: Moltres|19/100|[from] item: Leftovers
|upkeep
|turn|29
|
|t:|1728752597
|move|p2a: Tyranitar|Dragon Dance|p2a: Tyranitar
|-boost|p2a: Tyranitar|atk|1
|-boost|p2a: Tyranitar|spe|1
|move|p1a: Moltres|Roar|p2a: Tyranitar
|drag|p2a: Snorlax|Snorlax, M|21/100 brn
|
|-weather|Sandstorm|[upkeep]
|-damage|p1a: Moltres|13/100|[from] Sandstorm
|-damage|p2a: Snorlax|15/100 brn|[from] Sandstorm
|-heal|p1a: Moltres|19/100|[from] item: Leftovers
|-heal|p2a: Snorlax|21/100 brn|[from] item: Leftovers
|-damage|p2a: Snorlax|8/100 brn|[from] brn
|upkeep
|turn|30
|
|t:|1728752606
|move|p1a: Moltres|Flamethrower|p2a: Snorlax
|-damage|p2a: Snorlax|0 fnt
|faint|p2a: Snorlax
|
|t:|1728752610
|switch|p2a: Zapdos|Zapdos|8/100 brn
|
|-weather|Sandstorm|[upkeep]
|-damage|p2a: Zapdos|2/100 brn|[from] Sandstorm
|-damage|p1a: Moltres|13/100|[from] Sandstorm
|-heal|p2a: Zapdos|8/100 brn|[from] item: Leftovers
|-damage|p2a: Zapdos|0 fnt|[from] brn
|faint|p2a: Zapdos
|-heal|p1a: Moltres|19/100|[from] item: Leftovers
|upkeep
|
|t:|1728752611
|switch|p2a: Tyranitar|Tyranitar, M|100/100
|turn|31
|
|t:|1728752628
|move|p1a: Moltres|Hidden Power|p2a: Tyranitar
|-supereffective|p2a: Tyranitar
|-damage|p2a: Tyranitar|49/100
|move|p2a: Tyranitar|Dragon Dance|p2a: Tyranitar
|-boost|p2a: Tyranitar|atk|1
|-boost|p2a: Tyranitar|spe|1
|
|-weather|Sandstorm|[upkeep]
|-damage|p1a: Moltres|13/100|[from] Sandstorm
|-heal|p1a: Moltres|19/100|[from] item: Leftovers
|upkeep
|turn|32
|
|t:|1728752635
|move|p2a: Tyranitar|Dragon Dance|p2a: Tyranitar
|-boost|p2a: Tyranitar|atk|1
|-boost|p2a: Tyranitar|spe|1
|move|p1a: Moltres|Hidden Power|p2a: Tyranitar
|-supereffective|p2a: Tyranitar
|-damage|p2a: Tyranitar|0 fnt
|faint|p2a: Tyranitar
|
|win|Big Chungus irl
|c|☆jank_city.mp4|gg
|c|☆Big Chungus irl|gg
|c|☆jank_city.mp4|what's the spread on your molt?
|c|☆Big Chungus irl|this one is timid
|c|☆Big Chungus irl|so that was a low chance to 2 hit KO
|c|☆jank_city.mp4|i figured
|c|☆Big Chungus irl|were you adamant on tar?
|c|☆jank_city.mp4|jolly
|c|☆Big Chungus irl|then pert lived all non crit EQs
|c|☆jank_city.mp4|252/252+ atk/spe
|c|☆jank_city.mp4|yeah
|c|☆Big Chungus irl|so it was fine for me
|c|☆Big Chungus irl|well ggs
|c|☆jank_city.mp4|ye
|c|☆Big Chungus irl|heck I even lived adamanta max attack at +2
|c|☆Big Chungus irl|christ
|c|☆Big Chungus irl|defensive pert is crazy
|c|☆jank_city.mp4|buck wild
|player|p2|
|c|☆Big Chungus irl|same to you
|c|☆Big Chungus irl|mr. Jank
|c|☆Big Chungus irl|Didn't get to see much jank today though
|c|☆Big Chungus irl|both of us brought the standard stuff

</script>
<script type="application/json" class="data" id="replaydata-smogtours-gen3ou-797574">
{"id":"smogtours-gen3ou-797574","format":"[Gen 3] OU","players":["Big Chungus irl","jank_city.mp4"],"uploadtime":1728752635,"views":118,"formatid":"gen3ou","rating":null,"private":0,"password":null}
</script>

<script defer src="js/replays.js?9d40a366"></script>
