<!DOCTYPE html>
<meta charset="utf-8" />
<meta name="viewport" content="width=device-width" />

<title>[Gen 3] OU: aldrich_unfaithful vs. SANKE CARP - Replays - Pok&eacute;mon Showdown!</title>

<meta name="description" content="Watch a replay of a Pok&eacute;mon battle between aldrich_unfaithful and SANKE CARP! Format: [Gen 3] OU; Date: Oct 28, 2024" />
<!--

Hey, you! Looking in the source for the replay log?

You can find them in JSON format, just add `.json` at the end of a replay URL.

https://replay.pokemonshowdown.com/gen7randomdoublesbattle-865046831.json

Or, if you only need the log itself, add `.log` instead:

https://replay.pokemonshowdown.com/gen7randomdoublesbattle-865046831.log

-->

<link rel="stylesheet" href="//pokemonshowdown.com/style/global.css?0.023195364461161105" />
<link rel="stylesheet" href="//play.pokemonshowdown.com/style/font-awesome.css?0.13261647063804238" />
<link rel="stylesheet" href="//play.pokemonshowdown.com/style/battle.css?0.8753245789963631" />
<link rel="stylesheet" href="//play.pokemonshowdown.com/style/utilichart.css?0.8627959624976733" />

<!-- Global site tag (gtag.js) - Google Analytics -->
<script async src="https://www.googletagmanager.com/gtag/js?id=UA-26211653-1"></script>
<script>
  window.dataLayer = window.dataLayer || [];
  function gtag(){dataLayer.push(arguments);}
  gtag('js', new Date());

  gtag('config', 'UA-26211653-1');
</script>
<!-- End Google Analytics -->
<!-- Venatus Ad Manager - Install in <HEAD> of page -->
	<script src="https://hb.vntsm.com/v3/live/ad-manager.min.js" type="text/javascript" data-site-id="642aba63ec9a7b11c3c9c1be" data-mode="scan" async></script>
<!-- / Venatus Ad Manager -->

<style>
	@media (max-width:820px) {
		.battle {
			margin: 0 auto;
		}
		.battle-log {
			margin: 7px auto 0;
			max-width: 640px;
			height: 300px;
			position: static;
		}
	}
	.optgroup {
		display: inline-block;
		line-height: 22px;
		font-size: 10pt;
	}
	.optgroup .button {
		height: 25px;
		padding-top: 0;
		padding-bottom: 0;
	}
	.optgroup button.button {
		padding-left: 12px;
		padding-right: 12px;
	}
	.linklist {
		list-style: none;
		margin: 0.5em 0;
		padding: 0;
	}
	.linklist li {
		padding: 2px 0;
	}
	.sidebar {
		float: left;
		width: 320px;
	}
	.bar-wrapper {
		max-width: 1100px;
		margin: 0 auto;
	}
	.bar-wrapper.has-sidebar {
		max-width: 1430px;
	}
	.mainbar {
		margin: 0;
		padding-right: 1px;
	}
	.mainbar.has-sidebar {
		margin-left: 330px;
	}
	@media (min-width: 1511px) {
		.sidebar {
			width: 400px;
		}
		.bar-wrapper.has-sidebar {
			max-width: 1510px;
		}
		.mainbar.has-sidebar {
			margin-left: 410px;
		}
	}
	.section.first-section {
		margin-top: 9px;
	}
	.blocklink small {
		white-space: normal;
	}
	.button {
		vertical-align: middle;
	}
	.replay-controls {
		padding-top: 10px;
	}
	.replay-controls h1 {
		font-size: 16pt;
		font-weight: normal;
		color: #CCC;
	}
	.pagelink {
		text-align: center;
	}
	.pagelink a {
		width: 150px;
	}
	.textbox, .button {
		font-size: 11pt;
		vertical-align: middle;
	}
	@media (max-width: 450px) {
		.button {
			font-size: 9pt;
		}
	}
</style>

<div>

	<header>
		<div class="nav-wrapper"><ul class="nav">
			<li><a class="button nav-first" href="//pokemonshowdown.com/"><img src="//pokemonshowdown.com/images/pokemonshowdownbeta.png" srcset="//pokemonshowdown.com/images/pokemonshowdownbeta.png 1x, //pokemonshowdown.com/images/pokemonshowdownbeta@2x.png 2x" alt="Pok&eacute;mon Showdown" width="146" height="44" /> Home</a></li>
			<li><a class="button" href="//pokemonshowdown.com/dex/">Pok&eacute;dex</a></li>
			<li><a class="button cur" href="/">Replays</a></li>
			<li><a class="button" href="//pokemonshowdown.com/ladder/">Ladder</a></li>
			<li><a class="button nav-last" href="//pokemonshowdown.com/forums/">Forum</a></li>
			<li><a class="button greenbutton nav-first nav-last" href="//play.pokemonshowdown.com/">Play</a></li>
		</ul></div>
	</header>

	<div class="main" id="main">

		<noscript><section class="section">You need to enable JavaScript to use this page; sorry!</section></noscript>

	</div>

</div>

<script defer nomodule src="//play.pokemonshowdown.com/js/lib/ps-polyfill.js"></script>
<script defer src="//play.pokemonshowdown.com/js/lib/preact.min.js"></script>

<script defer src="//play.pokemonshowdown.com/config/config.js?2bddbc15"></script>
<script defer src="//play.pokemonshowdown.com/js/lib/jquery-1.11.0.min.js"></script>
<script defer src="//play.pokemonshowdown.com/js/lib/html-sanitizer-minified.js"></script>
<script defer src="//play.pokemonshowdown.com/js/battle-sound.js"></script>
<script defer src="//play.pokemonshowdown.com/js/battledata.js?0.7209276989879541"></script>
<script defer src="//play.pokemonshowdown.com/data/pokedex-mini.js?0.6111056340867951"></script>
<script defer src="//play.pokemonshowdown.com/data/pokedex-mini-bw.js?0.3532142036491459"></script>
<script defer src="//play.pokemonshowdown.com/data/graphics.js?0.24223875632456182"></script>
<script defer src="//play.pokemonshowdown.com/data/pokedex.js?0.38839984266356864"></script>
<script defer src="//play.pokemonshowdown.com/data/moves.js?0.21866028504024015"></script>
<script defer src="//play.pokemonshowdown.com/data/abilities.js?0.2005157953846628"></script>
<script defer src="//play.pokemonshowdown.com/data/items.js?0.9894211263848525"></script>
<script defer src="//play.pokemonshowdown.com/data/teambuilder-tables.js?0.6008791140282215"></script>
<script defer src="//play.pokemonshowdown.com/js/battle-tooltips.js?0.7580118955022959"></script>
<script defer src="//play.pokemonshowdown.com/js/battle.js?0.6057722274234274"></script>

<script defer src="js/utils.js?e31f9a17"></script>
<script defer src="js/replays-battle.js?7008c182"></script>

<!-- don't scrape this data! just add .json or .log after the URL!
Full API docs: https://github.com/smogon/pokemon-showdown-client/blob/master/WEB-API.md -->
<script type="text/plain" class="log" id="replaylog-smogtours-gen3ou-803118">
|inactive|Battle timer is ON: inactive players will automatically lose when time's up.
|t:|1730142970
|gametype|singles
|player|p1|aldrich_unfaithful|veteranf|
|player|p2|SANKE CARP|officer-gen2|
|teamsize|p1|6
|teamsize|p2|6
|gen|3
|tier|[Gen 3] OU
|rule|Sleep Clause Mod: Limit one foe put to sleep
|rule|Switch Priority Clause Mod: Faster Pokémon switch first
|rule|Species Clause: Limit one of each Pokémon
|rule|OHKO Clause: OHKO moves are banned
|rule|Evasion Items Clause: Evasion items are banned
|rule|Evasion Moves Clause: Evasion moves are banned
|rule|Endless Battle Clause: Forcing endless battles is banned
|rule|HP Percentage Mod: HP is shown in percentages
|rule|One Boost Passer Clause: Limit one Baton Passer that has a way to boost its stats
|rule|Freeze Clause Mod: Limit one foe frozen
|
|t:|1730142970
|start
|switch|p1a: Tyranitar|Tyranitar, M|100/100
|switch|p2a: Tyranitar|Tyranitar, M|100/100
|-weather|Sandstorm|[from] ability: Sand Stream|[of] p2a: Tyranitar
|turn|1
|
|t:|1730142982
|move|p2a: Tyranitar|Brick Break|p1a: Tyranitar
|-supereffective|p1a: Tyranitar
|-damage|p1a: Tyranitar|11/100
|move|p1a: Tyranitar|Brick Break|p2a: Tyranitar
|-supereffective|p2a: Tyranitar
|-damage|p2a: Tyranitar|12/100
|
|-weather|Sandstorm|[upkeep]
|upkeep
|turn|2
|
|t:|1730142998
|move|p1a: Tyranitar|Brick Break|p2a: Tyranitar
|-supereffective|p2a: Tyranitar
|-damage|p2a: Tyranitar|0 fnt
|faint|p2a: Tyranitar
|
|t:|1730143016
|switch|p2a: Celebi|Celebi|100/100
|
|-weather|Sandstorm|[upkeep]
|-damage|p2a: Celebi|94/100|[from] Sandstorm
|-heal|p2a: Celebi|100/100|[from] item: Leftovers
|upkeep
|turn|3
|
|t:|1730143024
|move|p2a: Celebi|Hidden Power|p1a: Tyranitar
|-supereffective|p1a: Tyranitar
|-damage|p1a: Tyranitar|0 fnt
|faint|p1a: Tyranitar
|
|t:|1730143042
|switch|p1a: Aerodactyl|Aerodactyl, F|100/100
|
|-weather|Sandstorm|[upkeep]
|-damage|p2a: Celebi|94/100|[from] Sandstorm
|-heal|p2a: Celebi|100/100|[from] item: Leftovers
|upkeep
|turn|4
|
|t:|1730143049
|switch|p2a: Skarmory|Skarmory, M|100/100
|move|p1a: Aerodactyl|Hidden Power|p2a: Skarmory
|-resisted|p2a: Skarmory
|-damage|p2a: Skarmory|82/100
|
|-weather|Sandstorm|[upkeep]
|-heal|p2a: Skarmory|88/100|[from] item: Leftovers
|upkeep
|turn|5
|
|t:|1730143054
|switch|p1a: Charizard|Charizard, F|100/100
|move|p2a: Skarmory|Spikes|p1a: Charizard
|-sidestart|p1: aldrich_unfaithful|Spikes
|
|-weather|Sandstorm|[upkeep]
|-damage|p1a: Charizard|94/100|[from] Sandstorm
|-heal|p2a: Skarmory|94/100|[from] item: Leftovers
|upkeep
|turn|6
|
|t:|1730143075
|switch|p2a: Swampert|Swampert, M|100/100
|move|p1a: Charizard|Substitute|p1a: Charizard
|-start|p1a: Charizard|Substitute
|-damage|p1a: Charizard|70/100
|
|-weather|Sandstorm|[upkeep]
|-damage|p1a: Charizard|63/100|[from] Sandstorm
|upkeep
|turn|7
|
|t:|1730143081
|move|p2a: Swampert|Protect|p2a: Swampert
|-singleturn|p2a: Swampert|Protect
|move|p1a: Charizard|Hidden Power|p2a: Swampert
|-activate|p2a: Swampert|Protect
|
|-weather|Sandstorm|[upkeep]
|-damage|p1a: Charizard|57/100|[from] Sandstorm
|upkeep
|turn|8
|
|t:|1730143086
|switch|p2a: Moltres|Moltres|100/100
|move|p1a: Charizard|Hidden Power|p2a: Moltres
|-resisted|p2a: Moltres
|-damage|p2a: Moltres|94/100
|
|-weather|Sandstorm|[upkeep]
|-damage|p1a: Charizard|51/100|[from] Sandstorm
|-damage|p2a: Moltres|88/100|[from] Sandstorm
|-heal|p2a: Moltres|94/100|[from] item: Leftovers
|upkeep
|turn|9
|
|t:|1730143099
|move|p1a: Charizard|Fire Blast|p2a: Moltres
|-resisted|p2a: Moltres
|-damage|p2a: Moltres|61/100
|move|p2a: Moltres|Flamethrower|p1a: Charizard
|-resisted|p1a: Charizard
|-end|p1a: Charizard|Substitute
|
|-weather|Sandstorm|[upkeep]
|-damage|p1a: Charizard|45/100|[from] Sandstorm
|-damage|p2a: Moltres|54/100|[from] Sandstorm
|-heal|p2a: Moltres|61/100|[from] item: Leftovers
|upkeep
|turn|10
|inactive|aldrich_unfaithful has 270 seconds left.
|
|t:|1730143143
|switch|p1a: Aerodactyl|Aerodactyl, F|100/100
|move|p2a: Moltres|Overheat|p1a: Aerodactyl
|-resisted|p1a: Aerodactyl
|-damage|p1a: Aerodactyl|53/100
|-unboost|p2a: Moltres|spa|2
|
|-weather|Sandstorm|[upkeep]
|-damage|p2a: Moltres|54/100|[from] Sandstorm
|-heal|p2a: Moltres|61/100|[from] item: Leftovers
|upkeep
|turn|11
|
|t:|1730143155
|switch|p1a: Venusaur|Venusaur, F|100/100
|-damage|p1a: Venusaur|88/100|[from] Spikes
|switch|p2a: Swampert|Swampert, M|100/100
|
|-weather|Sandstorm|[upkeep]
|-damage|p1a: Venusaur|82/100|[from] Sandstorm
|-heal|p1a: Venusaur|88/100|[from] item: Leftovers
|upkeep
|turn|12
|
|t:|1730143176
|switch|p2a: Claydol|Claydol|100/100
|move|p1a: Venusaur|Sleep Powder|p2a: Claydol
|-status|p2a: Claydol|slp|[from] move: Sleep Powder
|
|-weather|Sandstorm|[upkeep]
|-damage|p1a: Venusaur|82/100|[from] Sandstorm
|-heal|p1a: Venusaur|88/100|[from] item: Leftovers
|upkeep
|turn|13
|inactive|SANKE CARP has 270 seconds left.
|
|t:|1730143191
|move|p1a: Venusaur|Leech Seed|p2a: Claydol
|-start|p2a: Claydol|move: Leech Seed
|cant|p2a: Claydol|slp
|
|-weather|Sandstorm|[upkeep]
|-damage|p1a: Venusaur|82/100|[from] Sandstorm
|-heal|p1a: Venusaur|88/100|[from] item: Leftovers
|-damage|p2a: Claydol|88/100 slp|[from] Leech Seed|[of] p1a: Venusaur
|-heal|p1a: Venusaur|100/100|[silent]
|upkeep
|turn|14
|
|t:|1730143204
|switch|p1a: Charizard|Charizard, F|45/100
|switch|p2a: Skarmory|Skarmory, M|94/100
|
|-weather|Sandstorm|[upkeep]
|-damage|p1a: Charizard|39/100|[from] Sandstorm
|-heal|p2a: Skarmory|99/100|[from] item: Leftovers
|upkeep
|turn|15
|
|t:|1730143216
|switch|p2a: Swampert|Swampert, M|100/100
|move|p1a: Charizard|Fire Blast|p2a: Swampert
|-resisted|p2a: Swampert
|-damage|p2a: Swampert|67/100
|
|-weather|Sandstorm|[upkeep]
|-damage|p1a: Charizard|33/100|[from] Sandstorm
|-heal|p2a: Swampert|73/100|[from] item: Leftovers
|upkeep
|turn|16
|inactive|SANKE CARP has 270 seconds left.
|inactive|aldrich_unfaithful has 270 seconds left.
|
|t:|1730143265
|switch|p1a: Venusaur|Venusaur, F|100/100
|-damage|p1a: Venusaur|88/100|[from] Spikes
|switch|p2a: Moltres|Moltres|61/100
|
|-weather|Sandstorm|[upkeep]
|-damage|p2a: Moltres|54/100|[from] Sandstorm
|-damage|p1a: Venusaur|82/100|[from] Sandstorm
|-heal|p2a: Moltres|61/100|[from] item: Leftovers
|-heal|p1a: Venusaur|88/100|[from] item: Leftovers
|upkeep
|turn|17
|inactive|SANKE CARP has 270 seconds left.
|
|t:|1730143287
|switch|p1a: Swampert|Swampert, M|100/100
|-damage|p1a: Swampert|88/100|[from] Spikes
|move|p2a: Moltres|Overheat|p1a: Swampert
|-resisted|p1a: Swampert
|-damage|p1a: Swampert|43/100
|-unboost|p2a: Moltres|spa|2
|
|-weather|Sandstorm|[upkeep]
|-damage|p2a: Moltres|54/100|[from] Sandstorm
|-heal|p2a: Moltres|61/100|[from] item: Leftovers
|-heal|p1a: Swampert|49/100|[from] item: Leftovers
|upkeep
|turn|18
|
|t:|1730143304
|switch|p1a: Charizard|Charizard, F|33/100
|move|p2a: Moltres|Hidden Power|p1a: Charizard
|-resisted|p1a: Charizard
|-damage|p1a: Charizard|29/100
|
|-weather|Sandstorm|[upkeep]
|-damage|p1a: Charizard|23/100|[from] Sandstorm
|-damage|p2a: Moltres|54/100|[from] Sandstorm
|-enditem|p1a: Charizard|Petaya Berry|[eat]
|-boost|p1a: Charizard|spa|1|[from] item: Petaya Berry
|-heal|p2a: Moltres|61/100|[from] item: Leftovers
|upkeep
|turn|19
|
|t:|1730143323
|switch|p2a: Swampert|Swampert, M|73/100
|move|p1a: Charizard|Fire Blast|p2a: Swampert
|-resisted|p2a: Swampert
|-damage|p2a: Swampert|0 fnt
|faint|p2a: Swampert
|inactive|SANKE CARP has 240 seconds left.
|
|t:|1730143354
|switch|p2a: Skarmory|Skarmory, M|99/100
|
|-weather|Sandstorm|[upkeep]
|-damage|p1a: Charizard|17/100|[from] Sandstorm
|-heal|p2a: Skarmory|100/100|[from] item: Leftovers
|upkeep
|turn|20
|
|t:|1730143359
|move|p2a: Skarmory|Protect|p2a: Skarmory
|-singleturn|p2a: Skarmory|Protect
|move|p1a: Charizard|Fire Blast|p2a: Skarmory
|-activate|p2a: Skarmory|Protect
|
|-weather|Sandstorm|[upkeep]
|-damage|p1a: Charizard|11/100|[from] Sandstorm
|upkeep
|turn|21
|inactive|SANKE CARP has 240 seconds left.
|
|t:|1730143367
|switch|p2a: Claydol|Claydol|88/100 slp
|move|p1a: Charizard|Fire Blast|p2a: Claydol
|-damage|p2a: Claydol|0 fnt
|faint|p2a: Claydol
|inactive|SANKE CARP has 240 seconds left.
|
|t:|1730143372
|switch|p2a: Skarmory|Skarmory, M|100/100
|
|-weather|Sandstorm|[upkeep]
|-damage|p1a: Charizard|5/100|[from] Sandstorm
|upkeep
|turn|22
|
|t:|1730143380
|switch|p1a: Swampert|Swampert, M|49/100
|-damage|p1a: Swampert|37/100|[from] Spikes
|move|p2a: Skarmory|Protect||[still]
|-fail|p2a: Skarmory
|
|-weather|Sandstorm|[upkeep]
|-heal|p1a: Swampert|43/100|[from] item: Leftovers
|upkeep
|turn|23
|inactive|SANKE CARP has 240 seconds left.
|
|t:|1730143400
|move|p1a: Swampert|Ice Beam|p2a: Skarmory
|-damage|p2a: Skarmory|74/100
|move|p2a: Skarmory|Roar|p1a: Swampert
|drag|p1a: Jolteon|Jolteon, F|100/100
|-damage|p1a: Jolteon|88/100|[from] Spikes
|
|-weather|Sandstorm|[upkeep]
|-damage|p1a: Jolteon|82/100|[from] Sandstorm
|-heal|p1a: Jolteon|88/100|[from] item: Leftovers
|-heal|p2a: Skarmory|80/100|[from] item: Leftovers
|upkeep
|turn|24
|
|t:|1730143407
|switch|p2a: Celebi|Celebi|100/100
|move|p1a: Jolteon|Thunderbolt|p2a: Celebi
|-resisted|p2a: Celebi
|-damage|p2a: Celebi|84/100
|
|-weather|Sandstorm|[upkeep]
|-damage|p1a: Jolteon|82/100|[from] Sandstorm
|-damage|p2a: Celebi|78/100|[from] Sandstorm
|-heal|p1a: Jolteon|88/100|[from] item: Leftovers
|-heal|p2a: Celebi|84/100|[from] item: Leftovers
|upkeep
|turn|25
|
|t:|1730143418
|switch|p1a: Charizard|Charizard, F|5/100
|move|p2a: Celebi|Psychic|p1a: Charizard
|-damage|p1a: Charizard|0 fnt
|faint|p1a: Charizard
|
|t:|1730143424
|switch|p1a: Aerodactyl|Aerodactyl, F|53/100
|
|-weather|Sandstorm|[upkeep]
|-damage|p2a: Celebi|78/100|[from] Sandstorm
|-heal|p2a: Celebi|84/100|[from] item: Leftovers
|upkeep
|turn|26
|
|t:|1730143428
|switch|p2a: Skarmory|Skarmory, M|80/100
|move|p1a: Aerodactyl|Rock Slide|p2a: Skarmory
|-damage|p2a: Skarmory|39/100
|
|-weather|Sandstorm|[upkeep]
|-heal|p2a: Skarmory|45/100|[from] item: Leftovers
|upkeep
|turn|27
|
|t:|1730143434
|move|p2a: Skarmory|Protect|p2a: Skarmory
|-singleturn|p2a: Skarmory|Protect
|move|p1a: Aerodactyl|Rock Slide|p2a: Skarmory
|-activate|p2a: Skarmory|Protect
|
|-weather|Sandstorm|[upkeep]
|-heal|p2a: Skarmory|51/100|[from] item: Leftovers
|upkeep
|turn|28
|inactive|SANKE CARP has 270 seconds left.
|
|t:|1730143440
|move|p1a: Aerodactyl|Rock Slide|p2a: Skarmory
|-damage|p2a: Skarmory|7/100
|move|p2a: Skarmory|Toxic|p1a: Aerodactyl
|-status|p1a: Aerodactyl|tox
|
|-weather|Sandstorm|[upkeep]
|-damage|p1a: Aerodactyl|47/100 tox|[from] psn
|-heal|p2a: Skarmory|13/100|[from] item: Leftovers
|upkeep
|turn|29
|
|t:|1730143445
|switch|p1a: Swampert|Swampert, M|43/100
|-damage|p1a: Swampert|30/100|[from] Spikes
|move|p2a: Skarmory|Protect||[still]
|-fail|p2a: Skarmory
|
|-weather|Sandstorm|[upkeep]
|-heal|p1a: Swampert|37/100|[from] item: Leftovers
|-heal|p2a: Skarmory|19/100|[from] item: Leftovers
|upkeep
|turn|30
|
|t:|1730143455
|move|p2a: Skarmory|Protect|p2a: Skarmory
|-singleturn|p2a: Skarmory|Protect
|move|p1a: Swampert|Ice Beam|p2a: Skarmory
|-activate|p2a: Skarmory|Protect
|
|-weather|Sandstorm|[upkeep]
|-heal|p1a: Swampert|43/100|[from] item: Leftovers
|-heal|p2a: Skarmory|25/100|[from] item: Leftovers
|upkeep
|turn|31
|
|t:|1730143470
|switch|p2a: Celebi|Celebi|84/100
|move|p1a: Swampert|Hydro Pump|p2a: Celebi
|-resisted|p2a: Celebi
|-damage|p2a: Celebi|64/100
|
|-weather|Sandstorm|[upkeep]
|-damage|p2a: Celebi|58/100|[from] Sandstorm
|-heal|p2a: Celebi|64/100|[from] item: Leftovers
|-heal|p1a: Swampert|49/100|[from] item: Leftovers
|upkeep
|turn|32
|inactive|aldrich_unfaithful has 270 seconds left.
|inactive|SANKE CARP has 270 seconds left.
|
|t:|1730143506
|move|p2a: Celebi|Recover|p2a: Celebi
|-heal|p2a: Celebi|100/100
|move|p1a: Swampert|Ice Beam|p2a: Celebi
|-supereffective|p2a: Celebi
|-damage|p2a: Celebi|59/100
|
|-weather|Sandstorm|[upkeep]
|-damage|p2a: Celebi|52/100|[from] Sandstorm
|-heal|p2a: Celebi|59/100|[from] item: Leftovers
|-heal|p1a: Swampert|55/100|[from] item: Leftovers
|upkeep
|turn|33
|inactive|aldrich_unfaithful has 270 seconds left.
|
|t:|1730143511
|switch|p1a: Venusaur|Venusaur, F|88/100
|-damage|p1a: Venusaur|76/100|[from] Spikes
|move|p2a: Celebi|Hidden Power|p1a: Venusaur
|-resisted|p1a: Venusaur
|-damage|p1a: Venusaur|69/100
|
|-weather|Sandstorm|[upkeep]
|-damage|p1a: Venusaur|63/100|[from] Sandstorm
|-damage|p2a: Celebi|52/100|[from] Sandstorm
|-heal|p1a: Venusaur|69/100|[from] item: Leftovers
|-heal|p2a: Celebi|59/100|[from] item: Leftovers
|upkeep
|turn|34
|inactive|aldrich_unfaithful has 270 seconds left.
|inactive|SANKE CARP has 270 seconds left.
|
|t:|1730143556
|move|p1a: Venusaur|Sleep Powder|p2a: Celebi
|-status|p2a: Celebi|slp|[from] move: Sleep Powder
|cant|p2a: Celebi|slp
|
|-weather|Sandstorm|[upkeep]
|-damage|p1a: Venusaur|63/100|[from] Sandstorm
|-damage|p2a: Celebi|52/100 slp|[from] Sandstorm
|-heal|p1a: Venusaur|69/100|[from] item: Leftovers
|-heal|p2a: Celebi|59/100 slp|[from] item: Leftovers
|upkeep
|turn|35
|
|t:|1730143568
|switch|p1a: Jolteon|Jolteon, F|88/100
|-damage|p1a: Jolteon|75/100|[from] Spikes
|-curestatus|p2a: Celebi|slp|[from] ability: Natural Cure
|switch|p2a: Moltres|Moltres|61/100
|
|-weather|Sandstorm|[upkeep]
|-damage|p1a: Jolteon|69/100|[from] Sandstorm
|-damage|p2a: Moltres|54/100|[from] Sandstorm
|-heal|p1a: Jolteon|75/100|[from] item: Leftovers
|-heal|p2a: Moltres|61/100|[from] item: Leftovers
|upkeep
|turn|36
|
|t:|1730143577
|switch|p2a: Celebi|Celebi|59/100
|move|p1a: Jolteon|Baton Pass|p1a: Jolteon
|
|t:|1730143580
|switch|p1a: Aerodactyl|Aerodactyl, F|47/100 tox|[from] Baton Pass
|
|-weather|Sandstorm|[upkeep]
|-damage|p2a: Celebi|52/100|[from] Sandstorm
|-damage|p1a: Aerodactyl|41/100 tox|[from] psn
|-heal|p2a: Celebi|59/100|[from] item: Leftovers
|upkeep
|turn|37
|inactive|SANKE CARP has 270 seconds left.
|
|t:|1730143595
|switch|p2a: Skarmory|Skarmory, M|25/100
|move|p1a: Aerodactyl|Rock Slide|p2a: Skarmory
|-damage|p2a: Skarmory|0 fnt
|faint|p2a: Skarmory
|
|t:|1730143597
|switch|p2a: Celebi|Celebi|59/100
|
|-weather|Sandstorm|[upkeep]
|-damage|p2a: Celebi|52/100|[from] Sandstorm
|-damage|p1a: Aerodactyl|29/100 tox|[from] psn
|-heal|p2a: Celebi|59/100|[from] item: Leftovers
|upkeep
|turn|38
|
|t:|1730143605
|switch|p1a: Swampert|Swampert, M|55/100
|-damage|p1a: Swampert|43/100|[from] Spikes
|move|p2a: Celebi|Recover|p2a: Celebi
|-heal|p2a: Celebi|100/100
|
|-weather|Sandstorm|[upkeep]
|-damage|p2a: Celebi|94/100|[from] Sandstorm
|-heal|p2a: Celebi|100/100|[from] item: Leftovers
|-heal|p1a: Swampert|49/100|[from] item: Leftovers
|upkeep
|turn|39
|
|t:|1730143609
|move|p2a: Celebi|Hidden Power|p1a: Swampert
|-supereffective|p1a: Swampert
|-damage|p1a: Swampert|0 fnt
|faint|p1a: Swampert
|
|t:|1730143611
|switch|p1a: Aerodactyl|Aerodactyl, F|29/100 tox
|
|-weather|Sandstorm|[upkeep]
|-damage|p2a: Celebi|94/100|[from] Sandstorm
|-damage|p1a: Aerodactyl|23/100 tox|[from] psn
|-heal|p2a: Celebi|100/100|[from] item: Leftovers
|upkeep
|turn|40
|
|t:|1730143620
|switch|p2a: Moltres|Moltres|61/100
|move|p1a: Aerodactyl|Hidden Power|p2a: Moltres
|-damage|p2a: Moltres|3/100
|
|-weather|Sandstorm|[upkeep]
|-damage|p2a: Moltres|0 fnt|[from] Sandstorm
|faint|p2a: Moltres
|-damage|p1a: Aerodactyl|10/100 tox|[from] psn
|upkeep
|
|t:|1730143622
|switch|p2a: Celebi|Celebi|100/100
|turn|41
|
|t:|1730143634
|move|p1a: Aerodactyl|Hidden Power|p2a: Celebi
|-supereffective|p2a: Celebi
|-damage|p2a: Celebi|35/100
|move|p2a: Celebi|Psychic|p1a: Aerodactyl
|-crit|p1a: Aerodactyl
|-damage|p1a: Aerodactyl|0 fnt
|faint|p1a: Aerodactyl
|inactive|aldrich_unfaithful has 270 seconds left.
|
|t:|1730143667
|switch|p1a: Jolteon|Jolteon, F|75/100
|-damage|p1a: Jolteon|63/100|[from] Spikes
|
|-weather|Sandstorm|[upkeep]
|-damage|p1a: Jolteon|57/100|[from] Sandstorm
|-damage|p2a: Celebi|29/100|[from] Sandstorm
|-heal|p1a: Jolteon|63/100|[from] item: Leftovers
|-heal|p2a: Celebi|35/100|[from] item: Leftovers
|upkeep
|turn|42
|
|t:|1730143683
|move|p1a: Jolteon|Thunder Wave|p2a: Celebi
|-status|p2a: Celebi|par
|move|p2a: Celebi|Recover|p2a: Celebi
|-heal|p2a: Celebi|85/100 par
|
|-weather|Sandstorm|[upkeep]
|-damage|p1a: Jolteon|57/100|[from] Sandstorm
|-damage|p2a: Celebi|79/100 par|[from] Sandstorm
|-heal|p1a: Jolteon|63/100|[from] item: Leftovers
|-heal|p2a: Celebi|85/100 par|[from] item: Leftovers
|upkeep
|turn|43
|
|t:|1730143687
|move|p1a: Jolteon|Hidden Power|p2a: Celebi
|-supereffective|p2a: Celebi
|-damage|p2a: Celebi|50/100 par
|move|p2a: Celebi|Leech Seed|p1a: Jolteon
|-start|p1a: Jolteon|move: Leech Seed
|
|-weather|Sandstorm|[upkeep]
|-damage|p1a: Jolteon|57/100|[from] Sandstorm
|-damage|p2a: Celebi|44/100 par|[from] Sandstorm
|-heal|p1a: Jolteon|63/100|[from] item: Leftovers
|-damage|p1a: Jolteon|50/100|[from] Leech Seed|[of] p2a: Celebi
|-heal|p2a: Celebi|52/100 par|[silent]
|-heal|p2a: Celebi|59/100 par|[from] item: Leftovers
|upkeep
|turn|44
|
|t:|1730143702
|switch|p1a: Venusaur|Venusaur, F|69/100
|-damage|p1a: Venusaur|57/100|[from] Spikes
|move|p2a: Celebi|Recover|p2a: Celebi
|-heal|p2a: Celebi|100/100 par
|
|-weather|Sandstorm|[upkeep]
|-damage|p1a: Venusaur|51/100|[from] Sandstorm
|-damage|p2a: Celebi|94/100 par|[from] Sandstorm
|-heal|p1a: Venusaur|57/100|[from] item: Leftovers
|-heal|p2a: Celebi|100/100 par|[from] item: Leftovers
|upkeep
|turn|45
|
|t:|1730143705
|move|p1a: Venusaur|Hidden Power|p2a: Celebi
|-supereffective|p2a: Celebi
|-damage|p2a: Celebi|67/100 par
|cant|p2a: Celebi|par
|
|-weather|Sandstorm|[upkeep]
|-damage|p1a: Venusaur|51/100|[from] Sandstorm
|-damage|p2a: Celebi|60/100 par|[from] Sandstorm
|-heal|p1a: Venusaur|57/100|[from] item: Leftovers
|-heal|p2a: Celebi|67/100 par|[from] item: Leftovers
|upkeep
|turn|46
|
|t:|1730143709
|move|p1a: Venusaur|Hidden Power|p2a: Celebi
|-supereffective|p2a: Celebi
|-damage|p2a: Celebi|34/100 par
|move|p2a: Celebi|Recover|p2a: Celebi
|-heal|p2a: Celebi|84/100 par
|
|-weather|Sandstorm|[upkeep]
|-damage|p1a: Venusaur|51/100|[from] Sandstorm
|-damage|p2a: Celebi|78/100 par|[from] Sandstorm
|-heal|p1a: Venusaur|57/100|[from] item: Leftovers
|-heal|p2a: Celebi|84/100 par|[from] item: Leftovers
|upkeep
|turn|47
|
|t:|1730143716
|move|p1a: Venusaur|Hidden Power|p2a: Celebi
|-supereffective|p2a: Celebi
|-damage|p2a: Celebi|51/100 par
|move|p2a: Celebi|Recover|p2a: Celebi
|-heal|p2a: Celebi|100/100 par
|
|-weather|Sandstorm|[upkeep]
|-damage|p1a: Venusaur|51/100|[from] Sandstorm
|-damage|p2a: Celebi|94/100 par|[from] Sandstorm
|-heal|p1a: Venusaur|57/100|[from] item: Leftovers
|-heal|p2a: Celebi|100/100 par|[from] item: Leftovers
|upkeep
|turn|48
|
|t:|1730143720
|move|p1a: Venusaur|Hidden Power|p2a: Celebi
|-supereffective|p2a: Celebi
|-damage|p2a: Celebi|70/100 par
|move|p2a: Celebi|Psychic|p1a: Venusaur
|-supereffective|p1a: Venusaur
|-damage|p1a: Venusaur|0 fnt
|faint|p1a: Venusaur
|
|t:|1730143724
|switch|p1a: Jolteon|Jolteon, F|50/100
|-damage|p1a: Jolteon|38/100|[from] Spikes
|
|-weather|Sandstorm|[upkeep]
|-damage|p1a: Jolteon|32/100|[from] Sandstorm
|-damage|p2a: Celebi|64/100 par|[from] Sandstorm
|-heal|p1a: Jolteon|38/100|[from] item: Leftovers
|-heal|p2a: Celebi|70/100 par|[from] item: Leftovers
|upkeep
|turn|49
|
|t:|1730143730
|move|p1a: Jolteon|Hidden Power|p2a: Celebi
|-supereffective|p2a: Celebi
|-damage|p2a: Celebi|36/100 par
|cant|p2a: Celebi|par
|
|-weather|Sandstorm|[upkeep]
|-damage|p1a: Jolteon|32/100|[from] Sandstorm
|-damage|p2a: Celebi|30/100 par|[from] Sandstorm
|-heal|p1a: Jolteon|38/100|[from] item: Leftovers
|-heal|p2a: Celebi|36/100 par|[from] item: Leftovers
|upkeep
|turn|50
|
|t:|1730143742
|move|p1a: Jolteon|Hidden Power|p2a: Celebi
|-supereffective|p2a: Celebi
|-crit|p2a: Celebi
|-damage|p2a: Celebi|0 fnt
|faint|p2a: Celebi
|
|win|aldrich_unfaithful
|c|☆SANKE CARP|Dude
|c|☆aldrich_unfaithful|wp mate, sorry about the hax

</script>
<script type="application/json" class="data" id="replaydata-smogtours-gen3ou-803118">
{"id":"smogtours-gen3ou-803118","format":"[Gen 3] OU","players":["aldrich_unfaithful","SANKE CARP"],"uploadtime":1730143742,"views":71,"formatid":"gen3ou","rating":null,"private":0,"password":null}
</script>

<script defer src="js/replays.js?9d40a366"></script>
