<!DOCTYPE html>
<meta charset="utf-8" />
<meta name="viewport" content="width=device-width" />

<title>[Gen 3] OU: TheComanderXD vs. Altina - Replays - Pok&eacute;mon Showdown!</title>

<meta name="description" content="Watch a replay of a Pok&eacute;mon battle between TheComanderXD and Altina! Format: [Gen 3] OU; Date: Oct 2, 2024" />
<!--

Hey, you! Looking in the source for the replay log?

You can find them in JSON format, just add `.json` at the end of a replay URL.

https://replay.pokemonshowdown.com/gen7randomdoublesbattle-865046831.json

Or, if you only need the log itself, add `.log` instead:

https://replay.pokemonshowdown.com/gen7randomdoublesbattle-865046831.log

-->

<link rel="stylesheet" href="//pokemonshowdown.com/style/global.css?0.023195364461161105" />
<link rel="stylesheet" href="//play.pokemonshowdown.com/style/font-awesome.css?0.13261647063804238" />
<link rel="stylesheet" href="//play.pokemonshowdown.com/style/battle.css?0.8753245789963631" />
<link rel="stylesheet" href="//play.pokemonshowdown.com/style/utilichart.css?0.8627959624976733" />

<!-- Global site tag (gtag.js) - Google Analytics -->
<script async src="https://www.googletagmanager.com/gtag/js?id=UA-26211653-1"></script>
<script>
  window.dataLayer = window.dataLayer || [];
  function gtag(){dataLayer.push(arguments);}
  gtag('js', new Date());

  gtag('config', 'UA-26211653-1');
</script>
<!-- End Google Analytics -->
<!-- Venatus Ad Manager - Install in <HEAD> of page -->
	<script src="https://hb.vntsm.com/v3/live/ad-manager.min.js" type="text/javascript" data-site-id="642aba63ec9a7b11c3c9c1be" data-mode="scan" async></script>
<!-- / Venatus Ad Manager -->

<style>
	@media (max-width:820px) {
		.battle {
			margin: 0 auto;
		}
		.battle-log {
			margin: 7px auto 0;
			max-width: 640px;
			height: 300px;
			position: static;
		}
	}
	.optgroup {
		display: inline-block;
		line-height: 22px;
		font-size: 10pt;
	}
	.optgroup .button {
		height: 25px;
		padding-top: 0;
		padding-bottom: 0;
	}
	.optgroup button.button {
		padding-left: 12px;
		padding-right: 12px;
	}
	.linklist {
		list-style: none;
		margin: 0.5em 0;
		padding: 0;
	}
	.linklist li {
		padding: 2px 0;
	}
	.sidebar {
		float: left;
		width: 320px;
	}
	.bar-wrapper {
		max-width: 1100px;
		margin: 0 auto;
	}
	.bar-wrapper.has-sidebar {
		max-width: 1430px;
	}
	.mainbar {
		margin: 0;
		padding-right: 1px;
	}
	.mainbar.has-sidebar {
		margin-left: 330px;
	}
	@media (min-width: 1511px) {
		.sidebar {
			width: 400px;
		}
		.bar-wrapper.has-sidebar {
			max-width: 1510px;
		}
		.mainbar.has-sidebar {
			margin-left: 410px;
		}
	}
	.section.first-section {
		margin-top: 9px;
	}
	.blocklink small {
		white-space: normal;
	}
	.button {
		vertical-align: middle;
	}
	.replay-controls {
		padding-top: 10px;
	}
	.replay-controls h1 {
		font-size: 16pt;
		font-weight: normal;
		color: #CCC;
	}
	.pagelink {
		text-align: center;
	}
	.pagelink a {
		width: 150px;
	}
	.textbox, .button {
		font-size: 11pt;
		vertical-align: middle;
	}
	@media (max-width: 450px) {
		.button {
			font-size: 9pt;
		}
	}
</style>

<div>

	<header>
		<div class="nav-wrapper"><ul class="nav">
			<li><a class="button nav-first" href="//pokemonshowdown.com/"><img src="//pokemonshowdown.com/images/pokemonshowdownbeta.png" srcset="//pokemonshowdown.com/images/pokemonshowdownbeta.png 1x, //pokemonshowdown.com/images/pokemonshowdownbeta@2x.png 2x" alt="Pok&eacute;mon Showdown" width="146" height="44" /> Home</a></li>
			<li><a class="button" href="//pokemonshowdown.com/dex/">Pok&eacute;dex</a></li>
			<li><a class="button cur" href="/">Replays</a></li>
			<li><a class="button" href="//pokemonshowdown.com/ladder/">Ladder</a></li>
			<li><a class="button nav-last" href="//pokemonshowdown.com/forums/">Forum</a></li>
			<li><a class="button greenbutton nav-first nav-last" href="//play.pokemonshowdown.com/">Play</a></li>
		</ul></div>
	</header>

	<div class="main" id="main">

		<noscript><section class="section">You need to enable JavaScript to use this page; sorry!</section></noscript>

	</div>

</div>

<script defer nomodule src="//play.pokemonshowdown.com/js/lib/ps-polyfill.js"></script>
<script defer src="//play.pokemonshowdown.com/js/lib/preact.min.js"></script>

<script defer src="//play.pokemonshowdown.com/config/config.js?2bddbc15"></script>
<script defer src="//play.pokemonshowdown.com/js/lib/jquery-1.11.0.min.js"></script>
<script defer src="//play.pokemonshowdown.com/js/lib/html-sanitizer-minified.js"></script>
<script defer src="//play.pokemonshowdown.com/js/battle-sound.js"></script>
<script defer src="//play.pokemonshowdown.com/js/battledata.js?0.7209276989879541"></script>
<script defer src="//play.pokemonshowdown.com/data/pokedex-mini.js?0.6111056340867951"></script>
<script defer src="//play.pokemonshowdown.com/data/pokedex-mini-bw.js?0.3532142036491459"></script>
<script defer src="//play.pokemonshowdown.com/data/graphics.js?0.24223875632456182"></script>
<script defer src="//play.pokemonshowdown.com/data/pokedex.js?0.38839984266356864"></script>
<script defer src="//play.pokemonshowdown.com/data/moves.js?0.21866028504024015"></script>
<script defer src="//play.pokemonshowdown.com/data/abilities.js?0.2005157953846628"></script>
<script defer src="//play.pokemonshowdown.com/data/items.js?0.9894211263848525"></script>
<script defer src="//play.pokemonshowdown.com/data/teambuilder-tables.js?0.6008791140282215"></script>
<script defer src="//play.pokemonshowdown.com/js/battle-tooltips.js?0.7580118955022959"></script>
<script defer src="//play.pokemonshowdown.com/js/battle.js?0.6057722274234274"></script>

<script defer src="js/utils.js?e31f9a17"></script>
<script defer src="js/replays-battle.js?7008c182"></script>

<!-- don't scrape this data! just add .json or .log after the URL!
Full API docs: https://github.com/smogon/pokemon-showdown-client/blob/master/WEB-API.md -->
<script type="text/plain" class="log" id="replaylog-smogtours-gen3ou-794052">
|inactive|Battle timer is ON: inactive players will automatically lose when time's up.
|t:|1727902777
|gametype|singles
|player|p1|TheComanderXD|2|
|player|p2|Altina|#wcop2021asia|
|teamsize|p1|6
|teamsize|p2|6
|gen|3
|tier|[Gen 3] OU
|rule|Sleep Clause Mod: Limit one foe put to sleep
|rule|Switch Priority Clause Mod: Faster Pokémon switch first
|rule|Species Clause: Limit one of each Pokémon
|rule|OHKO Clause: OHKO moves are banned
|rule|Evasion Items Clause: Evasion items are banned
|rule|Evasion Moves Clause: Evasion moves are banned
|rule|Endless Battle Clause: Forcing endless battles is banned
|rule|HP Percentage Mod: HP is shown in percentages
|rule|One Boost Passer Clause: Limit one Baton Passer that has a way to boost its stats
|rule|Freeze Clause Mod: Limit one foe frozen
|
|t:|1727902777
|start
|switch|p1a: Melvin|Tyranitar, F|100/100
|switch|p2a: Tyranitar|Tyranitar, F|100/100
|-weather|Sandstorm|[from] ability: Sand Stream|[of] p1a: Melvin
|turn|1
|c|☆Altina|hf
|inactive|TheComanderXD has 270 seconds left.
|c|☆TheComanderXD|hf
|inactive|TheComanderXD has 240 seconds left.
|
|t:|1727902850
|switch|p2a: Skarmory|Skarmory, M|100/100
|move|p1a: Melvin|Earthquake|p2a: Skarmory
|-immune|p2a: Skarmory
|
|-weather|Sandstorm|[upkeep]
|upkeep
|turn|2
|
|t:|1727902858
|move|p1a: Melvin|Taunt|p2a: Skarmory
|-start|p2a: Skarmory|move: Taunt
|cant|p2a: Skarmory|move: Taunt|Spikes
|
|-weather|Sandstorm|[upkeep]
|upkeep
|turn|3
|
|t:|1727902864
|switch|p1a: Mr.Perfect Skarm|Skarmory, M, shiny|100/100
|move|p2a: Skarmory|Drill Peck|p1a: Mr.Perfect Skarm
|-resisted|p1a: Mr.Perfect Skarm
|-damage|p1a: Mr.Perfect Skarm|92/100
|
|-weather|Sandstorm|[upkeep]
|-heal|p1a: Mr.Perfect Skarm|98/100|[from] item: Leftovers
|-end|p2a: Skarmory|move: Taunt|[silent]
|upkeep
|turn|4
|
|t:|1727902872
|move|p1a: Mr.Perfect Skarm|Taunt|p2a: Skarmory
|-start|p2a: Skarmory|move: Taunt
|cant|p2a: Skarmory|move: Taunt|Spikes
|
|-weather|Sandstorm|[upkeep]
|-heal|p1a: Mr.Perfect Skarm|100/100|[from] item: Leftovers
|upkeep
|turn|5
|
|t:|1727902879
|switch|p2a: Gengar|Gengar, F|100/100
|move|p1a: Mr.Perfect Skarm|Spikes|p2a: Gengar
|-sidestart|p2: Altina|Spikes
|
|-weather|Sandstorm|[upkeep]
|-damage|p2a: Gengar|95/100|[from] Sandstorm
|-heal|p2a: Gengar|100/100|[from] item: Leftovers
|upkeep
|turn|6
|
|t:|1727902904
|switch|p1a: Hoenn Rage|Swampert, M|100/100
|move|p2a: Gengar|Will-O-Wisp|p1a: Hoenn Rage|[miss]
|-miss|p2a: Gengar|p1a: Hoenn Rage
|
|-weather|Sandstorm|[upkeep]
|-damage|p2a: Gengar|95/100|[from] Sandstorm
|-heal|p2a: Gengar|100/100|[from] item: Leftovers
|upkeep
|turn|7
|
|t:|1727902915
|switch|p2a: Skarmory|Skarmory, M|100/100
|move|p1a: Hoenn Rage|Protect||[still]
|-fail|p1a: Hoenn Rage
|
|-weather|Sandstorm|[upkeep]
|upkeep
|turn|8
|
|t:|1727902928
|switch|p1a: Mega Ultra Chicken|Moltres|100/100
|move|p2a: Skarmory|Spikes|p1a: Mega Ultra Chicken
|-sidestart|p1: TheComanderXD|Spikes
|
|-weather|Sandstorm|[upkeep]
|-damage|p1a: Mega Ultra Chicken|94/100|[from] Sandstorm
|-heal|p1a: Mega Ultra Chicken|100/100|[from] item: Leftovers
|upkeep
|turn|9
|
|t:|1727902941
|switch|p2a: Blissey|Blissey, F|100/100
|-damage|p2a: Blissey|88/100|[from] Spikes
|move|p1a: Mega Ultra Chicken|Will-O-Wisp|p2a: Blissey
|-status|p2a: Blissey|brn
|
|-weather|Sandstorm|[upkeep]
|-damage|p1a: Mega Ultra Chicken|94/100|[from] Sandstorm
|-damage|p2a: Blissey|82/100 brn|[from] Sandstorm
|-heal|p1a: Mega Ultra Chicken|100/100|[from] item: Leftovers
|-heal|p2a: Blissey|88/100 brn|[from] item: Leftovers
|-damage|p2a: Blissey|76/100 brn|[from] brn
|upkeep
|turn|10
|
|t:|1727902953
|switch|p1a: Melvin|Tyranitar, F|100/100
|-damage|p1a: Melvin|88/100|[from] Spikes
|move|p2a: Blissey|Flamethrower|p1a: Melvin
|-resisted|p1a: Melvin
|-damage|p1a: Melvin|78/100
|
|-weather|Sandstorm|[upkeep]
|-damage|p2a: Blissey|69/100 brn|[from] Sandstorm
|-heal|p1a: Melvin|84/100|[from] item: Leftovers
|-heal|p2a: Blissey|76/100 brn|[from] item: Leftovers
|-damage|p2a: Blissey|63/100 brn|[from] brn
|upkeep
|turn|11
|
|t:|1727902966
|-curestatus|p2a: Blissey|brn|[from] ability: Natural Cure
|switch|p2a: Skarmory|Skarmory, M|100/100
|move|p1a: Melvin|Rock Slide|p2a: Skarmory
|-damage|p2a: Skarmory|69/100
|
|-weather|Sandstorm|[upkeep]
|-heal|p1a: Melvin|90/100|[from] item: Leftovers
|-heal|p2a: Skarmory|75/100|[from] item: Leftovers
|upkeep
|turn|12
|
|t:|1727902975
|switch|p2a: Starmie|Starmie|100/100
|-damage|p2a: Starmie|88/100|[from] Spikes
|move|p1a: Melvin|Taunt|p2a: Starmie
|-start|p2a: Starmie|move: Taunt
|
|-weather|Sandstorm|[upkeep]
|-damage|p2a: Starmie|82/100|[from] Sandstorm
|-heal|p2a: Starmie|88/100|[from] item: Leftovers
|-heal|p1a: Melvin|97/100|[from] item: Leftovers
|upkeep
|turn|13
|inactive|TheComanderXD has 270 seconds left.
|
|t:|1727902997
|switch|p1a: Muffin Button|Blissey, F|100/100
|-damage|p1a: Muffin Button|88/100|[from] Spikes
|move|p2a: Starmie|Surf|p1a: Muffin Button
|-damage|p1a: Muffin Button|70/100
|
|-weather|Sandstorm|[upkeep]
|-damage|p2a: Starmie|82/100|[from] Sandstorm
|-damage|p1a: Muffin Button|63/100|[from] Sandstorm
|-heal|p2a: Starmie|88/100|[from] item: Leftovers
|-end|p2a: Starmie|move: Taunt|[silent]
|-heal|p1a: Muffin Button|70/100|[from] item: Leftovers
|upkeep
|turn|14
|inactive|TheComanderXD has 270 seconds left.
|
|t:|1727903026
|switch|p1a: The Hype|Gengar, M|100/100
|move|p2a: Starmie|Rapid Spin|p1a: The Hype
|-immune|p1a: The Hype
|
|-weather|Sandstorm|[upkeep]
|-damage|p2a: Starmie|82/100|[from] Sandstorm
|-damage|p1a: The Hype|94/100|[from] Sandstorm
|-heal|p2a: Starmie|88/100|[from] item: Leftovers
|-heal|p1a: The Hype|100/100|[from] item: Leftovers
|upkeep
|turn|15
|
|t:|1727903041
|switch|p2a: Blissey|Blissey, F|63/100
|-damage|p2a: Blissey|51/100|[from] Spikes
|move|p1a: The Hype|Thunderbolt|p2a: Blissey
|-damage|p2a: Blissey|39/100
|
|-weather|Sandstorm|[upkeep]
|-damage|p1a: The Hype|94/100|[from] Sandstorm
|-damage|p2a: Blissey|33/100|[from] Sandstorm
|-heal|p1a: The Hype|100/100|[from] item: Leftovers
|-heal|p2a: Blissey|39/100|[from] item: Leftovers
|upkeep
|turn|16
|
|t:|1727903058
|move|p1a: The Hype|Taunt|p2a: Blissey
|-start|p2a: Blissey|move: Taunt
|move|p2a: Blissey|Ice Beam|p1a: The Hype
|-damage|p1a: The Hype|71/100
|
|-weather|Sandstorm|[upkeep]
|-damage|p1a: The Hype|64/100|[from] Sandstorm
|-damage|p2a: Blissey|33/100|[from] Sandstorm
|-heal|p1a: The Hype|71/100|[from] item: Leftovers
|-heal|p2a: Blissey|39/100|[from] item: Leftovers
|upkeep
|turn|17
|
|t:|1727903068
|switch|p2a: Starmie|Starmie|88/100
|-damage|p2a: Starmie|76/100|[from] Spikes
|move|p1a: The Hype|Thunderbolt|p2a: Starmie
|-supereffective|p2a: Starmie
|-damage|p2a: Starmie|0 fnt
|faint|p2a: Starmie
|
|t:|1727903076
|switch|p2a: Gengar|Gengar, F|100/100
|
|-weather|Sandstorm|[upkeep]
|-damage|p2a: Gengar|95/100|[from] Sandstorm
|-damage|p1a: The Hype|64/100|[from] Sandstorm
|-heal|p2a: Gengar|100/100|[from] item: Leftovers
|-heal|p1a: The Hype|71/100|[from] item: Leftovers
|upkeep
|turn|18
|inactive|TheComanderXD has 240 seconds left.
|
|t:|1727903129
|move|p2a: Gengar|Thunderbolt|p1a: The Hype
|-damage|p1a: The Hype|40/100
|move|p1a: The Hype|Thunderbolt|p2a: Gengar
|-damage|p2a: Gengar|66/100
|
|-weather|Sandstorm|[upkeep]
|-damage|p2a: Gengar|60/100|[from] Sandstorm
|-damage|p1a: The Hype|34/100|[from] Sandstorm
|-heal|p2a: Gengar|66/100|[from] item: Leftovers
|-heal|p1a: The Hype|40/100|[from] item: Leftovers
|upkeep
|turn|19
|inactive|TheComanderXD has 210 seconds left.
|
|t:|1727903150
|switch|p1a: Hoenn Rage|Swampert, M|100/100
|-damage|p1a: Hoenn Rage|88/100|[from] Spikes
|move|p2a: Gengar|Thunderbolt|p1a: Hoenn Rage
|-immune|p1a: Hoenn Rage
|
|-weather|Sandstorm|[upkeep]
|-damage|p2a: Gengar|60/100|[from] Sandstorm
|-heal|p2a: Gengar|66/100|[from] item: Leftovers
|-heal|p1a: Hoenn Rage|94/100|[from] item: Leftovers
|upkeep
|turn|20
|inactive|TheComanderXD has 210 seconds left.
|
|t:|1727903172
|move|p2a: Gengar|Will-O-Wisp|p1a: Hoenn Rage
|-status|p1a: Hoenn Rage|brn
|move|p1a: Hoenn Rage|Hydro Pump|p2a: Gengar|[miss]
|-miss|p1a: Hoenn Rage|p2a: Gengar
|
|-weather|Sandstorm|[upkeep]
|-damage|p2a: Gengar|60/100|[from] Sandstorm
|-heal|p2a: Gengar|66/100|[from] item: Leftovers
|-heal|p1a: Hoenn Rage|100/100 brn|[from] item: Leftovers
|-damage|p1a: Hoenn Rage|88/100 brn|[from] brn
|upkeep
|turn|21
|
|t:|1727903196
|switch|p2a: Blissey|Blissey, F|39/100
|-damage|p2a: Blissey|26/100|[from] Spikes
|move|p1a: Hoenn Rage|Hydro Pump|p2a: Blissey
|-damage|p2a: Blissey|11/100
|
|-weather|Sandstorm|[upkeep]
|-damage|p2a: Blissey|5/100|[from] Sandstorm
|-heal|p1a: Hoenn Rage|94/100 brn|[from] item: Leftovers
|-damage|p1a: Hoenn Rage|82/100 brn|[from] brn
|-heal|p2a: Blissey|11/100|[from] item: Leftovers
|upkeep
|turn|22
|
|t:|1727903210
|move|p1a: Hoenn Rage|Hydro Pump|p2a: Blissey
|-damage|p2a: Blissey|0 fnt
|faint|p2a: Blissey
|
|t:|1727903217
|switch|p2a: Skarmory|Skarmory, M|75/100
|
|-weather|Sandstorm|[upkeep]
|-heal|p2a: Skarmory|81/100|[from] item: Leftovers
|-heal|p1a: Hoenn Rage|88/100 brn|[from] item: Leftovers
|-damage|p1a: Hoenn Rage|76/100 brn|[from] brn
|upkeep
|turn|23
|
|t:|1727903236
|switch|p1a: Mega Ultra Chicken|Moltres|100/100
|move|p2a: Skarmory|Spikes|p1a: Mega Ultra Chicken
|-sidestart|p1: TheComanderXD|Spikes
|
|-weather|Sandstorm|[upkeep]
|-damage|p1a: Mega Ultra Chicken|94/100|[from] Sandstorm
|-heal|p1a: Mega Ultra Chicken|100/100|[from] item: Leftovers
|-heal|p2a: Skarmory|87/100|[from] item: Leftovers
|upkeep
|turn|24
|
|t:|1727903245
|switch|p2a: Tyranitar|Tyranitar, F|100/100
|-damage|p2a: Tyranitar|88/100|[from] Spikes
|move|p1a: Mega Ultra Chicken|Will-O-Wisp|p2a: Tyranitar
|-status|p2a: Tyranitar|brn
|
|-weather|Sandstorm|[upkeep]
|-damage|p1a: Mega Ultra Chicken|94/100|[from] Sandstorm
|-heal|p1a: Mega Ultra Chicken|100/100|[from] item: Leftovers
|-heal|p2a: Tyranitar|94/100 brn|[from] item: Leftovers
|-damage|p2a: Tyranitar|82/100 brn|[from] brn
|upkeep
|turn|25
|inactive|TheComanderXD has 180 seconds left.
|inactive|TheComanderXD has 150 seconds left.
|
|t:|1727903301
|-singleturn|p2a: Tyranitar|move: Focus Punch
|switch|p1a: Hoenn Rage|Swampert, M|76/100 brn
|-damage|p1a: Hoenn Rage|59/100 brn|[from] Spikes
|move|p2a: Tyranitar|Focus Punch|p1a: Hoenn Rage
|-damage|p1a: Hoenn Rage|37/100 brn
|
|-weather|Sandstorm|[upkeep]
|-heal|p2a: Tyranitar|88/100 brn|[from] item: Leftovers
|-damage|p2a: Tyranitar|76/100 brn|[from] brn
|-heal|p1a: Hoenn Rage|43/100 brn|[from] item: Leftovers
|-damage|p1a: Hoenn Rage|31/100 brn|[from] brn
|upkeep
|turn|26
|inactive|TheComanderXD has 150 seconds left.
|
|t:|1727903316
|switch|p2a: Skarmory|Skarmory, M|87/100
|move|p1a: Hoenn Rage|Hydro Pump|p2a: Skarmory
|-damage|p2a: Skarmory|33/100
|
|-weather|Sandstorm|[upkeep]
|-heal|p2a: Skarmory|39/100|[from] item: Leftovers
|-heal|p1a: Hoenn Rage|37/100 brn|[from] item: Leftovers
|-damage|p1a: Hoenn Rage|24/100 brn|[from] brn
|upkeep
|turn|27
|
|t:|1727903325
|move|p2a: Skarmory|Protect|p2a: Skarmory
|-singleturn|p2a: Skarmory|Protect
|move|p1a: Hoenn Rage|Hydro Pump|p2a: Skarmory
|-activate|p2a: Skarmory|Protect
|
|-weather|Sandstorm|[upkeep]
|-heal|p2a: Skarmory|45/100|[from] item: Leftovers
|-heal|p1a: Hoenn Rage|31/100 brn|[from] item: Leftovers
|-damage|p1a: Hoenn Rage|18/100 brn|[from] brn
|upkeep
|turn|28
|
|t:|1727903336
|move|p2a: Skarmory|Drill Peck|p1a: Hoenn Rage
|-damage|p1a: Hoenn Rage|2/100 brn
|move|p1a: Hoenn Rage|Hydro Pump|p2a: Skarmory
|-damage|p2a: Skarmory|0 fnt
|faint|p2a: Skarmory
|
|t:|1727903343
|switch|p2a: Gengar|Gengar, F|66/100
|
|-weather|Sandstorm|[upkeep]
|-damage|p2a: Gengar|60/100|[from] Sandstorm
|-heal|p2a: Gengar|66/100|[from] item: Leftovers
|-heal|p1a: Hoenn Rage|8/100 brn|[from] item: Leftovers
|-damage|p1a: Hoenn Rage|0 fnt|[from] brn
|faint|p1a: Hoenn Rage
|upkeep
|inactive|TheComanderXD has 150 seconds left.
|inactive|TheComanderXD has 120 seconds left.
|
|t:|1727903406
|switch|p1a: Muffin Button|Blissey, F|70/100
|-damage|p1a: Muffin Button|53/100|[from] Spikes
|turn|29
|
|t:|1727903414
|move|p2a: Gengar|Taunt|p1a: Muffin Button
|-start|p1a: Muffin Button|move: Taunt
|cant|p1a: Muffin Button|move: Taunt|Soft-Boiled
|
|-weather|Sandstorm|[upkeep]
|-damage|p2a: Gengar|60/100|[from] Sandstorm
|-damage|p1a: Muffin Button|47/100|[from] Sandstorm
|-heal|p2a: Gengar|66/100|[from] item: Leftovers
|-heal|p1a: Muffin Button|53/100|[from] item: Leftovers
|upkeep
|turn|30
|
|t:|1727903422
|switch|p2a: Tyranitar|Tyranitar, F|76/100 brn
|-damage|p2a: Tyranitar|63/100 brn|[from] Spikes
|move|p1a: Muffin Button|Ice Beam|p2a: Tyranitar
|-damage|p2a: Tyranitar|43/100 brn
|
|-weather|Sandstorm|[upkeep]
|-damage|p1a: Muffin Button|47/100|[from] Sandstorm
|-heal|p2a: Tyranitar|50/100 brn|[from] item: Leftovers
|-damage|p2a: Tyranitar|37/100 brn|[from] brn
|-heal|p1a: Muffin Button|53/100|[from] item: Leftovers
|-end|p1a: Muffin Button|move: Taunt|[silent]
|upkeep
|turn|31
|inactive|TheComanderXD has 120 seconds left.
|
|t:|1727903453
|switch|p2a: Gengar|Gengar, F|66/100
|switch|p1a: Mr.Perfect Skarm|Skarmory, M, shiny|100/100
|
|-weather|Sandstorm|[upkeep]
|-damage|p2a: Gengar|60/100|[from] Sandstorm
|-heal|p2a: Gengar|66/100|[from] item: Leftovers
|upkeep
|turn|32
|inactive|TheComanderXD has 90 seconds left.
|
|t:|1727903478
|switch|p1a: Melvin|Tyranitar, F|97/100
|-damage|p1a: Melvin|80/100|[from] Spikes
|move|p2a: Gengar|Thunderbolt|p1a: Melvin
|-damage|p1a: Melvin|56/100
|
|-weather|Sandstorm|[upkeep]
|-damage|p2a: Gengar|60/100|[from] Sandstorm
|-heal|p2a: Gengar|66/100|[from] item: Leftovers
|-heal|p1a: Melvin|63/100|[from] item: Leftovers
|upkeep
|turn|33
|inactive|TheComanderXD has 90 seconds left.
|
|t:|1727903492
|switch|p1a: Mega Ultra Chicken|Moltres|100/100
|move|p2a: Gengar|Will-O-Wisp|p1a: Mega Ultra Chicken|[miss]
|-miss|p2a: Gengar|p1a: Mega Ultra Chicken
|
|-weather|Sandstorm|[upkeep]
|-damage|p2a: Gengar|60/100|[from] Sandstorm
|-damage|p1a: Mega Ultra Chicken|94/100|[from] Sandstorm
|-heal|p2a: Gengar|66/100|[from] item: Leftovers
|-heal|p1a: Mega Ultra Chicken|100/100|[from] item: Leftovers
|upkeep
|turn|34
|inactive|TheComanderXD has 90 seconds left.
|
|t:|1727903507
|move|p2a: Gengar|Thunderbolt|p1a: Mega Ultra Chicken
|-supereffective|p1a: Mega Ultra Chicken
|-damage|p1a: Mega Ultra Chicken|37/100
|move|p1a: Mega Ultra Chicken|Flamethrower|p2a: Gengar
|-damage|p2a: Gengar|0 fnt
|faint|p2a: Gengar
|
|t:|1727903516
|switch|p2a: Swampert|Swampert, F|100/100
|-damage|p2a: Swampert|88/100|[from] Spikes
|
|-weather|Sandstorm|[upkeep]
|-damage|p1a: Mega Ultra Chicken|31/100|[from] Sandstorm
|-heal|p1a: Mega Ultra Chicken|37/100|[from] item: Leftovers
|-heal|p2a: Swampert|94/100|[from] item: Leftovers
|upkeep
|turn|35
|c|☆Altina|gg
|
|t:|1727903525
|move|p1a: Mega Ultra Chicken|Hidden Power|p2a: Swampert
|-supereffective|p2a: Swampert
|-damage|p2a: Swampert|1/100
|move|p2a: Swampert|Surf|p1a: Mega Ultra Chicken
|-supereffective|p1a: Mega Ultra Chicken
|-damage|p1a: Mega Ultra Chicken|0 fnt
|faint|p1a: Mega Ultra Chicken
|inactive|TheComanderXD has 90 seconds left.
|
|t:|1727903545
|switch|p1a: The Hype|Gengar, M|40/100
|
|-weather|Sandstorm|[upkeep]
|-damage|p1a: The Hype|34/100|[from] Sandstorm
|-heal|p1a: The Hype|40/100|[from] item: Leftovers
|-heal|p2a: Swampert|7/100|[from] item: Leftovers
|upkeep
|turn|36
|
|t:|1727903557
|move|p2a: Swampert|Protect|p2a: Swampert
|-singleturn|p2a: Swampert|Protect
|move|p1a: The Hype|Ice Punch|p2a: Swampert
|-activate|p2a: Swampert|Protect
|
|-weather|Sandstorm|[upkeep]
|-damage|p1a: The Hype|34/100|[from] Sandstorm
|-heal|p1a: The Hype|40/100|[from] item: Leftovers
|-heal|p2a: Swampert|13/100|[from] item: Leftovers
|upkeep
|turn|37
|inactive|TheComanderXD has 90 seconds left.
|
|t:|1727903572
|move|p1a: The Hype|Ice Punch|p2a: Swampert
|-damage|p2a: Swampert|0 fnt
|faint|p2a: Swampert
|
|t:|1727903575
|switch|p2a: Tyranitar|Tyranitar, F|37/100 brn
|-damage|p2a: Tyranitar|25/100 brn|[from] Spikes
|
|-weather|Sandstorm|[upkeep]
|-damage|p1a: The Hype|34/100|[from] Sandstorm
|-heal|p1a: The Hype|40/100|[from] item: Leftovers
|-heal|p2a: Tyranitar|31/100 brn|[from] item: Leftovers
|-damage|p2a: Tyranitar|19/100 brn|[from] brn
|upkeep
|turn|38
|inactive|TheComanderXD has 90 seconds left.
|
|t:|1727903584
|move|p1a: The Hype|Thunderbolt|p2a: Tyranitar
|-damage|p2a: Tyranitar|0 fnt
|faint|p2a: Tyranitar
|
|win|TheComanderXD
|c|☆TheComanderXD|gg
|player|p1|

</script>
<script type="application/json" class="data" id="replaydata-smogtours-gen3ou-794052">
{"id":"smogtours-gen3ou-794052","format":"[Gen 3] OU","players":["TheComanderXD","Altina"],"uploadtime":1727903584,"views":378,"formatid":"gen3ou","rating":null,"private":0,"password":null}
</script>

<script defer src="js/replays.js?9d40a366"></script>
