<!DOCTYPE html>
<meta charset="utf-8" />
<meta name="viewport" content="width=device-width" />

<title>[Gen 3] OU: SaunkGod vs. JakeConway - Replays - Pok&eacute;mon Showdown!</title>

<meta name="description" content="Watch a replay of a Pok&eacute;mon battle between SaunkGod and JakeConway! Format: [Gen 3] OU; Date: Oct 9, 2024" />
<!--

Hey, you! Looking in the source for the replay log?

You can find them in JSON format, just add `.json` at the end of a replay URL.

https://replay.pokemonshowdown.com/gen7randomdoublesbattle-865046831.json

Or, if you only need the log itself, add `.log` instead:

https://replay.pokemonshowdown.com/gen7randomdoublesbattle-865046831.log

-->

<link rel="stylesheet" href="//pokemonshowdown.com/style/global.css?0.023195364461161105" />
<link rel="stylesheet" href="//play.pokemonshowdown.com/style/font-awesome.css?0.13261647063804238" />
<link rel="stylesheet" href="//play.pokemonshowdown.com/style/battle.css?0.8753245789963631" />
<link rel="stylesheet" href="//play.pokemonshowdown.com/style/utilichart.css?0.8627959624976733" />

<!-- Global site tag (gtag.js) - Google Analytics -->
<script async src="https://www.googletagmanager.com/gtag/js?id=UA-26211653-1"></script>
<script>
  window.dataLayer = window.dataLayer || [];
  function gtag(){dataLayer.push(arguments);}
  gtag('js', new Date());

  gtag('config', 'UA-26211653-1');
</script>
<!-- End Google Analytics -->
<!-- Venatus Ad Manager - Install in <HEAD> of page -->
	<script src="https://hb.vntsm.com/v3/live/ad-manager.min.js" type="text/javascript" data-site-id="642aba63ec9a7b11c3c9c1be" data-mode="scan" async></script>
<!-- / Venatus Ad Manager -->

<style>
	@media (max-width:820px) {
		.battle {
			margin: 0 auto;
		}
		.battle-log {
			margin: 7px auto 0;
			max-width: 640px;
			height: 300px;
			position: static;
		}
	}
	.optgroup {
		display: inline-block;
		line-height: 22px;
		font-size: 10pt;
	}
	.optgroup .button {
		height: 25px;
		padding-top: 0;
		padding-bottom: 0;
	}
	.optgroup button.button {
		padding-left: 12px;
		padding-right: 12px;
	}
	.linklist {
		list-style: none;
		margin: 0.5em 0;
		padding: 0;
	}
	.linklist li {
		padding: 2px 0;
	}
	.sidebar {
		float: left;
		width: 320px;
	}
	.bar-wrapper {
		max-width: 1100px;
		margin: 0 auto;
	}
	.bar-wrapper.has-sidebar {
		max-width: 1430px;
	}
	.mainbar {
		margin: 0;
		padding-right: 1px;
	}
	.mainbar.has-sidebar {
		margin-left: 330px;
	}
	@media (min-width: 1511px) {
		.sidebar {
			width: 400px;
		}
		.bar-wrapper.has-sidebar {
			max-width: 1510px;
		}
		.mainbar.has-sidebar {
			margin-left: 410px;
		}
	}
	.section.first-section {
		margin-top: 9px;
	}
	.blocklink small {
		white-space: normal;
	}
	.button {
		vertical-align: middle;
	}
	.replay-controls {
		padding-top: 10px;
	}
	.replay-controls h1 {
		font-size: 16pt;
		font-weight: normal;
		color: #CCC;
	}
	.pagelink {
		text-align: center;
	}
	.pagelink a {
		width: 150px;
	}
	.textbox, .button {
		font-size: 11pt;
		vertical-align: middle;
	}
	@media (max-width: 450px) {
		.button {
			font-size: 9pt;
		}
	}
</style>

<div>

	<header>
		<div class="nav-wrapper"><ul class="nav">
			<li><a class="button nav-first" href="//pokemonshowdown.com/"><img src="//pokemonshowdown.com/images/pokemonshowdownbeta.png" srcset="//pokemonshowdown.com/images/pokemonshowdownbeta.png 1x, //pokemonshowdown.com/images/pokemonshowdownbeta@2x.png 2x" alt="Pok&eacute;mon Showdown" width="146" height="44" /> Home</a></li>
			<li><a class="button" href="//pokemonshowdown.com/dex/">Pok&eacute;dex</a></li>
			<li><a class="button cur" href="/">Replays</a></li>
			<li><a class="button" href="//pokemonshowdown.com/ladder/">Ladder</a></li>
			<li><a class="button nav-last" href="//pokemonshowdown.com/forums/">Forum</a></li>
			<li><a class="button greenbutton nav-first nav-last" href="//play.pokemonshowdown.com/">Play</a></li>
		</ul></div>
	</header>

	<div class="main" id="main">

		<noscript><section class="section">You need to enable JavaScript to use this page; sorry!</section></noscript>

	</div>

</div>

<script defer nomodule src="//play.pokemonshowdown.com/js/lib/ps-polyfill.js"></script>
<script defer src="//play.pokemonshowdown.com/js/lib/preact.min.js"></script>

<script defer src="//play.pokemonshowdown.com/config/config.js?2bddbc15"></script>
<script defer src="//play.pokemonshowdown.com/js/lib/jquery-1.11.0.min.js"></script>
<script defer src="//play.pokemonshowdown.com/js/lib/html-sanitizer-minified.js"></script>
<script defer src="//play.pokemonshowdown.com/js/battle-sound.js"></script>
<script defer src="//play.pokemonshowdown.com/js/battledata.js?0.7209276989879541"></script>
<script defer src="//play.pokemonshowdown.com/data/pokedex-mini.js?0.6111056340867951"></script>
<script defer src="//play.pokemonshowdown.com/data/pokedex-mini-bw.js?0.3532142036491459"></script>
<script defer src="//play.pokemonshowdown.com/data/graphics.js?0.24223875632456182"></script>
<script defer src="//play.pokemonshowdown.com/data/pokedex.js?0.38839984266356864"></script>
<script defer src="//play.pokemonshowdown.com/data/moves.js?0.21866028504024015"></script>
<script defer src="//play.pokemonshowdown.com/data/abilities.js?0.2005157953846628"></script>
<script defer src="//play.pokemonshowdown.com/data/items.js?0.9894211263848525"></script>
<script defer src="//play.pokemonshowdown.com/data/teambuilder-tables.js?0.6008791140282215"></script>
<script defer src="//play.pokemonshowdown.com/js/battle-tooltips.js?0.7580118955022959"></script>
<script defer src="//play.pokemonshowdown.com/js/battle.js?0.6057722274234274"></script>

<script defer src="js/utils.js?e31f9a17"></script>
<script defer src="js/replays-battle.js?7008c182"></script>

<!-- don't scrape this data! just add .json or .log after the URL!
Full API docs: https://github.com/smogon/pokemon-showdown-client/blob/master/WEB-API.md -->
<script type="text/plain" class="log" id="replaylog-smogtours-gen3ou-796758">
|inactive|Battle timer is ON: inactive players will automatically lose when time's up.
|t:|1728506789
|gametype|singles
|player|p1|SaunkGod|blue-gen3two|
|player|p2|JakeConway|biker|
|teamsize|p1|6
|teamsize|p2|6
|gen|3
|tier|[Gen 3] OU
|rule|Sleep Clause Mod: Limit one foe put to sleep
|rule|Switch Priority Clause Mod: Faster Pokémon switch first
|rule|Species Clause: Limit one of each Pokémon
|rule|OHKO Clause: OHKO moves are banned
|rule|Evasion Items Clause: Evasion items are banned
|rule|Evasion Moves Clause: Evasion moves are banned
|rule|Endless Battle Clause: Forcing endless battles is banned
|rule|HP Percentage Mod: HP is shown in percentages
|rule|One Boost Passer Clause: Limit one Baton Passer that has a way to boost its stats
|rule|Freeze Clause Mod: Limit one foe frozen
|
|t:|1728506789
|start
|switch|p1a: Zapdos|Zapdos|100/100
|switch|p2a: Skarmory|Skarmory, M|100/100
|turn|1
|
|t:|1728506803
|move|p2a: Skarmory|Protect|p2a: Skarmory
|-singleturn|p2a: Skarmory|Protect
|move|p1a: Zapdos|Thunderbolt|p2a: Skarmory
|-activate|p2a: Skarmory|Protect
|
|upkeep
|turn|2
|
|t:|1728506810
|switch|p2a: Swampert|Swampert, F|100/100
|move|p1a: Zapdos|Baton Pass|p1a: Zapdos
|
|t:|1728506823
|switch|p1a: Celebi|Celebi|100/100|[from] Baton Pass
|
|upkeep
|turn|3
|inactive|SaunkGod has 270 seconds left.
|
|t:|1728506856
|switch|p2a: Skarmory|Skarmory, M|100/100
|move|p1a: Celebi|Giga Drain|p2a: Skarmory
|-resisted|p2a: Skarmory
|-damage|p2a: Skarmory|94/100
|
|-heal|p2a: Skarmory|99/100|[from] item: Leftovers
|upkeep
|turn|4
|inactive|SaunkGod has 270 seconds left.
|
|t:|1728506867
|move|p1a: Celebi|Hidden Power|p2a: Skarmory
|-supereffective|p2a: Skarmory
|-damage|p2a: Skarmory|55/100
|move|p2a: Skarmory|Spikes|p1a: Celebi
|-sidestart|p1: SaunkGod|Spikes
|
|-heal|p2a: Skarmory|61/100|[from] item: Leftovers
|upkeep
|turn|5
|
|t:|1728506878
|move|p1a: Celebi|Baton Pass|p1a: Celebi
|
|t:|1728506879
|switch|p1a: Zapdos|Zapdos|100/100|[from] Baton Pass
|move|p2a: Skarmory|Toxic|p1a: Zapdos|[miss]
|-miss|p2a: Skarmory|p1a: Zapdos
|
|-heal|p2a: Skarmory|67/100|[from] item: Leftovers
|upkeep
|turn|6
|
|t:|1728506886
|move|p2a: Skarmory|Protect|p2a: Skarmory
|-singleturn|p2a: Skarmory|Protect
|move|p1a: Zapdos|Thunderbolt|p2a: Skarmory
|-activate|p2a: Skarmory|Protect
|
|-heal|p2a: Skarmory|73/100|[from] item: Leftovers
|upkeep
|turn|7
|
|t:|1728506916
|switch|p2a: Swampert|Swampert, F|100/100
|move|p1a: Zapdos|Thunderbolt|p2a: Swampert
|-immune|p2a: Swampert
|
|upkeep
|turn|8
|
|t:|1728506933
|move|p1a: Zapdos|Baton Pass|p1a: Zapdos
|
|t:|1728506935
|switch|p1a: Celebi|Celebi|100/100|[from] Baton Pass
|-damage|p1a: Celebi|88/100|[from] Spikes
|move|p2a: Swampert|Toxic|p1a: Celebi
|-status|p1a: Celebi|tox
|
|-heal|p1a: Celebi|94/100 tox|[from] item: Leftovers
|-damage|p1a: Celebi|88/100 tox|[from] psn
|upkeep
|turn|9
|
|t:|1728506946
|move|p2a: Swampert|Protect|p2a: Swampert
|-singleturn|p2a: Swampert|Protect
|move|p1a: Celebi|Baton Pass|p1a: Celebi
|
|t:|1728506953
|-curestatus|p1a: Celebi|tox|[from] ability: Natural Cure
|switch|p1a: Jolteon|Jolteon, M|100/100|[from] Baton Pass
|-damage|p1a: Jolteon|88/100|[from] Spikes
|
|-heal|p1a: Jolteon|94/100|[from] item: Leftovers
|upkeep
|turn|10
|
|t:|1728506974
|switch|p2a: Dugtrio|Dugtrio, M|100/100
|move|p1a: Jolteon|Substitute|p1a: Jolteon
|-start|p1a: Jolteon|Substitute
|-damage|p1a: Jolteon|69/100
|
|-heal|p1a: Jolteon|75/100|[from] item: Leftovers
|upkeep
|turn|11
|
|t:|1728506981
|move|p1a: Jolteon|Hidden Power|p2a: Dugtrio
|-supereffective|p2a: Dugtrio
|-damage|p2a: Dugtrio|14/100
|move|p2a: Dugtrio|Earthquake|p1a: Jolteon
|-supereffective|p1a: Jolteon
|-end|p1a: Jolteon|Substitute
|
|-heal|p1a: Jolteon|82/100|[from] item: Leftovers
|upkeep
|turn|12
|inactive|JakeConway has 270 seconds left.
|
|t:|1728507018
|switch|p2a: Swampert|Swampert, F|100/100
|move|p1a: Jolteon|Hidden Power|p2a: Swampert
|-supereffective|p2a: Swampert
|-damage|p2a: Swampert|26/100
|
|-heal|p1a: Jolteon|88/100|[from] item: Leftovers
|-heal|p2a: Swampert|32/100|[from] item: Leftovers
|upkeep
|turn|13
|inactive|JakeConway has 270 seconds left.
|
|t:|1728507043
|move|p2a: Swampert|Protect|p2a: Swampert
|-singleturn|p2a: Swampert|Protect
|move|p1a: Jolteon|Hidden Power|p2a: Swampert
|-activate|p2a: Swampert|Protect
|
|-heal|p1a: Jolteon|94/100|[from] item: Leftovers
|-heal|p2a: Swampert|38/100|[from] item: Leftovers
|upkeep
|turn|14
|inactive|JakeConway has 240 seconds left.
|inactive|JakeConway has 210 seconds left.
|
|t:|1728507099
|switch|p2a: Zapdos|Zapdos|100/100
|move|p1a: Jolteon|Baton Pass|p1a: Jolteon
|
|t:|1728507120
|switch|p1a: Celebi|Celebi|88/100|[from] Baton Pass
|-damage|p1a: Celebi|76/100|[from] Spikes
|
|-heal|p1a: Celebi|82/100|[from] item: Leftovers
|upkeep
|turn|15
|inactive|SaunkGod has 270 seconds left.
|inactive|JakeConway has 210 seconds left.
|
|t:|1728507151
|move|p2a: Zapdos|Thunderbolt|p1a: Celebi
|-resisted|p1a: Celebi
|-damage|p1a: Celebi|59/100
|move|p1a: Celebi|Baton Pass|p1a: Celebi
|
|t:|1728507164
|switch|p1a: Jolteon|Jolteon, M|94/100|[from] Baton Pass
|-damage|p1a: Jolteon|82/100|[from] Spikes
|
|-heal|p1a: Jolteon|88/100|[from] item: Leftovers
|upkeep
|turn|16
|inactive|JakeConway has 210 seconds left.
|inactive|JakeConway has 180 seconds left.
|
|t:|1728507225
|move|p1a: Jolteon|Substitute|p1a: Jolteon
|-start|p1a: Jolteon|Substitute
|-damage|p1a: Jolteon|63/100
|move|p2a: Zapdos|Thunder Wave||[still]
|-fail|p2a: Zapdos
|
|-heal|p1a: Jolteon|69/100|[from] item: Leftovers
|upkeep
|turn|17
|
|t:|1728507231
|move|p1a: Jolteon|Thunderbolt|p2a: Zapdos
|-damage|p2a: Zapdos|48/100
|move|p2a: Zapdos|Roar|p1a: Jolteon
|drag|p1a: Metagross|Metagross|100/100
|-damage|p1a: Metagross|88/100|[from] Spikes
|
|-heal|p2a: Zapdos|54/100|[from] item: Leftovers
|upkeep
|turn|18
|inactive|SaunkGod has 270 seconds left.
|
|t:|1728507263
|switch|p1a: Jolteon|Jolteon, M|69/100
|-damage|p1a: Jolteon|57/100|[from] Spikes
|move|p2a: Zapdos|Thunder Wave|p1a: Jolteon
|-status|p1a: Jolteon|par
|
|-heal|p2a: Zapdos|60/100|[from] item: Leftovers
|-heal|p1a: Jolteon|63/100 par|[from] item: Leftovers
|upkeep
|turn|19
|
|t:|1728507274
|move|p1a: Jolteon|Baton Pass|p1a: Jolteon
|
|t:|1728507284
|switch|p1a: Dugtrio|Dugtrio, M|100/100|[from] Baton Pass
|-damage|p1a: Dugtrio|88/100|[from] Spikes
|move|p2a: Zapdos|Roar|p1a: Dugtrio
|drag|p1a: Jolteon|Jolteon, M|63/100 par
|-damage|p1a: Jolteon|50/100 par|[from] Spikes
|
|-heal|p2a: Zapdos|67/100|[from] item: Leftovers
|-heal|p1a: Jolteon|57/100 par|[from] item: Leftovers
|upkeep
|turn|20
|inactive|JakeConway has 180 seconds left.
|
|t:|1728507296
|move|p2a: Zapdos|Hidden Power|p1a: Jolteon
|-damage|p1a: Jolteon|24/100 par
|move|p1a: Jolteon|Thunderbolt|p2a: Zapdos
|-damage|p2a: Zapdos|15/100
|-status|p2a: Zapdos|par
|
|-heal|p1a: Jolteon|30/100 par|[from] item: Leftovers
|-heal|p2a: Zapdos|21/100 par|[from] item: Leftovers
|upkeep
|turn|21
|inactive|JakeConway has 180 seconds left.
|
|t:|1728507308
|cant|p1a: Jolteon|par
|move|p2a: Zapdos|Hidden Power|p1a: Jolteon
|-damage|p1a: Jolteon|0 fnt
|faint|p1a: Jolteon
|
|t:|1728507317
|switch|p1a: Suicune|Suicune|100/100
|-damage|p1a: Suicune|88/100|[from] Spikes
|
|-heal|p1a: Suicune|94/100|[from] item: Leftovers
|-heal|p2a: Zapdos|27/100 par|[from] item: Leftovers
|upkeep
|turn|22
|inactive|JakeConway has 180 seconds left.
|
|t:|1728507332
|move|p1a: Suicune|Ice Beam|p2a: Zapdos
|-supereffective|p2a: Zapdos
|-crit|p2a: Zapdos
|-damage|p2a: Zapdos|0 fnt
|faint|p2a: Zapdos
|inactive|JakeConway has 180 seconds left.
|
|t:|1728507343
|switch|p2a: Skarmory|Skarmory, M|73/100
|
|-heal|p1a: Suicune|100/100|[from] item: Leftovers
|-heal|p2a: Skarmory|79/100|[from] item: Leftovers
|upkeep
|turn|23
|
|t:|1728507359
|move|p1a: Suicune|Calm Mind|p1a: Suicune
|-boost|p1a: Suicune|spa|1
|-boost|p1a: Suicune|spd|1
|move|p2a: Skarmory|Toxic|p1a: Suicune
|-status|p1a: Suicune|tox
|
|-damage|p1a: Suicune|94/100 tox|[from] psn
|-heal|p2a: Skarmory|85/100|[from] item: Leftovers
|upkeep
|turn|24
|
|t:|1728507368
|move|p1a: Suicune|Calm Mind|p1a: Suicune
|-boost|p1a: Suicune|spa|1
|-boost|p1a: Suicune|spd|1
|move|p2a: Skarmory|Spikes|p1a: Suicune
|-sidestart|p1: SaunkGod|Spikes
|
|-heal|p1a: Suicune|100/100 tox|[from] item: Leftovers
|-damage|p1a: Suicune|88/100 tox|[from] psn
|-heal|p2a: Skarmory|91/100|[from] item: Leftovers
|upkeep
|turn|25
|
|t:|1728507378
|move|p1a: Suicune|Hydro Pump|p2a: Skarmory
|-damage|p2a: Skarmory|0 fnt
|faint|p2a: Skarmory
|
|t:|1728507385
|switch|p2a: Swampert|Swampert, F|38/100
|
|-heal|p1a: Suicune|94/100 tox|[from] item: Leftovers
|-damage|p1a: Suicune|76/100 tox|[from] psn
|-heal|p2a: Swampert|44/100|[from] item: Leftovers
|upkeep
|turn|26
|
|t:|1728507398
|move|p2a: Swampert|Protect|p2a: Swampert
|-singleturn|p2a: Swampert|Protect
|move|p1a: Suicune|Ice Beam|p2a: Swampert
|-activate|p2a: Swampert|Protect
|
|-heal|p1a: Suicune|82/100 tox|[from] item: Leftovers
|-damage|p1a: Suicune|58/100 tox|[from] psn
|-heal|p2a: Swampert|50/100|[from] item: Leftovers
|upkeep
|turn|27
|
|t:|1728507409
|move|p2a: Swampert|Protect|p2a: Swampert
|-singleturn|p2a: Swampert|Protect
|move|p1a: Suicune|Hydro Pump|p2a: Swampert
|-activate|p2a: Swampert|Protect
|
|-heal|p1a: Suicune|64/100 tox|[from] item: Leftovers
|-damage|p1a: Suicune|33/100 tox|[from] psn
|-heal|p2a: Swampert|57/100|[from] item: Leftovers
|upkeep
|turn|28
|
|t:|1728507429
|move|p1a: Suicune|Hydro Pump|p2a: Swampert
|-crit|p2a: Swampert
|-damage|p2a: Swampert|0 fnt
|faint|p2a: Swampert
|
|t:|1728507435
|switch|p2a: Dugtrio|Dugtrio, M|14/100
|
|-heal|p1a: Suicune|39/100 tox|[from] item: Leftovers
|-damage|p1a: Suicune|2/100 tox|[from] psn
|upkeep
|turn|29
|
|t:|1728507455
|move|p2a: Dugtrio|Rock Slide|p1a: Suicune
|-damage|p1a: Suicune|0 fnt
|faint|p1a: Suicune
|
|t:|1728507480
|switch|p1a: Dugtrio|Dugtrio, M|88/100
|-damage|p1a: Dugtrio|72/100|[from] Spikes
|
|upkeep
|turn|30
|
|t:|1728507484
|move|p2a: Dugtrio|Rock Slide|p1a: Dugtrio
|-resisted|p1a: Dugtrio
|-damage|p1a: Dugtrio|31/100
|move|p1a: Dugtrio|Aerial Ace|p2a: Dugtrio
|-damage|p2a: Dugtrio|0 fnt
|faint|p2a: Dugtrio
|
|t:|1728507495
|switch|p2a: Gengar|Gengar, M|100/100
|
|upkeep
|turn|31
|
|t:|1728507498
|move|p2a: Gengar|Ice Punch|p1a: Dugtrio
|-supereffective|p1a: Dugtrio
|-damage|p1a: Dugtrio|0 fnt
|faint|p1a: Dugtrio
|inactive|SaunkGod has 270 seconds left.
|
|t:|1728507549
|switch|p1a: Zapdos|Zapdos|100/100
|
|upkeep
|turn|32
|inactive|JakeConway has 210 seconds left.
|
|t:|1728507570
|move|p2a: Gengar|Ice Punch|p1a: Zapdos
|-supereffective|p1a: Zapdos
|-damage|p1a: Zapdos|49/100
|move|p1a: Zapdos|Thunderbolt|p2a: Gengar
|-damage|p2a: Gengar|29/100
|
|-heal|p2a: Gengar|35/100|[from] item: Leftovers
|-heal|p1a: Zapdos|55/100|[from] item: Leftovers
|upkeep
|turn|33
|inactive|JakeConway has 210 seconds left.
|
|t:|1728507579
|move|p2a: Gengar|Ice Punch|p1a: Zapdos
|-supereffective|p1a: Zapdos
|-damage|p1a: Zapdos|9/100
|move|p1a: Zapdos|Thunderbolt|p2a: Gengar
|-damage|p2a: Gengar|0 fnt
|faint|p2a: Gengar
|inactive|JakeConway has 210 seconds left.
|
|t:|1728507588
|switch|p2a: Aerodactyl|Aerodactyl, M|100/100
|
|-heal|p1a: Zapdos|15/100|[from] item: Leftovers
|upkeep
|turn|34
|
|t:|1728507593
|switch|p1a: Celebi|Celebi|59/100
|-damage|p1a: Celebi|42/100|[from] Spikes
|move|p2a: Aerodactyl|Rock Slide|p1a: Celebi
|-damage|p1a: Celebi|0 fnt
|faint|p1a: Celebi
|
|t:|1728507599
|switch|p1a: Metagross|Metagross|88/100
|-damage|p1a: Metagross|72/100|[from] Spikes
|
|upkeep
|turn|35
|
|t:|1728507602
|move|p2a: Aerodactyl|Rock Slide|p1a: Metagross
|-resisted|p1a: Metagross
|-damage|p1a: Metagross|53/100
|move|p1a: Metagross|Meteor Mash|p2a: Aerodactyl
|-supereffective|p2a: Aerodactyl
|-damage|p2a: Aerodactyl|0 fnt
|faint|p2a: Aerodactyl
|
|win|SaunkGod
|c|☆SaunkGod|ggwp
|c|☆JakeConway|gr

</script>
<script type="application/json" class="data" id="replaydata-smogtours-gen3ou-796758">
{"id":"smogtours-gen3ou-796758","format":"[Gen 3] OU","players":["SaunkGod","JakeConway"],"uploadtime":1728507602,"views":101,"formatid":"gen3ou","rating":null,"private":0,"password":null}
</script>

<script defer src="js/replays.js?9d40a366"></script>
