<!DOCTYPE html>
<meta charset="utf-8" />
<meta name="viewport" content="width=device-width" />

<title>[Gen 3] OU: Fear vs. bugcondition - Replays - Pok&eacute;mon Showdown!</title>

<meta name="description" content="Watch a replay of a Pok&eacute;mon battle between Fear and bugcondition! Format: [Gen 3] OU; Date: Oct 3, 2024" />
<!--

Hey, you! Looking in the source for the replay log?

You can find them in JSON format, just add `.json` at the end of a replay URL.

https://replay.pokemonshowdown.com/gen7randomdoublesbattle-865046831.json

Or, if you only need the log itself, add `.log` instead:

https://replay.pokemonshowdown.com/gen7randomdoublesbattle-865046831.log

-->

<link rel="stylesheet" href="//pokemonshowdown.com/style/global.css?0.767286132409787" />
<link rel="stylesheet" href="//play.pokemonshowdown.com/style/font-awesome.css?0.9266228007934947" />
<link rel="stylesheet" href="//play.pokemonshowdown.com/style/battle.css?0.7924700842790926" />
<link rel="stylesheet" href="//play.pokemonshowdown.com/style/utilichart.css?0.8777417872839479" />

<!-- Global site tag (gtag.js) - Google Analytics -->
<script async src="https://www.googletagmanager.com/gtag/js?id=UA-26211653-1"></script>
<script>
  window.dataLayer = window.dataLayer || [];
  function gtag(){dataLayer.push(arguments);}
  gtag('js', new Date());

  gtag('config', 'UA-26211653-1');
</script>
<!-- End Google Analytics -->
<!-- Venatus Ad Manager - Install in <HEAD> of page -->
	<script src="https://hb.vntsm.com/v3/live/ad-manager.min.js" type="text/javascript" data-site-id="642aba63ec9a7b11c3c9c1be" data-mode="scan" async></script>
<!-- / Venatus Ad Manager -->

<style>
	@media (max-width:820px) {
		.battle {
			margin: 0 auto;
		}
		.battle-log {
			margin: 7px auto 0;
			max-width: 640px;
			height: 300px;
			position: static;
		}
	}
	.optgroup {
		display: inline-block;
		line-height: 22px;
		font-size: 10pt;
	}
	.optgroup .button {
		height: 25px;
		padding-top: 0;
		padding-bottom: 0;
	}
	.optgroup button.button {
		padding-left: 12px;
		padding-right: 12px;
	}
	.linklist {
		list-style: none;
		margin: 0.5em 0;
		padding: 0;
	}
	.linklist li {
		padding: 2px 0;
	}
	.sidebar {
		float: left;
		width: 320px;
	}
	.bar-wrapper {
		max-width: 1100px;
		margin: 0 auto;
	}
	.bar-wrapper.has-sidebar {
		max-width: 1430px;
	}
	.mainbar {
		margin: 0;
		padding-right: 1px;
	}
	.mainbar.has-sidebar {
		margin-left: 330px;
	}
	@media (min-width: 1511px) {
		.sidebar {
			width: 400px;
		}
		.bar-wrapper.has-sidebar {
			max-width: 1510px;
		}
		.mainbar.has-sidebar {
			margin-left: 410px;
		}
	}
	.section.first-section {
		margin-top: 9px;
	}
	.blocklink small {
		white-space: normal;
	}
	.button {
		vertical-align: middle;
	}
	.replay-controls {
		padding-top: 10px;
	}
	.replay-controls h1 {
		font-size: 16pt;
		font-weight: normal;
		color: #CCC;
	}
	.pagelink {
		text-align: center;
	}
	.pagelink a {
		width: 150px;
	}
	.textbox, .button {
		font-size: 11pt;
		vertical-align: middle;
	}
	@media (max-width: 450px) {
		.button {
			font-size: 9pt;
		}
	}
</style>

<div>

	<header>
		<div class="nav-wrapper"><ul class="nav">
			<li><a class="button nav-first" href="//pokemonshowdown.com/"><img src="//pokemonshowdown.com/images/pokemonshowdownbeta.png" srcset="//pokemonshowdown.com/images/pokemonshowdownbeta.png 1x, //pokemonshowdown.com/images/pokemonshowdownbeta@2x.png 2x" alt="Pok&eacute;mon Showdown" width="146" height="44" /> Home</a></li>
			<li><a class="button" href="//pokemonshowdown.com/dex/">Pok&eacute;dex</a></li>
			<li><a class="button cur" href="/">Replays</a></li>
			<li><a class="button" href="//pokemonshowdown.com/ladder/">Ladder</a></li>
			<li><a class="button nav-last" href="//pokemonshowdown.com/forums/">Forum</a></li>
			<li><a class="button greenbutton nav-first nav-last" href="//play.pokemonshowdown.com/">Play</a></li>
		</ul></div>
	</header>

	<div class="main" id="main">

		<noscript><section class="section">You need to enable JavaScript to use this page; sorry!</section></noscript>

	</div>

</div>

<script defer nomodule src="//play.pokemonshowdown.com/js/lib/ps-polyfill.js"></script>
<script defer src="//play.pokemonshowdown.com/js/lib/preact.min.js"></script>

<script defer src="//play.pokemonshowdown.com/config/config.js?6dec07f6"></script>
<script defer src="//play.pokemonshowdown.com/js/lib/jquery-1.11.0.min.js"></script>
<script defer src="//play.pokemonshowdown.com/js/lib/html-sanitizer-minified.js"></script>
<script defer src="//play.pokemonshowdown.com/js/battle-sound.js"></script>
<script defer src="//play.pokemonshowdown.com/js/battledata.js?0.6315294753075389"></script>
<script defer src="//play.pokemonshowdown.com/data/pokedex-mini.js?0.7603743185311358"></script>
<script defer src="//play.pokemonshowdown.com/data/pokedex-mini-bw.js?0.030888842834281283"></script>
<script defer src="//play.pokemonshowdown.com/data/graphics.js?0.05593094747507488"></script>
<script defer src="//play.pokemonshowdown.com/data/pokedex.js?0.47064822249611904"></script>
<script defer src="//play.pokemonshowdown.com/data/moves.js?0.8583693120512459"></script>
<script defer src="//play.pokemonshowdown.com/data/abilities.js?0.16017181182386842"></script>
<script defer src="//play.pokemonshowdown.com/data/items.js?0.4163379185673943"></script>
<script defer src="//play.pokemonshowdown.com/data/teambuilder-tables.js?0.31075597372830477"></script>
<script defer src="//play.pokemonshowdown.com/js/battle-tooltips.js?0.6536193500708172"></script>
<script defer src="//play.pokemonshowdown.com/js/battle.js?0.1916591943277901"></script>

<script defer src="js/utils.js?e31f9a17"></script>
<script defer src="js/replays-battle.js?7008c182"></script>

<!-- don't scrape this data! just add .json or .log after the URL!
Full API docs: https://github.com/smogon/pokemon-showdown-client/blob/master/WEB-API.md -->
<script type="text/plain" class="log" id="replaylog-smogtours-gen3ou-794347">
|inactive|Battle timer is ON: inactive players will automatically lose when time's up.
|t:|1727985545
|gametype|singles
|player|p1|Fear|#gscpl3ironmanmachamps|
|player|p2|bugcondition|clair|
|teamsize|p1|6
|teamsize|p2|6
|gen|3
|tier|[Gen 3] OU
|rule|Sleep Clause Mod: Limit one foe put to sleep
|rule|Switch Priority Clause Mod: Faster Pokémon switch first
|rule|Species Clause: Limit one of each Pokémon
|rule|OHKO Clause: OHKO moves are banned
|rule|Evasion Items Clause: Evasion items are banned
|rule|Evasion Moves Clause: Evasion moves are banned
|rule|Endless Battle Clause: Forcing endless battles is banned
|rule|HP Percentage Mod: HP is shown in percentages
|rule|One Boost Passer Clause: Limit one Baton Passer that has a way to boost its stats
|rule|Freeze Clause Mod: Limit one foe frozen
|
|t:|1727985545
|start
|switch|p1a: Tyranitar|Tyranitar, F|100/100
|switch|p2a: Luna-T|Skarmory, F|100/100
|-weather|Sandstorm|[from] ability: Sand Stream|[of] p1a: Tyranitar
|turn|1
|inactive|bugcondition has 270 seconds left.
|
|t:|1727985584
|move|p2a: Luna-T|Protect|p2a: Luna-T
|-singleturn|p2a: Luna-T|Protect
|move|p1a: Tyranitar|Fire Blast|p2a: Luna-T
|-activate|p2a: Luna-T|Protect
|
|-weather|Sandstorm|[upkeep]
|upkeep
|turn|2
|inactive|bugcondition has 270 seconds left.
|
|t:|1727985620
|move|p1a: Tyranitar|Fire Blast|p2a: Luna-T
|-supereffective|p2a: Luna-T
|-damage|p2a: Luna-T|33/100
|move|p2a: Luna-T|Toxic|p1a: Tyranitar|[miss]
|-miss|p2a: Luna-T|p1a: Tyranitar
|
|-weather|Sandstorm|[upkeep]
|-heal|p2a: Luna-T|39/100|[from] item: Leftovers
|upkeep
|turn|3
|inactive|bugcondition has 270 seconds left.
|
|t:|1727985629
|switch|p1a: Skarmory|Skarmory, F|100/100
|move|p2a: Luna-T|Protect||[still]
|-fail|p2a: Luna-T
|
|-weather|Sandstorm|[upkeep]
|-heal|p2a: Luna-T|45/100|[from] item: Leftovers
|upkeep
|turn|4
|inactive|bugcondition has 270 seconds left.
|
|t:|1727985639
|move|p1a: Skarmory|Taunt|p2a: Luna-T
|-start|p2a: Luna-T|move: Taunt
|cant|p2a: Luna-T|move: Taunt|Spikes
|
|-weather|Sandstorm|[upkeep]
|-heal|p2a: Luna-T|51/100|[from] item: Leftovers
|upkeep
|turn|5
|
|t:|1727985648
|switch|p2a: Mars|Tyranitar, F, shiny|100/100
|move|p1a: Skarmory|Spikes|p2a: Mars
|-sidestart|p2: bugcondition|Spikes
|
|-weather|Sandstorm|[upkeep]
|upkeep
|turn|6
|
|t:|1727985652
|move|p1a: Skarmory|Toxic|p2a: Mars
|-status|p2a: Mars|tox
|move|p2a: Mars|Ancient Power|p1a: Skarmory
|-damage|p1a: Skarmory|77/100
|
|-weather|Sandstorm|[upkeep]
|-heal|p1a: Skarmory|83/100|[from] item: Leftovers
|-damage|p2a: Mars|94/100 tox|[from] psn
|upkeep
|turn|7
|
|t:|1727985666
|-singleturn|p2a: Mars|move: Focus Punch
|move|p1a: Skarmory|Protect|p1a: Skarmory
|-singleturn|p1a: Skarmory|Protect
|move|p2a: Mars|Focus Punch|p1a: Skarmory
|-activate|p1a: Skarmory|Protect
|
|-weather|Sandstorm|[upkeep]
|-heal|p1a: Skarmory|89/100|[from] item: Leftovers
|-heal|p2a: Mars|100/100 tox|[from] item: Leftovers
|-damage|p2a: Mars|88/100 tox|[from] psn
|upkeep
|turn|8
|
|t:|1727985687
|switch|p2a: Pluto|Blissey, F, shiny|100/100
|-damage|p2a: Pluto|88/100|[from] Spikes
|move|p1a: Skarmory|Spikes|p2a: Pluto
|-sidestart|p2: bugcondition|Spikes
|
|-weather|Sandstorm|[upkeep]
|-damage|p2a: Pluto|82/100|[from] Sandstorm
|-heal|p1a: Skarmory|95/100|[from] item: Leftovers
|-heal|p2a: Pluto|88/100|[from] item: Leftovers
|upkeep
|turn|9
|
|t:|1727985706
|move|p1a: Skarmory|Taunt|p2a: Pluto
|-start|p2a: Pluto|move: Taunt
|move|p2a: Pluto|Ice Beam|p1a: Skarmory
|-damage|p1a: Skarmory|70/100
|
|-weather|Sandstorm|[upkeep]
|-damage|p2a: Pluto|82/100|[from] Sandstorm
|-heal|p1a: Skarmory|76/100|[from] item: Leftovers
|-heal|p2a: Pluto|88/100|[from] item: Leftovers
|upkeep
|turn|10
|
|t:|1727985712
|move|p1a: Skarmory|Toxic|p2a: Pluto
|-status|p2a: Pluto|tox
|move|p2a: Pluto|Fire Blast|p1a: Skarmory
|-supereffective|p1a: Skarmory
|-damage|p1a: Skarmory|17/100
|
|-weather|Sandstorm|[upkeep]
|-damage|p2a: Pluto|82/100 tox|[from] Sandstorm
|-heal|p1a: Skarmory|23/100|[from] item: Leftovers
|-heal|p2a: Pluto|88/100 tox|[from] item: Leftovers
|-damage|p2a: Pluto|82/100 tox|[from] psn
|-end|p2a: Pluto|move: Taunt|[silent]
|upkeep
|turn|11
|inactive|bugcondition has 270 seconds left.
|
|t:|1727985746
|switch|p1a: Gengar|Gengar, F|100/100
|-curestatus|p2a: Pluto|tox|[from] ability: Natural Cure
|switch|p2a: Mars|Tyranitar, F, shiny|88/100 tox
|-damage|p2a: Mars|71/100 tox|[from] Spikes
|
|-weather|Sandstorm|[upkeep]
|-damage|p1a: Gengar|95/100|[from] Sandstorm
|-heal|p1a: Gengar|100/100|[from] item: Leftovers
|-heal|p2a: Mars|78/100 tox|[from] item: Leftovers
|-damage|p2a: Mars|71/100 tox|[from] psn
|upkeep
|turn|12
|inactive|bugcondition has 270 seconds left.
|
|t:|1727985769
|switch|p1a: Swampert|Swampert, F|100/100
|move|p2a: Mars|Ancient Power|p1a: Swampert
|-resisted|p1a: Swampert
|-damage|p1a: Swampert|89/100
|
|-weather|Sandstorm|[upkeep]
|-heal|p2a: Mars|78/100 tox|[from] item: Leftovers
|-damage|p2a: Mars|65/100 tox|[from] psn
|-heal|p1a: Swampert|95/100|[from] item: Leftovers
|upkeep
|turn|13
|inactive|bugcondition has 240 seconds left.
|
|t:|1727985795
|switch|p2a: Luna-T|Skarmory, F|51/100
|switch|p1a: Skarmory|Skarmory, F|23/100
|
|-weather|Sandstorm|[upkeep]
|-heal|p1a: Skarmory|29/100|[from] item: Leftovers
|-heal|p2a: Luna-T|57/100|[from] item: Leftovers
|upkeep
|turn|14
|inactive|bugcondition has 240 seconds left.
|
|t:|1727985806
|switch|p2a: Saturn|Gengar, F|100/100
|move|p1a: Skarmory|Taunt|p2a: Saturn
|-start|p2a: Saturn|move: Taunt
|
|-weather|Sandstorm|[upkeep]
|-damage|p2a: Saturn|95/100|[from] Sandstorm
|-heal|p1a: Skarmory|35/100|[from] item: Leftovers
|upkeep
|turn|15
|inactive|bugcondition has 240 seconds left.
|
|t:|1727985828
|move|p1a: Skarmory|Protect|p1a: Skarmory
|-singleturn|p1a: Skarmory|Protect
|move|p2a: Saturn|Thunderbolt|p1a: Skarmory
|-activate|p1a: Skarmory|Protect
|
|-weather|Sandstorm|[upkeep]
|-damage|p2a: Saturn|89/100|[from] Sandstorm
|-end|p2a: Saturn|move: Taunt|[silent]
|-heal|p1a: Skarmory|41/100|[from] item: Leftovers
|upkeep
|turn|16
|
|t:|1727985832
|switch|p1a: Tyranitar|Tyranitar, F|100/100
|move|p2a: Saturn|Will-O-Wisp|p1a: Tyranitar
|-status|p1a: Tyranitar|brn
|
|-weather|Sandstorm|[upkeep]
|-damage|p2a: Saturn|83/100|[from] Sandstorm
|-damage|p1a: Tyranitar|88/100 brn|[from] brn
|upkeep
|turn|17
|inactive|bugcondition has 240 seconds left.
|
|t:|1727985856
|move|p2a: Saturn|Ice Punch|p1a: Tyranitar
|-damage|p1a: Tyranitar|67/100 brn
|move|p1a: Tyranitar|Pursuit|p2a: Saturn
|-supereffective|p2a: Saturn
|-damage|p2a: Saturn|39/100
|
|-weather|Sandstorm|[upkeep]
|-damage|p2a: Saturn|34/100|[from] Sandstorm
|-heal|p1a: Tyranitar|73/100 brn|[from] item: Leftovers
|-damage|p1a: Tyranitar|61/100 brn|[from] brn
|upkeep
|turn|18
|
|t:|1727985866
|move|p2a: Saturn|Destiny Bond|p2a: Saturn
|-singlemove|p2a: Saturn|Destiny Bond
|move|p1a: Tyranitar|Pursuit|p2a: Saturn
|-supereffective|p2a: Saturn
|-damage|p2a: Saturn|0 fnt
|faint|p2a: Saturn
|-activate|p2a: Saturn|move: Destiny Bond
|faint|p1a: Tyranitar
|inactive|bugcondition has 240 seconds left.
|
|t:|1727985896
|switch|p2a: Mercury|Starmie, shiny|100/100
|switch|p1a: Skarmory|Skarmory, F|41/100
|-damage|p2a: Mercury|84/100|[from] Spikes
|
|-weather|Sandstorm|[upkeep]
|-damage|p2a: Mercury|78/100|[from] Sandstorm
|-heal|p2a: Mercury|84/100|[from] item: Leftovers
|-heal|p1a: Skarmory|47/100|[from] item: Leftovers
|upkeep
|turn|19
|
|t:|1727985908
|move|p1a: Skarmory|Protect|p1a: Skarmory
|-singleturn|p1a: Skarmory|Protect
|move|p2a: Mercury|Hydro Pump|p1a: Skarmory
|-activate|p1a: Skarmory|Protect
|
|-weather|Sandstorm|[upkeep]
|-damage|p2a: Mercury|78/100|[from] Sandstorm
|-heal|p2a: Mercury|84/100|[from] item: Leftovers
|-heal|p1a: Skarmory|53/100|[from] item: Leftovers
|upkeep
|turn|20
|inactive|bugcondition has 210 seconds left.
|
|t:|1727985926
|switch|p1a: Blissey|Blissey, F|100/100
|move|p2a: Mercury|Thunderbolt|p1a: Blissey
|-damage|p1a: Blissey|90/100
|
|-weather|Sandstorm|[upkeep]
|-damage|p2a: Mercury|78/100|[from] Sandstorm
|-damage|p1a: Blissey|84/100|[from] Sandstorm
|-heal|p2a: Mercury|84/100|[from] item: Leftovers
|-heal|p1a: Blissey|90/100|[from] item: Leftovers
|upkeep
|turn|21
|inactive|bugcondition has 210 seconds left.
|
|t:|1727985939
|switch|p1a: Gengar|Gengar, F|100/100
|move|p2a: Mercury|Rapid Spin|p1a: Gengar
|-immune|p1a: Gengar
|
|-weather|Sandstorm|[upkeep]
|-damage|p2a: Mercury|78/100|[from] Sandstorm
|-damage|p1a: Gengar|95/100|[from] Sandstorm
|-heal|p2a: Mercury|84/100|[from] item: Leftovers
|-heal|p1a: Gengar|100/100|[from] item: Leftovers
|upkeep
|turn|22
|inactive|bugcondition has 210 seconds left.
|
|t:|1727985956
|switch|p2a: Luna-T|Skarmory, F|57/100
|move|p1a: Gengar|Thunderbolt|p2a: Luna-T
|-supereffective|p2a: Luna-T
|-damage|p2a: Luna-T|3/100
|
|-weather|Sandstorm|[upkeep]
|-damage|p1a: Gengar|95/100|[from] Sandstorm
|-heal|p1a: Gengar|100/100|[from] item: Leftovers
|-heal|p2a: Luna-T|9/100|[from] item: Leftovers
|upkeep
|turn|23
|
|t:|1727985962
|move|p2a: Luna-T|Protect|p2a: Luna-T
|-singleturn|p2a: Luna-T|Protect
|move|p1a: Gengar|Thunderbolt|p2a: Luna-T
|-activate|p2a: Luna-T|Protect
|
|-weather|Sandstorm|[upkeep]
|-damage|p1a: Gengar|95/100|[from] Sandstorm
|-heal|p1a: Gengar|100/100|[from] item: Leftovers
|-heal|p2a: Luna-T|15/100|[from] item: Leftovers
|upkeep
|turn|24
|
|t:|1727985967
|switch|p2a: Europa|Swampert, F, shiny|100/100
|-damage|p2a: Europa|84/100|[from] Spikes
|move|p1a: Gengar|Thunderbolt|p2a: Europa
|-immune|p2a: Europa
|
|-weather|Sandstorm|[upkeep]
|-damage|p1a: Gengar|95/100|[from] Sandstorm
|-heal|p1a: Gengar|100/100|[from] item: Leftovers
|-heal|p2a: Europa|90/100|[from] item: Leftovers
|upkeep
|turn|25
|
|t:|1727985974
|move|p1a: Gengar|Giga Drain|p2a: Europa
|-supereffective|p2a: Europa
|-damage|p2a: Europa|32/100
|move|p2a: Europa|Hydro Pump|p1a: Gengar
|-damage|p1a: Gengar|39/100
|
|-weather|Sandstorm|[upkeep]
|-damage|p1a: Gengar|33/100|[from] Sandstorm
|-heal|p1a: Gengar|39/100|[from] item: Leftovers
|-heal|p2a: Europa|38/100|[from] item: Leftovers
|upkeep
|turn|26
|
|t:|1727986003
|switch|p2a: Luna-T|Skarmory, F|15/100
|move|p1a: Gengar|Giga Drain|p2a: Luna-T
|-resisted|p2a: Luna-T
|-damage|p2a: Luna-T|12/100
|-heal|p1a: Gengar|41/100|[from] drain|[of] p2a: Luna-T
|
|-weather|Sandstorm|[upkeep]
|-damage|p1a: Gengar|35/100|[from] Sandstorm
|-heal|p1a: Gengar|41/100|[from] item: Leftovers
|-heal|p2a: Luna-T|18/100|[from] item: Leftovers
|upkeep
|turn|27
|inactive|bugcondition has 210 seconds left.
|
|t:|1727986020
|move|p1a: Gengar|Thunderbolt|p2a: Luna-T
|-supereffective|p2a: Luna-T
|-damage|p2a: Luna-T|0 fnt
|faint|p2a: Luna-T
|inactive|bugcondition has 210 seconds left.
|
|t:|1727986036
|switch|p2a: Mars|Tyranitar, F, shiny|65/100 tox
|-damage|p2a: Mars|49/100 tox|[from] Spikes
|
|-weather|Sandstorm|[upkeep]
|-damage|p1a: Gengar|35/100|[from] Sandstorm
|-heal|p1a: Gengar|41/100|[from] item: Leftovers
|-heal|p2a: Mars|55/100 tox|[from] item: Leftovers
|-damage|p2a: Mars|49/100 tox|[from] psn
|upkeep
|turn|28
|
|t:|1727986055
|switch|p1a: Skarmory|Skarmory, F|53/100
|move|p2a: Mars|Ancient Power|p1a: Skarmory
|-damage|p1a: Skarmory|26/100
|
|-weather|Sandstorm|[upkeep]
|-heal|p1a: Skarmory|33/100|[from] item: Leftovers
|-heal|p2a: Mars|55/100 tox|[from] item: Leftovers
|-damage|p2a: Mars|42/100 tox|[from] psn
|upkeep
|turn|29
|
|t:|1727986060
|move|p1a: Skarmory|Protect|p1a: Skarmory
|-singleturn|p1a: Skarmory|Protect
|move|p2a: Mars|Ancient Power|p1a: Skarmory
|-activate|p1a: Skarmory|Protect
|
|-weather|Sandstorm|[upkeep]
|-heal|p1a: Skarmory|39/100|[from] item: Leftovers
|-heal|p2a: Mars|49/100 tox|[from] item: Leftovers
|-damage|p2a: Mars|30/100 tox|[from] psn
|upkeep
|turn|30
|
|t:|1727986067
|switch|p1a: Swampert|Swampert, F|95/100
|move|p2a: Mars|Ancient Power|p1a: Swampert
|-resisted|p1a: Swampert
|-crit|p1a: Swampert
|-damage|p1a: Swampert|72/100
|-boost|p2a: Mars|atk|1
|-boost|p2a: Mars|def|1
|-boost|p2a: Mars|spa|1
|-boost|p2a: Mars|spd|1
|-boost|p2a: Mars|spe|1
|
|-weather|Sandstorm|[upkeep]
|-heal|p2a: Mars|36/100 tox|[from] item: Leftovers
|-damage|p2a: Mars|11/100 tox|[from] psn
|-heal|p1a: Swampert|78/100|[from] item: Leftovers
|upkeep
|turn|31
|inactive|bugcondition has 210 seconds left.
|
|t:|1727986108
|switch|p2a: Pluto|Blissey, F, shiny|82/100
|-damage|p2a: Pluto|65/100|[from] Spikes
|move|p1a: Swampert|Protect||[still]
|-fail|p1a: Swampert
|
|-weather|Sandstorm|[upkeep]
|-damage|p2a: Pluto|59/100|[from] Sandstorm
|-heal|p1a: Swampert|85/100|[from] item: Leftovers
|-heal|p2a: Pluto|65/100|[from] item: Leftovers
|upkeep
|turn|32
|
|t:|1727986117
|move|p2a: Pluto|Toxic|p1a: Swampert|[miss]
|-miss|p2a: Pluto|p1a: Swampert
|move|p1a: Swampert|Roar|p2a: Pluto
|drag|p2a: Mercury|Starmie, shiny|84/100
|-damage|p2a: Mercury|68/100|[from] Spikes
|
|-weather|Sandstorm|[upkeep]
|-damage|p2a: Mercury|62/100|[from] Sandstorm
|-heal|p2a: Mercury|68/100|[from] item: Leftovers
|-heal|p1a: Swampert|91/100|[from] item: Leftovers
|upkeep
|turn|33
|inactive|bugcondition has 210 seconds left.
|
|t:|1727986127
|move|p1a: Swampert|Protect|p1a: Swampert
|-singleturn|p1a: Swampert|Protect
|move|p2a: Mercury|Thunderbolt|p1a: Swampert
|-activate|p1a: Swampert|Protect
|
|-weather|Sandstorm|[upkeep]
|-damage|p2a: Mercury|62/100|[from] Sandstorm
|-heal|p2a: Mercury|68/100|[from] item: Leftovers
|-heal|p1a: Swampert|97/100|[from] item: Leftovers
|upkeep
|turn|34
|
|t:|1727986135
|switch|p1a: Blissey|Blissey, F|90/100
|move|p2a: Mercury|Thunderbolt|p1a: Blissey
|-damage|p1a: Blissey|79/100
|
|-weather|Sandstorm|[upkeep]
|-damage|p2a: Mercury|62/100|[from] Sandstorm
|-damage|p1a: Blissey|73/100|[from] Sandstorm
|-heal|p2a: Mercury|68/100|[from] item: Leftovers
|-heal|p1a: Blissey|79/100|[from] item: Leftovers
|upkeep
|turn|35
|
|t:|1727986141
|move|p2a: Mercury|Rapid Spin|p1a: Blissey
|-damage|p1a: Blissey|76/100
|-sideend|p2: bugcondition|Spikes|[from] move: Rapid Spin|[of] p2a: Mercury
|move|p1a: Blissey|Seismic Toss|p2a: Mercury
|-damage|p2a: Mercury|30/100
|
|-weather|Sandstorm|[upkeep]
|-damage|p2a: Mercury|23/100|[from] Sandstorm
|-damage|p1a: Blissey|70/100|[from] Sandstorm
|-heal|p2a: Mercury|30/100|[from] item: Leftovers
|-heal|p1a: Blissey|76/100|[from] item: Leftovers
|upkeep
|turn|36
|inactive|bugcondition has 210 seconds left.
|
|t:|1727986167
|move|p2a: Mercury|Ice Beam|p1a: Blissey
|-damage|p1a: Blissey|65/100
|move|p1a: Blissey|Wish|p1a: Blissey
|
|-weather|Sandstorm|[upkeep]
|-damage|p2a: Mercury|23/100|[from] Sandstorm
|-damage|p1a: Blissey|59/100|[from] Sandstorm
|-heal|p2a: Mercury|30/100|[from] item: Leftovers
|-heal|p1a: Blissey|65/100|[from] item: Leftovers
|upkeep
|turn|37
|
|t:|1727986177
|move|p2a: Mercury|Thunderbolt|p1a: Blissey
|-damage|p1a: Blissey|54/100
|move|p1a: Blissey|Seismic Toss|p2a: Mercury
|-damage|p2a: Mercury|0 fnt
|faint|p2a: Mercury
|
|t:|1727986186
|switch|p2a: Pluto|Blissey, F, shiny|65/100
|
|-heal|p1a: Blissey|100/100|[from] move: Wish|[wisher] Blissey
|-weather|Sandstorm|[upkeep]
|-damage|p1a: Blissey|94/100|[from] Sandstorm
|-damage|p2a: Pluto|59/100|[from] Sandstorm
|-heal|p1a: Blissey|100/100|[from] item: Leftovers
|-heal|p2a: Pluto|65/100|[from] item: Leftovers
|upkeep
|turn|38
|
|t:|1727986197
|move|p1a: Blissey|Ice Beam|p2a: Pluto
|-damage|p2a: Pluto|55/100
|move|p2a: Pluto|Fire Blast|p1a: Blissey
|-damage|p1a: Blissey|87/100
|
|-weather|Sandstorm|[upkeep]
|-damage|p1a: Blissey|80/100|[from] Sandstorm
|-damage|p2a: Pluto|49/100|[from] Sandstorm
|-heal|p1a: Blissey|87/100|[from] item: Leftovers
|-heal|p2a: Pluto|55/100|[from] item: Leftovers
|upkeep
|turn|39
|
|t:|1727986201
|move|p1a: Blissey|Ice Beam|p2a: Pluto
|-damage|p2a: Pluto|44/100
|move|p2a: Pluto|Fire Blast|p1a: Blissey
|-damage|p1a: Blissey|74/100
|
|-weather|Sandstorm|[upkeep]
|-damage|p1a: Blissey|68/100|[from] Sandstorm
|-damage|p2a: Pluto|38/100|[from] Sandstorm
|-heal|p1a: Blissey|74/100|[from] item: Leftovers
|-heal|p2a: Pluto|44/100|[from] item: Leftovers
|upkeep
|turn|40
|
|t:|1727986204
|move|p1a: Blissey|Ice Beam|p2a: Pluto
|-damage|p2a: Pluto|34/100
|move|p2a: Pluto|Toxic|p1a: Blissey
|-status|p1a: Blissey|tox
|
|-weather|Sandstorm|[upkeep]
|-damage|p1a: Blissey|68/100 tox|[from] Sandstorm
|-damage|p2a: Pluto|27/100|[from] Sandstorm
|-heal|p1a: Blissey|74/100 tox|[from] item: Leftovers
|-damage|p1a: Blissey|68/100 tox|[from] psn
|-heal|p2a: Pluto|34/100|[from] item: Leftovers
|upkeep
|turn|41
|
|t:|1727986208
|-curestatus|p1a: Blissey|tox|[from] ability: Natural Cure
|switch|p1a: Swampert|Swampert, F|97/100
|move|p2a: Pluto|Soft-Boiled|p2a: Pluto
|-heal|p2a: Pluto|83/100
|
|-weather|Sandstorm|[upkeep]
|-damage|p2a: Pluto|77/100|[from] Sandstorm
|-heal|p1a: Swampert|100/100|[from] item: Leftovers
|-heal|p2a: Pluto|83/100|[from] item: Leftovers
|upkeep
|turn|42
|
|t:|1727986213
|switch|p1a: Blissey|Blissey, F|68/100
|move|p2a: Pluto|Toxic|p1a: Blissey
|-status|p1a: Blissey|tox
|
|-weather|Sandstorm|[upkeep]
|-damage|p1a: Blissey|62/100 tox|[from] Sandstorm
|-damage|p2a: Pluto|77/100|[from] Sandstorm
|-heal|p1a: Blissey|68/100 tox|[from] item: Leftovers
|-damage|p1a: Blissey|62/100 tox|[from] psn
|-heal|p2a: Pluto|83/100|[from] item: Leftovers
|upkeep
|turn|43
|
|t:|1727986220
|move|p1a: Blissey|Soft-Boiled|p1a: Blissey
|-heal|p1a: Blissey|100/100 tox
|move|p2a: Pluto|Fire Blast|p1a: Blissey
|-crit|p1a: Blissey
|-damage|p1a: Blissey|76/100 tox
|
|-weather|Sandstorm|[upkeep]
|-damage|p1a: Blissey|70/100 tox|[from] Sandstorm
|-damage|p2a: Pluto|77/100|[from] Sandstorm
|-heal|p1a: Blissey|76/100 tox|[from] item: Leftovers
|-damage|p1a: Blissey|63/100 tox|[from] psn
|-heal|p2a: Pluto|83/100|[from] item: Leftovers
|upkeep
|turn|44
|
|t:|1727986228
|move|p1a: Blissey|Soft-Boiled|p1a: Blissey
|-heal|p1a: Blissey|100/100 tox
|move|p2a: Pluto|Toxic|p1a: Blissey
|-fail|p1a: Blissey|tox
|
|-weather|Sandstorm|[upkeep]
|-damage|p1a: Blissey|94/100 tox|[from] Sandstorm
|-damage|p2a: Pluto|77/100|[from] Sandstorm
|-heal|p1a: Blissey|100/100 tox|[from] item: Leftovers
|-damage|p1a: Blissey|82/100 tox|[from] psn
|-heal|p2a: Pluto|83/100|[from] item: Leftovers
|upkeep
|turn|45
|
|t:|1727986233
|-curestatus|p1a: Blissey|tox|[from] ability: Natural Cure
|switch|p1a: Swampert|Swampert, F|100/100
|move|p2a: Pluto|Fire Blast|p1a: Swampert
|-resisted|p1a: Swampert
|-damage|p1a: Swampert|87/100
|
|-weather|Sandstorm|[upkeep]
|-damage|p2a: Pluto|77/100|[from] Sandstorm
|-heal|p1a: Swampert|93/100|[from] item: Leftovers
|-heal|p2a: Pluto|83/100|[from] item: Leftovers
|upkeep
|turn|46
|
|t:|1727986237
|move|p1a: Swampert|Protect|p1a: Swampert
|-singleturn|p1a: Swampert|Protect
|move|p2a: Pluto|Toxic|p1a: Swampert
|-activate|p1a: Swampert|Protect
|
|-weather|Sandstorm|[upkeep]
|-damage|p2a: Pluto|77/100|[from] Sandstorm
|-heal|p1a: Swampert|99/100|[from] item: Leftovers
|-heal|p2a: Pluto|83/100|[from] item: Leftovers
|upkeep
|turn|47
|
|t:|1727986239
|switch|p1a: Blissey|Blissey, F|82/100
|move|p2a: Pluto|Toxic|p1a: Blissey
|-status|p1a: Blissey|tox
|
|-weather|Sandstorm|[upkeep]
|-damage|p1a: Blissey|76/100 tox|[from] Sandstorm
|-damage|p2a: Pluto|77/100|[from] Sandstorm
|-heal|p1a: Blissey|82/100 tox|[from] item: Leftovers
|-damage|p1a: Blissey|76/100 tox|[from] psn
|-heal|p2a: Pluto|83/100|[from] item: Leftovers
|upkeep
|turn|48
|
|t:|1727986250
|move|p1a: Blissey|Wish|p1a: Blissey
|move|p2a: Pluto|Fire Blast|p1a: Blissey|[miss]
|-miss|p2a: Pluto|p1a: Blissey
|
|-weather|Sandstorm|[upkeep]
|-damage|p1a: Blissey|70/100 tox|[from] Sandstorm
|-damage|p2a: Pluto|77/100|[from] Sandstorm
|-heal|p1a: Blissey|76/100 tox|[from] item: Leftovers
|-damage|p1a: Blissey|64/100 tox|[from] psn
|-heal|p2a: Pluto|83/100|[from] item: Leftovers
|upkeep
|turn|49
|
|t:|1727986256
|-curestatus|p1a: Blissey|tox|[from] ability: Natural Cure
|switch|p1a: Skarmory|Skarmory, F|39/100
|switch|p2a: Mars|Tyranitar, F, shiny|11/100 tox
|
|-heal|p1a: Skarmory|88/100|[from] move: Wish|[wisher] Blissey
|-weather|Sandstorm|[upkeep]
|-heal|p1a: Skarmory|94/100|[from] item: Leftovers
|-heal|p2a: Mars|18/100 tox|[from] item: Leftovers
|-damage|p2a: Mars|11/100 tox|[from] psn
|upkeep
|turn|50
|inactive|bugcondition has 270 seconds left.
|
|t:|1727986286
|switch|p2a: Pluto|Blissey, F, shiny|83/100
|move|p1a: Skarmory|Spikes|p2a: Pluto
|-sidestart|p2: bugcondition|Spikes
|
|-weather|Sandstorm|[upkeep]
|-damage|p2a: Pluto|77/100|[from] Sandstorm
|-heal|p1a: Skarmory|100/100|[from] item: Leftovers
|-heal|p2a: Pluto|83/100|[from] item: Leftovers
|upkeep
|turn|51
|
|t:|1727986293
|move|p1a: Skarmory|Protect|p1a: Skarmory
|-singleturn|p1a: Skarmory|Protect
|move|p2a: Pluto|Ice Beam|p1a: Skarmory
|-activate|p1a: Skarmory|Protect
|
|-weather|Sandstorm|[upkeep]
|-damage|p2a: Pluto|77/100|[from] Sandstorm
|-heal|p2a: Pluto|83/100|[from] item: Leftovers
|upkeep
|turn|52
|
|t:|1727986296
|switch|p1a: Blissey|Blissey, F|64/100
|move|p2a: Pluto|Fire Blast|p1a: Blissey
|-damage|p1a: Blissey|51/100
|-status|p1a: Blissey|brn
|
|-weather|Sandstorm|[upkeep]
|-damage|p1a: Blissey|45/100 brn|[from] Sandstorm
|-damage|p2a: Pluto|77/100|[from] Sandstorm
|-heal|p1a: Blissey|51/100 brn|[from] item: Leftovers
|-damage|p1a: Blissey|39/100 brn|[from] brn
|-heal|p2a: Pluto|83/100|[from] item: Leftovers
|upkeep
|turn|53
|
|t:|1727986304
|-curestatus|p1a: Blissey|brn|[from] ability: Natural Cure
|switch|p1a: Swampert|Swampert, F|99/100
|switch|p2a: Mars|Tyranitar, F, shiny|11/100 tox
|-damage|p2a: Mars|0 fnt|[from] Spikes
|faint|p2a: Mars
|
|t:|1727986309
|switch|p2a: Europa|Swampert, F, shiny|38/100
|-damage|p2a: Europa|25/100|[from] Spikes
|
|-weather|Sandstorm|[upkeep]
|-heal|p1a: Swampert|100/100|[from] item: Leftovers
|-heal|p2a: Europa|32/100|[from] item: Leftovers
|upkeep
|turn|54
|
|t:|1727986312
|move|p1a: Swampert|Surf|p2a: Europa
|-damage|p2a: Europa|5/100
|move|p2a: Europa|Hydro Pump|p1a: Swampert
|-damage|p1a: Swampert|51/100
|
|-weather|Sandstorm|[upkeep]
|-heal|p1a: Swampert|57/100|[from] item: Leftovers
|-heal|p2a: Europa|11/100|[from] item: Leftovers
|upkeep
|turn|55
|
|t:|1727986320
|move|p1a: Swampert|Surf|p2a: Europa
|-damage|p2a: Europa|0 fnt
|faint|p2a: Europa
|
|t:|1727986321
|switch|p2a: Pluto|Blissey, F, shiny|83/100
|-damage|p2a: Pluto|71/100|[from] Spikes
|
|-weather|Sandstorm|[upkeep]
|-damage|p2a: Pluto|65/100|[from] Sandstorm
|-heal|p1a: Swampert|64/100|[from] item: Leftovers
|-heal|p2a: Pluto|71/100|[from] item: Leftovers
|upkeep
|turn|56
|
|t:|1727986330
|switch|p1a: Skarmory|Skarmory, F|100/100
|move|p2a: Pluto|Toxic|p1a: Skarmory|[miss]
|-miss|p2a: Pluto|p1a: Skarmory
|
|-weather|Sandstorm|[upkeep]
|-damage|p2a: Pluto|65/100|[from] Sandstorm
|-heal|p2a: Pluto|71/100|[from] item: Leftovers
|upkeep
|turn|57
|
|t:|1727986333
|move|p1a: Skarmory|Toxic|p2a: Pluto|[miss]
|-miss|p1a: Skarmory|p2a: Pluto
|move|p2a: Pluto|Soft-Boiled|p2a: Pluto
|-heal|p2a: Pluto|100/100
|
|-weather|Sandstorm|[upkeep]
|-damage|p2a: Pluto|94/100|[from] Sandstorm
|-heal|p2a: Pluto|100/100|[from] item: Leftovers
|upkeep
|turn|58
|
|t:|1727986336
|move|p1a: Skarmory|Toxic|p2a: Pluto
|-status|p2a: Pluto|tox
|move|p2a: Pluto|Ice Beam|p1a: Skarmory
|-damage|p1a: Skarmory|78/100
|
|-weather|Sandstorm|[upkeep]
|-damage|p2a: Pluto|94/100 tox|[from] Sandstorm
|-heal|p1a: Skarmory|84/100|[from] item: Leftovers
|-heal|p2a: Pluto|100/100 tox|[from] item: Leftovers
|-damage|p2a: Pluto|94/100 tox|[from] psn
|upkeep
|turn|59
|
|t:|1727986339
|switch|p1a: Swampert|Swampert, F|64/100
|move|p2a: Pluto|Fire Blast|p1a: Swampert
|-resisted|p1a: Swampert
|-damage|p1a: Swampert|49/100
|
|-weather|Sandstorm|[upkeep]
|-damage|p2a: Pluto|88/100 tox|[from] Sandstorm
|-heal|p1a: Swampert|55/100|[from] item: Leftovers
|-heal|p2a: Pluto|94/100 tox|[from] item: Leftovers
|-damage|p2a: Pluto|82/100 tox|[from] psn
|upkeep
|turn|60
|
|t:|1727986342
|move|p1a: Swampert|Refresh||[still]
|-fail|p1a: Swampert
|move|p2a: Pluto|Toxic|p1a: Swampert
|-status|p1a: Swampert|tox
|
|-weather|Sandstorm|[upkeep]
|-damage|p2a: Pluto|76/100 tox|[from] Sandstorm
|-heal|p1a: Swampert|61/100 tox|[from] item: Leftovers
|-damage|p1a: Swampert|55/100 tox|[from] psn
|-heal|p2a: Pluto|82/100 tox|[from] item: Leftovers
|-damage|p2a: Pluto|64/100 tox|[from] psn
|upkeep
|turn|61
|
|t:|1727986346
|move|p1a: Swampert|Refresh|p1a: Swampert
|-curestatus|p1a: Swampert|tox|[msg]
|move|p2a: Pluto|Ice Beam|p1a: Swampert
|-damage|p1a: Swampert|34/100
|
|-weather|Sandstorm|[upkeep]
|-damage|p2a: Pluto|57/100 tox|[from] Sandstorm
|-heal|p1a: Swampert|40/100|[from] item: Leftovers
|-heal|p2a: Pluto|64/100 tox|[from] item: Leftovers
|-damage|p2a: Pluto|39/100 tox|[from] psn
|upkeep
|turn|62
|
|t:|1727986349
|move|p1a: Swampert|Refresh||[still]
|-fail|p1a: Swampert
|move|p2a: Pluto|Ice Beam|p1a: Swampert
|-damage|p1a: Swampert|18/100
|
|-weather|Sandstorm|[upkeep]
|-damage|p2a: Pluto|33/100 tox|[from] Sandstorm
|-heal|p1a: Swampert|24/100|[from] item: Leftovers
|-heal|p2a: Pluto|39/100 tox|[from] item: Leftovers
|-damage|p2a: Pluto|8/100 tox|[from] psn
|upkeep
|turn|63
|
|t:|1727986353
|move|p1a: Swampert|Refresh||[still]
|-fail|p1a: Swampert
|move|p2a: Pluto|Ice Beam|p1a: Swampert
|-damage|p1a: Swampert|4/100
|
|-weather|Sandstorm|[upkeep]
|-damage|p2a: Pluto|2/100 tox|[from] Sandstorm
|-heal|p1a: Swampert|10/100|[from] item: Leftovers
|-heal|p2a: Pluto|8/100 tox|[from] item: Leftovers
|-damage|p2a: Pluto|0 fnt|[from] psn
|faint|p2a: Pluto
|
|win|Fear
|upkeep
|c|☆Fear|gg
|c|☆bugcondition|gg wp

</script>
<script type="application/json" class="data" id="replaydata-smogtours-gen3ou-794347">
{"id":"smogtours-gen3ou-794347","format":"[Gen 3] OU","players":["Fear","bugcondition"],"uploadtime":1727986353,"views":172,"formatid":"gen3ou","rating":null,"private":0,"password":null}
</script>

<script defer src="js/replays.js?9d40a366"></script>
