<!DOCTYPE html>
<meta charset="utf-8" />
<meta name="viewport" content="width=device-width" />

<title>[Gen 3] OU: deckline vs. deno_nemesis - Replays - Pok&eacute;mon Showdown!</title>

<meta name="description" content="Watch a replay of a Pok&eacute;mon battle between deckline and deno_nemesis! Format: [Gen 3] OU; Date: Oct 11, 2024" />
<!--

Hey, you! Looking in the source for the replay log?

You can find them in JSON format, just add `.json` at the end of a replay URL.

https://replay.pokemonshowdown.com/gen7randomdoublesbattle-865046831.json

Or, if you only need the log itself, add `.log` instead:

https://replay.pokemonshowdown.com/gen7randomdoublesbattle-865046831.log

-->

<link rel="stylesheet" href="//pokemonshowdown.com/style/global.css?0.023195364461161105" />
<link rel="stylesheet" href="//play.pokemonshowdown.com/style/font-awesome.css?0.13261647063804238" />
<link rel="stylesheet" href="//play.pokemonshowdown.com/style/battle.css?0.8753245789963631" />
<link rel="stylesheet" href="//play.pokemonshowdown.com/style/utilichart.css?0.8627959624976733" />

<!-- Global site tag (gtag.js) - Google Analytics -->
<script async src="https://www.googletagmanager.com/gtag/js?id=UA-26211653-1"></script>
<script>
  window.dataLayer = window.dataLayer || [];
  function gtag(){dataLayer.push(arguments);}
  gtag('js', new Date());

  gtag('config', 'UA-26211653-1');
</script>
<!-- End Google Analytics -->
<!-- Venatus Ad Manager - Install in <HEAD> of page -->
	<script src="https://hb.vntsm.com/v3/live/ad-manager.min.js" type="text/javascript" data-site-id="642aba63ec9a7b11c3c9c1be" data-mode="scan" async></script>
<!-- / Venatus Ad Manager -->

<style>
	@media (max-width:820px) {
		.battle {
			margin: 0 auto;
		}
		.battle-log {
			margin: 7px auto 0;
			max-width: 640px;
			height: 300px;
			position: static;
		}
	}
	.optgroup {
		display: inline-block;
		line-height: 22px;
		font-size: 10pt;
	}
	.optgroup .button {
		height: 25px;
		padding-top: 0;
		padding-bottom: 0;
	}
	.optgroup button.button {
		padding-left: 12px;
		padding-right: 12px;
	}
	.linklist {
		list-style: none;
		margin: 0.5em 0;
		padding: 0;
	}
	.linklist li {
		padding: 2px 0;
	}
	.sidebar {
		float: left;
		width: 320px;
	}
	.bar-wrapper {
		max-width: 1100px;
		margin: 0 auto;
	}
	.bar-wrapper.has-sidebar {
		max-width: 1430px;
	}
	.mainbar {
		margin: 0;
		padding-right: 1px;
	}
	.mainbar.has-sidebar {
		margin-left: 330px;
	}
	@media (min-width: 1511px) {
		.sidebar {
			width: 400px;
		}
		.bar-wrapper.has-sidebar {
			max-width: 1510px;
		}
		.mainbar.has-sidebar {
			margin-left: 410px;
		}
	}
	.section.first-section {
		margin-top: 9px;
	}
	.blocklink small {
		white-space: normal;
	}
	.button {
		vertical-align: middle;
	}
	.replay-controls {
		padding-top: 10px;
	}
	.replay-controls h1 {
		font-size: 16pt;
		font-weight: normal;
		color: #CCC;
	}
	.pagelink {
		text-align: center;
	}
	.pagelink a {
		width: 150px;
	}
	.textbox, .button {
		font-size: 11pt;
		vertical-align: middle;
	}
	@media (max-width: 450px) {
		.button {
			font-size: 9pt;
		}
	}
</style>

<div>

	<header>
		<div class="nav-wrapper"><ul class="nav">
			<li><a class="button nav-first" href="//pokemonshowdown.com/"><img src="//pokemonshowdown.com/images/pokemonshowdownbeta.png" srcset="//pokemonshowdown.com/images/pokemonshowdownbeta.png 1x, //pokemonshowdown.com/images/pokemonshowdownbeta@2x.png 2x" alt="Pok&eacute;mon Showdown" width="146" height="44" /> Home</a></li>
			<li><a class="button" href="//pokemonshowdown.com/dex/">Pok&eacute;dex</a></li>
			<li><a class="button cur" href="/">Replays</a></li>
			<li><a class="button" href="//pokemonshowdown.com/ladder/">Ladder</a></li>
			<li><a class="button nav-last" href="//pokemonshowdown.com/forums/">Forum</a></li>
			<li><a class="button greenbutton nav-first nav-last" href="//play.pokemonshowdown.com/">Play</a></li>
		</ul></div>
	</header>

	<div class="main" id="main">

		<noscript><section class="section">You need to enable JavaScript to use this page; sorry!</section></noscript>

	</div>

</div>

<script defer nomodule src="//play.pokemonshowdown.com/js/lib/ps-polyfill.js"></script>
<script defer src="//play.pokemonshowdown.com/js/lib/preact.min.js"></script>

<script defer src="//play.pokemonshowdown.com/config/config.js?2bddbc15"></script>
<script defer src="//play.pokemonshowdown.com/js/lib/jquery-1.11.0.min.js"></script>
<script defer src="//play.pokemonshowdown.com/js/lib/html-sanitizer-minified.js"></script>
<script defer src="//play.pokemonshowdown.com/js/battle-sound.js"></script>
<script defer src="//play.pokemonshowdown.com/js/battledata.js?0.7209276989879541"></script>
<script defer src="//play.pokemonshowdown.com/data/pokedex-mini.js?0.6111056340867951"></script>
<script defer src="//play.pokemonshowdown.com/data/pokedex-mini-bw.js?0.3532142036491459"></script>
<script defer src="//play.pokemonshowdown.com/data/graphics.js?0.24223875632456182"></script>
<script defer src="//play.pokemonshowdown.com/data/pokedex.js?0.38839984266356864"></script>
<script defer src="//play.pokemonshowdown.com/data/moves.js?0.21866028504024015"></script>
<script defer src="//play.pokemonshowdown.com/data/abilities.js?0.2005157953846628"></script>
<script defer src="//play.pokemonshowdown.com/data/items.js?0.9894211263848525"></script>
<script defer src="//play.pokemonshowdown.com/data/teambuilder-tables.js?0.6008791140282215"></script>
<script defer src="//play.pokemonshowdown.com/js/battle-tooltips.js?0.7580118955022959"></script>
<script defer src="//play.pokemonshowdown.com/js/battle.js?0.6057722274234274"></script>

<script defer src="js/utils.js?e31f9a17"></script>
<script defer src="js/replays-battle.js?7008c182"></script>

<!-- don't scrape this data! just add .json or .log after the URL!
Full API docs: https://github.com/smogon/pokemon-showdown-client/blob/master/WEB-API.md -->
<script type="text/plain" class="log" id="replaylog-smogtours-gen3ou-797159">
|inactive|Battle timer is ON: inactive players will automatically lose when time's up.
|t:|1728654448
|gametype|singles
|player|p1|deckline|#wcop2024france2|
|player|p2|deno_nemesis|169|
|teamsize|p1|6
|teamsize|p2|6
|gen|3
|tier|[Gen 3] OU
|rule|Sleep Clause Mod: Limit one foe put to sleep
|rule|Switch Priority Clause Mod: Faster Pokémon switch first
|rule|Species Clause: Limit one of each Pokémon
|rule|OHKO Clause: OHKO moves are banned
|rule|Evasion Items Clause: Evasion items are banned
|rule|Evasion Moves Clause: Evasion moves are banned
|rule|Endless Battle Clause: Forcing endless battles is banned
|rule|HP Percentage Mod: HP is shown in percentages
|rule|One Boost Passer Clause: Limit one Baton Passer that has a way to boost its stats
|rule|Freeze Clause Mod: Limit one foe frozen
|
|t:|1728654448
|start
|switch|p1a: Metagross|Metagross|100/100
|switch|p2a: Hariyama|Hariyama, M|100/100
|turn|1
|inactive|deckline also wants the timer to be on.
|c|☆deno_nemesis|glhf
|c|☆deckline|hf
|
|t:|1728654464
|switch|p2a: Jirachi|Jirachi|100/100
|move|p1a: Metagross|Explosion|p2a: Jirachi
|-resisted|p2a: Jirachi
|-damage|p2a: Jirachi|2/100
|faint|p1a: Metagross
|
|t:|1728654471
|switch|p1a: Salamence|Salamence, M|100/100
|-ability|p1a: Salamence|Intimidate|boost
|-unboost|p2a: Jirachi|atk|1
|
|-heal|p2a: Jirachi|9/100|[from] item: Leftovers
|upkeep
|turn|2
|
|t:|1728654481
|move|p1a: Salamence|Dragon Claw|p2a: Jirachi
|-resisted|p2a: Jirachi
|-damage|p2a: Jirachi|0 fnt
|faint|p2a: Jirachi
|inactive|deno_nemesis has 270 seconds left.
|
|t:|1728654510
|switch|p2a: Porygon2|Porygon2|100/100
|-ability|p2a: Porygon2|Intimidate|[from] ability: Trace|[of] p1a: Salamence
|
|upkeep
|turn|3
|
|t:|1728654524
|switch|p1a: Snorlax|Snorlax, F|100/100
|move|p2a: Porygon2|Thunder Wave|p1a: Snorlax
|-status|p1a: Snorlax|par
|
|upkeep
|turn|4
|inactive|deno_nemesis has 270 seconds left.
|
|t:|1728654546
|-singleturn|p1a: Snorlax|move: Focus Punch
|switch|p2a: Weezing|Weezing, M|100/100
|move|p1a: Snorlax|Focus Punch|p2a: Weezing
|-resisted|p2a: Weezing
|-damage|p2a: Weezing|79/100
|
|-heal|p2a: Weezing|85/100|[from] item: Leftovers
|upkeep
|turn|5
|
|t:|1728654557
|switch|p1a: Suicune|Suicune|100/100
|move|p2a: Weezing|Sludge Bomb|p1a: Suicune
|-damage|p1a: Suicune|73/100
|-status|p1a: Suicune|psn
|
|-heal|p1a: Suicune|79/100 psn|[from] item: Leftovers
|-damage|p1a: Suicune|67/100 psn|[from] psn
|-heal|p2a: Weezing|91/100|[from] item: Leftovers
|upkeep
|turn|6
|
|t:|1728654564
|move|p1a: Suicune|Rest|p1a: Suicune
|-status|p1a: Suicune|slp|[from] move: Rest
|-heal|p1a: Suicune|100/100 slp|[silent]
|move|p2a: Weezing|Sludge Bomb|p1a: Suicune
|-damage|p1a: Suicune|73/100 slp
|
|-heal|p1a: Suicune|79/100 slp|[from] item: Leftovers
|-heal|p2a: Weezing|97/100|[from] item: Leftovers
|upkeep
|turn|7
|
|t:|1728654571
|switch|p2a: Hariyama|Hariyama, M|100/100
|cant|p1a: Suicune|slp
|move|p1a: Suicune|Sleep Talk|p1a: Suicune
|move|p1a: Suicune|Calm Mind|p1a: Suicune|[from]Sleep Talk
|-boost|p1a: Suicune|spa|1
|-boost|p1a: Suicune|spd|1
|
|-heal|p1a: Suicune|86/100 slp|[from] item: Leftovers
|upkeep
|turn|8
|
|t:|1728654580
|cant|p1a: Suicune|slp
|move|p1a: Suicune|Sleep Talk|p1a: Suicune
|move|p1a: Suicune|Rest|p1a: Suicune|[from]Sleep Talk
|move|p2a: Hariyama|Cross Chop|p1a: Suicune
|-damage|p1a: Suicune|27/100 slp
|
|-heal|p1a: Suicune|33/100 slp|[from] item: Leftovers
|upkeep
|turn|9
|
|t:|1728654587
|switch|p1a: Salamence|Salamence, M|100/100
|-ability|p1a: Salamence|Intimidate|boost
|-unboost|p2a: Hariyama|atk|1
|move|p2a: Hariyama|Cross Chop|p1a: Salamence
|-resisted|p1a: Salamence
|-damage|p1a: Salamence|65/100
|
|-heal|p1a: Salamence|71/100|[from] item: Leftovers
|upkeep
|turn|10
|
|t:|1728654602
|switch|p1a: Claydol|Claydol|100/100
|switch|p2a: Porygon2|Porygon2|100/100
|-ability|p2a: Porygon2|Levitate|[from] ability: Trace|[of] p1a: Claydol
|
|upkeep
|turn|11
|
|t:|1728654614
|switch|p2a: Tyranitar|Tyranitar, F|100/100
|-weather|Sandstorm|[from] ability: Sand Stream|[of] p2a: Tyranitar
|move|p1a: Claydol|Explosion|p2a: Tyranitar
|-resisted|p2a: Tyranitar
|-damage|p2a: Tyranitar|54/100
|faint|p1a: Claydol
|
|t:|1728654621
|switch|p1a: Salamence|Salamence, M|71/100
|-ability|p1a: Salamence|Intimidate|boost
|-unboost|p2a: Tyranitar|atk|1
|
|-weather|Sandstorm|[upkeep]
|-damage|p1a: Salamence|65/100|[from] Sandstorm
|-heal|p1a: Salamence|71/100|[from] item: Leftovers
|-heal|p2a: Tyranitar|60/100|[from] item: Leftovers
|upkeep
|turn|12
|
|t:|1728654627
|switch|p2a: Porygon2|Porygon2|100/100
|-ability|p2a: Porygon2|Intimidate|[from] ability: Trace|[of] p1a: Salamence
|move|p1a: Salamence|Brick Break|p2a: Porygon2
|-supereffective|p2a: Porygon2
|-damage|p2a: Porygon2|67/100
|
|-weather|Sandstorm|[upkeep]
|-damage|p1a: Salamence|65/100|[from] Sandstorm
|-damage|p2a: Porygon2|60/100|[from] Sandstorm
|-heal|p1a: Salamence|71/100|[from] item: Leftovers
|-heal|p2a: Porygon2|67/100|[from] item: Leftovers
|upkeep
|turn|13
|
|t:|1728654633
|switch|p1a: Snorlax|Snorlax, F|100/100 par
|move|p2a: Porygon2|Recover|p2a: Porygon2
|-heal|p2a: Porygon2|100/100
|
|-weather|Sandstorm|[upkeep]
|-damage|p2a: Porygon2|94/100|[from] Sandstorm
|-damage|p1a: Snorlax|94/100 par|[from] Sandstorm
|-heal|p2a: Porygon2|100/100|[from] item: Leftovers
|-heal|p1a: Snorlax|100/100 par|[from] item: Leftovers
|upkeep
|turn|14
|
|t:|1728654636
|switch|p2a: Weezing|Weezing, M|97/100
|move|p1a: Snorlax|Body Slam|p2a: Weezing
|-crit|p2a: Weezing
|-damage|p2a: Weezing|22/100
|
|-weather|Sandstorm|[upkeep]
|-damage|p2a: Weezing|16/100|[from] Sandstorm
|-damage|p1a: Snorlax|94/100 par|[from] Sandstorm
|-heal|p2a: Weezing|22/100|[from] item: Leftovers
|-heal|p1a: Snorlax|100/100 par|[from] item: Leftovers
|upkeep
|turn|15
|
|t:|1728654641
|move|p2a: Weezing|Explosion|p1a: Snorlax
|-damage|p1a: Snorlax|0 fnt
|faint|p2a: Weezing
|faint|p1a: Snorlax
|
|t:|1728654647
|switch|p2a: Porygon2|Porygon2|100/100
|switch|p1a: Salamence|Salamence, M|71/100
|-ability|p1a: Salamence|Intimidate|boost
|-unboost|p2a: Porygon2|atk|1
|-ability|p2a: Porygon2|Intimidate|[from] ability: Trace|[of] p1a: Salamence
|
|-weather|Sandstorm|[upkeep]
|-damage|p1a: Salamence|65/100|[from] Sandstorm
|-damage|p2a: Porygon2|94/100|[from] Sandstorm
|-heal|p1a: Salamence|71/100|[from] item: Leftovers
|-heal|p2a: Porygon2|100/100|[from] item: Leftovers
|upkeep
|turn|16
|inactive|deckline has 270 seconds left.
|
|t:|1728654703
|switch|p1a: TauntToxic 185|Tyranitar, M|100/100
|move|p2a: Porygon2|Ice Beam|p1a: TauntToxic 185
|-damage|p1a: TauntToxic 185|81/100
|
|-weather|Sandstorm|[upkeep]
|-damage|p2a: Porygon2|94/100|[from] Sandstorm
|-heal|p2a: Porygon2|100/100|[from] item: Leftovers
|upkeep
|turn|17
|
|t:|1728654710
|move|p1a: TauntToxic 185|Dragon Dance|p1a: TauntToxic 185
|-boost|p1a: TauntToxic 185|atk|1
|-boost|p1a: TauntToxic 185|spe|1
|move|p2a: Porygon2|Thunder Wave|p1a: TauntToxic 185
|-status|p1a: TauntToxic 185|par
|-enditem|p1a: TauntToxic 185|Lum Berry|[eat]
|-curestatus|p1a: TauntToxic 185|par|[msg]
|
|-weather|Sandstorm|[upkeep]
|-damage|p2a: Porygon2|94/100|[from] Sandstorm
|-heal|p2a: Porygon2|100/100|[from] item: Leftovers
|upkeep
|turn|18
|
|t:|1728654715
|move|p1a: TauntToxic 185|Rock Slide|p2a: Porygon2
|-damage|p2a: Porygon2|62/100
|move|p2a: Porygon2|Thunder Wave|p1a: TauntToxic 185
|-status|p1a: TauntToxic 185|par
|
|-weather|Sandstorm|[upkeep]
|-damage|p2a: Porygon2|56/100|[from] Sandstorm
|-heal|p2a: Porygon2|62/100|[from] item: Leftovers
|upkeep
|turn|19
|
|t:|1728654726
|switch|p2a: Tyranitar|Tyranitar, F|60/100
|move|p1a: TauntToxic 185|Double-Edge|p2a: Tyranitar
|-resisted|p2a: Tyranitar
|-crit|p2a: Tyranitar
|-damage|p2a: Tyranitar|12/100
|-damage|p1a: TauntToxic 185|64/100 par|[from] Recoil|[of] p2a: Tyranitar
|
|-weather|Sandstorm|[upkeep]
|-heal|p2a: Tyranitar|18/100|[from] item: Leftovers
|upkeep
|turn|20
|inactive|deckline has 270 seconds left.
|
|t:|1728654736
|switch|p1a: Salamence|Salamence, M|71/100
|-ability|p1a: Salamence|Intimidate|boost
|-unboost|p2a: Tyranitar|atk|1
|move|p2a: Tyranitar|Hidden Power|p1a: Salamence
|-resisted|p1a: Salamence
|-damage|p1a: Salamence|61/100
|
|-weather|Sandstorm|[upkeep]
|-damage|p1a: Salamence|55/100|[from] Sandstorm
|-heal|p1a: Salamence|61/100|[from] item: Leftovers
|-heal|p2a: Tyranitar|24/100|[from] item: Leftovers
|upkeep
|turn|21
|inactive|deckline has 270 seconds left.
|
|t:|1728654748
|switch|p2a: Starmie|Starmie|100/100
|move|p1a: Salamence|Dragon Claw|p2a: Starmie
|-damage|p2a: Starmie|49/100
|
|-weather|Sandstorm|[upkeep]
|-damage|p2a: Starmie|43/100|[from] Sandstorm
|-damage|p1a: Salamence|55/100|[from] Sandstorm
|-heal|p2a: Starmie|49/100|[from] item: Leftovers
|-heal|p1a: Salamence|61/100|[from] item: Leftovers
|upkeep
|turn|22
|inactive|deckline has 270 seconds left.
|
|t:|1728654762
|switch|p1a: TauntToxic 185|Tyranitar, M|64/100 par
|move|p2a: Starmie|Recover|p2a: Starmie
|-heal|p2a: Starmie|99/100
|
|-weather|Sandstorm|[upkeep]
|-damage|p2a: Starmie|93/100|[from] Sandstorm
|-heal|p2a: Starmie|99/100|[from] item: Leftovers
|upkeep
|turn|23
|
|t:|1728654768
|move|p2a: Starmie|Surf|p1a: TauntToxic 185
|-supereffective|p1a: TauntToxic 185
|-damage|p1a: TauntToxic 185|0 fnt
|faint|p1a: TauntToxic 185
|
|t:|1728654771
|switch|p1a: Suicune|Suicune|33/100 slp
|
|-weather|Sandstorm|[upkeep]
|-damage|p2a: Starmie|93/100|[from] Sandstorm
|-damage|p1a: Suicune|27/100 slp|[from] Sandstorm
|-heal|p2a: Starmie|99/100|[from] item: Leftovers
|-heal|p1a: Suicune|33/100 slp|[from] item: Leftovers
|upkeep
|turn|24
|
|t:|1728654776
|switch|p2a: Hariyama|Hariyama, M|100/100
|cant|p1a: Suicune|slp
|move|p1a: Suicune|Sleep Talk|p1a: Suicune
|move|p1a: Suicune|Surf|p2a: Hariyama|[from]Sleep Talk
|-damage|p2a: Hariyama|58/100
|
|-weather|Sandstorm|[upkeep]
|-damage|p1a: Suicune|27/100 slp|[from] Sandstorm
|-damage|p2a: Hariyama|52/100|[from] Sandstorm
|-heal|p1a: Suicune|33/100 slp|[from] item: Leftovers
|upkeep
|turn|25
|
|t:|1728654786
|switch|p1a: Salamence|Salamence, M|61/100
|-ability|p1a: Salamence|Intimidate|boost
|-unboost|p2a: Hariyama|atk|1
|move|p2a: Hariyama|Rock Slide|p1a: Salamence
|-supereffective|p1a: Salamence
|-damage|p1a: Salamence|0 fnt
|faint|p1a: Salamence
|
|t:|1728654792
|switch|p1a: Suicune|Suicune|33/100 slp
|
|-weather|Sandstorm|[upkeep]
|-damage|p1a: Suicune|27/100 slp|[from] Sandstorm
|-damage|p2a: Hariyama|45/100|[from] Sandstorm
|-heal|p1a: Suicune|33/100 slp|[from] item: Leftovers
|upkeep
|turn|26
|
|t:|1728654807
|cant|p1a: Suicune|slp
|move|p1a: Suicune|Sleep Talk|p1a: Suicune
|move|p1a: Suicune|Surf|p2a: Hariyama|[from]Sleep Talk
|-crit|p2a: Hariyama
|-damage|p2a: Hariyama|0 fnt
|faint|p2a: Hariyama
|
|t:|1728654814
|switch|p2a: Porygon2|Porygon2|62/100
|-ability|p2a: Porygon2|Pressure|[from] ability: Trace|[of] p1a: Suicune
|
|-weather|Sandstorm|[upkeep]
|-damage|p1a: Suicune|27/100 slp|[from] Sandstorm
|-damage|p2a: Porygon2|56/100|[from] Sandstorm
|-heal|p1a: Suicune|33/100 slp|[from] item: Leftovers
|-heal|p2a: Porygon2|62/100|[from] item: Leftovers
|upkeep
|turn|27
|
|t:|1728654819
|cant|p1a: Suicune|slp
|move|p2a: Porygon2|Hidden Power|p1a: Suicune
|-supereffective|p1a: Suicune
|-damage|p1a: Suicune|10/100 slp
|
|-weather|Sandstorm|[upkeep]
|-damage|p1a: Suicune|3/100 slp|[from] Sandstorm
|-damage|p2a: Porygon2|56/100|[from] Sandstorm
|-heal|p1a: Suicune|10/100 slp|[from] item: Leftovers
|-heal|p2a: Porygon2|62/100|[from] item: Leftovers
|upkeep
|turn|28
|
|t:|1728654823
|-curestatus|p1a: Suicune|slp|[msg]
|move|p1a: Suicune|Rest|p1a: Suicune
|-status|p1a: Suicune|slp|[from] move: Rest
|-heal|p1a: Suicune|100/100 slp|[silent]
|move|p2a: Porygon2|Hidden Power|p1a: Suicune
|-supereffective|p1a: Suicune
|-damage|p1a: Suicune|75/100 slp
|
|-weather|Sandstorm|[upkeep]
|-damage|p1a: Suicune|69/100 slp|[from] Sandstorm
|-damage|p2a: Porygon2|56/100|[from] Sandstorm
|-heal|p1a: Suicune|75/100 slp|[from] item: Leftovers
|-heal|p2a: Porygon2|62/100|[from] item: Leftovers
|upkeep
|turn|29
|
|t:|1728654827
|cant|p1a: Suicune|slp
|move|p1a: Suicune|Sleep Talk|p1a: Suicune
|move|p1a: Suicune|Rest|p1a: Suicune|[from]Sleep Talk
|move|p2a: Porygon2|Hidden Power|p1a: Suicune
|-supereffective|p1a: Suicune
|-damage|p1a: Suicune|52/100 slp
|
|-weather|Sandstorm|[upkeep]
|-damage|p1a: Suicune|45/100 slp|[from] Sandstorm
|-damage|p2a: Porygon2|56/100|[from] Sandstorm
|-heal|p1a: Suicune|52/100 slp|[from] item: Leftovers
|-heal|p2a: Porygon2|62/100|[from] item: Leftovers
|upkeep
|turn|30
|
|t:|1728654830
|cant|p1a: Suicune|slp
|move|p1a: Suicune|Sleep Talk|p1a: Suicune
|move|p1a: Suicune|Surf|p2a: Porygon2|[from]Sleep Talk
|-damage|p2a: Porygon2|25/100
|move|p2a: Porygon2|Hidden Power|p1a: Suicune
|-supereffective|p1a: Suicune
|-damage|p1a: Suicune|26/100 slp
|
|-weather|Sandstorm|[upkeep]
|-damage|p1a: Suicune|19/100 slp|[from] Sandstorm
|-damage|p2a: Porygon2|18/100|[from] Sandstorm
|-heal|p1a: Suicune|26/100 slp|[from] item: Leftovers
|-heal|p2a: Porygon2|25/100|[from] item: Leftovers
|upkeep
|turn|31
|
|t:|1728654837
|-curestatus|p1a: Suicune|slp|[msg]
|move|p1a: Suicune|Rest|p1a: Suicune
|-status|p1a: Suicune|slp|[from] move: Rest
|-heal|p1a: Suicune|100/100 slp|[silent]
|move|p2a: Porygon2|Recover|p2a: Porygon2
|-heal|p2a: Porygon2|75/100
|
|-weather|Sandstorm|[upkeep]
|-damage|p1a: Suicune|94/100 slp|[from] Sandstorm
|-damage|p2a: Porygon2|68/100|[from] Sandstorm
|-heal|p1a: Suicune|100/100 slp|[from] item: Leftovers
|-heal|p2a: Porygon2|75/100|[from] item: Leftovers
|upkeep
|turn|32
|
|t:|1728654842
|cant|p1a: Suicune|slp
|move|p1a: Suicune|Sleep Talk|p1a: Suicune
|move|p1a: Suicune|Surf|p2a: Porygon2|[from]Sleep Talk
|-damage|p2a: Porygon2|39/100
|move|p2a: Porygon2|Hidden Power|p1a: Suicune
|-supereffective|p1a: Suicune
|-damage|p1a: Suicune|73/100 slp
|
|-weather|Sandstorm|[upkeep]
|-damage|p1a: Suicune|67/100 slp|[from] Sandstorm
|-damage|p2a: Porygon2|33/100|[from] Sandstorm
|-heal|p1a: Suicune|73/100 slp|[from] item: Leftovers
|-heal|p2a: Porygon2|39/100|[from] item: Leftovers
|upkeep
|turn|33
|
|t:|1728654847
|cant|p1a: Suicune|slp
|move|p1a: Suicune|Sleep Talk|p1a: Suicune
|move|p1a: Suicune|Surf|p2a: Porygon2|[from]Sleep Talk
|-damage|p2a: Porygon2|3/100
|move|p2a: Porygon2|Recover|p2a: Porygon2
|-heal|p2a: Porygon2|53/100
|
|-weather|Sandstorm|[upkeep]
|-damage|p1a: Suicune|67/100 slp|[from] Sandstorm
|-damage|p2a: Porygon2|46/100|[from] Sandstorm
|-heal|p1a: Suicune|73/100 slp|[from] item: Leftovers
|-heal|p2a: Porygon2|53/100|[from] item: Leftovers
|upkeep
|turn|34
|
|t:|1728654853
|-curestatus|p1a: Suicune|slp|[msg]
|move|p1a: Suicune|Calm Mind|p1a: Suicune
|-boost|p1a: Suicune|spa|1
|-boost|p1a: Suicune|spd|1
|move|p2a: Porygon2|Recover|p2a: Porygon2
|-heal|p2a: Porygon2|100/100
|
|-weather|Sandstorm|[upkeep]
|-damage|p1a: Suicune|67/100|[from] Sandstorm
|-damage|p2a: Porygon2|94/100|[from] Sandstorm
|-heal|p1a: Suicune|73/100|[from] item: Leftovers
|-heal|p2a: Porygon2|100/100|[from] item: Leftovers
|upkeep
|turn|35
|
|t:|1728654858
|move|p1a: Suicune|Calm Mind|p1a: Suicune
|-boost|p1a: Suicune|spa|1
|-boost|p1a: Suicune|spd|1
|move|p2a: Porygon2|Thunder Wave|p1a: Suicune
|-status|p1a: Suicune|par
|
|-weather|Sandstorm|[upkeep]
|-damage|p2a: Porygon2|94/100|[from] Sandstorm
|-damage|p1a: Suicune|67/100 par|[from] Sandstorm
|-heal|p2a: Porygon2|100/100|[from] item: Leftovers
|-heal|p1a: Suicune|73/100 par|[from] item: Leftovers
|upkeep
|turn|36
|
|t:|1728654862
|move|p2a: Porygon2|Hidden Power|p1a: Suicune
|-supereffective|p1a: Suicune
|-damage|p1a: Suicune|59/100 par
|cant|p1a: Suicune|par
|
|-weather|Sandstorm|[upkeep]
|-damage|p2a: Porygon2|94/100|[from] Sandstorm
|-damage|p1a: Suicune|53/100 par|[from] Sandstorm
|-heal|p2a: Porygon2|100/100|[from] item: Leftovers
|-heal|p1a: Suicune|59/100 par|[from] item: Leftovers
|upkeep
|turn|37
|
|t:|1728654866
|move|p2a: Porygon2|Hidden Power|p1a: Suicune
|-supereffective|p1a: Suicune
|-damage|p1a: Suicune|45/100 par
|cant|p1a: Suicune|par
|
|-weather|Sandstorm|[upkeep]
|-damage|p2a: Porygon2|94/100|[from] Sandstorm
|-damage|p1a: Suicune|39/100 par|[from] Sandstorm
|-heal|p2a: Porygon2|100/100|[from] item: Leftovers
|-heal|p1a: Suicune|45/100 par|[from] item: Leftovers
|upkeep
|turn|38
|
|t:|1728654869
|move|p2a: Porygon2|Hidden Power|p1a: Suicune
|-supereffective|p1a: Suicune
|-crit|p1a: Suicune
|-damage|p1a: Suicune|0 fnt
|faint|p1a: Suicune
|
|win|deno_nemesis
|c|☆deckline|disgusting
|player|p1|
|c|☆deno_nemesis|yeah that was a little ugly lol
|c|☆deno_nemesis|gg

</script>
<script type="application/json" class="data" id="replaydata-smogtours-gen3ou-797159">
{"id":"smogtours-gen3ou-797159","format":"[Gen 3] OU","players":["deckline","deno_nemesis"],"uploadtime":1728654869,"views":81,"formatid":"gen3ou","rating":null,"private":0,"password":null}
</script>

<script defer src="js/replays.js?9d40a366"></script>
