<!DOCTYPE html>
<meta charset="utf-8" />
<meta name="viewport" content="width=device-width" />

<title>[Gen 3] OU: HeyYa!_Forte vs. xtina xendrix - Replays - Pok&eacute;mon Showdown!</title>

<meta name="description" content="Watch a replay of a Pok&eacute;mon battle between HeyYa!_Forte and xtina xendrix! Format: [Gen 3] OU; Date: Nov 8, 2024" />
<!--

Hey, you! Looking in the source for the replay log?

You can find them in JSON format, just add `.json` at the end of a replay URL.

https://replay.pokemonshowdown.com/gen7randomdoublesbattle-865046831.json

Or, if you only need the log itself, add `.log` instead:

https://replay.pokemonshowdown.com/gen7randomdoublesbattle-865046831.log

-->

<link rel="stylesheet" href="//pokemonshowdown.com/style/global.css?0.023195364461161105" />
<link rel="stylesheet" href="//play.pokemonshowdown.com/style/font-awesome.css?0.13261647063804238" />
<link rel="stylesheet" href="//play.pokemonshowdown.com/style/battle.css?0.8753245789963631" />
<link rel="stylesheet" href="//play.pokemonshowdown.com/style/utilichart.css?0.8627959624976733" />

<!-- Global site tag (gtag.js) - Google Analytics -->
<script async src="https://www.googletagmanager.com/gtag/js?id=UA-26211653-1"></script>
<script>
  window.dataLayer = window.dataLayer || [];
  function gtag(){dataLayer.push(arguments);}
  gtag('js', new Date());

  gtag('config', 'UA-26211653-1');
</script>
<!-- End Google Analytics -->
<!-- Venatus Ad Manager - Install in <HEAD> of page -->
	<script src="https://hb.vntsm.com/v3/live/ad-manager.min.js" type="text/javascript" data-site-id="642aba63ec9a7b11c3c9c1be" data-mode="scan" async></script>
<!-- / Venatus Ad Manager -->

<style>
	@media (max-width:820px) {
		.battle {
			margin: 0 auto;
		}
		.battle-log {
			margin: 7px auto 0;
			max-width: 640px;
			height: 300px;
			position: static;
		}
	}
	.optgroup {
		display: inline-block;
		line-height: 22px;
		font-size: 10pt;
	}
	.optgroup .button {
		height: 25px;
		padding-top: 0;
		padding-bottom: 0;
	}
	.optgroup button.button {
		padding-left: 12px;
		padding-right: 12px;
	}
	.linklist {
		list-style: none;
		margin: 0.5em 0;
		padding: 0;
	}
	.linklist li {
		padding: 2px 0;
	}
	.sidebar {
		float: left;
		width: 320px;
	}
	.bar-wrapper {
		max-width: 1100px;
		margin: 0 auto;
	}
	.bar-wrapper.has-sidebar {
		max-width: 1430px;
	}
	.mainbar {
		margin: 0;
		padding-right: 1px;
	}
	.mainbar.has-sidebar {
		margin-left: 330px;
	}
	@media (min-width: 1511px) {
		.sidebar {
			width: 400px;
		}
		.bar-wrapper.has-sidebar {
			max-width: 1510px;
		}
		.mainbar.has-sidebar {
			margin-left: 410px;
		}
	}
	.section.first-section {
		margin-top: 9px;
	}
	.blocklink small {
		white-space: normal;
	}
	.button {
		vertical-align: middle;
	}
	.replay-controls {
		padding-top: 10px;
	}
	.replay-controls h1 {
		font-size: 16pt;
		font-weight: normal;
		color: #CCC;
	}
	.pagelink {
		text-align: center;
	}
	.pagelink a {
		width: 150px;
	}
	.textbox, .button {
		font-size: 11pt;
		vertical-align: middle;
	}
	@media (max-width: 450px) {
		.button {
			font-size: 9pt;
		}
	}
</style>

<div>

	<header>
		<div class="nav-wrapper"><ul class="nav">
			<li><a class="button nav-first" href="//pokemonshowdown.com/"><img src="//pokemonshowdown.com/images/pokemonshowdownbeta.png" srcset="//pokemonshowdown.com/images/pokemonshowdownbeta.png 1x, //pokemonshowdown.com/images/pokemonshowdownbeta@2x.png 2x" alt="Pok&eacute;mon Showdown" width="146" height="44" /> Home</a></li>
			<li><a class="button" href="//pokemonshowdown.com/dex/">Pok&eacute;dex</a></li>
			<li><a class="button cur" href="/">Replays</a></li>
			<li><a class="button" href="//pokemonshowdown.com/ladder/">Ladder</a></li>
			<li><a class="button nav-last" href="//pokemonshowdown.com/forums/">Forum</a></li>
			<li><a class="button greenbutton nav-first nav-last" href="//play.pokemonshowdown.com/">Play</a></li>
		</ul></div>
	</header>

	<div class="main" id="main">

		<noscript><section class="section">You need to enable JavaScript to use this page; sorry!</section></noscript>

	</div>

</div>

<script defer nomodule src="//play.pokemonshowdown.com/js/lib/ps-polyfill.js"></script>
<script defer src="//play.pokemonshowdown.com/js/lib/preact.min.js"></script>

<script defer src="//play.pokemonshowdown.com/config/config.js?2bddbc15"></script>
<script defer src="//play.pokemonshowdown.com/js/lib/jquery-1.11.0.min.js"></script>
<script defer src="//play.pokemonshowdown.com/js/lib/html-sanitizer-minified.js"></script>
<script defer src="//play.pokemonshowdown.com/js/battle-sound.js"></script>
<script defer src="//play.pokemonshowdown.com/js/battledata.js?0.7209276989879541"></script>
<script defer src="//play.pokemonshowdown.com/data/pokedex-mini.js?0.6111056340867951"></script>
<script defer src="//play.pokemonshowdown.com/data/pokedex-mini-bw.js?0.3532142036491459"></script>
<script defer src="//play.pokemonshowdown.com/data/graphics.js?0.24223875632456182"></script>
<script defer src="//play.pokemonshowdown.com/data/pokedex.js?0.38839984266356864"></script>
<script defer src="//play.pokemonshowdown.com/data/moves.js?0.21866028504024015"></script>
<script defer src="//play.pokemonshowdown.com/data/abilities.js?0.2005157953846628"></script>
<script defer src="//play.pokemonshowdown.com/data/items.js?0.9894211263848525"></script>
<script defer src="//play.pokemonshowdown.com/data/teambuilder-tables.js?0.6008791140282215"></script>
<script defer src="//play.pokemonshowdown.com/js/battle-tooltips.js?0.7580118955022959"></script>
<script defer src="//play.pokemonshowdown.com/js/battle.js?0.6057722274234274"></script>

<script defer src="js/utils.js?e31f9a17"></script>
<script defer src="js/replays-battle.js?7008c182"></script>

<!-- don't scrape this data! just add .json or .log after the URL!
Full API docs: https://github.com/smogon/pokemon-showdown-client/blob/master/WEB-API.md -->
<script type="text/plain" class="log" id="replaylog-smogtours-gen3ou-805319">
|inactive|Battle timer is ON: inactive players will automatically lose when time's up.
|t:|1731107408
|gametype|singles
|player|p1|HeyYa!_Forte|backersf|
|player|p2|xtina xendrix|lorelei-gen1|
|teamsize|p1|6
|teamsize|p2|6
|gen|3
|tier|[Gen 3] OU
|rule|Sleep Clause Mod: Limit one foe put to sleep
|rule|Switch Priority Clause Mod: Faster Pokémon switch first
|rule|Species Clause: Limit one of each Pokémon
|rule|OHKO Clause: OHKO moves are banned
|rule|Evasion Items Clause: Evasion items are banned
|rule|Evasion Moves Clause: Evasion moves are banned
|rule|Endless Battle Clause: Forcing endless battles is banned
|rule|HP Percentage Mod: HP is shown in percentages
|rule|One Boost Passer Clause: Limit one Baton Passer that has a way to boost its stats
|rule|Freeze Clause Mod: Limit one foe frozen
|
|t:|1731107408
|start
|switch|p1a: Salamence|Salamence, M|100/100
|switch|p2a: Salamence|Salamence, M|100/100
|-ability|p2a: Salamence|Intimidate|boost
|-unboost|p1a: Salamence|atk|1
|-ability|p1a: Salamence|Intimidate|boost
|-unboost|p2a: Salamence|atk|1
|turn|1
|c|☆HeyYa!_Forte|glhf
|inactive|xtina xendrix has 270 seconds left.
|
|t:|1731107464
|switch|p1a: Big Justice|Metagross|100/100
|move|p2a: Salamence|Dragon Claw|p1a: Big Justice
|-resisted|p1a: Big Justice
|-damage|p1a: Big Justice|80/100
|
|-heal|p1a: Big Justice|86/100|[from] item: Leftovers
|upkeep
|turn|2
|c|☆xtina xendrix|BOOM
|c|☆xtina xendrix|hf
|inactive|xtina xendrix has 270 seconds left.
|c|☆HeyYa!_Forte|he be bringing the boom
|inactive|xtina xendrix has 240 seconds left.
|
|t:|1731107528
|switch|p1a: Blissey|Blissey, F|100/100
|move|p2a: Salamence|Fire Blast|p1a: Blissey
|-damage|p1a: Blissey|85/100
|
|-heal|p1a: Blissey|92/100|[from] item: Leftovers
|upkeep
|turn|3
|inactive|xtina xendrix has 240 seconds left.
|
|t:|1731107554
|switch|p2a: Blissey|Blissey, F|100/100
|move|p1a: Blissey|Toxic|p2a: Blissey
|-status|p2a: Blissey|tox
|
|-heal|p1a: Blissey|98/100|[from] item: Leftovers
|-damage|p2a: Blissey|94/100 tox|[from] psn
|upkeep
|turn|4
|
|t:|1731107560
|move|p1a: Blissey|Ice Beam|p2a: Blissey
|-damage|p2a: Blissey|85/100 tox
|move|p2a: Blissey|Fire Blast|p1a: Blissey
|-damage|p1a: Blissey|85/100
|
|-heal|p1a: Blissey|91/100|[from] item: Leftovers
|-heal|p2a: Blissey|91/100 tox|[from] item: Leftovers
|-damage|p2a: Blissey|79/100 tox|[from] psn
|upkeep
|turn|5
|inactive|xtina xendrix has 240 seconds left.
|
|t:|1731107565
|move|p1a: Blissey|Ice Beam|p2a: Blissey
|-damage|p2a: Blissey|68/100 tox
|move|p2a: Blissey|Toxic|p1a: Blissey
|-status|p1a: Blissey|tox
|
|-heal|p1a: Blissey|97/100 tox|[from] item: Leftovers
|-damage|p1a: Blissey|91/100 tox|[from] psn
|-heal|p2a: Blissey|74/100 tox|[from] item: Leftovers
|-damage|p2a: Blissey|56/100 tox|[from] psn
|upkeep
|turn|6
|
|t:|1731107577
|-curestatus|p1a: Blissey|tox|[from] ability: Natural Cure
|switch|p1a: Celebi|Celebi|100/100
|move|p2a: Blissey|Soft-Boiled|p2a: Blissey
|-heal|p2a: Blissey|100/100 tox
|
|-damage|p2a: Blissey|76/100 tox|[from] psn
|upkeep
|turn|7
|
|t:|1731107595
|-curestatus|p2a: Blissey|tox|[from] ability: Natural Cure
|switch|p2a: Skarmory|Skarmory, F|100/100
|move|p1a: Celebi|Leech Seed|p2a: Skarmory
|-start|p2a: Skarmory|move: Leech Seed
|
|-damage|p2a: Skarmory|88/100|[from] Leech Seed|[of] p1a: Celebi
|upkeep
|turn|8
|
|t:|1731107601
|switch|p1a: Starmie|Starmie|100/100
|move|p2a: Skarmory|Spikes|p1a: Starmie
|-sidestart|p1: HeyYa!_Forte|Spikes
|
|-heal|p2a: Skarmory|94/100|[from] item: Leftovers
|-damage|p2a: Skarmory|82/100|[from] Leech Seed|[of] p1a: Starmie
|upkeep
|turn|9
|
|t:|1731107615
|switch|p2a: Blissey|Blissey, F|76/100
|move|p1a: Starmie|Rapid Spin|p2a: Blissey
|-damage|p2a: Blissey|73/100
|-sideend|p1: HeyYa!_Forte|Spikes|[from] move: Rapid Spin|[of] p1a: Starmie
|
|-heal|p2a: Blissey|79/100|[from] item: Leftovers
|upkeep
|turn|10
|
|t:|1731107623
|switch|p1a: Blissey|Blissey, F|91/100
|move|p2a: Blissey|Toxic|p1a: Blissey
|-status|p1a: Blissey|tox
|
|-heal|p1a: Blissey|97/100 tox|[from] item: Leftovers
|-damage|p1a: Blissey|91/100 tox|[from] psn
|-heal|p2a: Blissey|85/100|[from] item: Leftovers
|upkeep
|turn|11
|
|t:|1731107649
|-curestatus|p1a: Blissey|tox|[from] ability: Natural Cure
|switch|p1a: Starmie|Starmie|100/100
|move|p2a: Blissey|Ice Beam|p1a: Starmie
|-resisted|p1a: Starmie
|-damage|p1a: Starmie|85/100
|
|-heal|p1a: Starmie|91/100|[from] item: Leftovers
|-heal|p2a: Blissey|92/100|[from] item: Leftovers
|upkeep
|turn|12
|
|t:|1731107660
|switch|p1a: Blissey|Blissey, F|91/100
|move|p2a: Blissey|Toxic|p1a: Blissey
|-status|p1a: Blissey|tox
|
|-heal|p1a: Blissey|97/100 tox|[from] item: Leftovers
|-damage|p1a: Blissey|91/100 tox|[from] psn
|-heal|p2a: Blissey|98/100|[from] item: Leftovers
|upkeep
|turn|13
|
|t:|1731107669
|-curestatus|p1a: Blissey|tox|[from] ability: Natural Cure
|switch|p1a: Starmie|Starmie|91/100
|move|p2a: Blissey|Ice Beam|p1a: Starmie
|-resisted|p1a: Starmie
|-damage|p1a: Starmie|75/100
|
|-heal|p1a: Starmie|81/100|[from] item: Leftovers
|-heal|p2a: Blissey|100/100|[from] item: Leftovers
|upkeep
|turn|14
|
|t:|1731107675
|switch|p2a: Tyranitar|Tyranitar, M|100/100
|-weather|Sandstorm|[from] ability: Sand Stream|[of] p2a: Tyranitar
|move|p1a: Starmie|Thunder Wave|p2a: Tyranitar
|-status|p2a: Tyranitar|par
|
|-weather|Sandstorm|[upkeep]
|-damage|p1a: Starmie|75/100|[from] Sandstorm
|-heal|p1a: Starmie|81/100|[from] item: Leftovers
|upkeep
|turn|15
|
|t:|1731107696
|switch|p2a: Blissey|Blissey, F|100/100
|move|p1a: Starmie|Surf|p2a: Blissey
|-damage|p2a: Blissey|86/100
|
|-weather|Sandstorm|[upkeep]
|-damage|p1a: Starmie|75/100|[from] Sandstorm
|-damage|p2a: Blissey|79/100|[from] Sandstorm
|-heal|p1a: Starmie|81/100|[from] item: Leftovers
|-heal|p2a: Blissey|86/100|[from] item: Leftovers
|upkeep
|turn|16
|
|t:|1731107703
|move|p1a: Starmie|Surf|p2a: Blissey
|-damage|p2a: Blissey|71/100
|move|p2a: Blissey|Toxic|p1a: Starmie
|-status|p1a: Starmie|tox
|
|-weather|Sandstorm|[upkeep]
|-damage|p1a: Starmie|75/100 tox|[from] Sandstorm
|-damage|p2a: Blissey|65/100|[from] Sandstorm
|-heal|p1a: Starmie|81/100 tox|[from] item: Leftovers
|-damage|p1a: Starmie|75/100 tox|[from] psn
|-heal|p2a: Blissey|71/100|[from] item: Leftovers
|upkeep
|turn|17
|
|t:|1731107707
|-curestatus|p1a: Starmie|tox|[from] ability: Natural Cure
|switch|p1a: Blissey|Blissey, F|91/100
|move|p2a: Blissey|Soft-Boiled|p2a: Blissey
|-heal|p2a: Blissey|100/100
|
|-weather|Sandstorm|[upkeep]
|-damage|p1a: Blissey|85/100|[from] Sandstorm
|-damage|p2a: Blissey|94/100|[from] Sandstorm
|-heal|p1a: Blissey|91/100|[from] item: Leftovers
|-heal|p2a: Blissey|100/100|[from] item: Leftovers
|upkeep
|turn|18
|
|t:|1731107715
|switch|p2a: Tyranitar|Tyranitar, M|100/100 par
|move|p1a: Blissey|Toxic||[still]
|-fail|p1a: Blissey
|
|-weather|Sandstorm|[upkeep]
|-damage|p1a: Blissey|85/100|[from] Sandstorm
|-heal|p1a: Blissey|91/100|[from] item: Leftovers
|upkeep
|turn|19
|inactive|xtina xendrix has 270 seconds left.
|
|t:|1731107722
|switch|p1a: Skarmory|Skarmory, F|100/100
|cant|p2a: Tyranitar|par
|
|-weather|Sandstorm|[upkeep]
|upkeep
|turn|20
|inactive|xtina xendrix has 270 seconds left.
|
|t:|1731107738
|switch|p2a: Skarmory|Skarmory, F|82/100
|move|p1a: Skarmory|Spikes|p2a: Skarmory
|-sidestart|p2: xtina xendrix|Spikes
|
|-weather|Sandstorm|[upkeep]
|-heal|p2a: Skarmory|88/100|[from] item: Leftovers
|upkeep
|turn|21
|
|t:|1731107752
|switch|p1a: Starmie|Starmie|75/100
|move|p2a: Skarmory|Taunt|p1a: Starmie
|-start|p1a: Starmie|move: Taunt
|
|-weather|Sandstorm|[upkeep]
|-damage|p1a: Starmie|69/100|[from] Sandstorm
|-heal|p1a: Starmie|75/100|[from] item: Leftovers
|-heal|p2a: Skarmory|94/100|[from] item: Leftovers
|upkeep
|turn|22
|
|t:|1731107760
|move|p1a: Starmie|Surf|p2a: Skarmory
|-damage|p2a: Skarmory|57/100
|move|p2a: Skarmory|Drill Peck|p1a: Starmie
|-damage|p1a: Starmie|50/100
|
|-weather|Sandstorm|[upkeep]
|-damage|p1a: Starmie|44/100|[from] Sandstorm
|-heal|p1a: Starmie|50/100|[from] item: Leftovers
|-end|p1a: Starmie|move: Taunt|[silent]
|-heal|p2a: Skarmory|63/100|[from] item: Leftovers
|upkeep
|turn|23
|
|t:|1731107768
|switch|p2a: Blissey|Blissey, F|100/100
|-damage|p2a: Blissey|88/100|[from] Spikes
|move|p1a: Starmie|Recover|p1a: Starmie
|-heal|p1a: Starmie|99/100
|
|-weather|Sandstorm|[upkeep]
|-damage|p1a: Starmie|94/100|[from] Sandstorm
|-damage|p2a: Blissey|82/100|[from] Sandstorm
|-heal|p1a: Starmie|99/100|[from] item: Leftovers
|-heal|p2a: Blissey|88/100|[from] item: Leftovers
|upkeep
|turn|24
|
|t:|1731107775
|switch|p1a: Blissey|Blissey, F|91/100
|move|p2a: Blissey|Fire Blast|p1a: Blissey
|-damage|p1a: Blissey|77/100
|-status|p1a: Blissey|brn
|
|-weather|Sandstorm|[upkeep]
|-damage|p1a: Blissey|71/100 brn|[from] Sandstorm
|-damage|p2a: Blissey|82/100|[from] Sandstorm
|-heal|p1a: Blissey|77/100 brn|[from] item: Leftovers
|-damage|p1a: Blissey|65/100 brn|[from] brn
|-heal|p2a: Blissey|88/100|[from] item: Leftovers
|upkeep
|turn|25
|
|t:|1731107804
|-curestatus|p1a: Blissey|brn|[from] ability: Natural Cure
|switch|p1a: Starmie|Starmie|99/100
|switch|p2a: Tyranitar|Tyranitar, M|100/100 par
|-damage|p2a: Tyranitar|88/100 par|[from] Spikes
|
|-weather|Sandstorm|[upkeep]
|-damage|p1a: Starmie|94/100|[from] Sandstorm
|-heal|p1a: Starmie|99/100|[from] item: Leftovers
|-heal|p2a: Tyranitar|94/100 par|[from] item: Leftovers
|upkeep
|turn|26
|
|t:|1731107809
|switch|p2a: Blissey|Blissey, F|88/100
|-damage|p2a: Blissey|76/100|[from] Spikes
|move|p1a: Starmie|Surf|p2a: Blissey
|-damage|p2a: Blissey|62/100
|
|-weather|Sandstorm|[upkeep]
|-damage|p1a: Starmie|94/100|[from] Sandstorm
|-damage|p2a: Blissey|56/100|[from] Sandstorm
|-heal|p1a: Starmie|99/100|[from] item: Leftovers
|-heal|p2a: Blissey|62/100|[from] item: Leftovers
|upkeep
|turn|27
|
|t:|1731107815
|switch|p1a: Blissey|Blissey, F|65/100
|move|p2a: Blissey|Fire Blast|p1a: Blissey
|-damage|p1a: Blissey|52/100
|
|-weather|Sandstorm|[upkeep]
|-damage|p1a: Blissey|46/100|[from] Sandstorm
|-damage|p2a: Blissey|56/100|[from] Sandstorm
|-heal|p1a: Blissey|52/100|[from] item: Leftovers
|-heal|p2a: Blissey|62/100|[from] item: Leftovers
|upkeep
|turn|28
|
|t:|1731107820
|move|p1a: Blissey|Soft-Boiled|p1a: Blissey
|-heal|p1a: Blissey|100/100
|move|p2a: Blissey|Soft-Boiled|p2a: Blissey
|-heal|p2a: Blissey|100/100
|
|-weather|Sandstorm|[upkeep]
|-damage|p1a: Blissey|94/100|[from] Sandstorm
|-damage|p2a: Blissey|94/100|[from] Sandstorm
|-heal|p1a: Blissey|100/100|[from] item: Leftovers
|-heal|p2a: Blissey|100/100|[from] item: Leftovers
|upkeep
|turn|29
|
|t:|1731107840
|switch|p1a: Starmie|Starmie|99/100
|move|p2a: Blissey|Toxic|p1a: Starmie
|-status|p1a: Starmie|tox
|
|-weather|Sandstorm|[upkeep]
|-damage|p1a: Starmie|94/100 tox|[from] Sandstorm
|-damage|p2a: Blissey|94/100|[from] Sandstorm
|-heal|p1a: Starmie|99/100 tox|[from] item: Leftovers
|-damage|p1a: Starmie|94/100 tox|[from] psn
|-heal|p2a: Blissey|100/100|[from] item: Leftovers
|upkeep
|turn|30
|
|t:|1731107847
|move|p1a: Starmie|Surf|p2a: Blissey
|-damage|p2a: Blissey|86/100
|move|p2a: Blissey|Ice Beam|p1a: Starmie
|-resisted|p1a: Starmie
|-damage|p1a: Starmie|79/100 tox
|
|-weather|Sandstorm|[upkeep]
|-damage|p1a: Starmie|73/100 tox|[from] Sandstorm
|-damage|p2a: Blissey|80/100|[from] Sandstorm
|-heal|p1a: Starmie|79/100 tox|[from] item: Leftovers
|-damage|p1a: Starmie|67/100 tox|[from] psn
|-heal|p2a: Blissey|86/100|[from] item: Leftovers
|upkeep
|turn|31
|
|t:|1731107852
|-curestatus|p1a: Starmie|tox|[from] ability: Natural Cure
|switch|p1a: Blissey|Blissey, F|100/100
|move|p2a: Blissey|Ice Beam|p1a: Blissey
|-damage|p1a: Blissey|90/100
|
|-weather|Sandstorm|[upkeep]
|-damage|p1a: Blissey|84/100|[from] Sandstorm
|-damage|p2a: Blissey|80/100|[from] Sandstorm
|-heal|p1a: Blissey|90/100|[from] item: Leftovers
|-heal|p2a: Blissey|86/100|[from] item: Leftovers
|upkeep
|turn|32
|
|t:|1731107859
|switch|p2a: Tyranitar|Tyranitar, M|94/100 par
|-damage|p2a: Tyranitar|82/100 par|[from] Spikes
|move|p1a: Blissey|Toxic||[still]
|-fail|p1a: Blissey
|
|-weather|Sandstorm|[upkeep]
|-damage|p1a: Blissey|84/100|[from] Sandstorm
|-heal|p1a: Blissey|90/100|[from] item: Leftovers
|-heal|p2a: Tyranitar|88/100 par|[from] item: Leftovers
|upkeep
|turn|33
|
|t:|1731107880
|switch|p1a: Big Justice|Metagross|86/100
|move|p2a: Tyranitar|Dragon Dance|p2a: Tyranitar
|-boost|p2a: Tyranitar|atk|1
|-boost|p2a: Tyranitar|spe|1
|
|-weather|Sandstorm|[upkeep]
|-heal|p1a: Big Justice|92/100|[from] item: Leftovers
|-heal|p2a: Tyranitar|94/100 par|[from] item: Leftovers
|upkeep
|turn|34
|
|t:|1731107891
|switch|p2a: Swampert|Swampert, M|100/100
|-damage|p2a: Swampert|88/100|[from] Spikes
|move|p1a: Big Justice|Meteor Mash|p2a: Swampert
|-resisted|p2a: Swampert
|-damage|p2a: Swampert|66/100
|
|-weather|Sandstorm|[upkeep]
|-heal|p1a: Big Justice|98/100|[from] item: Leftovers
|-heal|p2a: Swampert|72/100|[from] item: Leftovers
|upkeep
|turn|35
|inactive|xtina xendrix has 270 seconds left.
|
|t:|1731107934
|switch|p1a: Celebi|Celebi|100/100
|move|p2a: Swampert|Ice Beam|p1a: Celebi
|-supereffective|p1a: Celebi
|-damage|p1a: Celebi|64/100
|
|-weather|Sandstorm|[upkeep]
|-damage|p1a: Celebi|57/100|[from] Sandstorm
|-heal|p1a: Celebi|64/100|[from] item: Leftovers
|-heal|p2a: Swampert|78/100|[from] item: Leftovers
|upkeep
|turn|36
|
|t:|1731107942
|move|p2a: Swampert|Protect|p2a: Swampert
|-singleturn|p2a: Swampert|Protect
|move|p1a: Celebi|Leech Seed|p2a: Swampert
|-activate|p2a: Swampert|Protect
|
|-weather|Sandstorm|[upkeep]
|-damage|p1a: Celebi|57/100|[from] Sandstorm
|-heal|p1a: Celebi|64/100|[from] item: Leftovers
|-heal|p2a: Swampert|84/100|[from] item: Leftovers
|upkeep
|turn|37
|
|t:|1731107951
|switch|p2a: Salamence|Salamence, M|100/100
|-ability|p2a: Salamence|Intimidate|boost
|-unboost|p1a: Celebi|atk|1
|move|p1a: Celebi|Leech Seed|p2a: Salamence
|-start|p2a: Salamence|move: Leech Seed
|
|-weather|Sandstorm|[upkeep]
|-damage|p2a: Salamence|94/100|[from] Sandstorm
|-damage|p1a: Celebi|57/100|[from] Sandstorm
|-heal|p2a: Salamence|100/100|[from] item: Leftovers
|-damage|p2a: Salamence|88/100|[from] Leech Seed|[of] p1a: Celebi
|-heal|p1a: Celebi|68/100|[silent]
|-heal|p1a: Celebi|74/100|[from] item: Leftovers
|upkeep
|turn|38
|inactive|xtina xendrix has 270 seconds left.
|
|t:|1731107961
|switch|p2a: Skarmory|Skarmory, F|63/100
|switch|p1a: Blissey|Blissey, F|90/100
|
|-weather|Sandstorm|[upkeep]
|-damage|p1a: Blissey|84/100|[from] Sandstorm
|-heal|p2a: Skarmory|69/100|[from] item: Leftovers
|-heal|p1a: Blissey|90/100|[from] item: Leftovers
|upkeep
|turn|39
|inactive|xtina xendrix has 270 seconds left.
|
|t:|1731107971
|switch|p2a: Blissey|Blissey, F|86/100
|-damage|p2a: Blissey|74/100|[from] Spikes
|move|p1a: Blissey|Thunderbolt|p2a: Blissey
|-damage|p2a: Blissey|64/100
|
|-weather|Sandstorm|[upkeep]
|-damage|p1a: Blissey|84/100|[from] Sandstorm
|-damage|p2a: Blissey|58/100|[from] Sandstorm
|-heal|p1a: Blissey|90/100|[from] item: Leftovers
|-heal|p2a: Blissey|64/100|[from] item: Leftovers
|upkeep
|turn|40
|inactive|xtina xendrix has 270 seconds left.
|
|t:|1731107991
|move|p1a: Blissey|Toxic|p2a: Blissey
|-status|p2a: Blissey|tox
|move|p2a: Blissey|Fire Blast|p1a: Blissey
|-damage|p1a: Blissey|78/100
|
|-weather|Sandstorm|[upkeep]
|-damage|p1a: Blissey|72/100|[from] Sandstorm
|-damage|p2a: Blissey|58/100 tox|[from] Sandstorm
|-heal|p1a: Blissey|78/100|[from] item: Leftovers
|-heal|p2a: Blissey|64/100 tox|[from] item: Leftovers
|-damage|p2a: Blissey|58/100 tox|[from] psn
|upkeep
|turn|41
|
|t:|1731108001
|move|p1a: Blissey|Ice Beam|p2a: Blissey
|-damage|p2a: Blissey|48/100 tox
|move|p2a: Blissey|Soft-Boiled|p2a: Blissey
|-heal|p2a: Blissey|98/100 tox
|
|-weather|Sandstorm|[upkeep]
|-damage|p1a: Blissey|72/100|[from] Sandstorm
|-damage|p2a: Blissey|92/100 tox|[from] Sandstorm
|-heal|p1a: Blissey|78/100|[from] item: Leftovers
|-heal|p2a: Blissey|98/100 tox|[from] item: Leftovers
|-damage|p2a: Blissey|86/100 tox|[from] psn
|upkeep
|turn|42
|
|t:|1731108007
|-curestatus|p2a: Blissey|tox|[from] ability: Natural Cure
|switch|p2a: Tyranitar|Tyranitar, M|94/100 par
|-damage|p2a: Tyranitar|82/100 par|[from] Spikes
|move|p1a: Blissey|Ice Beam|p2a: Tyranitar
|-damage|p2a: Tyranitar|61/100 par
|
|-weather|Sandstorm|[upkeep]
|-damage|p1a: Blissey|72/100|[from] Sandstorm
|-heal|p1a: Blissey|78/100|[from] item: Leftovers
|-heal|p2a: Tyranitar|67/100 par|[from] item: Leftovers
|upkeep
|turn|43
|
|t:|1731108013
|-singleturn|p2a: Tyranitar|move: Focus Punch
|switch|p1a: Skarmory|Skarmory, F|100/100
|cant|p2a: Tyranitar|par
|
|-weather|Sandstorm|[upkeep]
|-heal|p2a: Tyranitar|74/100 par|[from] item: Leftovers
|upkeep
|turn|44
|inactive|xtina xendrix has 270 seconds left.
|
|t:|1731108056
|move|p1a: Skarmory|Spikes|p2a: Tyranitar
|-sidestart|p2: xtina xendrix|Spikes
|move|p2a: Tyranitar|Dragon Dance|p2a: Tyranitar
|-boost|p2a: Tyranitar|atk|1
|-boost|p2a: Tyranitar|spe|1
|
|-weather|Sandstorm|[upkeep]
|-heal|p2a: Tyranitar|80/100 par|[from] item: Leftovers
|upkeep
|turn|45
|
|t:|1731108063
|-singleturn|p2a: Tyranitar|move: Focus Punch
|move|p2a: Tyranitar|Focus Punch|p1a: Skarmory
|-damage|p1a: Skarmory|33/100
|move|p1a: Skarmory|Roar|p2a: Tyranitar
|drag|p2a: Swampert|Swampert, M|84/100
|-damage|p2a: Swampert|67/100|[from] Spikes
|
|-weather|Sandstorm|[upkeep]
|-heal|p1a: Skarmory|39/100|[from] item: Leftovers
|-heal|p2a: Swampert|74/100|[from] item: Leftovers
|upkeep
|turn|46
|
|t:|1731108079
|switch|p2a: Tyranitar|Tyranitar, M|80/100 par
|-damage|p2a: Tyranitar|63/100 par|[from] Spikes
|move|p1a: Skarmory|Protect||[still]
|-fail|p1a: Skarmory
|
|-weather|Sandstorm|[upkeep]
|-heal|p1a: Skarmory|45/100|[from] item: Leftovers
|-heal|p2a: Tyranitar|69/100 par|[from] item: Leftovers
|upkeep
|turn|47
|
|t:|1731108087
|-singleturn|p2a: Tyranitar|move: Focus Punch
|switch|p1a: Big Justice|Metagross|98/100
|move|p2a: Tyranitar|Focus Punch|p1a: Big Justice
|-damage|p1a: Big Justice|63/100
|
|-weather|Sandstorm|[upkeep]
|-heal|p1a: Big Justice|69/100|[from] item: Leftovers
|-heal|p2a: Tyranitar|75/100 par|[from] item: Leftovers
|upkeep
|turn|48
|
|t:|1731108093
|switch|p2a: Skarmory|Skarmory, F|69/100
|move|p1a: Big Justice|Meteor Mash|p2a: Skarmory
|-resisted|p2a: Skarmory
|-damage|p2a: Skarmory|50/100
|
|-weather|Sandstorm|[upkeep]
|-heal|p2a: Skarmory|56/100|[from] item: Leftovers
|-heal|p1a: Big Justice|75/100|[from] item: Leftovers
|upkeep
|turn|49
|inactive|xtina xendrix has 270 seconds left.
|
|t:|1731108102
|switch|p1a: Starmie|Starmie|67/100
|move|p2a: Skarmory|Spikes|p1a: Starmie
|-sidestart|p1: HeyYa!_Forte|Spikes
|
|-weather|Sandstorm|[upkeep]
|-damage|p1a: Starmie|61/100|[from] Sandstorm
|-heal|p1a: Starmie|67/100|[from] item: Leftovers
|-heal|p2a: Skarmory|62/100|[from] item: Leftovers
|upkeep
|turn|50
|inactive|xtina xendrix has 270 seconds left.
|
|t:|1731108137
|move|p1a: Starmie|Recover|p1a: Starmie
|-heal|p1a: Starmie|100/100
|move|p2a: Skarmory|Taunt|p1a: Starmie
|-start|p1a: Starmie|move: Taunt
|
|-weather|Sandstorm|[upkeep]
|-damage|p1a: Starmie|94/100|[from] Sandstorm
|-heal|p1a: Starmie|100/100|[from] item: Leftovers
|-heal|p2a: Skarmory|68/100|[from] item: Leftovers
|upkeep
|turn|51
|
|t:|1731108141
|switch|p2a: Blissey|Blissey, F|86/100
|-damage|p2a: Blissey|69/100|[from] Spikes
|move|p1a: Starmie|Rapid Spin|p2a: Blissey
|-damage|p2a: Blissey|67/100
|-sideend|p1: HeyYa!_Forte|Spikes|[from] move: Rapid Spin|[of] p1a: Starmie
|
|-weather|Sandstorm|[upkeep]
|-damage|p1a: Starmie|94/100|[from] Sandstorm
|-damage|p2a: Blissey|61/100|[from] Sandstorm
|-heal|p1a: Starmie|100/100|[from] item: Leftovers
|-end|p1a: Starmie|move: Taunt|[silent]
|-heal|p2a: Blissey|67/100|[from] item: Leftovers
|upkeep
|turn|52
|
|t:|1731108151
|switch|p1a: Blissey|Blissey, F|78/100
|move|p2a: Blissey|Toxic|p1a: Blissey
|-status|p1a: Blissey|tox
|
|-weather|Sandstorm|[upkeep]
|-damage|p1a: Blissey|72/100 tox|[from] Sandstorm
|-damage|p2a: Blissey|61/100|[from] Sandstorm
|-heal|p1a: Blissey|78/100 tox|[from] item: Leftovers
|-damage|p1a: Blissey|72/100 tox|[from] psn
|-heal|p2a: Blissey|67/100|[from] item: Leftovers
|upkeep
|turn|53
|
|t:|1731108158
|-curestatus|p1a: Blissey|tox|[from] ability: Natural Cure
|switch|p1a: Starmie|Starmie|100/100
|switch|p2a: Tyranitar|Tyranitar, M|75/100 par
|-damage|p2a: Tyranitar|59/100 par|[from] Spikes
|
|-weather|Sandstorm|[upkeep]
|-damage|p1a: Starmie|94/100|[from] Sandstorm
|-heal|p1a: Starmie|100/100|[from] item: Leftovers
|-heal|p2a: Tyranitar|65/100 par|[from] item: Leftovers
|upkeep
|turn|54
|
|t:|1731108165
|switch|p2a: Blissey|Blissey, F|67/100
|-damage|p2a: Blissey|50/100|[from] Spikes
|move|p1a: Starmie|Surf|p2a: Blissey
|-damage|p2a: Blissey|37/100
|
|-weather|Sandstorm|[upkeep]
|-damage|p1a: Starmie|94/100|[from] Sandstorm
|-damage|p2a: Blissey|31/100|[from] Sandstorm
|-heal|p1a: Starmie|100/100|[from] item: Leftovers
|-heal|p2a: Blissey|37/100|[from] item: Leftovers
|upkeep
|turn|55
|
|t:|1731108169
|switch|p1a: Skarmory|Skarmory, F|45/100
|move|p2a: Blissey|Fire Blast|p1a: Skarmory
|-supereffective|p1a: Skarmory
|-damage|p1a: Skarmory|0 fnt
|faint|p1a: Skarmory
|
|t:|1731108178
|switch|p1a: Salamence|Salamence, M|100/100
|-ability|p1a: Salamence|Intimidate|boost
|-unboost|p2a: Blissey|atk|1
|
|-weather|Sandstorm|[upkeep]
|-damage|p1a: Salamence|94/100|[from] Sandstorm
|-damage|p2a: Blissey|31/100|[from] Sandstorm
|-heal|p1a: Salamence|100/100|[from] item: Leftovers
|-heal|p2a: Blissey|37/100|[from] item: Leftovers
|upkeep
|turn|56
|inactive|xtina xendrix has 270 seconds left.
|
|t:|1731108226
|switch|p2a: Salamence|Salamence, M|88/100
|-ability|p2a: Salamence|Intimidate|boost
|-unboost|p1a: Salamence|atk|1
|move|p1a: Salamence|Brick Break|p2a: Salamence
|-resisted|p2a: Salamence
|-damage|p2a: Salamence|77/100
|
|-weather|Sandstorm|[upkeep]
|-damage|p2a: Salamence|71/100|[from] Sandstorm
|-damage|p1a: Salamence|94/100|[from] Sandstorm
|-heal|p2a: Salamence|77/100|[from] item: Leftovers
|-heal|p1a: Salamence|100/100|[from] item: Leftovers
|upkeep
|turn|57
|
|t:|1731108233
|switch|p1a: Starmie|Starmie|100/100
|move|p2a: Salamence|Brick Break|p1a: Starmie
|-resisted|p1a: Starmie
|-damage|p1a: Starmie|89/100
|
|-weather|Sandstorm|[upkeep]
|-damage|p1a: Starmie|83/100|[from] Sandstorm
|-damage|p2a: Salamence|71/100|[from] Sandstorm
|-heal|p1a: Starmie|89/100|[from] item: Leftovers
|-heal|p2a: Salamence|77/100|[from] item: Leftovers
|upkeep
|turn|58
|
|t:|1731108247
|move|p1a: Starmie|Thunder Wave|p2a: Salamence
|-status|p2a: Salamence|par
|move|p2a: Salamence|Hidden Power|p1a: Starmie
|-supereffective|p1a: Starmie
|-damage|p1a: Starmie|37/100
|
|-weather|Sandstorm|[upkeep]
|-damage|p1a: Starmie|31/100|[from] Sandstorm
|-damage|p2a: Salamence|71/100 par|[from] Sandstorm
|-heal|p1a: Starmie|37/100|[from] item: Leftovers
|-heal|p2a: Salamence|77/100 par|[from] item: Leftovers
|upkeep
|turn|59
|
|t:|1731108256
|move|p1a: Starmie|Recover|p1a: Starmie
|-heal|p1a: Starmie|87/100
|move|p2a: Salamence|Hidden Power|p1a: Starmie
|-supereffective|p1a: Starmie
|-damage|p1a: Starmie|38/100
|
|-weather|Sandstorm|[upkeep]
|-damage|p1a: Starmie|32/100|[from] Sandstorm
|-damage|p2a: Salamence|71/100 par|[from] Sandstorm
|-heal|p1a: Starmie|38/100|[from] item: Leftovers
|-heal|p2a: Salamence|77/100 par|[from] item: Leftovers
|upkeep
|turn|60
|inactive|xtina xendrix has 270 seconds left.
|
|t:|1731108268
|move|p1a: Starmie|Recover|p1a: Starmie
|-heal|p1a: Starmie|88/100
|move|p2a: Salamence|Brick Break|p1a: Starmie
|-resisted|p1a: Starmie
|-damage|p1a: Starmie|76/100
|
|-weather|Sandstorm|[upkeep]
|-damage|p1a: Starmie|70/100|[from] Sandstorm
|-damage|p2a: Salamence|71/100 par|[from] Sandstorm
|-heal|p1a: Starmie|76/100|[from] item: Leftovers
|-heal|p2a: Salamence|77/100 par|[from] item: Leftovers
|upkeep
|turn|61
|
|t:|1731108275
|move|p1a: Starmie|Surf|p2a: Salamence
|-resisted|p2a: Salamence
|-crit|p2a: Salamence
|-damage|p2a: Salamence|35/100 par
|move|p2a: Salamence|Hidden Power|p1a: Starmie
|-supereffective|p1a: Starmie
|-damage|p1a: Starmie|24/100
|
|-weather|Sandstorm|[upkeep]
|-damage|p1a: Starmie|17/100|[from] Sandstorm
|-damage|p2a: Salamence|29/100 par|[from] Sandstorm
|-heal|p1a: Starmie|24/100|[from] item: Leftovers
|-heal|p2a: Salamence|35/100 par|[from] item: Leftovers
|upkeep
|turn|62
|
|t:|1731108287
|switch|p1a: Blissey|Blissey, F|72/100
|cant|p2a: Salamence|par
|
|-weather|Sandstorm|[upkeep]
|-damage|p1a: Blissey|66/100|[from] Sandstorm
|-damage|p2a: Salamence|29/100 par|[from] Sandstorm
|-heal|p1a: Blissey|72/100|[from] item: Leftovers
|-heal|p2a: Salamence|35/100 par|[from] item: Leftovers
|upkeep
|turn|63
|
|t:|1731108309
|switch|p1a: Salamence|Salamence, M|100/100
|-ability|p1a: Salamence|Intimidate|boost
|-unboost|p2a: Salamence|atk|1
|switch|p2a: Tyranitar|Tyranitar, M|65/100 par
|-damage|p2a: Tyranitar|49/100 par|[from] Spikes
|
|-weather|Sandstorm|[upkeep]
|-damage|p1a: Salamence|94/100|[from] Sandstorm
|-heal|p1a: Salamence|100/100|[from] item: Leftovers
|-heal|p2a: Tyranitar|55/100 par|[from] item: Leftovers
|upkeep
|turn|64
|inactive|xtina xendrix has 270 seconds left.
|
|t:|1731108357
|move|p1a: Salamence|Brick Break|p2a: Tyranitar
|-supereffective|p2a: Tyranitar
|-damage|p2a: Tyranitar|0 fnt
|faint|p2a: Tyranitar
|
|t:|1731108361
|switch|p2a: Swampert|Swampert, M|74/100
|-damage|p2a: Swampert|57/100|[from] Spikes
|
|-weather|Sandstorm|[upkeep]
|-damage|p1a: Salamence|94/100|[from] Sandstorm
|-heal|p1a: Salamence|100/100|[from] item: Leftovers
|-heal|p2a: Swampert|63/100|[from] item: Leftovers
|upkeep
|turn|65
|
|t:|1731108369
|move|p2a: Swampert|Protect|p2a: Swampert
|-singleturn|p2a: Swampert|Protect
|move|p1a: Salamence|Hidden Power|p2a: Swampert
|-activate|p2a: Swampert|Protect
|
|-weather|Sandstorm|[upkeep]
|-damage|p1a: Salamence|94/100|[from] Sandstorm
|-heal|p1a: Salamence|100/100|[from] item: Leftovers
|-heal|p2a: Swampert|69/100|[from] item: Leftovers
|upkeep
|turn|66
|inactive|xtina xendrix has 240 seconds left.
|
|t:|1731108416
|switch|p2a: Salamence|Salamence, M|35/100 par
|-ability|p2a: Salamence|Intimidate|boost
|-unboost|p1a: Salamence|atk|1
|move|p1a: Salamence|Hidden Power|p2a: Salamence
|-resisted|p2a: Salamence
|-damage|p2a: Salamence|29/100 par
|
|-weather|Sandstorm|[upkeep]
|-damage|p1a: Salamence|94/100|[from] Sandstorm
|-damage|p2a: Salamence|23/100 par|[from] Sandstorm
|-heal|p1a: Salamence|100/100|[from] item: Leftovers
|-heal|p2a: Salamence|29/100 par|[from] item: Leftovers
|upkeep
|turn|67
|
|t:|1731108427
|move|p1a: Salamence|Dragon Claw|p2a: Salamence
|-supereffective|p2a: Salamence
|-crit|p2a: Salamence
|-damage|p2a: Salamence|0 fnt
|faint|p2a: Salamence
|
|t:|1731108435
|switch|p2a: Skarmory|Skarmory, F|68/100
|
|-weather|Sandstorm|[upkeep]
|-damage|p1a: Salamence|94/100|[from] Sandstorm
|-heal|p1a: Salamence|100/100|[from] item: Leftovers
|-heal|p2a: Skarmory|74/100|[from] item: Leftovers
|upkeep
|turn|68
|
|t:|1731108438
|move|p1a: Salamence|Flamethrower|p2a: Skarmory
|-supereffective|p2a: Skarmory
|-damage|p2a: Skarmory|10/100
|move|p2a: Skarmory|Roar|p1a: Salamence
|drag|p1a: Blissey|Blissey, F|72/100
|
|-weather|Sandstorm|[upkeep]
|-damage|p1a: Blissey|66/100|[from] Sandstorm
|-heal|p2a: Skarmory|16/100|[from] item: Leftovers
|-heal|p1a: Blissey|72/100|[from] item: Leftovers
|upkeep
|turn|69
|
|t:|1731108465
|switch|p1a: Salamence|Salamence, M|100/100
|-ability|p1a: Salamence|Intimidate|boost
|-unboost|p2a: Skarmory|atk|1
|move|p2a: Skarmory|Spikes|p1a: Salamence
|-sidestart|p1: HeyYa!_Forte|Spikes
|
|-weather|Sandstorm|[upkeep]
|-damage|p1a: Salamence|94/100|[from] Sandstorm
|-heal|p1a: Salamence|100/100|[from] item: Leftovers
|-heal|p2a: Skarmory|22/100|[from] item: Leftovers
|upkeep
|turn|70
|
|t:|1731108473
|move|p1a: Salamence|Flamethrower|p2a: Skarmory
|-supereffective|p2a: Skarmory
|-damage|p2a: Skarmory|0 fnt
|faint|p2a: Skarmory
|inactive|xtina xendrix has 210 seconds left.
|
|t:|1731108498
|switch|p2a: Swampert|Swampert, M|69/100
|-damage|p2a: Swampert|53/100|[from] Spikes
|
|-weather|Sandstorm|[upkeep]
|-damage|p1a: Salamence|94/100|[from] Sandstorm
|-heal|p1a: Salamence|100/100|[from] item: Leftovers
|-heal|p2a: Swampert|59/100|[from] item: Leftovers
|upkeep
|turn|71
|
|t:|1731108502
|move|p2a: Swampert|Protect|p2a: Swampert
|-singleturn|p2a: Swampert|Protect
|move|p1a: Salamence|Hidden Power|p2a: Swampert
|-activate|p2a: Swampert|Protect
|
|-weather|Sandstorm|[upkeep]
|-damage|p1a: Salamence|94/100|[from] Sandstorm
|-heal|p1a: Salamence|100/100|[from] item: Leftovers
|-heal|p2a: Swampert|65/100|[from] item: Leftovers
|upkeep
|turn|72
|
|t:|1731108505
|move|p2a: Swampert|Protect|p2a: Swampert
|-singleturn|p2a: Swampert|Protect
|move|p1a: Salamence|Hidden Power|p2a: Swampert
|-activate|p2a: Swampert|Protect
|
|-weather|Sandstorm|[upkeep]
|-damage|p1a: Salamence|94/100|[from] Sandstorm
|-heal|p1a: Salamence|100/100|[from] item: Leftovers
|-heal|p2a: Swampert|71/100|[from] item: Leftovers
|upkeep
|turn|73
|
|t:|1731108513
|switch|p1a: Blissey|Blissey, F|72/100
|-damage|p1a: Blissey|59/100|[from] Spikes
|move|p2a: Swampert|Ice Beam|p1a: Blissey
|-damage|p1a: Blissey|50/100
|
|-weather|Sandstorm|[upkeep]
|-damage|p1a: Blissey|44/100|[from] Sandstorm
|-heal|p1a: Blissey|50/100|[from] item: Leftovers
|-heal|p2a: Swampert|78/100|[from] item: Leftovers
|upkeep
|turn|74
|
|t:|1731108527
|move|p1a: Blissey|Soft-Boiled|p1a: Blissey
|-heal|p1a: Blissey|99/100
|move|p2a: Swampert|Earthquake|p1a: Blissey
|-damage|p1a: Blissey|63/100
|
|-weather|Sandstorm|[upkeep]
|-damage|p1a: Blissey|57/100|[from] Sandstorm
|-heal|p1a: Blissey|63/100|[from] item: Leftovers
|-heal|p2a: Swampert|84/100|[from] item: Leftovers
|upkeep
|turn|75
|
|t:|1731108530
|switch|p2a: Blissey|Blissey, F|37/100
|-damage|p2a: Blissey|20/100|[from] Spikes
|move|p1a: Blissey|Toxic|p2a: Blissey
|-status|p2a: Blissey|tox
|
|-weather|Sandstorm|[upkeep]
|-damage|p1a: Blissey|57/100|[from] Sandstorm
|-damage|p2a: Blissey|14/100 tox|[from] Sandstorm
|-heal|p1a: Blissey|63/100|[from] item: Leftovers
|-heal|p2a: Blissey|20/100 tox|[from] item: Leftovers
|-damage|p2a: Blissey|14/100 tox|[from] psn
|upkeep
|turn|76
|
|t:|1731108540
|switch|p1a: Big Justice|Metagross|75/100
|-damage|p1a: Big Justice|63/100|[from] Spikes
|move|p2a: Blissey|Soft-Boiled|p2a: Blissey
|-heal|p2a: Blissey|64/100 tox
|
|-weather|Sandstorm|[upkeep]
|-damage|p2a: Blissey|58/100 tox|[from] Sandstorm
|-heal|p1a: Big Justice|69/100|[from] item: Leftovers
|-heal|p2a: Blissey|64/100 tox|[from] item: Leftovers
|-damage|p2a: Blissey|52/100 tox|[from] psn
|upkeep
|turn|77
|
|t:|1731108546
|move|p1a: Big Justice|Meteor Mash|p2a: Blissey
|-damage|p2a: Blissey|0 fnt
|faint|p2a: Blissey
|
|t:|1731108550
|switch|p2a: Swampert|Swampert, M|84/100
|-damage|p2a: Swampert|67/100|[from] Spikes
|
|-weather|Sandstorm|[upkeep]
|-heal|p1a: Big Justice|75/100|[from] item: Leftovers
|-heal|p2a: Swampert|73/100|[from] item: Leftovers
|upkeep
|turn|78
|
|t:|1731108560
|move|p1a: Big Justice|Protect|p1a: Big Justice
|-singleturn|p1a: Big Justice|Protect
|move|p2a: Swampert|Ice Beam|p1a: Big Justice
|-activate|p1a: Big Justice|Protect
|
|-weather|Sandstorm|[upkeep]
|-heal|p1a: Big Justice|81/100|[from] item: Leftovers
|-heal|p2a: Swampert|80/100|[from] item: Leftovers
|upkeep
|turn|79
|
|t:|1731108567
|switch|p1a: Celebi|Celebi|74/100
|-damage|p1a: Celebi|61/100|[from] Spikes
|move|p2a: Swampert|Protect||[still]
|-fail|p2a: Swampert
|
|-weather|Sandstorm|[upkeep]
|-damage|p1a: Celebi|55/100|[from] Sandstorm
|-heal|p1a: Celebi|61/100|[from] item: Leftovers
|-heal|p2a: Swampert|86/100|[from] item: Leftovers
|upkeep
|turn|80
|
|t:|1731108572
|move|p1a: Celebi|Hidden Power|p2a: Swampert
|-supereffective|p2a: Swampert
|-damage|p2a: Swampert|2/100
|move|p2a: Swampert|Ice Beam|p1a: Celebi
|-supereffective|p1a: Celebi
|-damage|p1a: Celebi|22/100
|
|-weather|Sandstorm|[upkeep]
|-damage|p1a: Celebi|16/100|[from] Sandstorm
|-heal|p1a: Celebi|22/100|[from] item: Leftovers
|-heal|p2a: Swampert|9/100|[from] item: Leftovers
|upkeep
|turn|81
|
|t:|1731108575
|move|p1a: Celebi|Recover|p1a: Celebi
|-heal|p1a: Celebi|72/100
|move|p2a: Swampert|Ice Beam|p1a: Celebi
|-supereffective|p1a: Celebi
|-damage|p1a: Celebi|35/100
|
|-weather|Sandstorm|[upkeep]
|-damage|p1a: Celebi|29/100|[from] Sandstorm
|-heal|p1a: Celebi|35/100|[from] item: Leftovers
|-heal|p2a: Swampert|15/100|[from] item: Leftovers
|upkeep
|turn|82
|
|t:|1731108580
|move|p1a: Celebi|Hidden Power|p2a: Swampert
|-supereffective|p2a: Swampert
|-damage|p2a: Swampert|0 fnt
|faint|p2a: Swampert
|
|t:|1731108583
|switch|p2a: Jirachi|Jirachi|100/100
|-damage|p2a: Jirachi|84/100|[from] Spikes
|
|-weather|Sandstorm|[upkeep]
|-damage|p1a: Celebi|29/100|[from] Sandstorm
|-heal|p2a: Jirachi|90/100|[from] item: Leftovers
|-heal|p1a: Celebi|35/100|[from] item: Leftovers
|upkeep
|turn|83
|
|t:|1731108586
|move|p2a: Jirachi|Substitute|p2a: Jirachi
|-start|p2a: Jirachi|Substitute
|-damage|p2a: Jirachi|65/100
|move|p1a: Celebi|Perish Song|p1a: Celebi
|-start|p1a: Celebi|perish3|[silent]
|-start|p2a: Jirachi|perish3|[silent]
|-fieldactivate|move: Perish Song
|
|-weather|Sandstorm|[upkeep]
|-damage|p1a: Celebi|29/100|[from] Sandstorm
|-heal|p2a: Jirachi|71/100|[from] item: Leftovers
|-heal|p1a: Celebi|35/100|[from] item: Leftovers
|-start|p2a: Jirachi|perish3
|-start|p1a: Celebi|perish3
|upkeep
|turn|84
|c|☆HeyYa!_Forte|gg
|-message|xtina xendrix forfeited.
|
|win|HeyYa!_Forte
|c|☆xtina xendrix|gg
|player|p2|

</script>
<script type="application/json" class="data" id="replaydata-smogtours-gen3ou-805319">
{"id":"smogtours-gen3ou-805319","format":"[Gen 3] OU","players":["HeyYa!_Forte","xtina xendrix"],"uploadtime":1731108591,"views":80,"formatid":"gen3ou","rating":null,"private":0,"password":null}
</script>

<script defer src="js/replays.js?9d40a366"></script>
