<!DOCTYPE html>
<meta charset="utf-8" />
<meta name="viewport" content="width=device-width" />

<title>[Gen 3] OU: deathbydunsparce vs. HexMoonie - Replays - Pok&eacute;mon Showdown!</title>

<meta name="description" content="Watch a replay of a Pok&eacute;mon battle between deathbydunsparce and HexMoonie! Format: [Gen 3] OU; Date: Oct 22, 2024" />
<!--

Hey, you! Looking in the source for the replay log?

You can find them in JSON format, just add `.json` at the end of a replay URL.

https://replay.pokemonshowdown.com/gen7randomdoublesbattle-865046831.json

Or, if you only need the log itself, add `.log` instead:

https://replay.pokemonshowdown.com/gen7randomdoublesbattle-865046831.log

-->

<link rel="stylesheet" href="//pokemonshowdown.com/style/global.css?0.767286132409787" />
<link rel="stylesheet" href="//play.pokemonshowdown.com/style/font-awesome.css?0.9266228007934947" />
<link rel="stylesheet" href="//play.pokemonshowdown.com/style/battle.css?0.7924700842790926" />
<link rel="stylesheet" href="//play.pokemonshowdown.com/style/utilichart.css?0.8777417872839479" />

<!-- Global site tag (gtag.js) - Google Analytics -->
<script async src="https://www.googletagmanager.com/gtag/js?id=UA-26211653-1"></script>
<script>
  window.dataLayer = window.dataLayer || [];
  function gtag(){dataLayer.push(arguments);}
  gtag('js', new Date());

  gtag('config', 'UA-26211653-1');
</script>
<!-- End Google Analytics -->
<!-- Venatus Ad Manager - Install in <HEAD> of page -->
	<script src="https://hb.vntsm.com/v3/live/ad-manager.min.js" type="text/javascript" data-site-id="642aba63ec9a7b11c3c9c1be" data-mode="scan" async></script>
<!-- / Venatus Ad Manager -->

<style>
	@media (max-width:820px) {
		.battle {
			margin: 0 auto;
		}
		.battle-log {
			margin: 7px auto 0;
			max-width: 640px;
			height: 300px;
			position: static;
		}
	}
	.optgroup {
		display: inline-block;
		line-height: 22px;
		font-size: 10pt;
	}
	.optgroup .button {
		height: 25px;
		padding-top: 0;
		padding-bottom: 0;
	}
	.optgroup button.button {
		padding-left: 12px;
		padding-right: 12px;
	}
	.linklist {
		list-style: none;
		margin: 0.5em 0;
		padding: 0;
	}
	.linklist li {
		padding: 2px 0;
	}
	.sidebar {
		float: left;
		width: 320px;
	}
	.bar-wrapper {
		max-width: 1100px;
		margin: 0 auto;
	}
	.bar-wrapper.has-sidebar {
		max-width: 1430px;
	}
	.mainbar {
		margin: 0;
		padding-right: 1px;
	}
	.mainbar.has-sidebar {
		margin-left: 330px;
	}
	@media (min-width: 1511px) {
		.sidebar {
			width: 400px;
		}
		.bar-wrapper.has-sidebar {
			max-width: 1510px;
		}
		.mainbar.has-sidebar {
			margin-left: 410px;
		}
	}
	.section.first-section {
		margin-top: 9px;
	}
	.blocklink small {
		white-space: normal;
	}
	.button {
		vertical-align: middle;
	}
	.replay-controls {
		padding-top: 10px;
	}
	.replay-controls h1 {
		font-size: 16pt;
		font-weight: normal;
		color: #CCC;
	}
	.pagelink {
		text-align: center;
	}
	.pagelink a {
		width: 150px;
	}
	.textbox, .button {
		font-size: 11pt;
		vertical-align: middle;
	}
	@media (max-width: 450px) {
		.button {
			font-size: 9pt;
		}
	}
</style>

<div>

	<header>
		<div class="nav-wrapper"><ul class="nav">
			<li><a class="button nav-first" href="//pokemonshowdown.com/"><img src="//pokemonshowdown.com/images/pokemonshowdownbeta.png" srcset="//pokemonshowdown.com/images/pokemonshowdownbeta.png 1x, //pokemonshowdown.com/images/pokemonshowdownbeta@2x.png 2x" alt="Pok&eacute;mon Showdown" width="146" height="44" /> Home</a></li>
			<li><a class="button" href="//pokemonshowdown.com/dex/">Pok&eacute;dex</a></li>
			<li><a class="button cur" href="/">Replays</a></li>
			<li><a class="button" href="//pokemonshowdown.com/ladder/">Ladder</a></li>
			<li><a class="button nav-last" href="//pokemonshowdown.com/forums/">Forum</a></li>
			<li><a class="button greenbutton nav-first nav-last" href="//play.pokemonshowdown.com/">Play</a></li>
		</ul></div>
	</header>

	<div class="main" id="main">

		<noscript><section class="section">You need to enable JavaScript to use this page; sorry!</section></noscript>

	</div>

</div>

<script defer nomodule src="//play.pokemonshowdown.com/js/lib/ps-polyfill.js"></script>
<script defer src="//play.pokemonshowdown.com/js/lib/preact.min.js"></script>

<script defer src="//play.pokemonshowdown.com/config/config.js?6dec07f6"></script>
<script defer src="//play.pokemonshowdown.com/js/lib/jquery-1.11.0.min.js"></script>
<script defer src="//play.pokemonshowdown.com/js/lib/html-sanitizer-minified.js"></script>
<script defer src="//play.pokemonshowdown.com/js/battle-sound.js"></script>
<script defer src="//play.pokemonshowdown.com/js/battledata.js?0.6315294753075389"></script>
<script defer src="//play.pokemonshowdown.com/data/pokedex-mini.js?0.7603743185311358"></script>
<script defer src="//play.pokemonshowdown.com/data/pokedex-mini-bw.js?0.030888842834281283"></script>
<script defer src="//play.pokemonshowdown.com/data/graphics.js?0.05593094747507488"></script>
<script defer src="//play.pokemonshowdown.com/data/pokedex.js?0.47064822249611904"></script>
<script defer src="//play.pokemonshowdown.com/data/moves.js?0.8583693120512459"></script>
<script defer src="//play.pokemonshowdown.com/data/abilities.js?0.16017181182386842"></script>
<script defer src="//play.pokemonshowdown.com/data/items.js?0.4163379185673943"></script>
<script defer src="//play.pokemonshowdown.com/data/teambuilder-tables.js?0.31075597372830477"></script>
<script defer src="//play.pokemonshowdown.com/js/battle-tooltips.js?0.6536193500708172"></script>
<script defer src="//play.pokemonshowdown.com/js/battle.js?0.1916591943277901"></script>

<script defer src="js/utils.js?e31f9a17"></script>
<script defer src="js/replays-battle.js?7008c182"></script>

<!-- don't scrape this data! just add .json or .log after the URL!
Full API docs: https://github.com/smogon/pokemon-showdown-client/blob/master/WEB-API.md -->
<script type="text/plain" class="log" id="replaylog-smogtours-gen3ou-801293">
|inactive|Battle timer is ON: inactive players will automatically lose when time's up.
|t:|1729637031
|gametype|singles
|player|p1|deathbydunsparce|265|
|player|p2|HexMoonie|hexmaniac-gen6|
|teamsize|p1|6
|teamsize|p2|6
|gen|3
|tier|[Gen 3] OU
|rule|Sleep Clause Mod: Limit one foe put to sleep
|rule|Switch Priority Clause Mod: Faster Pokémon switch first
|rule|Species Clause: Limit one of each Pokémon
|rule|OHKO Clause: OHKO moves are banned
|rule|Evasion Items Clause: Evasion items are banned
|rule|Evasion Moves Clause: Evasion moves are banned
|rule|Endless Battle Clause: Forcing endless battles is banned
|rule|HP Percentage Mod: HP is shown in percentages
|rule|One Boost Passer Clause: Limit one Baton Passer that has a way to boost its stats
|rule|Freeze Clause Mod: Limit one foe frozen
|
|t:|1729637031
|start
|switch|p1a: Salamence|Salamence, M|100/100
|switch|p2a: Tyranitar|Tyranitar, M|100/100
|-ability|p1a: Salamence|Intimidate|boost
|-unboost|p2a: Tyranitar|atk|1
|-weather|Sandstorm|[from] ability: Sand Stream|[of] p2a: Tyranitar
|turn|1
|
|t:|1729637060
|switch|p2a: Gengar|Gengar, M|100/100
|move|p1a: Salamence|Brick Break|p2a: Gengar
|-immune|p2a: Gengar
|
|-weather|Sandstorm|[upkeep]
|-damage|p2a: Gengar|94/100|[from] Sandstorm
|-damage|p1a: Salamence|94/100|[from] Sandstorm
|-heal|p2a: Gengar|100/100|[from] item: Leftovers
|-heal|p1a: Salamence|100/100|[from] item: Leftovers
|upkeep
|turn|2
|
|t:|1729637072
|switch|p1a: Tyranitar|Tyranitar, M|100/100
|move|p2a: Gengar|Will-O-Wisp|p1a: Tyranitar
|-status|p1a: Tyranitar|brn
|
|-weather|Sandstorm|[upkeep]
|-damage|p2a: Gengar|94/100|[from] Sandstorm
|-heal|p2a: Gengar|100/100|[from] item: Leftovers
|-damage|p1a: Tyranitar|88/100 brn|[from] brn
|upkeep
|turn|3
|
|t:|1729637084
|switch|p2a: Swampert|Swampert, M|100/100
|move|p1a: Tyranitar|Dragon Dance|p1a: Tyranitar
|-boost|p1a: Tyranitar|atk|1
|-boost|p1a: Tyranitar|spe|1
|
|-weather|Sandstorm|[upkeep]
|-heal|p1a: Tyranitar|94/100 brn|[from] item: Leftovers
|-damage|p1a: Tyranitar|82/100 brn|[from] brn
|upkeep
|turn|4
|
|t:|1729637093
|move|p1a: Tyranitar|Earthquake|p2a: Swampert
|-damage|p2a: Swampert|81/100
|move|p2a: Swampert|Surf|p1a: Tyranitar
|-supereffective|p1a: Tyranitar
|-damage|p1a: Tyranitar|27/100 brn
|
|-weather|Sandstorm|[upkeep]
|-heal|p1a: Tyranitar|33/100 brn|[from] item: Leftovers
|-damage|p1a: Tyranitar|21/100 brn|[from] brn
|-heal|p2a: Swampert|87/100|[from] item: Leftovers
|upkeep
|turn|5
|
|t:|1729637103
|switch|p1a: Celebi|Celebi|100/100
|move|p2a: Swampert|Surf|p1a: Celebi
|-resisted|p1a: Celebi
|-damage|p1a: Celebi|88/100
|
|-weather|Sandstorm|[upkeep]
|-damage|p1a: Celebi|81/100|[from] Sandstorm
|-heal|p1a: Celebi|88/100|[from] item: Leftovers
|-heal|p2a: Swampert|94/100|[from] item: Leftovers
|upkeep
|turn|6
|
|t:|1729637112
|switch|p2a: Skarmory|Skarmory, F|100/100
|move|p1a: Celebi|Leech Seed|p2a: Skarmory
|-start|p2a: Skarmory|move: Leech Seed
|
|-weather|Sandstorm|[upkeep]
|-damage|p1a: Celebi|81/100|[from] Sandstorm
|-heal|p1a: Celebi|88/100|[from] item: Leftovers
|-damage|p2a: Skarmory|88/100|[from] Leech Seed|[of] p1a: Celebi
|-heal|p1a: Celebi|98/100|[silent]
|upkeep
|turn|7
|
|t:|1729637118
|move|p1a: Celebi|Hidden Power|p2a: Skarmory
|-supereffective|p2a: Skarmory
|-damage|p2a: Skarmory|48/100
|move|p2a: Skarmory|Spikes|p1a: Celebi
|-sidestart|p1: deathbydunsparce|Spikes
|
|-weather|Sandstorm|[upkeep]
|-damage|p1a: Celebi|92/100|[from] Sandstorm
|-heal|p1a: Celebi|98/100|[from] item: Leftovers
|-heal|p2a: Skarmory|54/100|[from] item: Leftovers
|-damage|p2a: Skarmory|42/100|[from] Leech Seed|[of] p1a: Celebi
|-heal|p1a: Celebi|100/100|[silent]
|upkeep
|turn|8
|
|t:|1729637140
|switch|p2a: Tyranitar|Tyranitar, M|100/100
|move|p1a: Celebi|Leech Seed|p2a: Tyranitar
|-start|p2a: Tyranitar|move: Leech Seed
|
|-weather|Sandstorm|[upkeep]
|-damage|p1a: Celebi|94/100|[from] Sandstorm
|-heal|p1a: Celebi|100/100|[from] item: Leftovers
|-damage|p2a: Tyranitar|88/100|[from] Leech Seed|[of] p1a: Celebi
|upkeep
|turn|9
|
|t:|1729637144
|move|p1a: Celebi|Giga Drain|p2a: Tyranitar
|-supereffective|p2a: Tyranitar
|-damage|p2a: Tyranitar|44/100
|move|p2a: Tyranitar|Taunt|p1a: Celebi
|-start|p1a: Celebi|move: Taunt
|
|-weather|Sandstorm|[upkeep]
|-damage|p1a: Celebi|94/100|[from] Sandstorm
|-heal|p1a: Celebi|100/100|[from] item: Leftovers
|-heal|p2a: Tyranitar|50/100|[from] item: Leftovers
|-damage|p2a: Tyranitar|38/100|[from] Leech Seed|[of] p1a: Celebi
|upkeep
|turn|10
|
|t:|1729637150
|switch|p2a: Aerodactyl|Aerodactyl, M|100/100
|move|p1a: Celebi|Giga Drain|p2a: Aerodactyl
|-damage|p2a: Aerodactyl|60/100
|
|-weather|Sandstorm|[upkeep]
|-damage|p1a: Celebi|94/100|[from] Sandstorm
|-heal|p1a: Celebi|100/100|[from] item: Leftovers
|-end|p1a: Celebi|move: Taunt|[silent]
|upkeep
|turn|11
|
|t:|1729637174
|switch|p1a: Swampert|Swampert, M|100/100
|-damage|p1a: Swampert|88/100|[from] Spikes
|move|p2a: Aerodactyl|Hidden Power|p1a: Swampert
|-damage|p1a: Swampert|46/100
|
|-weather|Sandstorm|[upkeep]
|-heal|p1a: Swampert|52/100|[from] item: Leftovers
|upkeep
|turn|12
|
|t:|1729637189
|switch|p2a: Blissey|Blissey, F|100/100
|move|p1a: Swampert|Hydro Pump|p2a: Blissey
|-damage|p2a: Blissey|81/100
|
|-weather|Sandstorm|[upkeep]
|-damage|p2a: Blissey|74/100|[from] Sandstorm
|-heal|p2a: Blissey|81/100|[from] item: Leftovers
|-heal|p1a: Swampert|59/100|[from] item: Leftovers
|upkeep
|turn|13
|
|t:|1729637196
|-singleturn|p1a: Swampert|move: Focus Punch
|move|p2a: Blissey|Toxic|p1a: Swampert
|-status|p1a: Swampert|tox
|move|p1a: Swampert|Focus Punch|p2a: Blissey
|-supereffective|p2a: Blissey
|-damage|p2a: Blissey|10/100
|
|-weather|Sandstorm|[upkeep]
|-damage|p2a: Blissey|3/100|[from] Sandstorm
|-heal|p2a: Blissey|10/100|[from] item: Leftovers
|-heal|p1a: Swampert|65/100 tox|[from] item: Leftovers
|-damage|p1a: Swampert|59/100 tox|[from] psn
|upkeep
|turn|14
|inactive|HexMoonie has 270 seconds left.
|
|t:|1729637241
|switch|p2a: Gengar|Gengar, M|100/100
|move|p1a: Swampert|Hydro Pump|p2a: Gengar
|-damage|p2a: Gengar|46/100
|
|-weather|Sandstorm|[upkeep]
|-damage|p2a: Gengar|40/100|[from] Sandstorm
|-heal|p2a: Gengar|46/100|[from] item: Leftovers
|-heal|p1a: Swampert|65/100 tox|[from] item: Leftovers
|-damage|p1a: Swampert|52/100 tox|[from] psn
|upkeep
|turn|15
|
|t:|1729637254
|move|p2a: Gengar|Ice Punch|p1a: Swampert
|-damage|p1a: Swampert|34/100 tox
|move|p1a: Swampert|Hydro Pump|p2a: Gengar
|-damage|p2a: Gengar|0 fnt
|faint|p2a: Gengar
|
|t:|1729637261
|switch|p2a: Aerodactyl|Aerodactyl, M|60/100
|
|-weather|Sandstorm|[upkeep]
|-heal|p1a: Swampert|40/100 tox|[from] item: Leftovers
|-damage|p1a: Swampert|22/100 tox|[from] psn
|upkeep
|turn|16
|
|t:|1729637280
|switch|p1a: Tyranitar|Tyranitar, M|21/100 brn
|-damage|p1a: Tyranitar|8/100 brn|[from] Spikes
|move|p2a: Aerodactyl|Rock Slide|p1a: Tyranitar
|-damage|p1a: Tyranitar|0 fnt
|faint|p1a: Tyranitar
|
|t:|1729637298
|switch|p1a: Celebi|Celebi|100/100
|-damage|p1a: Celebi|88/100|[from] Spikes
|
|-weather|Sandstorm|[upkeep]
|-damage|p1a: Celebi|82/100|[from] Sandstorm
|-heal|p1a: Celebi|88/100|[from] item: Leftovers
|upkeep
|turn|17
|inactive|HexMoonie has 240 seconds left.
|
|t:|1729637333
|move|p2a: Aerodactyl|Rock Slide|p1a: Celebi
|-damage|p1a: Celebi|44/100
|move|p1a: Celebi|Psychic|p2a: Aerodactyl
|-damage|p2a: Aerodactyl|1/100
|
|-weather|Sandstorm|[upkeep]
|-damage|p1a: Celebi|38/100|[from] Sandstorm
|-heal|p1a: Celebi|44/100|[from] item: Leftovers
|upkeep
|turn|18
|inactive|HexMoonie has 240 seconds left.
|
|t:|1729637342
|move|p2a: Aerodactyl|Rock Slide|p1a: Celebi
|-damage|p1a: Celebi|0 fnt
|faint|p1a: Celebi
|
|t:|1729637347
|switch|p1a: Aerodactyl|Aerodactyl, F|100/100
|
|-weather|Sandstorm|[upkeep]
|upkeep
|turn|19
|
|t:|1729637360
|switch|p2a: Blissey|Blissey, F|10/100
|move|p1a: Aerodactyl|Double-Edge|p2a: Blissey
|-damage|p2a: Blissey|0 fnt
|faint|p2a: Blissey
|inactive|HexMoonie has 240 seconds left.
|
|t:|1729637385
|switch|p2a: Swampert|Swampert, M|94/100
|
|-weather|Sandstorm|[upkeep]
|-heal|p2a: Swampert|99/100|[from] item: Leftovers
|upkeep
|turn|20
|
|t:|1729637392
|switch|p1a: Swampert|Swampert, M|22/100 tox
|-damage|p1a: Swampert|9/100 tox|[from] Spikes
|move|p2a: Swampert|Ice Beam|p1a: Swampert
|-damage|p1a: Swampert|0 fnt
|faint|p1a: Swampert
|
|t:|1729637404
|switch|p1a: Skarmory|Skarmory, M|100/100
|
|-weather|Sandstorm|[upkeep]
|-heal|p2a: Swampert|100/100|[from] item: Leftovers
|upkeep
|turn|21
|inactive|HexMoonie has 240 seconds left.
|
|t:|1729637433
|switch|p2a: Tyranitar|Tyranitar, M|38/100
|move|p1a: Skarmory|Toxic|p2a: Tyranitar
|-status|p2a: Tyranitar|tox
|
|-weather|Sandstorm|[upkeep]
|-heal|p2a: Tyranitar|44/100 tox|[from] item: Leftovers
|-damage|p2a: Tyranitar|38/100 tox|[from] psn
|upkeep
|turn|22
|
|t:|1729637439
|move|p2a: Tyranitar|Rock Slide|p1a: Skarmory
|-damage|p1a: Skarmory|68/100
|move|p1a: Skarmory|Spikes|p2a: Tyranitar
|-sidestart|p2: HexMoonie|Spikes
|
|-weather|Sandstorm|[upkeep]
|-heal|p2a: Tyranitar|44/100 tox|[from] item: Leftovers
|-damage|p2a: Tyranitar|32/100 tox|[from] psn
|-heal|p1a: Skarmory|74/100|[from] item: Leftovers
|upkeep
|turn|23
|
|t:|1729637448
|move|p2a: Tyranitar|Rock Slide|p1a: Skarmory
|-damage|p1a: Skarmory|42/100
|move|p1a: Skarmory|Spikes|p2a: Tyranitar
|-sidestart|p2: HexMoonie|Spikes
|
|-weather|Sandstorm|[upkeep]
|-heal|p2a: Tyranitar|38/100 tox|[from] item: Leftovers
|-damage|p2a: Tyranitar|19/100 tox|[from] psn
|-heal|p1a: Skarmory|48/100|[from] item: Leftovers
|upkeep
|turn|24
|inactive|HexMoonie has 240 seconds left.
|
|t:|1729637472
|move|p2a: Tyranitar|Taunt|p1a: Skarmory
|-start|p1a: Skarmory|move: Taunt
|cant|p1a: Skarmory|move: Taunt|Spikes
|
|-weather|Sandstorm|[upkeep]
|-heal|p2a: Tyranitar|25/100 tox|[from] item: Leftovers
|-damage|p2a: Tyranitar|0 fnt|[from] psn
|faint|p2a: Tyranitar
|-heal|p1a: Skarmory|54/100|[from] item: Leftovers
|upkeep
|
|t:|1729637482
|switch|p2a: Aerodactyl|Aerodactyl, M|1/100
|turn|25
|
|t:|1729637484
|move|p2a: Aerodactyl|Rock Slide|p1a: Skarmory
|-crit|p1a: Skarmory
|-damage|p1a: Skarmory|0 fnt
|faint|p1a: Skarmory
|
|t:|1729637489
|switch|p1a: Aerodactyl|Aerodactyl, F|100/100
|
|-weather|Sandstorm|[upkeep]
|upkeep
|turn|26
|
|t:|1729637496
|switch|p2a: Skarmory|Skarmory, F|42/100
|move|p1a: Aerodactyl|Double-Edge|p2a: Skarmory
|-resisted|p2a: Skarmory
|-damage|p2a: Skarmory|22/100
|
|-weather|Sandstorm|[upkeep]
|-heal|p2a: Skarmory|28/100|[from] item: Leftovers
|upkeep
|turn|27
|
|t:|1729637504
|move|p1a: Aerodactyl|Double-Edge|p2a: Skarmory
|-resisted|p2a: Skarmory
|-damage|p2a: Skarmory|6/100
|move|p2a: Skarmory|Toxic|p1a: Aerodactyl|[miss]
|-miss|p2a: Skarmory|p1a: Aerodactyl
|
|-weather|Sandstorm|[upkeep]
|-heal|p2a: Skarmory|12/100|[from] item: Leftovers
|upkeep
|turn|28
|
|t:|1729637509
|move|p2a: Skarmory|Protect|p2a: Skarmory
|-singleturn|p2a: Skarmory|Protect
|move|p1a: Aerodactyl|Double-Edge|p2a: Skarmory
|-activate|p2a: Skarmory|Protect
|
|-weather|Sandstorm|[upkeep]
|-heal|p2a: Skarmory|18/100|[from] item: Leftovers
|upkeep
|turn|29
|inactive|HexMoonie has 270 seconds left.
|
|t:|1729637516
|move|p1a: Aerodactyl|Double-Edge|p2a: Skarmory
|-resisted|p2a: Skarmory
|-damage|p2a: Skarmory|0 fnt
|faint|p2a: Skarmory
|
|t:|1729637519
|switch|p2a: Swampert|Swampert, M|100/100
|-damage|p2a: Swampert|84/100|[from] Spikes
|
|-weather|Sandstorm|[upkeep]
|-heal|p2a: Swampert|90/100|[from] item: Leftovers
|upkeep
|turn|30
|
|t:|1729637524
|switch|p1a: Salamence|Salamence, M|100/100
|-ability|p1a: Salamence|Intimidate|boost
|-unboost|p2a: Swampert|atk|1
|move|p2a: Swampert|Ice Beam|p1a: Salamence
|-supereffective|p1a: Salamence
|-damage|p1a: Salamence|0 fnt
|faint|p1a: Salamence
|
|t:|1729637527
|switch|p1a: Aerodactyl|Aerodactyl, F|100/100
|
|-weather|Sandstorm|[upkeep]
|-heal|p2a: Swampert|96/100|[from] item: Leftovers
|upkeep
|turn|31
|
|t:|1729637536
|move|p1a: Aerodactyl|Rock Slide|p2a: Swampert
|-resisted|p2a: Swampert
|-damage|p2a: Swampert|78/100
|cant|p2a: Swampert|flinch
|
|-weather|Sandstorm|[upkeep]
|-heal|p2a: Swampert|85/100|[from] item: Leftovers
|upkeep
|turn|32
|c|☆deathbydunsparce|good luck on the res of your tourney run
|
|t:|1729637543
|move|p2a: Swampert|Protect|p2a: Swampert
|-singleturn|p2a: Swampert|Protect
|move|p1a: Aerodactyl|Rock Slide|p2a: Swampert
|-activate|p2a: Swampert|Protect
|
|-weather|Sandstorm|[upkeep]
|-heal|p2a: Swampert|91/100|[from] item: Leftovers
|upkeep
|turn|33
|c|☆HexMoonie|thank you
|
|t:|1729637555
|move|p1a: Aerodactyl|Rock Slide|p2a: Swampert
|-resisted|p2a: Swampert
|-damage|p2a: Swampert|74/100
|move|p2a: Swampert|Surf|p1a: Aerodactyl
|-supereffective|p1a: Aerodactyl
|-damage|p1a: Aerodactyl|20/100
|
|-weather|Sandstorm|[upkeep]
|-heal|p2a: Swampert|81/100|[from] item: Leftovers
|upkeep
|turn|34
|
|t:|1729637562
|move|p1a: Aerodactyl|Rock Slide|p2a: Swampert
|-resisted|p2a: Swampert
|-damage|p2a: Swampert|64/100
|cant|p2a: Swampert|flinch
|
|-weather|Sandstorm|[upkeep]
|-heal|p2a: Swampert|70/100|[from] item: Leftovers
|upkeep
|turn|35
|
|t:|1729637565
|move|p2a: Swampert|Protect|p2a: Swampert
|-singleturn|p2a: Swampert|Protect
|move|p1a: Aerodactyl|Rock Slide|p2a: Swampert
|-activate|p2a: Swampert|Protect
|
|-weather|Sandstorm|[upkeep]
|-heal|p2a: Swampert|77/100|[from] item: Leftovers
|upkeep
|turn|36
|
|t:|1729637567
|move|p1a: Aerodactyl|Rock Slide|p2a: Swampert
|-resisted|p2a: Swampert
|-damage|p2a: Swampert|59/100
|move|p2a: Swampert|Surf|p1a: Aerodactyl
|-supereffective|p1a: Aerodactyl
|-damage|p1a: Aerodactyl|0 fnt
|faint|p1a: Aerodactyl
|
|win|HexMoonie
|c|☆deathbydunsparce|ggs
|c|☆HexMoonie|ggs
|player|p1|

</script>
<script type="application/json" class="data" id="replaydata-smogtours-gen3ou-801293">
{"id":"smogtours-gen3ou-801293","format":"[Gen 3] OU","players":["deathbydunsparce","HexMoonie"],"uploadtime":1729637567,"views":95,"formatid":"gen3ou","rating":null,"private":0,"password":null}
</script>

<script defer src="js/replays.js?9d40a366"></script>
