<!DOCTYPE html>
<meta charset="utf-8" />
<meta name="viewport" content="width=device-width" />

<title>[Gen 3] OU: CazabichosPablo vs. EatYourToast - Replays - Pok&eacute;mon Showdown!</title>

<meta name="description" content="Watch a replay of a Pok&eacute;mon battle between CazabichosPablo and EatYourToast! Format: [Gen 3] OU; Date: Oct 7, 2024" />
<!--

Hey, you! Looking in the source for the replay log?

You can find them in JSON format, just add `.json` at the end of a replay URL.

https://replay.pokemonshowdown.com/gen7randomdoublesbattle-865046831.json

Or, if you only need the log itself, add `.log` instead:

https://replay.pokemonshowdown.com/gen7randomdoublesbattle-865046831.log

-->

<link rel="stylesheet" href="//pokemonshowdown.com/style/global.css?0.023195364461161105" />
<link rel="stylesheet" href="//play.pokemonshowdown.com/style/font-awesome.css?0.13261647063804238" />
<link rel="stylesheet" href="//play.pokemonshowdown.com/style/battle.css?0.8753245789963631" />
<link rel="stylesheet" href="//play.pokemonshowdown.com/style/utilichart.css?0.8627959624976733" />

<!-- Global site tag (gtag.js) - Google Analytics -->
<script async src="https://www.googletagmanager.com/gtag/js?id=UA-26211653-1"></script>
<script>
  window.dataLayer = window.dataLayer || [];
  function gtag(){dataLayer.push(arguments);}
  gtag('js', new Date());

  gtag('config', 'UA-26211653-1');
</script>
<!-- End Google Analytics -->
<!-- Venatus Ad Manager - Install in <HEAD> of page -->
	<script src="https://hb.vntsm.com/v3/live/ad-manager.min.js" type="text/javascript" data-site-id="642aba63ec9a7b11c3c9c1be" data-mode="scan" async></script>
<!-- / Venatus Ad Manager -->

<style>
	@media (max-width:820px) {
		.battle {
			margin: 0 auto;
		}
		.battle-log {
			margin: 7px auto 0;
			max-width: 640px;
			height: 300px;
			position: static;
		}
	}
	.optgroup {
		display: inline-block;
		line-height: 22px;
		font-size: 10pt;
	}
	.optgroup .button {
		height: 25px;
		padding-top: 0;
		padding-bottom: 0;
	}
	.optgroup button.button {
		padding-left: 12px;
		padding-right: 12px;
	}
	.linklist {
		list-style: none;
		margin: 0.5em 0;
		padding: 0;
	}
	.linklist li {
		padding: 2px 0;
	}
	.sidebar {
		float: left;
		width: 320px;
	}
	.bar-wrapper {
		max-width: 1100px;
		margin: 0 auto;
	}
	.bar-wrapper.has-sidebar {
		max-width: 1430px;
	}
	.mainbar {
		margin: 0;
		padding-right: 1px;
	}
	.mainbar.has-sidebar {
		margin-left: 330px;
	}
	@media (min-width: 1511px) {
		.sidebar {
			width: 400px;
		}
		.bar-wrapper.has-sidebar {
			max-width: 1510px;
		}
		.mainbar.has-sidebar {
			margin-left: 410px;
		}
	}
	.section.first-section {
		margin-top: 9px;
	}
	.blocklink small {
		white-space: normal;
	}
	.button {
		vertical-align: middle;
	}
	.replay-controls {
		padding-top: 10px;
	}
	.replay-controls h1 {
		font-size: 16pt;
		font-weight: normal;
		color: #CCC;
	}
	.pagelink {
		text-align: center;
	}
	.pagelink a {
		width: 150px;
	}
	.textbox, .button {
		font-size: 11pt;
		vertical-align: middle;
	}
	@media (max-width: 450px) {
		.button {
			font-size: 9pt;
		}
	}
</style>

<div>

	<header>
		<div class="nav-wrapper"><ul class="nav">
			<li><a class="button nav-first" href="//pokemonshowdown.com/"><img src="//pokemonshowdown.com/images/pokemonshowdownbeta.png" srcset="//pokemonshowdown.com/images/pokemonshowdownbeta.png 1x, //pokemonshowdown.com/images/pokemonshowdownbeta@2x.png 2x" alt="Pok&eacute;mon Showdown" width="146" height="44" /> Home</a></li>
			<li><a class="button" href="//pokemonshowdown.com/dex/">Pok&eacute;dex</a></li>
			<li><a class="button cur" href="/">Replays</a></li>
			<li><a class="button" href="//pokemonshowdown.com/ladder/">Ladder</a></li>
			<li><a class="button nav-last" href="//pokemonshowdown.com/forums/">Forum</a></li>
			<li><a class="button greenbutton nav-first nav-last" href="//play.pokemonshowdown.com/">Play</a></li>
		</ul></div>
	</header>

	<div class="main" id="main">

		<noscript><section class="section">You need to enable JavaScript to use this page; sorry!</section></noscript>

	</div>

</div>

<script defer nomodule src="//play.pokemonshowdown.com/js/lib/ps-polyfill.js"></script>
<script defer src="//play.pokemonshowdown.com/js/lib/preact.min.js"></script>

<script defer src="//play.pokemonshowdown.com/config/config.js?2bddbc15"></script>
<script defer src="//play.pokemonshowdown.com/js/lib/jquery-1.11.0.min.js"></script>
<script defer src="//play.pokemonshowdown.com/js/lib/html-sanitizer-minified.js"></script>
<script defer src="//play.pokemonshowdown.com/js/battle-sound.js"></script>
<script defer src="//play.pokemonshowdown.com/js/battledata.js?0.7209276989879541"></script>
<script defer src="//play.pokemonshowdown.com/data/pokedex-mini.js?0.6111056340867951"></script>
<script defer src="//play.pokemonshowdown.com/data/pokedex-mini-bw.js?0.3532142036491459"></script>
<script defer src="//play.pokemonshowdown.com/data/graphics.js?0.24223875632456182"></script>
<script defer src="//play.pokemonshowdown.com/data/pokedex.js?0.38839984266356864"></script>
<script defer src="//play.pokemonshowdown.com/data/moves.js?0.21866028504024015"></script>
<script defer src="//play.pokemonshowdown.com/data/abilities.js?0.2005157953846628"></script>
<script defer src="//play.pokemonshowdown.com/data/items.js?0.9894211263848525"></script>
<script defer src="//play.pokemonshowdown.com/data/teambuilder-tables.js?0.6008791140282215"></script>
<script defer src="//play.pokemonshowdown.com/js/battle-tooltips.js?0.7580118955022959"></script>
<script defer src="//play.pokemonshowdown.com/js/battle.js?0.6057722274234274"></script>

<script defer src="js/utils.js?e31f9a17"></script>
<script defer src="js/replays-battle.js?7008c182"></script>

<!-- don't scrape this data! just add .json or .log after the URL!
Full API docs: https://github.com/smogon/pokemon-showdown-client/blob/master/WEB-API.md -->
<script type="text/plain" class="log" id="replaylog-smogtours-gen3ou-796173">
|inactive|Battle timer is ON: inactive players will automatically lose when time's up.
|t:|1728322024
|gametype|singles
|player|p1|CazabichosPablo|170|
|player|p2|EatYourToast|102|
|teamsize|p1|6
|teamsize|p2|6
|gen|3
|tier|[Gen 3] OU
|rule|Sleep Clause Mod: Limit one foe put to sleep
|rule|Switch Priority Clause Mod: Faster Pokémon switch first
|rule|Species Clause: Limit one of each Pokémon
|rule|OHKO Clause: OHKO moves are banned
|rule|Evasion Items Clause: Evasion items are banned
|rule|Evasion Moves Clause: Evasion moves are banned
|rule|Endless Battle Clause: Forcing endless battles is banned
|rule|HP Percentage Mod: HP is shown in percentages
|rule|One Boost Passer Clause: Limit one Baton Passer that has a way to boost its stats
|rule|Freeze Clause Mod: Limit one foe frozen
|
|t:|1728322024
|start
|switch|p1a: Tyranitar|Tyranitar, M|100/100
|switch|p2a: Captain Crunch|Tyranitar, F|100/100
|-weather|Sandstorm|[from] ability: Sand Stream|[of] p1a: Tyranitar
|turn|1
|c|☆CazabichosPablo|glhf
|c|☆EatYourToast|glhf
|
|t:|1728322036
|move|p1a: Tyranitar|Brick Break|p2a: Captain Crunch
|-supereffective|p2a: Captain Crunch
|-damage|p2a: Captain Crunch|12/100
|move|p2a: Captain Crunch|Dragon Dance|p2a: Captain Crunch
|-boost|p2a: Captain Crunch|atk|1
|-boost|p2a: Captain Crunch|spe|1
|
|-weather|Sandstorm|[upkeep]
|upkeep
|turn|2
|
|t:|1728322049
|switch|p1a: Flygon|Flygon, F|100/100
|move|p2a: Captain Crunch|Ice Beam|p1a: Flygon
|-supereffective|p1a: Flygon
|-damage|p1a: Flygon|0 fnt
|faint|p1a: Flygon
|
|t:|1728322054
|switch|p1a: Aerodactyl|Aerodactyl, F|100/100
|
|-weather|Sandstorm|[upkeep]
|upkeep
|turn|3
|
|t:|1728322060
|move|p1a: Aerodactyl|Rock Slide|p2a: Captain Crunch
|-damage|p2a: Captain Crunch|0 fnt
|faint|p2a: Captain Crunch
|
|t:|1728322070
|switch|p2a: Life of the Party|Swampert, F|100/100
|
|-weather|Sandstorm|[upkeep]
|upkeep
|turn|4
|
|t:|1728322084
|switch|p1a: Skarmory|Skarmory, M|100/100
|move|p2a: Life of the Party|Surf|p1a: Skarmory
|-crit|p1a: Skarmory
|-damage|p1a: Skarmory|48/100
|
|-weather|Sandstorm|[upkeep]
|-heal|p1a: Skarmory|54/100|[from] item: Leftovers
|upkeep
|turn|5
|
|t:|1728322092
|move|p1a: Skarmory|Protect|p1a: Skarmory
|-singleturn|p1a: Skarmory|Protect
|move|p2a: Life of the Party|Surf|p1a: Skarmory
|-activate|p1a: Skarmory|Protect
|
|-weather|Sandstorm|[upkeep]
|-heal|p1a: Skarmory|60/100|[from] item: Leftovers
|upkeep
|turn|6
|
|t:|1728322099
|move|p1a: Skarmory|Spikes|p2a: Life of the Party
|-sidestart|p2: EatYourToast|Spikes
|move|p2a: Life of the Party|Surf|p1a: Skarmory
|-damage|p1a: Skarmory|32/100
|
|-weather|Sandstorm|[upkeep]
|-heal|p1a: Skarmory|38/100|[from] item: Leftovers
|upkeep
|turn|7
|
|t:|1728322109
|move|p1a: Skarmory|Toxic|p2a: Life of the Party
|-status|p2a: Life of the Party|tox
|move|p2a: Life of the Party|Surf|p1a: Skarmory
|-damage|p1a: Skarmory|11/100
|
|-weather|Sandstorm|[upkeep]
|-heal|p1a: Skarmory|17/100|[from] item: Leftovers
|-damage|p2a: Life of the Party|94/100 tox|[from] psn
|upkeep
|turn|8
|
|t:|1728322118
|move|p1a: Skarmory|Protect|p1a: Skarmory
|-singleturn|p1a: Skarmory|Protect
|move|p2a: Life of the Party|Refresh|p2a: Life of the Party
|-curestatus|p2a: Life of the Party|tox|[msg]
|
|-weather|Sandstorm|[upkeep]
|-heal|p1a: Skarmory|23/100|[from] item: Leftovers
|-heal|p2a: Life of the Party|100/100|[from] item: Leftovers
|upkeep
|turn|9
|
|t:|1728322126
|switch|p1a: Jirachi|Jirachi|100/100
|move|p2a: Life of the Party|Surf|p1a: Jirachi
|-damage|p1a: Jirachi|83/100
|
|-weather|Sandstorm|[upkeep]
|-heal|p1a: Jirachi|89/100|[from] item: Leftovers
|upkeep
|turn|10
|
|t:|1728322136
|move|p1a: Jirachi|Ice Punch|p2a: Life of the Party
|-damage|p2a: Life of the Party|85/100
|move|p2a: Life of the Party|Surf|p1a: Jirachi
|-damage|p1a: Jirachi|71/100
|
|-weather|Sandstorm|[upkeep]
|-heal|p1a: Jirachi|77/100|[from] item: Leftovers
|-heal|p2a: Life of the Party|92/100|[from] item: Leftovers
|upkeep
|turn|11
|
|t:|1728322144
|move|p1a: Jirachi|Calm Mind|p1a: Jirachi
|-boost|p1a: Jirachi|spa|1
|-boost|p1a: Jirachi|spd|1
|move|p2a: Life of the Party|Surf|p1a: Jirachi
|-crit|p1a: Jirachi
|-damage|p1a: Jirachi|41/100
|
|-weather|Sandstorm|[upkeep]
|-heal|p1a: Jirachi|48/100|[from] item: Leftovers
|-heal|p2a: Life of the Party|98/100|[from] item: Leftovers
|upkeep
|turn|12
|
|t:|1728322153
|move|p1a: Jirachi|Ice Punch|p2a: Life of the Party
|-damage|p2a: Life of the Party|76/100
|move|p2a: Life of the Party|Surf|p1a: Jirachi
|-damage|p1a: Jirachi|35/100
|
|-weather|Sandstorm|[upkeep]
|-heal|p1a: Jirachi|41/100|[from] item: Leftovers
|-heal|p2a: Life of the Party|83/100|[from] item: Leftovers
|upkeep
|turn|13
|
|t:|1728322168
|move|p1a: Jirachi|Wish|p1a: Jirachi
|move|p2a: Life of the Party|Surf|p1a: Jirachi
|-damage|p1a: Jirachi|28/100
|
|-weather|Sandstorm|[upkeep]
|-heal|p1a: Jirachi|35/100|[from] item: Leftovers
|-heal|p2a: Life of the Party|89/100|[from] item: Leftovers
|upkeep
|turn|14
|
|t:|1728322189
|move|p1a: Jirachi|Ice Punch|p2a: Life of the Party
|-damage|p2a: Life of the Party|67/100
|move|p2a: Life of the Party|Surf|p1a: Jirachi
|-damage|p1a: Jirachi|23/100
|
|-heal|p1a: Jirachi|73/100|[from] move: Wish|[wisher] Jirachi
|-weather|Sandstorm|[upkeep]
|-heal|p1a: Jirachi|79/100|[from] item: Leftovers
|-heal|p2a: Life of the Party|73/100|[from] item: Leftovers
|upkeep
|turn|15
|
|t:|1728322199
|move|p2a: Life of the Party|Protect|p2a: Life of the Party
|-singleturn|p2a: Life of the Party|Protect
|move|p1a: Jirachi|Ice Punch|p2a: Life of the Party
|-activate|p2a: Life of the Party|Protect
|
|-weather|Sandstorm|[upkeep]
|-heal|p1a: Jirachi|85/100|[from] item: Leftovers
|-heal|p2a: Life of the Party|79/100|[from] item: Leftovers
|upkeep
|turn|16
|inactive|EatYourToast has 270 seconds left.
|inactive|EatYourToast has 240 seconds left.
|
|t:|1728322257
|switch|p2a: The Guy.|Electrode|100/100
|-damage|p2a: The Guy.|88/100|[from] Spikes
|move|p1a: Jirachi|Ice Punch|p2a: The Guy.
|-damage|p2a: The Guy.|46/100
|
|-weather|Sandstorm|[upkeep]
|-damage|p2a: The Guy.|40/100|[from] Sandstorm
|-heal|p2a: The Guy.|46/100|[from] item: Leftovers
|-heal|p1a: Jirachi|91/100|[from] item: Leftovers
|upkeep
|turn|17
|inactive|EatYourToast has 240 seconds left.
|
|t:|1728322278
|move|p2a: The Guy.|Thunder Wave|p1a: Jirachi
|-status|p1a: Jirachi|par
|move|p1a: Jirachi|Ice Punch|p2a: The Guy.
|-damage|p2a: The Guy.|6/100
|
|-weather|Sandstorm|[upkeep]
|-damage|p2a: The Guy.|0 fnt|[from] Sandstorm
|faint|p2a: The Guy.
|-heal|p1a: Jirachi|98/100 par|[from] item: Leftovers
|upkeep
|inactive|EatYourToast has 210 seconds left.
|
|t:|1728322315
|switch|p2a: Dugdugdug|Dugtrio, F|100/100
|-damage|p2a: Dugdugdug|88/100|[from] Spikes
|turn|18
|
|t:|1728322319
|move|p2a: Dugdugdug|Earthquake|p1a: Jirachi
|-supereffective|p1a: Jirachi
|-damage|p1a: Jirachi|0 fnt
|faint|p1a: Jirachi
|
|t:|1728322324
|switch|p1a: Manin|Gengar, F|100/100
|
|-weather|Sandstorm|[upkeep]
|-damage|p1a: Manin|94/100|[from] Sandstorm
|-heal|p1a: Manin|100/100|[from] item: Leftovers
|upkeep
|turn|19
|inactive|EatYourToast has 210 seconds left.
|
|t:|1728322339
|switch|p2a: Life of the Party|Swampert, F|79/100
|-damage|p2a: Life of the Party|67/100|[from] Spikes
|move|p1a: Manin|Ice Punch|p2a: Life of the Party
|-damage|p2a: Life of the Party|42/100
|-status|p2a: Life of the Party|frz
|
|-weather|Sandstorm|[upkeep]
|-damage|p1a: Manin|94/100|[from] Sandstorm
|-heal|p1a: Manin|100/100|[from] item: Leftovers
|-heal|p2a: Life of the Party|48/100 frz|[from] item: Leftovers
|upkeep
|turn|20
|c|☆CazabichosPablo|sorry
|inactive|EatYourToast has 210 seconds left.
|
|t:|1728322351
|-curestatus|p2a: Life of the Party|frz|[msg]
|move|p2a: Life of the Party|Protect|p2a: Life of the Party
|-singleturn|p2a: Life of the Party|Protect
|move|p1a: Manin|Hidden Power|p2a: Life of the Party
|-activate|p2a: Life of the Party|Protect
|
|-weather|Sandstorm|[upkeep]
|-damage|p1a: Manin|94/100|[from] Sandstorm
|-heal|p1a: Manin|100/100|[from] item: Leftovers
|-heal|p2a: Life of the Party|55/100|[from] item: Leftovers
|upkeep
|turn|21
|inactive|EatYourToast has 210 seconds left.
|
|t:|1728322373
|move|p1a: Manin|Hidden Power|p2a: Life of the Party
|-supereffective|p2a: Life of the Party
|-damage|p2a: Life of the Party|0 fnt
|faint|p2a: Life of the Party
|
|t:|1728322377
|switch|p2a: Grr angery|Aerodactyl, F|100/100
|
|-weather|Sandstorm|[upkeep]
|-damage|p1a: Manin|94/100|[from] Sandstorm
|-heal|p1a: Manin|100/100|[from] item: Leftovers
|upkeep
|turn|22
|inactive|EatYourToast has 210 seconds left.
|
|t:|1728322389
|switch|p1a: Skarmory|Skarmory, M|23/100
|move|p2a: Grr angery|Rock Slide|p1a: Skarmory
|-damage|p1a: Skarmory|0 fnt
|faint|p1a: Skarmory
|
|t:|1728322399
|switch|p1a: Tyranitar|Tyranitar, M|100/100
|
|-weather|Sandstorm|[upkeep]
|upkeep
|turn|23
|
|t:|1728322405
|switch|p2a: America's Dragon|Salamence, M|100/100
|-ability|p2a: America's Dragon|Intimidate|boost
|-unboost|p1a: Tyranitar|atk|1
|move|p1a: Tyranitar|Hidden Power|p2a: America's Dragon
|-resisted|p2a: America's Dragon
|-damage|p2a: America's Dragon|94/100
|
|-weather|Sandstorm|[upkeep]
|-damage|p2a: America's Dragon|88/100|[from] Sandstorm
|-heal|p2a: America's Dragon|94/100|[from] item: Leftovers
|upkeep
|turn|24
|
|t:|1728322416
|move|p2a: America's Dragon|Hydro Pump|p1a: Tyranitar
|-supereffective|p1a: Tyranitar
|-damage|p1a: Tyranitar|26/100
|move|p1a: Tyranitar|Ancient Power|p2a: America's Dragon
|-supereffective|p2a: America's Dragon
|-damage|p2a: America's Dragon|46/100
|
|-weather|Sandstorm|[upkeep]
|-damage|p2a: America's Dragon|40/100|[from] Sandstorm
|-heal|p2a: America's Dragon|46/100|[from] item: Leftovers
|upkeep
|turn|25
|
|t:|1728322428
|move|p2a: America's Dragon|Dragon Claw|p1a: Tyranitar
|-damage|p1a: Tyranitar|0 fnt
|faint|p1a: Tyranitar
|
|t:|1728322429
|switch|p1a: Manin|Gengar, F|100/100
|
|-weather|Sandstorm|[upkeep]
|-damage|p1a: Manin|94/100|[from] Sandstorm
|-damage|p2a: America's Dragon|40/100|[from] Sandstorm
|-heal|p1a: Manin|100/100|[from] item: Leftovers
|-heal|p2a: America's Dragon|46/100|[from] item: Leftovers
|upkeep
|turn|26
|
|t:|1728322438
|switch|p2a: Dugdugdug|Dugtrio, F|88/100
|-damage|p2a: Dugdugdug|76/100|[from] Spikes
|move|p1a: Manin|Ice Punch|p2a: Dugdugdug
|-supereffective|p2a: Dugdugdug
|-damage|p2a: Dugdugdug|0 fnt
|faint|p2a: Dugdugdug
|
|t:|1728322446
|switch|p2a: Grr angery|Aerodactyl, F|100/100
|
|-weather|Sandstorm|[upkeep]
|-damage|p1a: Manin|94/100|[from] Sandstorm
|-heal|p1a: Manin|100/100|[from] item: Leftovers
|upkeep
|turn|27
|
|t:|1728322453
|move|p2a: Grr angery|Rock Slide|p1a: Manin|[miss]
|-miss|p2a: Grr angery|p1a: Manin
|move|p1a: Manin|Thunderbolt|p2a: Grr angery
|-supereffective|p2a: Grr angery
|-damage|p2a: Grr angery|0 fnt
|faint|p2a: Grr angery
|c|☆CazabichosPablo|gg 
|c|☆EatYourToast|really wish that hit
|
|t:|1728322463
|switch|p2a: America's Dragon|Salamence, M|46/100
|-ability|p2a: America's Dragon|Intimidate|boost
|-unboost|p1a: Manin|atk|1
|
|-weather|Sandstorm|[upkeep]
|-damage|p1a: Manin|94/100|[from] Sandstorm
|-damage|p2a: America's Dragon|40/100|[from] Sandstorm
|-heal|p1a: Manin|100/100|[from] item: Leftovers
|-heal|p2a: America's Dragon|46/100|[from] item: Leftovers
|upkeep
|turn|28
|c|☆EatYourToast|gg
|c|☆CazabichosPablo|sorry for luck
|inactive|EatYourToast has 240 seconds left.
|c|☆EatYourToast|didn't realize this team was so weak to jirachi
|
|t:|1728322491
|move|p1a: Manin|Ice Punch|p2a: America's Dragon
|-supereffective|p2a: America's Dragon
|-damage|p2a: America's Dragon|0 fnt
|faint|p2a: America's Dragon
|
|win|CazabichosPablo
|c|☆EatYourToast|gg

</script>
<script type="application/json" class="data" id="replaydata-smogtours-gen3ou-796173">
{"id":"smogtours-gen3ou-796173","format":"[Gen 3] OU","players":["CazabichosPablo","EatYourToast"],"uploadtime":1728322491,"views":135,"formatid":"gen3ou","rating":null,"private":0,"password":null}
</script>

<script defer src="js/replays.js?9d40a366"></script>
