<!DOCTYPE html>
<meta charset="utf-8" />
<meta name="viewport" content="width=device-width" />

<title>[Gen 3] OU: wiilink100 vs. voyager - Replays - Pok&eacute;mon Showdown!</title>

<meta name="description" content="Watch a replay of a Pok&eacute;mon battle between wiilink100 and voyager! Format: [Gen 3] OU; Date: Oct 29, 2024" />
<!--

Hey, you! Looking in the source for the replay log?

You can find them in JSON format, just add `.json` at the end of a replay URL.

https://replay.pokemonshowdown.com/gen7randomdoublesbattle-865046831.json

Or, if you only need the log itself, add `.log` instead:

https://replay.pokemonshowdown.com/gen7randomdoublesbattle-865046831.log

-->

<link rel="stylesheet" href="//pokemonshowdown.com/style/global.css?0.023195364461161105" />
<link rel="stylesheet" href="//play.pokemonshowdown.com/style/font-awesome.css?0.13261647063804238" />
<link rel="stylesheet" href="//play.pokemonshowdown.com/style/battle.css?0.8753245789963631" />
<link rel="stylesheet" href="//play.pokemonshowdown.com/style/utilichart.css?0.8627959624976733" />

<!-- Global site tag (gtag.js) - Google Analytics -->
<script async src="https://www.googletagmanager.com/gtag/js?id=UA-26211653-1"></script>
<script>
  window.dataLayer = window.dataLayer || [];
  function gtag(){dataLayer.push(arguments);}
  gtag('js', new Date());

  gtag('config', 'UA-26211653-1');
</script>
<!-- End Google Analytics -->
<!-- Venatus Ad Manager - Install in <HEAD> of page -->
	<script src="https://hb.vntsm.com/v3/live/ad-manager.min.js" type="text/javascript" data-site-id="642aba63ec9a7b11c3c9c1be" data-mode="scan" async></script>
<!-- / Venatus Ad Manager -->

<style>
	@media (max-width:820px) {
		.battle {
			margin: 0 auto;
		}
		.battle-log {
			margin: 7px auto 0;
			max-width: 640px;
			height: 300px;
			position: static;
		}
	}
	.optgroup {
		display: inline-block;
		line-height: 22px;
		font-size: 10pt;
	}
	.optgroup .button {
		height: 25px;
		padding-top: 0;
		padding-bottom: 0;
	}
	.optgroup button.button {
		padding-left: 12px;
		padding-right: 12px;
	}
	.linklist {
		list-style: none;
		margin: 0.5em 0;
		padding: 0;
	}
	.linklist li {
		padding: 2px 0;
	}
	.sidebar {
		float: left;
		width: 320px;
	}
	.bar-wrapper {
		max-width: 1100px;
		margin: 0 auto;
	}
	.bar-wrapper.has-sidebar {
		max-width: 1430px;
	}
	.mainbar {
		margin: 0;
		padding-right: 1px;
	}
	.mainbar.has-sidebar {
		margin-left: 330px;
	}
	@media (min-width: 1511px) {
		.sidebar {
			width: 400px;
		}
		.bar-wrapper.has-sidebar {
			max-width: 1510px;
		}
		.mainbar.has-sidebar {
			margin-left: 410px;
		}
	}
	.section.first-section {
		margin-top: 9px;
	}
	.blocklink small {
		white-space: normal;
	}
	.button {
		vertical-align: middle;
	}
	.replay-controls {
		padding-top: 10px;
	}
	.replay-controls h1 {
		font-size: 16pt;
		font-weight: normal;
		color: #CCC;
	}
	.pagelink {
		text-align: center;
	}
	.pagelink a {
		width: 150px;
	}
	.textbox, .button {
		font-size: 11pt;
		vertical-align: middle;
	}
	@media (max-width: 450px) {
		.button {
			font-size: 9pt;
		}
	}
</style>

<div>

	<header>
		<div class="nav-wrapper"><ul class="nav">
			<li><a class="button nav-first" href="//pokemonshowdown.com/"><img src="//pokemonshowdown.com/images/pokemonshowdownbeta.png" srcset="//pokemonshowdown.com/images/pokemonshowdownbeta.png 1x, //pokemonshowdown.com/images/pokemonshowdownbeta@2x.png 2x" alt="Pok&eacute;mon Showdown" width="146" height="44" /> Home</a></li>
			<li><a class="button" href="//pokemonshowdown.com/dex/">Pok&eacute;dex</a></li>
			<li><a class="button cur" href="/">Replays</a></li>
			<li><a class="button" href="//pokemonshowdown.com/ladder/">Ladder</a></li>
			<li><a class="button nav-last" href="//pokemonshowdown.com/forums/">Forum</a></li>
			<li><a class="button greenbutton nav-first nav-last" href="//play.pokemonshowdown.com/">Play</a></li>
		</ul></div>
	</header>

	<div class="main" id="main">

		<noscript><section class="section">You need to enable JavaScript to use this page; sorry!</section></noscript>

	</div>

</div>

<script defer nomodule src="//play.pokemonshowdown.com/js/lib/ps-polyfill.js"></script>
<script defer src="//play.pokemonshowdown.com/js/lib/preact.min.js"></script>

<script defer src="//play.pokemonshowdown.com/config/config.js?2bddbc15"></script>
<script defer src="//play.pokemonshowdown.com/js/lib/jquery-1.11.0.min.js"></script>
<script defer src="//play.pokemonshowdown.com/js/lib/html-sanitizer-minified.js"></script>
<script defer src="//play.pokemonshowdown.com/js/battle-sound.js"></script>
<script defer src="//play.pokemonshowdown.com/js/battledata.js?0.7209276989879541"></script>
<script defer src="//play.pokemonshowdown.com/data/pokedex-mini.js?0.6111056340867951"></script>
<script defer src="//play.pokemonshowdown.com/data/pokedex-mini-bw.js?0.3532142036491459"></script>
<script defer src="//play.pokemonshowdown.com/data/graphics.js?0.24223875632456182"></script>
<script defer src="//play.pokemonshowdown.com/data/pokedex.js?0.38839984266356864"></script>
<script defer src="//play.pokemonshowdown.com/data/moves.js?0.21866028504024015"></script>
<script defer src="//play.pokemonshowdown.com/data/abilities.js?0.2005157953846628"></script>
<script defer src="//play.pokemonshowdown.com/data/items.js?0.9894211263848525"></script>
<script defer src="//play.pokemonshowdown.com/data/teambuilder-tables.js?0.6008791140282215"></script>
<script defer src="//play.pokemonshowdown.com/js/battle-tooltips.js?0.7580118955022959"></script>
<script defer src="//play.pokemonshowdown.com/js/battle.js?0.6057722274234274"></script>

<script defer src="js/utils.js?e31f9a17"></script>
<script defer src="js/replays-battle.js?7008c182"></script>

<!-- don't scrape this data! just add .json or .log after the URL!
Full API docs: https://github.com/smogon/pokemon-showdown-client/blob/master/WEB-API.md -->
<script type="text/plain" class="log" id="replaylog-smogtours-gen3ou-803243">
|inactive|Battle timer is ON: inactive players will automatically lose when time's up.
|t:|1730218217
|gametype|singles
|player|p1|wiilink100|102|
|player|p2|voyager|acetrainerf-gen2|
|teamsize|p1|6
|teamsize|p2|6
|gen|3
|tier|[Gen 3] OU
|rule|Sleep Clause Mod: Limit one foe put to sleep
|rule|Switch Priority Clause Mod: Faster Pokémon switch first
|rule|Species Clause: Limit one of each Pokémon
|rule|OHKO Clause: OHKO moves are banned
|rule|Evasion Items Clause: Evasion items are banned
|rule|Evasion Moves Clause: Evasion moves are banned
|rule|Endless Battle Clause: Forcing endless battles is banned
|rule|HP Percentage Mod: HP is shown in percentages
|rule|One Boost Passer Clause: Limit one Baton Passer that has a way to boost its stats
|rule|Freeze Clause Mod: Limit one foe frozen
|
|t:|1730218217
|start
|switch|p1a: Tyranitar|Tyranitar, F|100/100
|switch|p2a: Zapdos|Zapdos|100/100
|-weather|Sandstorm|[from] ability: Sand Stream|[of] p1a: Tyranitar
|turn|1
|c|☆voyager|glhf
|c|☆wiilink100|gl hf
|
|t:|1730218228
|move|p2a: Zapdos|Toxic|p1a: Tyranitar
|-status|p1a: Tyranitar|tox
|move|p1a: Tyranitar|Rock Slide|p2a: Zapdos
|-supereffective|p2a: Zapdos
|-damage|p2a: Zapdos|13/100
|
|-weather|Sandstorm|[upkeep]
|-damage|p2a: Zapdos|7/100|[from] Sandstorm
|-heal|p2a: Zapdos|13/100|[from] item: Leftovers
|-damage|p1a: Tyranitar|94/100 tox|[from] psn
|upkeep
|turn|2
|
|t:|1730218243
|switch|p2a: Suicune|Suicune|100/100
|switch|p1a: Blissey|Blissey, F|100/100
|
|-weather|Sandstorm|[upkeep]
|-damage|p2a: Suicune|94/100|[from] Sandstorm
|-damage|p1a: Blissey|94/100|[from] Sandstorm
|-heal|p2a: Suicune|100/100|[from] item: Leftovers
|-heal|p1a: Blissey|100/100|[from] item: Leftovers
|upkeep
|turn|3
|
|t:|1730218248
|move|p2a: Suicune|Calm Mind|p2a: Suicune
|-boost|p2a: Suicune|spa|1
|-boost|p2a: Suicune|spd|1
|move|p1a: Blissey|Thunder Wave|p2a: Suicune
|-status|p2a: Suicune|par
|
|-weather|Sandstorm|[upkeep]
|-damage|p1a: Blissey|94/100|[from] Sandstorm
|-damage|p2a: Suicune|94/100 par|[from] Sandstorm
|-heal|p1a: Blissey|100/100|[from] item: Leftovers
|-heal|p2a: Suicune|100/100 par|[from] item: Leftovers
|upkeep
|turn|4
|
|t:|1730218253
|switch|p1a: Skarmory|Skarmory, M|100/100
|move|p2a: Suicune|Calm Mind|p2a: Suicune
|-boost|p2a: Suicune|spa|1
|-boost|p2a: Suicune|spd|1
|
|-weather|Sandstorm|[upkeep]
|-damage|p2a: Suicune|94/100 par|[from] Sandstorm
|-heal|p2a: Suicune|100/100 par|[from] item: Leftovers
|upkeep
|turn|5
|
|t:|1730218255
|switch|p2a: Zapdos|Zapdos|13/100
|move|p1a: Skarmory|Roar|p2a: Zapdos
|drag|p2a: Dugtrio|Dugtrio, F|100/100
|
|-weather|Sandstorm|[upkeep]
|upkeep
|turn|6
|
|t:|1730218263
|switch|p2a: Skarmory|Skarmory, M|100/100
|move|p1a: Skarmory|Drill Peck|p2a: Skarmory
|-resisted|p2a: Skarmory
|-damage|p2a: Skarmory|92/100
|
|-weather|Sandstorm|[upkeep]
|-heal|p2a: Skarmory|98/100|[from] item: Leftovers
|upkeep
|turn|7
|
|t:|1730218266
|move|p1a: Skarmory|Spikes|p2a: Skarmory
|-sidestart|p2: voyager|Spikes
|move|p2a: Skarmory|Spikes|p1a: Skarmory
|-sidestart|p1: wiilink100|Spikes
|
|-weather|Sandstorm|[upkeep]
|-heal|p2a: Skarmory|100/100|[from] item: Leftovers
|upkeep
|turn|8
|
|t:|1730218270
|switch|p2a: Zapdos|Zapdos|13/100
|move|p1a: Skarmory|Spikes|p2a: Zapdos
|-sidestart|p2: voyager|Spikes
|
|-weather|Sandstorm|[upkeep]
|-damage|p2a: Zapdos|7/100|[from] Sandstorm
|-heal|p2a: Zapdos|13/100|[from] item: Leftovers
|upkeep
|turn|9
|
|t:|1730218276
|switch|p1a: Blissey|Blissey, F|100/100
|-damage|p1a: Blissey|88/100|[from] Spikes
|move|p2a: Zapdos|Rest|p2a: Zapdos
|-status|p2a: Zapdos|slp|[from] move: Rest
|-heal|p2a: Zapdos|100/100 slp|[silent]
|
|-weather|Sandstorm|[upkeep]
|-damage|p2a: Zapdos|94/100 slp|[from] Sandstorm
|-damage|p1a: Blissey|82/100|[from] Sandstorm
|-heal|p2a: Zapdos|100/100 slp|[from] item: Leftovers
|-heal|p1a: Blissey|88/100|[from] item: Leftovers
|upkeep
|turn|10
|
|t:|1730218281
|switch|p2a: Blissey|Blissey, F|100/100
|-damage|p2a: Blissey|84/100|[from] Spikes
|move|p1a: Blissey|Ice Beam|p2a: Blissey
|-damage|p2a: Blissey|75/100
|
|-weather|Sandstorm|[upkeep]
|-damage|p1a: Blissey|82/100|[from] Sandstorm
|-damage|p2a: Blissey|69/100|[from] Sandstorm
|-heal|p1a: Blissey|88/100|[from] item: Leftovers
|-heal|p2a: Blissey|75/100|[from] item: Leftovers
|upkeep
|turn|11
|
|t:|1730218288
|switch|p1a: Dugtrio|Dugtrio, M|100/100
|-damage|p1a: Dugtrio|88/100|[from] Spikes
|move|p2a: Blissey|Aromatherapy|p2a: Blissey
|-cureteam|p2a: Blissey|[from] move: Aromatherapy
|
|-weather|Sandstorm|[upkeep]
|-damage|p2a: Blissey|69/100|[from] Sandstorm
|-heal|p2a: Blissey|75/100|[from] item: Leftovers
|upkeep
|turn|12
|
|t:|1730218296
|move|p1a: Dugtrio|Earthquake|p2a: Blissey
|-crit|p2a: Blissey
|-damage|p2a: Blissey|0 fnt
|faint|p2a: Blissey
|c|☆voyager|fuck off
|
|t:|1730218305
|switch|p2a: Zapdos|Zapdos|100/100
|
|-weather|Sandstorm|[upkeep]
|-damage|p2a: Zapdos|94/100|[from] Sandstorm
|-heal|p2a: Zapdos|100/100|[from] item: Leftovers
|upkeep
|turn|13
|c|☆wiilink100|Rip, dude
|
|t:|1730218315
|switch|p1a: Claydol|Claydol|100/100
|move|p2a: Zapdos|Toxic|p1a: Claydol
|-status|p1a: Claydol|tox
|
|-weather|Sandstorm|[upkeep]
|-damage|p2a: Zapdos|94/100|[from] Sandstorm
|-heal|p2a: Zapdos|100/100|[from] item: Leftovers
|-damage|p1a: Claydol|95/100 tox|[from] psn
|upkeep
|turn|14
|
|t:|1730218322
|move|p2a: Zapdos|Rain Dance|p2a: Zapdos
|-weather|RainDance
|move|p1a: Claydol|Refresh|p1a: Claydol
|-curestatus|p1a: Claydol|tox|[msg]
|
|-weather|RainDance|[upkeep]
|-heal|p1a: Claydol|100/100|[from] item: Leftovers
|upkeep
|turn|15
|
|t:|1730218336
|switch|p2a: Skarmory|Skarmory, M|100/100
|switch|p1a: Skarmory|Skarmory, M|100/100
|
|-weather|RainDance|[upkeep]
|upkeep
|turn|16
|
|t:|1730218349
|move|p1a: Skarmory|Spikes|p2a: Skarmory
|-sidestart|p2: voyager|Spikes
|move|p2a: Skarmory|Spikes|p1a: Skarmory
|-sidestart|p1: wiilink100|Spikes
|
|-weather|RainDance|[upkeep]
|upkeep
|turn|17
|
|t:|1730218354
|switch|p1a: Claydol|Claydol|100/100
|move|p2a: Skarmory|Roar|p1a: Claydol
|drag|p1a: Dugtrio|Dugtrio, M|88/100
|-damage|p1a: Dugtrio|72/100|[from] Spikes
|
|-weather|RainDance|[upkeep]
|upkeep
|turn|18
|
|t:|1730218364
|move|p1a: Dugtrio|Rock Slide|p2a: Skarmory
|-damage|p2a: Skarmory|77/100
|cant|p2a: Skarmory|flinch
|
|-weather|none
|-heal|p2a: Skarmory|83/100|[from] item: Leftovers
|upkeep
|turn|19
|
|t:|1730218369
|move|p1a: Dugtrio|Rock Slide|p2a: Skarmory|[miss]
|-miss|p1a: Dugtrio|p2a: Skarmory
|move|p2a: Skarmory|Drill Peck|p1a: Dugtrio
|-damage|p1a: Dugtrio|2/100
|
|-heal|p2a: Skarmory|89/100|[from] item: Leftovers
|upkeep
|turn|20
|
|t:|1730218375
|switch|p1a: Claydol|Claydol|100/100
|move|p2a: Skarmory|Drill Peck|p1a: Claydol
|-damage|p1a: Claydol|77/100
|
|-heal|p1a: Claydol|83/100|[from] item: Leftovers
|-heal|p2a: Skarmory|95/100|[from] item: Leftovers
|upkeep
|turn|21
|
|t:|1730218377
|move|p1a: Claydol|Rapid Spin|p2a: Skarmory
|-resisted|p2a: Skarmory
|-damage|p2a: Skarmory|93/100
|-sideend|p1: wiilink100|Spikes|[from] move: Rapid Spin|[of] p1a: Claydol
|move|p2a: Skarmory|Drill Peck|p1a: Claydol
|-damage|p1a: Claydol|58/100
|
|-heal|p1a: Claydol|64/100|[from] item: Leftovers
|-heal|p2a: Skarmory|99/100|[from] item: Leftovers
|upkeep
|turn|22
|
|t:|1730218383
|switch|p1a: Skarmory|Skarmory, M|100/100
|move|p2a: Skarmory|Spikes|p1a: Skarmory
|-sidestart|p1: wiilink100|Spikes
|
|-heal|p2a: Skarmory|100/100|[from] item: Leftovers
|upkeep
|turn|23
|
|t:|1730218385
|move|p1a: Skarmory|Roar|p2a: Skarmory
|drag|p2a: Suicune|Suicune|100/100
|-damage|p2a: Suicune|76/100|[from] Spikes
|
|-heal|p2a: Suicune|82/100|[from] item: Leftovers
|upkeep
|turn|24
|
|t:|1730218389
|move|p2a: Suicune|Surf|p1a: Skarmory
|-damage|p1a: Skarmory|73/100
|move|p1a: Skarmory|Toxic|p2a: Suicune
|-status|p2a: Suicune|tox
|
|-heal|p2a: Suicune|88/100 tox|[from] item: Leftovers
|-damage|p2a: Suicune|82/100 tox|[from] psn
|-heal|p1a: Skarmory|79/100|[from] item: Leftovers
|upkeep
|turn|25
|
|t:|1730218397
|move|p2a: Suicune|Roar|p1a: Skarmory
|drag|p1a: Milotic|Milotic, M|100/100
|-damage|p1a: Milotic|88/100|[from] Spikes
|
|-heal|p1a: Milotic|94/100|[from] item: Leftovers
|-heal|p2a: Suicune|88/100 tox|[from] item: Leftovers
|-damage|p2a: Suicune|76/100 tox|[from] psn
|upkeep
|turn|26
|
|t:|1730218409
|move|p1a: Milotic|Surf|p2a: Suicune
|-resisted|p2a: Suicune
|-damage|p2a: Suicune|63/100 tox
|move|p2a: Suicune|Roar|p1a: Milotic
|drag|p1a: Tyranitar|Tyranitar, F|94/100 tox
|-damage|p1a: Tyranitar|82/100 tox|[from] Spikes
|-weather|Sandstorm|[from] ability: Sand Stream|[of] p1a: Tyranitar
|
|-weather|Sandstorm|[upkeep]
|-damage|p2a: Suicune|57/100 tox|[from] Sandstorm
|-heal|p2a: Suicune|63/100 tox|[from] item: Leftovers
|-damage|p2a: Suicune|45/100 tox|[from] psn
|-heal|p1a: Tyranitar|88/100 tox|[from] item: Leftovers
|-damage|p1a: Tyranitar|82/100 tox|[from] psn
|upkeep
|turn|27
|
|t:|1730218414
|switch|p2a: Claydol|Claydol|100/100
|move|p1a: Tyranitar|Rock Slide|p2a: Claydol
|-resisted|p2a: Claydol
|-damage|p2a: Claydol|82/100
|
|-weather|Sandstorm|[upkeep]
|-heal|p2a: Claydol|88/100|[from] item: Leftovers
|-heal|p1a: Tyranitar|88/100 tox|[from] item: Leftovers
|-damage|p1a: Tyranitar|76/100 tox|[from] psn
|upkeep
|turn|28
|
|t:|1730218419
|move|p2a: Claydol|Rapid Spin|p1a: Tyranitar
|-resisted|p1a: Tyranitar
|-damage|p1a: Tyranitar|74/100 tox
|-sideend|p2: voyager|Spikes|[from] move: Rapid Spin|[of] p2a: Claydol
|move|p1a: Tyranitar|Hidden Power|p2a: Claydol
|-supereffective|p2a: Claydol
|-damage|p2a: Claydol|37/100
|
|-weather|Sandstorm|[upkeep]
|-heal|p2a: Claydol|43/100|[from] item: Leftovers
|-heal|p1a: Tyranitar|80/100 tox|[from] item: Leftovers
|-damage|p1a: Tyranitar|62/100 tox|[from] psn
|upkeep
|turn|29
|
|t:|1730218427
|switch|p1a: Skarmory|Skarmory, M|79/100
|move|p2a: Claydol|Earthquake|p1a: Skarmory
|-immune|p1a: Skarmory
|
|-weather|Sandstorm|[upkeep]
|-heal|p2a: Claydol|50/100|[from] item: Leftovers
|-heal|p1a: Skarmory|85/100|[from] item: Leftovers
|upkeep
|turn|30
|
|t:|1730218431
|switch|p2a: Suicune|Suicune|45/100 tox
|move|p1a: Skarmory|Roar|p2a: Suicune
|drag|p2a: Claydol|Claydol|50/100
|
|-weather|Sandstorm|[upkeep]
|-heal|p2a: Claydol|56/100|[from] item: Leftovers
|-heal|p1a: Skarmory|91/100|[from] item: Leftovers
|upkeep
|turn|31
|
|t:|1730218436
|switch|p2a: Suicune|Suicune|45/100 tox
|move|p1a: Skarmory|Drill Peck|p2a: Suicune
|-crit|p2a: Suicune
|-damage|p2a: Suicune|19/100 tox
|
|-weather|Sandstorm|[upkeep]
|-damage|p2a: Suicune|13/100 tox|[from] Sandstorm
|-heal|p2a: Suicune|19/100 tox|[from] item: Leftovers
|-damage|p2a: Suicune|13/100 tox|[from] psn
|-heal|p1a: Skarmory|97/100|[from] item: Leftovers
|upkeep
|turn|32
|
|t:|1730218446
|move|p2a: Suicune|Rest|p2a: Suicune
|-status|p2a: Suicune|slp|[from] move: Rest
|-heal|p2a: Suicune|100/100 slp|[silent]
|move|p1a: Skarmory|Roar|p2a: Suicune
|drag|p2a: Claydol|Claydol|56/100
|
|-weather|Sandstorm|[upkeep]
|-heal|p2a: Claydol|62/100|[from] item: Leftovers
|-heal|p1a: Skarmory|100/100|[from] item: Leftovers
|upkeep
|turn|33
|
|t:|1730218455
|switch|p2a: Zapdos|Zapdos|100/100
|move|p1a: Skarmory|Drill Peck|p2a: Zapdos
|-resisted|p2a: Zapdos
|-damage|p2a: Zapdos|88/100
|
|-weather|Sandstorm|[upkeep]
|-damage|p2a: Zapdos|82/100|[from] Sandstorm
|-heal|p2a: Zapdos|88/100|[from] item: Leftovers
|upkeep
|turn|34
|
|t:|1730218460
|move|p2a: Zapdos|Thunderbolt|p1a: Skarmory
|-supereffective|p1a: Skarmory
|-damage|p1a: Skarmory|21/100
|move|p1a: Skarmory|Toxic|p2a: Zapdos
|-status|p2a: Zapdos|tox
|
|-weather|Sandstorm|[upkeep]
|-damage|p2a: Zapdos|82/100 tox|[from] Sandstorm
|-heal|p2a: Zapdos|88/100 tox|[from] item: Leftovers
|-damage|p2a: Zapdos|82/100 tox|[from] psn
|-heal|p1a: Skarmory|27/100|[from] item: Leftovers
|upkeep
|turn|35
|
|t:|1730218467
|switch|p2a: Skarmory|Skarmory, M|100/100
|switch|p1a: Claydol|Claydol|64/100
|
|-weather|Sandstorm|[upkeep]
|-heal|p1a: Claydol|70/100|[from] item: Leftovers
|upkeep
|turn|36
|
|t:|1730218471
|move|p1a: Claydol|Rapid Spin|p2a: Skarmory
|-resisted|p2a: Skarmory
|-damage|p2a: Skarmory|99/100
|-sideend|p1: wiilink100|Spikes|[from] move: Rapid Spin|[of] p1a: Claydol
|move|p2a: Skarmory|Drill Peck|p1a: Claydol
|-damage|p1a: Claydol|47/100
|
|-weather|Sandstorm|[upkeep]
|-heal|p1a: Claydol|53/100|[from] item: Leftovers
|-heal|p2a: Skarmory|100/100|[from] item: Leftovers
|upkeep
|turn|37
|
|t:|1730218477
|switch|p1a: Blissey|Blissey, F|88/100
|move|p2a: Skarmory|Spikes|p1a: Blissey
|-sidestart|p1: wiilink100|Spikes
|
|-weather|Sandstorm|[upkeep]
|-damage|p1a: Blissey|82/100|[from] Sandstorm
|-heal|p1a: Blissey|88/100|[from] item: Leftovers
|upkeep
|turn|38
|
|t:|1730218486
|move|p1a: Blissey|Seismic Toss|p2a: Skarmory
|-damage|p2a: Skarmory|71/100
|move|p2a: Skarmory|Roar|p1a: Blissey
|drag|p1a: Dugtrio|Dugtrio, M|2/100
|-damage|p1a: Dugtrio|0 fnt|[from] Spikes
|faint|p1a: Dugtrio
|
|t:|1730218507
|switch|p1a: Skarmory|Skarmory, M|27/100
|
|-weather|Sandstorm|[upkeep]
|-heal|p1a: Skarmory|33/100|[from] item: Leftovers
|-heal|p2a: Skarmory|77/100|[from] item: Leftovers
|upkeep
|turn|39
|
|t:|1730218511
|move|p1a: Skarmory|Toxic|p2a: Skarmory
|-immune|p2a: Skarmory
|move|p2a: Skarmory|Roar|p1a: Skarmory
|drag|p1a: Blissey|Blissey, F|88/100
|-damage|p1a: Blissey|76/100|[from] Spikes
|
|-weather|Sandstorm|[upkeep]
|-damage|p1a: Blissey|69/100|[from] Sandstorm
|-heal|p2a: Skarmory|83/100|[from] item: Leftovers
|-heal|p1a: Blissey|76/100|[from] item: Leftovers
|upkeep
|turn|40
|
|t:|1730218522
|move|p2a: Skarmory|Protect|p2a: Skarmory
|-singleturn|p2a: Skarmory|Protect
|move|p1a: Blissey|Thunder Wave|p2a: Skarmory
|-activate|p2a: Skarmory|Protect
|
|-weather|Sandstorm|[upkeep]
|-damage|p1a: Blissey|69/100|[from] Sandstorm
|-heal|p2a: Skarmory|89/100|[from] item: Leftovers
|-heal|p1a: Blissey|76/100|[from] item: Leftovers
|upkeep
|turn|41
|
|t:|1730218527
|move|p1a: Blissey|Ice Beam|p2a: Skarmory
|-damage|p2a: Skarmory|68/100
|move|p2a: Skarmory|Roar|p1a: Blissey
|drag|p1a: Tyranitar|Tyranitar, F|62/100 tox
|-damage|p1a: Tyranitar|49/100 tox|[from] Spikes
|
|-weather|Sandstorm|[upkeep]
|-heal|p2a: Skarmory|74/100|[from] item: Leftovers
|-heal|p1a: Tyranitar|56/100 tox|[from] item: Leftovers
|-damage|p1a: Tyranitar|49/100 tox|[from] psn
|upkeep
|turn|42
|
|t:|1730218537
|move|p2a: Skarmory|Protect|p2a: Skarmory
|-singleturn|p2a: Skarmory|Protect
|move|p1a: Tyranitar|Rock Slide|p2a: Skarmory
|-activate|p2a: Skarmory|Protect
|
|-weather|Sandstorm|[upkeep]
|-heal|p2a: Skarmory|80/100|[from] item: Leftovers
|-heal|p1a: Tyranitar|56/100 tox|[from] item: Leftovers
|-damage|p1a: Tyranitar|43/100 tox|[from] psn
|upkeep
|turn|43
|
|t:|1730218546
|switch|p1a: Skarmory|Skarmory, M|33/100
|move|p2a: Skarmory|Drill Peck|p1a: Skarmory
|-resisted|p1a: Skarmory
|-damage|p1a: Skarmory|25/100
|
|-weather|Sandstorm|[upkeep]
|-heal|p1a: Skarmory|31/100|[from] item: Leftovers
|-heal|p2a: Skarmory|86/100|[from] item: Leftovers
|upkeep
|turn|44
|
|t:|1730218551
|move|p1a: Skarmory|Spikes|p2a: Skarmory
|-sidestart|p2: voyager|Spikes
|move|p2a: Skarmory|Roar|p1a: Skarmory
|drag|p1a: Blissey|Blissey, F|76/100
|-damage|p1a: Blissey|63/100|[from] Spikes
|
|-weather|Sandstorm|[upkeep]
|-damage|p1a: Blissey|57/100|[from] Sandstorm
|-heal|p2a: Skarmory|92/100|[from] item: Leftovers
|-heal|p1a: Blissey|63/100|[from] item: Leftovers
|upkeep
|turn|45
|
|t:|1730218560
|move|p1a: Blissey|Soft-Boiled|p1a: Blissey
|-heal|p1a: Blissey|100/100
|move|p2a: Skarmory|Roar|p1a: Blissey
|drag|p1a: Milotic|Milotic, M|94/100
|-damage|p1a: Milotic|82/100|[from] Spikes
|
|-weather|Sandstorm|[upkeep]
|-damage|p1a: Milotic|76/100|[from] Sandstorm
|-heal|p1a: Milotic|82/100|[from] item: Leftovers
|-heal|p2a: Skarmory|98/100|[from] item: Leftovers
|upkeep
|turn|46
|
|t:|1730218566
|move|p1a: Milotic|Surf|p2a: Skarmory
|-damage|p2a: Skarmory|68/100
|move|p2a: Skarmory|Roar|p1a: Milotic
|drag|p1a: Tyranitar|Tyranitar, F|43/100 tox
|-damage|p1a: Tyranitar|31/100 tox|[from] Spikes
|
|-weather|Sandstorm|[upkeep]
|-heal|p2a: Skarmory|74/100|[from] item: Leftovers
|-heal|p1a: Tyranitar|37/100 tox|[from] item: Leftovers
|-damage|p1a: Tyranitar|31/100 tox|[from] psn
|upkeep
|turn|47
|
|t:|1730218573
|switch|p1a: Skarmory|Skarmory, M|31/100
|move|p2a: Skarmory|Protect||[still]
|-fail|p2a: Skarmory
|
|-weather|Sandstorm|[upkeep]
|-heal|p1a: Skarmory|37/100|[from] item: Leftovers
|-heal|p2a: Skarmory|80/100|[from] item: Leftovers
|upkeep
|turn|48
|
|t:|1730218577
|move|p1a: Skarmory|Spikes|p2a: Skarmory
|-sidestart|p2: voyager|Spikes
|move|p2a: Skarmory|Spikes|p1a: Skarmory
|-sidestart|p1: wiilink100|Spikes
|
|-weather|Sandstorm|[upkeep]
|-heal|p1a: Skarmory|43/100|[from] item: Leftovers
|-heal|p2a: Skarmory|86/100|[from] item: Leftovers
|upkeep
|turn|49
|
|t:|1730218582
|move|p1a: Skarmory|Roar|p2a: Skarmory
|drag|p2a: Dugtrio|Dugtrio, F|100/100
|-damage|p2a: Dugtrio|84/100|[from] Spikes
|
|-weather|Sandstorm|[upkeep]
|-heal|p1a: Skarmory|49/100|[from] item: Leftovers
|upkeep
|turn|50
|
|t:|1730218587
|switch|p2a: Zapdos|Zapdos|82/100 tox
|move|p1a: Skarmory|Toxic|p2a: Zapdos
|-fail|p2a: Zapdos|tox
|
|-weather|Sandstorm|[upkeep]
|-damage|p2a: Zapdos|76/100 tox|[from] Sandstorm
|-heal|p2a: Zapdos|82/100 tox|[from] item: Leftovers
|-damage|p2a: Zapdos|76/100 tox|[from] psn
|-heal|p1a: Skarmory|55/100|[from] item: Leftovers
|upkeep
|turn|51
|
|t:|1730218591
|switch|p1a: Claydol|Claydol|53/100
|move|p2a: Zapdos|Rain Dance|p2a: Zapdos
|-weather|RainDance
|
|-weather|RainDance|[upkeep]
|-heal|p2a: Zapdos|82/100 tox|[from] item: Leftovers
|-damage|p2a: Zapdos|70/100 tox|[from] psn
|-heal|p1a: Claydol|59/100|[from] item: Leftovers
|upkeep
|turn|52
|
|t:|1730218595
|switch|p2a: Skarmory|Skarmory, M|86/100
|move|p1a: Claydol|Rapid Spin|p2a: Skarmory
|-resisted|p2a: Skarmory
|-damage|p2a: Skarmory|84/100
|-sideend|p1: wiilink100|Spikes|[from] move: Rapid Spin|[of] p1a: Claydol
|
|-weather|RainDance|[upkeep]
|-heal|p1a: Claydol|65/100|[from] item: Leftovers
|-heal|p2a: Skarmory|90/100|[from] item: Leftovers
|upkeep
|turn|53
|
|t:|1730218606
|switch|p1a: Skarmory|Skarmory, M|55/100
|move|p2a: Skarmory|Spikes|p1a: Skarmory
|-sidestart|p1: wiilink100|Spikes
|
|-weather|RainDance|[upkeep]
|-heal|p1a: Skarmory|61/100|[from] item: Leftovers
|-heal|p2a: Skarmory|96/100|[from] item: Leftovers
|upkeep
|turn|54
|
|t:|1730218608
|move|p1a: Skarmory|Roar|p2a: Skarmory
|drag|p2a: Dugtrio|Dugtrio, F|84/100
|-damage|p2a: Dugtrio|67/100|[from] Spikes
|
|-weather|RainDance|[upkeep]
|-heal|p1a: Skarmory|67/100|[from] item: Leftovers
|upkeep
|turn|55
|
|t:|1730218614
|switch|p2a: Zapdos|Zapdos|70/100 tox
|move|p1a: Skarmory|Roar|p2a: Zapdos
|drag|p2a: Skarmory|Skarmory, M|96/100
|
|-weather|none
|-heal|p1a: Skarmory|73/100|[from] item: Leftovers
|-heal|p2a: Skarmory|100/100|[from] item: Leftovers
|upkeep
|turn|56
|
|t:|1730218619
|move|p1a: Skarmory|Spikes|p2a: Skarmory
|-sidestart|p2: voyager|Spikes
|move|p2a: Skarmory|Spikes|p1a: Skarmory
|-sidestart|p1: wiilink100|Spikes
|
|-heal|p1a: Skarmory|79/100|[from] item: Leftovers
|upkeep
|turn|57
|
|t:|1730218620
|move|p2a: Skarmory|Spikes|p1a: Skarmory
|-sidestart|p1: wiilink100|Spikes
|move|p1a: Skarmory|Roar|p2a: Skarmory
|drag|p2a: Claydol|Claydol|62/100
|
|-heal|p2a: Claydol|68/100|[from] item: Leftovers
|-heal|p1a: Skarmory|85/100|[from] item: Leftovers
|upkeep
|turn|58
|
|t:|1730218625
|move|p2a: Claydol|Rapid Spin|p1a: Skarmory
|-resisted|p1a: Skarmory
|-damage|p1a: Skarmory|83/100
|-sideend|p2: voyager|Spikes|[from] move: Rapid Spin|[of] p2a: Claydol
|move|p1a: Skarmory|Drill Peck|p2a: Claydol
|-damage|p2a: Claydol|47/100
|
|-heal|p2a: Claydol|53/100|[from] item: Leftovers
|-heal|p1a: Skarmory|89/100|[from] item: Leftovers
|upkeep
|turn|59
|
|t:|1730218631
|switch|p2a: Zapdos|Zapdos|70/100 tox
|move|p1a: Skarmory|Spikes|p2a: Zapdos
|-sidestart|p2: voyager|Spikes
|
|-heal|p2a: Zapdos|76/100 tox|[from] item: Leftovers
|-damage|p2a: Zapdos|70/100 tox|[from] psn
|-heal|p1a: Skarmory|95/100|[from] item: Leftovers
|upkeep
|turn|60
|
|t:|1730218641
|switch|p1a: Claydol|Claydol|65/100
|move|p2a: Zapdos|Rest|p2a: Zapdos
|-status|p2a: Zapdos|slp|[from] move: Rest
|-heal|p2a: Zapdos|100/100 slp|[silent]
|
|-heal|p1a: Claydol|71/100|[from] item: Leftovers
|upkeep
|turn|61
|
|t:|1730218644
|switch|p2a: Skarmory|Skarmory, M|100/100
|move|p1a: Claydol|Rapid Spin|p2a: Skarmory
|-resisted|p2a: Skarmory
|-damage|p2a: Skarmory|99/100
|-sideend|p1: wiilink100|Spikes|[from] move: Rapid Spin|[of] p1a: Claydol
|
|-heal|p1a: Claydol|77/100|[from] item: Leftovers
|-heal|p2a: Skarmory|100/100|[from] item: Leftovers
|upkeep
|turn|62
|
|t:|1730218647
|switch|p1a: Skarmory|Skarmory, M|95/100
|move|p2a: Skarmory|Spikes|p1a: Skarmory
|-sidestart|p1: wiilink100|Spikes
|
|-heal|p1a: Skarmory|100/100|[from] item: Leftovers
|upkeep
|turn|63
|
|t:|1730218649
|move|p1a: Skarmory|Spikes|p2a: Skarmory
|-sidestart|p2: voyager|Spikes
|move|p2a: Skarmory|Roar|p1a: Skarmory
|drag|p1a: Blissey|Blissey, F|100/100
|-damage|p1a: Blissey|88/100|[from] Spikes
|
|-heal|p1a: Blissey|94/100|[from] item: Leftovers
|upkeep
|turn|64
|
|t:|1730218652
|move|p1a: Blissey|Thunder Wave|p2a: Skarmory
|-status|p2a: Skarmory|par
|move|p2a: Skarmory|Roar|p1a: Blissey
|drag|p1a: Claydol|Claydol|77/100
|
|-heal|p1a: Claydol|83/100|[from] item: Leftovers
|upkeep
|turn|65
|
|t:|1730218660
|switch|p1a: Skarmory|Skarmory, M|100/100
|cant|p2a: Skarmory|par
|
|upkeep
|turn|66
|
|t:|1730218663
|switch|p2a: Zapdos|Zapdos|100/100 slp
|move|p1a: Skarmory|Roar|p2a: Zapdos
|drag|p2a: Suicune|Suicune|100/100 slp
|-damage|p2a: Suicune|84/100 slp|[from] Spikes
|
|-heal|p2a: Suicune|90/100 slp|[from] item: Leftovers
|upkeep
|turn|67
|
|t:|1730218666
|cant|p2a: Suicune|slp
|move|p1a: Skarmory|Roar|p2a: Suicune
|drag|p2a: Skarmory|Skarmory, M|100/100 par
|
|upkeep
|turn|68
|
|t:|1730218670
|move|p1a: Skarmory|Spikes|p2a: Skarmory
|-sidestart|p2: voyager|Spikes
|move|p2a: Skarmory|Roar|p1a: Skarmory
|drag|p1a: Tyranitar|Tyranitar, F|31/100 tox
|-damage|p1a: Tyranitar|18/100 tox|[from] Spikes
|-weather|Sandstorm|[from] ability: Sand Stream|[of] p1a: Tyranitar
|
|-weather|Sandstorm|[upkeep]
|-heal|p1a: Tyranitar|25/100 tox|[from] item: Leftovers
|-damage|p1a: Tyranitar|18/100 tox|[from] psn
|upkeep
|turn|69
|
|t:|1730218678
|cant|p2a: Skarmory|par
|move|p1a: Tyranitar|Roar|p2a: Skarmory
|drag|p2a: Zapdos|Zapdos|100/100 slp
|
|-weather|Sandstorm|[upkeep]
|-damage|p2a: Zapdos|94/100 slp|[from] Sandstorm
|-heal|p2a: Zapdos|100/100 slp|[from] item: Leftovers
|-heal|p1a: Tyranitar|25/100 tox|[from] item: Leftovers
|-damage|p1a: Tyranitar|12/100 tox|[from] psn
|upkeep
|turn|70
|
|t:|1730218688
|switch|p2a: Skarmory|Skarmory, M|100/100 par
|move|p1a: Tyranitar|Earthquake|p2a: Skarmory
|-immune|p2a: Skarmory
|
|-weather|Sandstorm|[upkeep]
|-heal|p1a: Tyranitar|18/100 tox|[from] item: Leftovers
|-damage|p1a: Tyranitar|0 fnt|[from] psn
|faint|p1a: Tyranitar
|upkeep
|
|t:|1730218691
|switch|p1a: Skarmory|Skarmory, M|100/100
|turn|71
|
|t:|1730218694
|move|p2a: Skarmory|Spikes|p1a: Skarmory
|-sidestart|p1: wiilink100|Spikes
|move|p1a: Skarmory|Roar|p2a: Skarmory
|drag|p2a: Zapdos|Zapdos|100/100 slp
|
|-weather|Sandstorm|[upkeep]
|-damage|p2a: Zapdos|94/100 slp|[from] Sandstorm
|-heal|p2a: Zapdos|100/100 slp|[from] item: Leftovers
|upkeep
|turn|72
|
|t:|1730218697
|cant|p2a: Zapdos|slp
|move|p1a: Skarmory|Roar|p2a: Zapdos
|drag|p2a: Suicune|Suicune|90/100 slp
|-damage|p2a: Suicune|65/100 slp|[from] Spikes
|
|-weather|Sandstorm|[upkeep]
|-damage|p2a: Suicune|59/100 slp|[from] Sandstorm
|-heal|p2a: Suicune|65/100 slp|[from] item: Leftovers
|upkeep
|turn|73
|
|t:|1730218702
|cant|p2a: Suicune|slp
|move|p1a: Skarmory|Roar|p2a: Suicune
|drag|p2a: Zapdos|Zapdos|100/100 slp
|
|-weather|Sandstorm|[upkeep]
|-damage|p2a: Zapdos|94/100 slp|[from] Sandstorm
|-heal|p2a: Zapdos|100/100 slp|[from] item: Leftovers
|upkeep
|turn|74
|
|t:|1730218707
|cant|p2a: Zapdos|slp
|move|p1a: Skarmory|Roar|p2a: Zapdos
|drag|p2a: Claydol|Claydol|53/100
|
|-weather|Sandstorm|[upkeep]
|-heal|p2a: Claydol|59/100|[from] item: Leftovers
|upkeep
|turn|75
|
|t:|1730218712
|switch|p2a: Zapdos|Zapdos|100/100 slp
|move|p1a: Skarmory|Drill Peck|p2a: Zapdos
|-resisted|p2a: Zapdos
|-damage|p2a: Zapdos|89/100 slp
|
|-weather|Sandstorm|[upkeep]
|-damage|p2a: Zapdos|83/100 slp|[from] Sandstorm
|-heal|p2a: Zapdos|89/100 slp|[from] item: Leftovers
|upkeep
|turn|76
|
|t:|1730218714
|-curestatus|p2a: Zapdos|slp|[msg]
|move|p2a: Zapdos|Rain Dance|p2a: Zapdos
|-weather|RainDance
|move|p1a: Skarmory|Roar|p2a: Zapdos
|drag|p2a: Suicune|Suicune|65/100 slp
|-damage|p2a: Suicune|40/100 slp|[from] Spikes
|
|-weather|RainDance|[upkeep]
|-heal|p2a: Suicune|47/100 slp|[from] item: Leftovers
|upkeep
|turn|77
|
|t:|1730218727
|-curestatus|p2a: Suicune|slp|[msg]
|move|p2a: Suicune|Rest|p2a: Suicune
|-status|p2a: Suicune|slp|[from] move: Rest
|-heal|p2a: Suicune|100/100 slp|[silent]
|move|p1a: Skarmory|Roar|p2a: Suicune
|drag|p2a: Skarmory|Skarmory, M|100/100 par
|
|-weather|RainDance|[upkeep]
|upkeep
|turn|78
|
|t:|1730218747
|switch|p1a: Claydol|Claydol|83/100
|move|p2a: Skarmory|Drill Peck|p1a: Claydol
|-damage|p1a: Claydol|60/100
|
|-weather|RainDance|[upkeep]
|-heal|p1a: Claydol|66/100|[from] item: Leftovers
|upkeep
|turn|79
|
|t:|1730218750
|move|p1a: Claydol|Rapid Spin|p2a: Skarmory
|-resisted|p2a: Skarmory
|-damage|p2a: Skarmory|99/100 par
|-sideend|p1: wiilink100|Spikes|[from] move: Rapid Spin|[of] p1a: Claydol
|move|p2a: Skarmory|Drill Peck|p1a: Claydol
|-damage|p1a: Claydol|43/100
|
|-weather|RainDance|[upkeep]
|-heal|p1a: Claydol|49/100|[from] item: Leftovers
|-heal|p2a: Skarmory|100/100 par|[from] item: Leftovers
|upkeep
|turn|80
|
|t:|1730218753
|switch|p1a: Milotic|Milotic, M|82/100
|cant|p2a: Skarmory|par
|
|-weather|none
|-heal|p1a: Milotic|88/100|[from] item: Leftovers
|upkeep
|turn|81
|
|t:|1730218758
|switch|p2a: Zapdos|Zapdos|89/100
|move|p1a: Milotic|Surf|p2a: Zapdos
|-damage|p2a: Zapdos|66/100
|
|-heal|p2a: Zapdos|72/100|[from] item: Leftovers
|-heal|p1a: Milotic|94/100|[from] item: Leftovers
|upkeep
|turn|82
|
|t:|1730218762
|move|p2a: Zapdos|Toxic|p1a: Milotic
|-status|p1a: Milotic|tox
|move|p1a: Milotic|Toxic|p2a: Zapdos
|-status|p2a: Zapdos|tox
|
|-heal|p2a: Zapdos|78/100 tox|[from] item: Leftovers
|-damage|p2a: Zapdos|72/100 tox|[from] psn
|-heal|p1a: Milotic|99/100 tox|[from] item: Leftovers
|-damage|p1a: Milotic|94/100 tox|[from] psn
|upkeep
|turn|83
|
|t:|1730218767
|switch|p2a: Skarmory|Skarmory, M|100/100 par
|move|p1a: Milotic|Refresh|p1a: Milotic
|-curestatus|p1a: Milotic|tox|[msg]
|
|-heal|p1a: Milotic|99/100|[from] item: Leftovers
|upkeep
|turn|84
|
|t:|1730218769
|switch|p2a: Zapdos|Zapdos|72/100 tox
|move|p1a: Milotic|Surf|p2a: Zapdos
|-damage|p2a: Zapdos|48/100 tox
|
|-heal|p2a: Zapdos|54/100 tox|[from] item: Leftovers
|-damage|p2a: Zapdos|48/100 tox|[from] psn
|-heal|p1a: Milotic|100/100|[from] item: Leftovers
|upkeep
|turn|85
|
|t:|1730218771
|move|p2a: Zapdos|Rest|p2a: Zapdos
|-status|p2a: Zapdos|slp|[from] move: Rest
|-heal|p2a: Zapdos|100/100 slp|[silent]
|move|p1a: Milotic|Surf|p2a: Zapdos
|-damage|p2a: Zapdos|75/100 slp
|
|-heal|p2a: Zapdos|81/100 slp|[from] item: Leftovers
|upkeep
|turn|86
|
|t:|1730218782
|switch|p1a: Skarmory|Skarmory, M|100/100
|cant|p2a: Zapdos|slp
|
|-heal|p2a: Zapdos|87/100 slp|[from] item: Leftovers
|upkeep
|turn|87
|
|t:|1730218787
|switch|p1a: Milotic|Milotic, M|100/100
|cant|p2a: Zapdos|slp
|
|-heal|p2a: Zapdos|93/100 slp|[from] item: Leftovers
|upkeep
|turn|88
|
|t:|1730218789
|switch|p1a: Claydol|Claydol|49/100
|-curestatus|p2a: Zapdos|slp|[msg]
|move|p2a: Zapdos|Thunderbolt|p1a: Claydol
|-immune|p1a: Claydol
|
|-heal|p2a: Zapdos|99/100|[from] item: Leftovers
|-heal|p1a: Claydol|55/100|[from] item: Leftovers
|upkeep
|turn|89
|
|t:|1730218793
|switch|p2a: Skarmory|Skarmory, M|100/100 par
|switch|p1a: Blissey|Blissey, F|94/100
|
|-heal|p1a: Blissey|100/100|[from] item: Leftovers
|upkeep
|turn|90
|
|t:|1730218796
|move|p1a: Blissey|Seismic Toss|p2a: Skarmory
|-damage|p2a: Skarmory|71/100 par
|move|p2a: Skarmory|Spikes|p1a: Blissey
|-sidestart|p1: wiilink100|Spikes
|
|-heal|p2a: Skarmory|77/100 par|[from] item: Leftovers
|upkeep
|turn|91
|
|t:|1730218799
|move|p1a: Blissey|Seismic Toss|p2a: Skarmory
|-damage|p2a: Skarmory|47/100 par
|move|p2a: Skarmory|Roar|p1a: Blissey
|drag|p1a: Skarmory|Skarmory, M|100/100
|
|-heal|p2a: Skarmory|53/100 par|[from] item: Leftovers
|upkeep
|turn|92
|
|t:|1730218806
|move|p2a: Skarmory|Spikes|p1a: Skarmory
|-sidestart|p1: wiilink100|Spikes
|move|p1a: Skarmory|Roar|p2a: Skarmory
|drag|p2a: Dugtrio|Dugtrio, F|67/100
|-damage|p2a: Dugtrio|42/100|[from] Spikes
|
|upkeep
|turn|93
|
|t:|1730218812
|switch|p2a: Claydol|Claydol|59/100
|move|p1a: Skarmory|Drill Peck|p2a: Claydol
|-damage|p2a: Claydol|37/100
|
|-heal|p2a: Claydol|43/100|[from] item: Leftovers
|upkeep
|turn|94
|
|t:|1730218817
|move|p2a: Claydol|Rapid Spin|p1a: Skarmory
|-resisted|p1a: Skarmory
|-damage|p1a: Skarmory|99/100
|-sideend|p2: voyager|Spikes|[from] move: Rapid Spin|[of] p2a: Claydol
|move|p1a: Skarmory|Drill Peck|p2a: Claydol
|-damage|p2a: Claydol|21/100
|
|-heal|p2a: Claydol|27/100|[from] item: Leftovers
|-heal|p1a: Skarmory|100/100|[from] item: Leftovers
|upkeep
|turn|95
|
|t:|1730218824
|switch|p2a: Suicune|Suicune|100/100 slp
|move|p1a: Skarmory|Spikes|p2a: Suicune
|-sidestart|p2: voyager|Spikes
|
|upkeep
|turn|96
|
|t:|1730218837
|cant|p2a: Suicune|slp
|move|p1a: Skarmory|Spikes|p2a: Suicune
|-sidestart|p2: voyager|Spikes
|
|upkeep
|turn|97
|
|t:|1730218845
|cant|p2a: Suicune|slp
|move|p1a: Skarmory|Spikes|p2a: Suicune
|-sidestart|p2: voyager|Spikes
|
|upkeep
|turn|98
|
|t:|1730218849
|-curestatus|p2a: Suicune|slp|[msg]
|move|p2a: Suicune|Calm Mind|p2a: Suicune
|-boost|p2a: Suicune|spa|1
|-boost|p2a: Suicune|spd|1
|move|p1a: Skarmory|Roar|p2a: Suicune
|drag|p2a: Skarmory|Skarmory, M|53/100 par
|
|-heal|p2a: Skarmory|59/100 par|[from] item: Leftovers
|upkeep
|turn|99
|
|t:|1730218857
|switch|p1a: Milotic|Milotic, M|100/100
|-damage|p1a: Milotic|84/100|[from] Spikes
|move|p2a: Skarmory|Drill Peck|p1a: Milotic
|-damage|p1a: Milotic|67/100
|
|-heal|p1a: Milotic|73/100|[from] item: Leftovers
|-heal|p2a: Skarmory|65/100 par|[from] item: Leftovers
|upkeep
|turn|100
|
|t:|1730218860
|switch|p2a: Zapdos|Zapdos|99/100
|move|p1a: Milotic|Surf|p2a: Zapdos
|-damage|p2a: Zapdos|75/100
|
|-heal|p2a: Zapdos|81/100|[from] item: Leftovers
|-heal|p1a: Milotic|79/100|[from] item: Leftovers
|upkeep
|turn|101
|
|t:|1730218863
|move|p2a: Zapdos|Thunderbolt|p1a: Milotic
|-supereffective|p1a: Milotic
|-damage|p1a: Milotic|24/100
|move|p1a: Milotic|Recover|p1a: Milotic
|-heal|p1a: Milotic|74/100
|
|-heal|p2a: Zapdos|87/100|[from] item: Leftovers
|-heal|p1a: Milotic|80/100|[from] item: Leftovers
|upkeep
|turn|102
|
|t:|1730218868
|switch|p1a: Claydol|Claydol|55/100
|move|p2a: Zapdos|Thunderbolt|p1a: Claydol
|-immune|p1a: Claydol
|
|-heal|p2a: Zapdos|93/100|[from] item: Leftovers
|-heal|p1a: Claydol|61/100|[from] item: Leftovers
|upkeep
|turn|103
|
|t:|1730218872
|switch|p2a: Claydol|Claydol|27/100
|move|p1a: Claydol|Rapid Spin|p2a: Claydol
|-damage|p2a: Claydol|22/100
|-sideend|p1: wiilink100|Spikes|[from] move: Rapid Spin|[of] p1a: Claydol
|
|-heal|p1a: Claydol|67/100|[from] item: Leftovers
|-heal|p2a: Claydol|29/100|[from] item: Leftovers
|upkeep
|turn|104
|
|t:|1730218878
|switch|p1a: Milotic|Milotic, M|80/100
|move|p2a: Claydol|Rapid Spin|p1a: Milotic
|-damage|p1a: Milotic|77/100
|-sideend|p2: voyager|Spikes|[from] move: Rapid Spin|[of] p2a: Claydol
|
|-heal|p1a: Milotic|83/100|[from] item: Leftovers
|-heal|p2a: Claydol|35/100|[from] item: Leftovers
|upkeep
|turn|105
|
|t:|1730218881
|switch|p2a: Zapdos|Zapdos|93/100
|move|p1a: Milotic|Toxic|p2a: Zapdos|[miss]
|-miss|p1a: Milotic|p2a: Zapdos
|
|-heal|p2a: Zapdos|99/100|[from] item: Leftovers
|-heal|p1a: Milotic|89/100|[from] item: Leftovers
|upkeep
|turn|106
|
|t:|1730218885
|switch|p1a: Claydol|Claydol|67/100
|move|p2a: Zapdos|Thunderbolt|p1a: Claydol
|-immune|p1a: Claydol
|
|-heal|p2a: Zapdos|100/100|[from] item: Leftovers
|-heal|p1a: Claydol|73/100|[from] item: Leftovers
|upkeep
|turn|107
|
|t:|1730218889
|switch|p2a: Claydol|Claydol|35/100
|switch|p1a: Blissey|Blissey, F|100/100
|
|-heal|p2a: Claydol|41/100|[from] item: Leftovers
|upkeep
|turn|108
|
|t:|1730218894
|switch|p2a: Zapdos|Zapdos|100/100
|move|p1a: Blissey|Ice Beam|p2a: Zapdos
|-supereffective|p2a: Zapdos
|-crit|p2a: Zapdos
|-damage|p2a: Zapdos|39/100
|
|-heal|p2a: Zapdos|45/100|[from] item: Leftovers
|upkeep
|turn|109
|
|t:|1730218900
|switch|p2a: Suicune|Suicune|100/100
|move|p1a: Blissey|Thunder Wave|p2a: Suicune
|-status|p2a: Suicune|par
|
|upkeep
|turn|110
|
|t:|1730218910
|move|p1a: Blissey|Seismic Toss|p2a: Suicune
|-damage|p2a: Suicune|76/100 par
|cant|p2a: Suicune|par
|
|-heal|p2a: Suicune|82/100 par|[from] item: Leftovers
|upkeep
|turn|111
|
|t:|1730218920
|switch|p1a: Milotic|Milotic, M|89/100
|move|p2a: Suicune|Rest|p2a: Suicune
|-status|p2a: Suicune|slp|[from] move: Rest
|-heal|p2a: Suicune|100/100 slp|[silent]
|
|-heal|p1a: Milotic|95/100|[from] item: Leftovers
|upkeep
|turn|112
|
|t:|1730218924
|switch|p1a: Skarmory|Skarmory, M|100/100
|cant|p2a: Suicune|slp
|
|upkeep
|turn|113
|
|t:|1730218927
|cant|p2a: Suicune|slp
|move|p1a: Skarmory|Roar|p2a: Suicune
|drag|p2a: Skarmory|Skarmory, M|65/100 par
|
|-heal|p2a: Skarmory|71/100 par|[from] item: Leftovers
|upkeep
|turn|114
|
|t:|1730218936
|switch|p1a: Milotic|Milotic, M|95/100
|switch|p2a: Suicune|Suicune|100/100 slp
|
|-heal|p1a: Milotic|100/100|[from] item: Leftovers
|upkeep
|turn|115
|
|t:|1730218940
|switch|p1a: Blissey|Blissey, F|100/100
|-curestatus|p2a: Suicune|slp|[msg]
|move|p2a: Suicune|Calm Mind|p2a: Suicune
|-boost|p2a: Suicune|spa|1
|-boost|p2a: Suicune|spd|1
|
|upkeep
|turn|116
|
|t:|1730218941
|move|p2a: Suicune|Calm Mind|p2a: Suicune
|-boost|p2a: Suicune|spa|1
|-boost|p2a: Suicune|spd|1
|move|p1a: Blissey|Thunder Wave|p2a: Suicune
|-status|p2a: Suicune|par
|
|upkeep
|turn|117
|
|t:|1730218943
|move|p1a: Blissey|Seismic Toss|p2a: Suicune
|-damage|p2a: Suicune|76/100 par
|move|p2a: Suicune|Calm Mind|p2a: Suicune
|-boost|p2a: Suicune|spa|1
|-boost|p2a: Suicune|spd|1
|
|-heal|p2a: Suicune|82/100 par|[from] item: Leftovers
|upkeep
|turn|118
|
|t:|1730218946
|move|p1a: Blissey|Seismic Toss|p2a: Suicune
|-damage|p2a: Suicune|57/100 par
|move|p2a: Suicune|Calm Mind|p2a: Suicune
|-boost|p2a: Suicune|spa|1
|-boost|p2a: Suicune|spd|1
|
|-heal|p2a: Suicune|63/100 par|[from] item: Leftovers
|upkeep
|turn|119
|
|t:|1730218948
|move|p1a: Blissey|Seismic Toss|p2a: Suicune
|-damage|p2a: Suicune|38/100 par
|move|p2a: Suicune|Rest|p2a: Suicune
|-status|p2a: Suicune|slp|[from] move: Rest
|-heal|p2a: Suicune|100/100 slp|[silent]
|
|upkeep
|turn|120
|
|t:|1730218954
|cant|p2a: Suicune|slp
|move|p1a: Blissey|Seismic Toss|p2a: Suicune
|-damage|p2a: Suicune|76/100 slp
|
|-heal|p2a: Suicune|82/100 slp|[from] item: Leftovers
|upkeep
|turn|121
|
|t:|1730218956
|cant|p2a: Suicune|slp
|move|p1a: Blissey|Seismic Toss|p2a: Suicune
|-damage|p2a: Suicune|57/100 slp
|
|-heal|p2a: Suicune|63/100 slp|[from] item: Leftovers
|upkeep
|turn|122
|
|t:|1730218960
|-curestatus|p2a: Suicune|slp|[msg]
|move|p2a: Suicune|Calm Mind|p2a: Suicune
|-boost|p2a: Suicune|spa|1
|-boost|p2a: Suicune|spd|1
|move|p1a: Blissey|Thunder Wave|p2a: Suicune
|-status|p2a: Suicune|par
|
|-heal|p2a: Suicune|69/100 par|[from] item: Leftovers
|upkeep
|turn|123
|
|t:|1730218964
|move|p1a: Blissey|Seismic Toss|p2a: Suicune
|-damage|p2a: Suicune|45/100 par
|move|p2a: Suicune|Rest|p2a: Suicune
|-status|p2a: Suicune|slp|[from] move: Rest
|-heal|p2a: Suicune|100/100 slp|[silent]
|
|upkeep
|turn|124
|
|t:|1730218971
|switch|p1a: Milotic|Milotic, M|100/100
|cant|p2a: Suicune|slp
|
|upkeep
|turn|125
|
|t:|1730218974
|switch|p1a: Blissey|Blissey, F|100/100
|cant|p2a: Suicune|slp
|
|upkeep
|turn|126
|
|t:|1730218978
|switch|p1a: Milotic|Milotic, M|100/100
|-curestatus|p2a: Suicune|slp|[msg]
|move|p2a: Suicune|Calm Mind|p2a: Suicune
|-boost|p2a: Suicune|spa|1
|-boost|p2a: Suicune|spd|1
|
|upkeep
|turn|127
|
|t:|1730218981
|move|p1a: Milotic|Toxic|p2a: Suicune
|-status|p2a: Suicune|tox
|move|p2a: Suicune|Surf|p1a: Milotic
|-resisted|p1a: Milotic
|-damage|p1a: Milotic|56/100
|
|-heal|p1a: Milotic|62/100|[from] item: Leftovers
|-damage|p2a: Suicune|94/100 tox|[from] psn
|upkeep
|turn|128
|
|t:|1730218986
|move|p1a: Milotic|Recover|p1a: Milotic
|-heal|p1a: Milotic|100/100
|move|p2a: Suicune|Rest|p2a: Suicune
|-status|p2a: Suicune|slp|[from] move: Rest
|-heal|p2a: Suicune|100/100 slp|[silent]
|
|upkeep
|turn|129
|
|t:|1730218991
|switch|p1a: Blissey|Blissey, F|100/100
|cant|p2a: Suicune|slp
|
|upkeep
|turn|130
|
|t:|1730218993
|switch|p1a: Milotic|Milotic, M|100/100
|cant|p2a: Suicune|slp
|
|upkeep
|turn|131
|
|t:|1730219000
|move|p1a: Milotic|Refresh||[still]
|-fail|p1a: Milotic
|-curestatus|p2a: Suicune|slp|[msg]
|move|p2a: Suicune|Roar|p1a: Milotic
|drag|p1a: Skarmory|Skarmory, M|100/100
|
|upkeep
|turn|132
|
|t:|1730219006
|switch|p1a: Milotic|Milotic, M|100/100
|move|p2a: Suicune|Surf|p1a: Milotic
|-resisted|p1a: Milotic
|-damage|p1a: Milotic|55/100
|
|-heal|p1a: Milotic|61/100|[from] item: Leftovers
|upkeep
|turn|133
|
|t:|1730219008
|move|p1a: Milotic|Recover|p1a: Milotic
|-heal|p1a: Milotic|100/100
|move|p2a: Suicune|Surf|p1a: Milotic
|-resisted|p1a: Milotic
|-damage|p1a: Milotic|60/100
|
|-heal|p1a: Milotic|66/100|[from] item: Leftovers
|upkeep
|turn|134
|
|t:|1730219015
|move|p1a: Milotic|Toxic|p2a: Suicune|[miss]
|-miss|p1a: Milotic|p2a: Suicune
|move|p2a: Suicune|Roar|p1a: Milotic
|drag|p1a: Skarmory|Skarmory, M|100/100
|
|upkeep
|turn|135
|
|t:|1730219018
|switch|p1a: Milotic|Milotic, M|66/100
|move|p2a: Suicune|Surf|p1a: Milotic
|-resisted|p1a: Milotic
|-damage|p1a: Milotic|20/100
|
|-heal|p1a: Milotic|26/100|[from] item: Leftovers
|upkeep
|turn|136
|
|t:|1730219020
|move|p1a: Milotic|Recover|p1a: Milotic
|-heal|p1a: Milotic|76/100
|move|p2a: Suicune|Surf|p1a: Milotic
|-resisted|p1a: Milotic
|-damage|p1a: Milotic|30/100
|
|-heal|p1a: Milotic|36/100|[from] item: Leftovers
|upkeep
|turn|137
|
|t:|1730219025
|move|p1a: Milotic|Recover|p1a: Milotic
|-heal|p1a: Milotic|86/100
|move|p2a: Suicune|Surf|p1a: Milotic
|-resisted|p1a: Milotic
|-damage|p1a: Milotic|42/100
|
|-heal|p1a: Milotic|48/100|[from] item: Leftovers
|upkeep
|turn|138
|
|t:|1730219030
|move|p1a: Milotic|Recover|p1a: Milotic
|-heal|p1a: Milotic|98/100
|move|p2a: Suicune|Surf|p1a: Milotic
|-resisted|p1a: Milotic
|-damage|p1a: Milotic|52/100
|
|-heal|p1a: Milotic|59/100|[from] item: Leftovers
|upkeep
|turn|139
|
|t:|1730219036
|move|p1a: Milotic|Toxic|p2a: Suicune
|-status|p2a: Suicune|tox
|move|p2a: Suicune|Roar|p1a: Milotic
|drag|p1a: Blissey|Blissey, F|100/100
|
|-damage|p2a: Suicune|94/100 tox|[from] psn
|upkeep
|turn|140
|
|t:|1730219041
|switch|p1a: Milotic|Milotic, M|59/100
|move|p2a: Suicune|Surf|p1a: Milotic
|-resisted|p1a: Milotic
|-damage|p1a: Milotic|13/100
|
|-heal|p1a: Milotic|19/100|[from] item: Leftovers
|-heal|p2a: Suicune|100/100 tox|[from] item: Leftovers
|-damage|p2a: Suicune|88/100 tox|[from] psn
|upkeep
|turn|141
|
|t:|1730219046
|move|p1a: Milotic|Recover|p1a: Milotic
|-heal|p1a: Milotic|69/100
|move|p2a: Suicune|Surf|p1a: Milotic
|-resisted|p1a: Milotic
|-damage|p1a: Milotic|26/100
|
|-heal|p1a: Milotic|32/100|[from] item: Leftovers
|-heal|p2a: Suicune|94/100 tox|[from] item: Leftovers
|-damage|p2a: Suicune|76/100 tox|[from] psn
|upkeep
|turn|142
|
|t:|1730219050
|move|p1a: Milotic|Recover|p1a: Milotic
|-heal|p1a: Milotic|82/100
|move|p2a: Suicune|Rest|p2a: Suicune
|-status|p2a: Suicune|slp|[from] move: Rest
|-heal|p2a: Suicune|100/100 slp|[silent]
|
|-heal|p1a: Milotic|88/100|[from] item: Leftovers
|upkeep
|turn|143
|
|t:|1730219056
|switch|p1a: Blissey|Blissey, F|100/100
|cant|p2a: Suicune|slp
|
|upkeep
|turn|144
|
|t:|1730219058
|switch|p1a: Milotic|Milotic, M|88/100
|cant|p2a: Suicune|slp
|
|-heal|p1a: Milotic|94/100|[from] item: Leftovers
|upkeep
|turn|145
|
|t:|1730219060
|switch|p1a: Blissey|Blissey, F|100/100
|-curestatus|p2a: Suicune|slp|[msg]
|move|p2a: Suicune|Roar|p1a: Blissey
|drag|p1a: Claydol|Claydol|73/100
|
|-heal|p1a: Claydol|79/100|[from] item: Leftovers
|upkeep
|turn|146
|
|t:|1730219063
|switch|p1a: Milotic|Milotic, M|94/100
|move|p2a: Suicune|Roar|p1a: Milotic
|drag|p1a: Skarmory|Skarmory, M|100/100
|
|upkeep
|turn|147
|
|t:|1730219066
|switch|p1a: Milotic|Milotic, M|94/100
|move|p2a: Suicune|Surf|p1a: Milotic
|-resisted|p1a: Milotic
|-damage|p1a: Milotic|54/100
|
|-heal|p1a: Milotic|60/100|[from] item: Leftovers
|upkeep
|turn|148
|
|t:|1730219072
|move|p1a: Milotic|Toxic|p2a: Suicune
|-status|p2a: Suicune|tox
|move|p2a: Suicune|Roar|p1a: Milotic
|drag|p1a: Blissey|Blissey, F|100/100
|
|-damage|p2a: Suicune|94/100 tox|[from] psn
|upkeep
|turn|149
|
|t:|1730219076
|switch|p1a: Milotic|Milotic, M|60/100
|move|p2a: Suicune|Roar|p1a: Milotic
|drag|p1a: Blissey|Blissey, F|100/100
|
|-heal|p2a: Suicune|100/100 tox|[from] item: Leftovers
|-damage|p2a: Suicune|88/100 tox|[from] psn
|upkeep
|turn|150
|
|t:|1730219078
|switch|p1a: Milotic|Milotic, M|60/100
|move|p2a: Suicune|Calm Mind|p2a: Suicune
|-boost|p2a: Suicune|spa|0
|-boost|p2a: Suicune|spd|0
|
|-heal|p1a: Milotic|66/100|[from] item: Leftovers
|-heal|p2a: Suicune|94/100 tox|[from] item: Leftovers
|-damage|p2a: Suicune|76/100 tox|[from] psn
|upkeep
|turn|151
|
|t:|1730219086
|move|p1a: Milotic|Refresh||[still]
|-fail|p1a: Milotic
|move|p2a: Suicune|Rest|p2a: Suicune
|-status|p2a: Suicune|slp|[from] move: Rest
|-heal|p2a: Suicune|100/100 slp|[silent]
|
|-heal|p1a: Milotic|72/100|[from] item: Leftovers
|upkeep
|turn|152
|
|t:|1730219091
|switch|p1a: Blissey|Blissey, F|100/100
|cant|p2a: Suicune|slp
|
|upkeep
|turn|153
|
|t:|1730219093
|switch|p1a: Milotic|Milotic, M|72/100
|cant|p2a: Suicune|slp
|
|-heal|p1a: Milotic|78/100|[from] item: Leftovers
|upkeep
|turn|154
|
|t:|1730219095
|switch|p1a: Blissey|Blissey, F|100/100
|switch|p2a: Zapdos|Zapdos|45/100
|
|-heal|p2a: Zapdos|51/100|[from] item: Leftovers
|upkeep
|turn|155
|
|t:|1730219102
|switch|p2a: Suicune|Suicune|100/100 slp
|move|p1a: Blissey|Ice Beam|p2a: Suicune
|-resisted|p2a: Suicune
|-damage|p2a: Suicune|93/100 slp
|
|-heal|p2a: Suicune|99/100 slp|[from] item: Leftovers
|upkeep
|turn|156
|
|t:|1730219107
|switch|p2a: Zapdos|Zapdos|51/100
|switch|p1a: Milotic|Milotic, M|78/100
|
|-heal|p2a: Zapdos|57/100|[from] item: Leftovers
|-heal|p1a: Milotic|84/100|[from] item: Leftovers
|upkeep
|turn|157
|
|t:|1730219112
|switch|p1a: Claydol|Claydol|79/100
|move|p2a: Zapdos|Toxic|p1a: Claydol
|-status|p1a: Claydol|tox
|
|-heal|p2a: Zapdos|63/100|[from] item: Leftovers
|-heal|p1a: Claydol|85/100 tox|[from] item: Leftovers
|-damage|p1a: Claydol|79/100 tox|[from] psn
|upkeep
|turn|158
|
|t:|1730219115
|switch|p2a: Claydol|Claydol|41/100
|move|p1a: Claydol|Refresh|p1a: Claydol
|-curestatus|p1a: Claydol|tox|[msg]
|
|-heal|p1a: Claydol|85/100|[from] item: Leftovers
|-heal|p2a: Claydol|47/100|[from] item: Leftovers
|upkeep
|turn|159
|
|t:|1730219120
|switch|p1a: Skarmory|Skarmory, M|100/100
|switch|p2a: Skarmory|Skarmory, M|71/100 par
|
|-heal|p2a: Skarmory|77/100 par|[from] item: Leftovers
|upkeep
|turn|160
|
|t:|1730219123
|switch|p1a: Milotic|Milotic, M|84/100
|move|p2a: Skarmory|Spikes|p1a: Milotic
|-sidestart|p1: wiilink100|Spikes
|
|-heal|p1a: Milotic|90/100|[from] item: Leftovers
|-heal|p2a: Skarmory|83/100 par|[from] item: Leftovers
|upkeep
|turn|161
|
|t:|1730219126
|switch|p2a: Zapdos|Zapdos|63/100
|move|p1a: Milotic|Surf|p2a: Zapdos
|-damage|p2a: Zapdos|39/100
|
|-heal|p2a: Zapdos|45/100|[from] item: Leftovers
|-heal|p1a: Milotic|96/100|[from] item: Leftovers
|upkeep
|turn|162
|
|t:|1730219132
|switch|p1a: Claydol|Claydol|85/100
|move|p2a: Zapdos|Rest|p2a: Zapdos
|-status|p2a: Zapdos|slp|[from] move: Rest
|-heal|p2a: Zapdos|100/100 slp|[silent]
|
|-heal|p1a: Claydol|91/100|[from] item: Leftovers
|upkeep
|turn|163
|
|t:|1730219136
|switch|p2a: Skarmory|Skarmory, M|83/100 par
|move|p1a: Claydol|Rapid Spin|p2a: Skarmory
|-resisted|p2a: Skarmory
|-damage|p2a: Skarmory|81/100 par
|-sideend|p1: wiilink100|Spikes|[from] move: Rapid Spin|[of] p1a: Claydol
|
|-heal|p1a: Claydol|97/100|[from] item: Leftovers
|-heal|p2a: Skarmory|87/100 par|[from] item: Leftovers
|upkeep
|turn|164
|
|t:|1730219142
|switch|p1a: Milotic|Milotic, M|96/100
|cant|p2a: Skarmory|par
|
|-heal|p1a: Milotic|100/100|[from] item: Leftovers
|-heal|p2a: Skarmory|93/100 par|[from] item: Leftovers
|upkeep
|turn|165
|
|t:|1730219149
|switch|p1a: Skarmory|Skarmory, M|100/100
|cant|p2a: Skarmory|par
|
|-heal|p2a: Skarmory|99/100 par|[from] item: Leftovers
|upkeep
|turn|166
|
|t:|1730219152
|switch|p1a: Milotic|Milotic, M|100/100
|move|p2a: Skarmory|Spikes|p1a: Milotic
|-sidestart|p1: wiilink100|Spikes
|
|-heal|p2a: Skarmory|100/100 par|[from] item: Leftovers
|upkeep
|turn|167
|
|t:|1730219155
|switch|p1a: Claydol|Claydol|97/100
|switch|p2a: Zapdos|Zapdos|100/100 slp
|
|-heal|p1a: Claydol|100/100|[from] item: Leftovers
|upkeep
|turn|168
|
|t:|1730219159
|switch|p2a: Suicune|Suicune|99/100 slp
|move|p1a: Claydol|Rapid Spin|p2a: Suicune
|-damage|p2a: Suicune|96/100 slp
|-sideend|p1: wiilink100|Spikes|[from] move: Rapid Spin|[of] p1a: Claydol
|
|-heal|p2a: Suicune|100/100 slp|[from] item: Leftovers
|upkeep
|turn|169
|
|t:|1730219163
|switch|p2a: Skarmory|Skarmory, M|100/100 par
|switch|p1a: Milotic|Milotic, M|100/100
|
|upkeep
|turn|170
|
|t:|1730219168
|switch|p1a: Skarmory|Skarmory, M|100/100
|move|p2a: Skarmory|Spikes|p1a: Skarmory
|-sidestart|p1: wiilink100|Spikes
|
|upkeep
|turn|171
|
|t:|1730219176
|switch|p2a: Zapdos|Zapdos|100/100 slp
|move|p1a: Skarmory|Spikes|p2a: Zapdos
|-sidestart|p2: voyager|Spikes
|
|upkeep
|turn|172
|
|t:|1730219179
|switch|p2a: Suicune|Suicune|100/100 slp
|-damage|p2a: Suicune|88/100 slp|[from] Spikes
|switch|p1a: Claydol|Claydol|100/100
|
|-heal|p2a: Suicune|94/100 slp|[from] item: Leftovers
|upkeep
|turn|173
|
|t:|1730219185
|-curestatus|p2a: Suicune|slp|[msg]
|move|p2a: Suicune|Surf|p1a: Claydol
|-supereffective|p1a: Claydol
|-damage|p1a: Claydol|45/100
|move|p1a: Claydol|Rapid Spin|p2a: Suicune
|-damage|p2a: Suicune|92/100
|-sideend|p1: wiilink100|Spikes|[from] move: Rapid Spin|[of] p1a: Claydol
|
|-heal|p2a: Suicune|98/100|[from] item: Leftovers
|-heal|p1a: Claydol|51/100|[from] item: Leftovers
|upkeep
|turn|174
|
|t:|1730219190
|switch|p2a: Skarmory|Skarmory, M|100/100 par
|switch|p1a: Milotic|Milotic, M|100/100
|
|upkeep
|turn|175
|
|t:|1730219198
|switch|p1a: Skarmory|Skarmory, M|100/100
|move|p2a: Skarmory|Spikes|p1a: Skarmory
|-sidestart|p1: wiilink100|Spikes
|
|upkeep
|turn|176
|
|t:|1730219204
|switch|p2a: Zapdos|Zapdos|100/100 slp
|move|p1a: Skarmory|Spikes|p2a: Zapdos
|-sidestart|p2: voyager|Spikes
|
|upkeep
|turn|177
|
|t:|1730219207
|switch|p2a: Suicune|Suicune|98/100
|-damage|p2a: Suicune|81/100|[from] Spikes
|move|p1a: Skarmory|Spikes|p2a: Suicune
|-sidestart|p2: voyager|Spikes
|
|-heal|p2a: Suicune|87/100|[from] item: Leftovers
|upkeep
|turn|178
|
|t:|1730219211
|move|p1a: Skarmory|Toxic|p2a: Suicune
|-status|p2a: Suicune|tox
|move|p2a: Suicune|Roar|p1a: Skarmory
|drag|p1a: Claydol|Claydol|51/100
|
|-heal|p2a: Suicune|94/100 tox|[from] item: Leftovers
|-damage|p2a: Suicune|87/100 tox|[from] psn
|-heal|p1a: Claydol|57/100|[from] item: Leftovers
|upkeep
|turn|179
|
|t:|1730219216
|switch|p1a: Milotic|Milotic, M|100/100
|-damage|p1a: Milotic|88/100|[from] Spikes
|move|p2a: Suicune|Rest|p2a: Suicune
|-status|p2a: Suicune|slp|[from] move: Rest
|-heal|p2a: Suicune|100/100 slp|[silent]
|
|-heal|p1a: Milotic|94/100|[from] item: Leftovers
|upkeep
|turn|180
|
|t:|1730219219
|switch|p1a: Claydol|Claydol|57/100
|switch|p2a: Skarmory|Skarmory, M|100/100 par
|
|-heal|p1a: Claydol|63/100|[from] item: Leftovers
|upkeep
|turn|181
|
|t:|1730219221
|switch|p2a: Claydol|Claydol|47/100
|move|p1a: Claydol|Rapid Spin|p2a: Claydol
|-damage|p2a: Claydol|42/100
|-sideend|p1: wiilink100|Spikes|[from] move: Rapid Spin|[of] p1a: Claydol
|
|-heal|p1a: Claydol|69/100|[from] item: Leftovers
|-heal|p2a: Claydol|48/100|[from] item: Leftovers
|upkeep
|turn|182
|
|t:|1730219227
|switch|p1a: Blissey|Blissey, F|100/100
|move|p2a: Claydol|Rapid Spin|p1a: Blissey
|-damage|p1a: Blissey|96/100
|-sideend|p2: voyager|Spikes|[from] move: Rapid Spin|[of] p2a: Claydol
|
|-heal|p2a: Claydol|55/100|[from] item: Leftovers
|-heal|p1a: Blissey|100/100|[from] item: Leftovers
|upkeep
|turn|183
|
|t:|1730219230
|switch|p2a: Suicune|Suicune|100/100 slp
|move|p1a: Blissey|Ice Beam|p2a: Suicune
|-resisted|p2a: Suicune
|-damage|p2a: Suicune|92/100 slp
|
|-heal|p2a: Suicune|99/100 slp|[from] item: Leftovers
|upkeep
|turn|184
|
|t:|1730219234
|switch|p1a: Claydol|Claydol|69/100
|cant|p2a: Suicune|slp
|
|-heal|p2a: Suicune|100/100 slp|[from] item: Leftovers
|-heal|p1a: Claydol|75/100|[from] item: Leftovers
|upkeep
|turn|185
|
|t:|1730219240
|switch|p2a: Skarmory|Skarmory, M|100/100 par
|switch|p1a: Milotic|Milotic, M|94/100
|
|-heal|p1a: Milotic|99/100|[from] item: Leftovers
|upkeep
|turn|186
|
|t:|1730219245
|switch|p1a: Skarmory|Skarmory, M|100/100
|switch|p2a: Zapdos|Zapdos|100/100 slp
|
|upkeep
|turn|187
|
|t:|1730219251
|switch|p1a: Blissey|Blissey, F|100/100
|cant|p2a: Zapdos|slp
|
|upkeep
|turn|188
|
|t:|1730219253
|switch|p2a: Suicune|Suicune|100/100 slp
|switch|p1a: Claydol|Claydol|75/100
|
|-heal|p1a: Claydol|81/100|[from] item: Leftovers
|upkeep
|turn|189
|
|t:|1730219259
|switch|p1a: Milotic|Milotic, M|99/100
|cant|p2a: Suicune|slp
|
|-heal|p1a: Milotic|100/100|[from] item: Leftovers
|upkeep
|turn|190
|
|t:|1730219266
|switch|p1a: Blissey|Blissey, F|100/100
|switch|p2a: Skarmory|Skarmory, M|100/100 par
|
|upkeep
|turn|191
|
|t:|1730219272
|switch|p1a: Milotic|Milotic, M|100/100
|move|p2a: Skarmory|Spikes|p1a: Milotic
|-sidestart|p1: wiilink100|Spikes
|
|upkeep
|turn|192
|
|t:|1730219280
|move|p1a: Milotic|Surf|p2a: Skarmory
|-damage|p2a: Skarmory|72/100 par
|move|p2a: Skarmory|Drill Peck|p1a: Milotic
|-damage|p1a: Milotic|82/100
|
|-heal|p1a: Milotic|89/100|[from] item: Leftovers
|-heal|p2a: Skarmory|78/100 par|[from] item: Leftovers
|upkeep
|turn|193
|
|t:|1730219286
|switch|p1a: Skarmory|Skarmory, M|100/100
|move|p2a: Skarmory|Drill Peck|p1a: Skarmory
|-resisted|p1a: Skarmory
|-damage|p1a: Skarmory|91/100
|
|-heal|p1a: Skarmory|97/100|[from] item: Leftovers
|-heal|p2a: Skarmory|84/100 par|[from] item: Leftovers
|upkeep
|turn|194
|
|t:|1730219290
|switch|p2a: Suicune|Suicune|100/100 slp
|move|p1a: Skarmory|Spikes|p2a: Suicune
|-sidestart|p2: voyager|Spikes
|
|-heal|p1a: Skarmory|100/100|[from] item: Leftovers
|upkeep
|turn|195
|
|t:|1730219294
|switch|p2a: Zapdos|Zapdos|100/100 slp
|switch|p1a: Milotic|Milotic, M|89/100
|-damage|p1a: Milotic|76/100|[from] Spikes
|
|-heal|p1a: Milotic|82/100|[from] item: Leftovers
|upkeep
|turn|196
|
|t:|1730219298
|switch|p2a: Suicune|Suicune|100/100 slp
|-damage|p2a: Suicune|88/100 slp|[from] Spikes
|switch|p1a: Blissey|Blissey, F|100/100
|-damage|p1a: Blissey|88/100|[from] Spikes
|
|-heal|p2a: Suicune|94/100 slp|[from] item: Leftovers
|-heal|p1a: Blissey|94/100|[from] item: Leftovers
|upkeep
|turn|197
|
|t:|1730219301
|switch|p2a: Zapdos|Zapdos|100/100 slp
|switch|p1a: Milotic|Milotic, M|82/100
|-damage|p1a: Milotic|70/100|[from] Spikes
|
|-heal|p1a: Milotic|76/100|[from] item: Leftovers
|upkeep
|turn|198
|
|t:|1730219308
|switch|p2a: Skarmory|Skarmory, M|84/100 par
|switch|p1a: Skarmory|Skarmory, M|100/100
|
|-heal|p2a: Skarmory|90/100 par|[from] item: Leftovers
|upkeep
|turn|199
|
|t:|1730219313
|switch|p1a: Claydol|Claydol|81/100
|cant|p2a: Skarmory|par
|
|-heal|p1a: Claydol|87/100|[from] item: Leftovers
|-heal|p2a: Skarmory|96/100 par|[from] item: Leftovers
|upkeep
|turn|200
|
|t:|1730219317
|switch|p2a: Claydol|Claydol|55/100
|move|p1a: Claydol|Rapid Spin|p2a: Claydol
|-damage|p2a: Claydol|50/100
|-sideend|p1: wiilink100|Spikes|[from] move: Rapid Spin|[of] p1a: Claydol
|
|-heal|p1a: Claydol|93/100|[from] item: Leftovers
|-heal|p2a: Claydol|56/100|[from] item: Leftovers
|upkeep
|turn|201
|
|t:|1730219320
|move|p1a: Claydol|Psychic|p2a: Claydol
|-resisted|p2a: Claydol
|-damage|p2a: Claydol|46/100
|move|p2a: Claydol|Rapid Spin|p1a: Claydol
|-damage|p1a: Claydol|88/100
|-sideend|p2: voyager|Spikes|[from] move: Rapid Spin|[of] p2a: Claydol
|
|-heal|p1a: Claydol|94/100|[from] item: Leftovers
|-heal|p2a: Claydol|53/100|[from] item: Leftovers
|upkeep
|turn|202
|
|t:|1730219328
|switch|p2a: Skarmory|Skarmory, M|96/100 par
|move|p1a: Claydol|Psychic|p2a: Skarmory
|-resisted|p2a: Skarmory
|-damage|p2a: Skarmory|86/100 par
|
|-heal|p1a: Claydol|99/100|[from] item: Leftovers
|-heal|p2a: Skarmory|92/100 par|[from] item: Leftovers
|upkeep
|turn|203
|
|t:|1730219333
|switch|p1a: Blissey|Blissey, F|94/100
|move|p2a: Skarmory|Drill Peck|p1a: Blissey
|-damage|p1a: Blissey|74/100
|
|-heal|p1a: Blissey|80/100|[from] item: Leftovers
|-heal|p2a: Skarmory|98/100 par|[from] item: Leftovers
|upkeep
|turn|204
|
|t:|1730219336
|switch|p1a: Skarmory|Skarmory, M|100/100
|switch|p2a: Suicune|Suicune|94/100 slp
|
|-heal|p2a: Suicune|100/100 slp|[from] item: Leftovers
|upkeep
|turn|205
|
|t:|1730219338
|switch|p2a: Zapdos|Zapdos|100/100 slp
|switch|p1a: Milotic|Milotic, M|76/100
|
|-heal|p1a: Milotic|82/100|[from] item: Leftovers
|upkeep
|turn|206
|c|☆wiilink100|At what point do we just call it lol
|
|t:|1730219348
|switch|p2a: Skarmory|Skarmory, M|98/100 par
|switch|p1a: Claydol|Claydol|99/100
|
|-heal|p1a: Claydol|100/100|[from] item: Leftovers
|-heal|p2a: Skarmory|100/100 par|[from] item: Leftovers
|upkeep
|turn|207
|
|t:|1730219354
|switch|p1a: Skarmory|Skarmory, M|100/100
|move|p2a: Skarmory|Drill Peck|p1a: Skarmory
|-resisted|p1a: Skarmory
|-damage|p1a: Skarmory|92/100
|
|-heal|p1a: Skarmory|98/100|[from] item: Leftovers
|upkeep
|turn|208
|
|t:|1730219363
|switch|p1a: Claydol|Claydol|100/100
|move|p2a: Skarmory|Spikes|p1a: Claydol
|-sidestart|p1: wiilink100|Spikes
|
|upkeep
|turn|209
|
|t:|1730219365
|move|p1a: Claydol|Rapid Spin|p2a: Skarmory
|-resisted|p2a: Skarmory
|-damage|p2a: Skarmory|99/100 par
|-sideend|p1: wiilink100|Spikes|[from] move: Rapid Spin|[of] p1a: Claydol
|move|p2a: Skarmory|Drill Peck|p1a: Claydol
|-damage|p1a: Claydol|76/100
|
|-heal|p1a: Claydol|82/100|[from] item: Leftovers
|-heal|p2a: Skarmory|100/100 par|[from] item: Leftovers
|upkeep
|turn|210
|
|t:|1730219372
|switch|p1a: Skarmory|Skarmory, M|98/100
|move|p2a: Skarmory|Drill Peck|p1a: Skarmory
|-resisted|p1a: Skarmory
|-damage|p1a: Skarmory|90/100
|
|-heal|p1a: Skarmory|96/100|[from] item: Leftovers
|upkeep
|turn|211
|
|t:|1730219376
|switch|p1a: Milotic|Milotic, M|82/100
|switch|p2a: Zapdos|Zapdos|100/100 slp
|
|-heal|p1a: Milotic|88/100|[from] item: Leftovers
|upkeep
|turn|212
|
|t:|1730219379
|switch|p1a: Claydol|Claydol|82/100
|cant|p2a: Zapdos|slp
|
|-heal|p1a: Claydol|88/100|[from] item: Leftovers
|upkeep
|turn|213
|
|t:|1730219385
|switch|p2a: Claydol|Claydol|53/100
|switch|p1a: Blissey|Blissey, F|80/100
|
|-heal|p2a: Claydol|59/100|[from] item: Leftovers
|-heal|p1a: Blissey|86/100|[from] item: Leftovers
|upkeep
|turn|214
|
|t:|1730219392
|switch|p2a: Suicune|Suicune|100/100 slp
|switch|p1a: Skarmory|Skarmory, M|96/100
|
|-heal|p1a: Skarmory|100/100|[from] item: Leftovers
|upkeep
|turn|215
|
|t:|1730219395
|switch|p2a: Zapdos|Zapdos|100/100 slp
|switch|p1a: Milotic|Milotic, M|88/100
|
|-heal|p1a: Milotic|94/100|[from] item: Leftovers
|upkeep
|turn|216
|
|t:|1730219400
|switch|p2a: Suicune|Suicune|100/100 slp
|switch|p1a: Claydol|Claydol|88/100
|
|-heal|p1a: Claydol|94/100|[from] item: Leftovers
|upkeep
|turn|217
|
|t:|1730219409
|switch|p2a: Claydol|Claydol|59/100
|switch|p1a: Milotic|Milotic, M|94/100
|
|-heal|p1a: Milotic|99/100|[from] item: Leftovers
|-heal|p2a: Claydol|65/100|[from] item: Leftovers
|upkeep
|turn|218
|
|t:|1730219415
|switch|p1a: Skarmory|Skarmory, M|100/100
|move|p2a: Claydol|Psychic|p1a: Skarmory
|-resisted|p1a: Skarmory
|-damage|p1a: Skarmory|90/100
|
|-heal|p2a: Claydol|71/100|[from] item: Leftovers
|-heal|p1a: Skarmory|96/100|[from] item: Leftovers
|upkeep
|turn|219
|
|t:|1730219423
|switch|p2a: Suicune|Suicune|100/100 slp
|switch|p1a: Milotic|Milotic, M|99/100
|
|-heal|p1a: Milotic|100/100|[from] item: Leftovers
|upkeep
|turn|220
|
|t:|1730219426
|switch|p1a: Blissey|Blissey, F|86/100
|switch|p2a: Zapdos|Zapdos|100/100 slp
|
|-heal|p1a: Blissey|92/100|[from] item: Leftovers
|upkeep
|turn|221
|
|t:|1730219429
|switch|p2a: Claydol|Claydol|71/100
|switch|p1a: Claydol|Claydol|94/100
|
|-heal|p1a: Claydol|99/100|[from] item: Leftovers
|-heal|p2a: Claydol|77/100|[from] item: Leftovers
|upkeep
|turn|222
|
|t:|1730219434
|switch|p1a: Milotic|Milotic, M|100/100
|move|p2a: Claydol|Psychic|p1a: Milotic
|-damage|p1a: Milotic|85/100
|
|-heal|p1a: Milotic|91/100|[from] item: Leftovers
|-heal|p2a: Claydol|84/100|[from] item: Leftovers
|upkeep
|turn|223
|
|t:|1730219452
|switch|p1a: Claydol|Claydol|99/100
|move|p2a: Claydol|Earthquake|p1a: Claydol
|-immune|p1a: Claydol
|
|-heal|p1a: Claydol|100/100|[from] item: Leftovers
|-heal|p2a: Claydol|90/100|[from] item: Leftovers
|upkeep
|turn|224
|
|t:|1730219458
|switch|p1a: Skarmory|Skarmory, M|96/100
|move|p2a: Claydol|Earthquake|p1a: Skarmory
|-immune|p1a: Skarmory
|
|-heal|p2a: Claydol|96/100|[from] item: Leftovers
|-heal|p1a: Skarmory|100/100|[from] item: Leftovers
|upkeep
|turn|225
|
|t:|1730219461
|switch|p2a: Skarmory|Skarmory, M|100/100 par
|switch|p1a: Claydol|Claydol|100/100
|
|upkeep
|turn|226
|
|t:|1730219465
|switch|p1a: Skarmory|Skarmory, M|100/100
|switch|p2a: Claydol|Claydol|96/100
|
|-heal|p2a: Claydol|100/100|[from] item: Leftovers
|upkeep
|turn|227
|
|t:|1730219469
|switch|p2a: Skarmory|Skarmory, M|100/100 par
|move|p1a: Skarmory|Drill Peck|p2a: Skarmory
|-resisted|p2a: Skarmory
|-damage|p2a: Skarmory|92/100 par
|
|-heal|p2a: Skarmory|98/100 par|[from] item: Leftovers
|upkeep
|turn|228
|
|t:|1730219474
|switch|p1a: Milotic|Milotic, M|91/100
|switch|p2a: Claydol|Claydol|100/100
|
|-heal|p1a: Milotic|97/100|[from] item: Leftovers
|upkeep
|turn|229
|
|t:|1730219478
|switch|p1a: Skarmory|Skarmory, M|100/100
|move|p2a: Claydol|Earthquake|p1a: Skarmory
|-immune|p1a: Skarmory
|
|upkeep
|turn|230
|
|t:|1730219481
|switch|p2a: Suicune|Suicune|100/100 slp
|switch|p1a: Claydol|Claydol|100/100
|
|upkeep
|turn|231
|
|t:|1730219485
|switch|p1a: Milotic|Milotic, M|97/100
|-curestatus|p2a: Suicune|slp|[msg]
|move|p2a: Suicune|Surf|p1a: Milotic
|-resisted|p1a: Milotic
|-damage|p1a: Milotic|86/100
|
|-heal|p1a: Milotic|92/100|[from] item: Leftovers
|upkeep
|turn|232
|
|t:|1730219491
|switch|p1a: Blissey|Blissey, F|92/100
|switch|p2a: Zapdos|Zapdos|100/100 slp
|
|-heal|p1a: Blissey|99/100|[from] item: Leftovers
|upkeep
|turn|233
|
|t:|1730219493
|switch|p2a: Claydol|Claydol|100/100
|switch|p1a: Claydol|Claydol|100/100
|
|upkeep
|turn|234
|
|t:|1730219495
|switch|p1a: Skarmory|Skarmory, M|100/100
|move|p2a: Claydol|Psychic|p1a: Skarmory
|-resisted|p1a: Skarmory
|-damage|p1a: Skarmory|90/100
|
|-heal|p1a: Skarmory|96/100|[from] item: Leftovers
|upkeep
|turn|235
|
|t:|1730219499
|switch|p1a: Milotic|Milotic, M|92/100
|move|p2a: Claydol|Psychic|p1a: Milotic
|-damage|p1a: Milotic|77/100
|
|-heal|p1a: Milotic|83/100|[from] item: Leftovers
|upkeep
|turn|236
|
|t:|1730219505
|switch|p1a: Claydol|Claydol|100/100
|switch|p2a: Skarmory|Skarmory, M|98/100 par
|
|-heal|p2a: Skarmory|100/100 par|[from] item: Leftovers
|upkeep
|turn|237
|
|t:|1730219509
|switch|p1a: Skarmory|Skarmory, M|96/100
|switch|p2a: Claydol|Claydol|100/100
|
|-heal|p1a: Skarmory|100/100|[from] item: Leftovers
|upkeep
|turn|238
|
|t:|1730219513
|switch|p2a: Suicune|Suicune|100/100
|switch|p1a: Claydol|Claydol|100/100
|
|upkeep
|turn|239
|
|t:|1730219515
|switch|p2a: Claydol|Claydol|100/100
|switch|p1a: Milotic|Milotic, M|83/100
|
|-heal|p1a: Milotic|89/100|[from] item: Leftovers
|upkeep
|turn|240
|
|t:|1730219518
|switch|p1a: Claydol|Claydol|100/100
|move|p2a: Claydol|Earthquake|p1a: Claydol
|-immune|p1a: Claydol
|
|upkeep
|turn|241
|
|t:|1730219523
|switch|p1a: Skarmory|Skarmory, M|100/100
|move|p2a: Claydol|Psychic|p1a: Skarmory
|-resisted|p1a: Skarmory
|-damage|p1a: Skarmory|90/100
|
|-heal|p1a: Skarmory|96/100|[from] item: Leftovers
|upkeep
|turn|242
|
|t:|1730219527
|switch|p2a: Suicune|Suicune|100/100
|switch|p1a: Claydol|Claydol|100/100
|
|upkeep
|turn|243
|
|t:|1730219529
|switch|p2a: Claydol|Claydol|100/100
|switch|p1a: Milotic|Milotic, M|89/100
|
|-heal|p1a: Milotic|95/100|[from] item: Leftovers
|upkeep
|turn|244
|
|t:|1730219533
|move|p1a: Milotic|Surf|p2a: Claydol
|-supereffective|p2a: Claydol
|-damage|p2a: Claydol|45/100
|move|p2a: Claydol|Earthquake|p1a: Milotic
|-damage|p1a: Milotic|73/100
|
|-heal|p1a: Milotic|79/100|[from] item: Leftovers
|-heal|p2a: Claydol|51/100|[from] item: Leftovers
|upkeep
|turn|245
|
|t:|1730219540
|switch|p1a: Claydol|Claydol|100/100
|switch|p2a: Skarmory|Skarmory, M|100/100 par
|
|upkeep
|turn|246
|
|t:|1730219542
|switch|p1a: Skarmory|Skarmory, M|96/100
|move|p2a: Skarmory|Drill Peck|p1a: Skarmory
|-resisted|p1a: Skarmory
|-damage|p1a: Skarmory|86/100
|
|-heal|p1a: Skarmory|92/100|[from] item: Leftovers
|upkeep
|turn|247
|
|t:|1730219544
|switch|p1a: Milotic|Milotic, M|79/100
|cant|p2a: Skarmory|par
|
|-heal|p1a: Milotic|85/100|[from] item: Leftovers
|upkeep
|turn|248
|
|t:|1730219547
|switch|p1a: Skarmory|Skarmory, M|92/100
|move|p2a: Skarmory|Spikes|p1a: Skarmory
|-sidestart|p1: wiilink100|Spikes
|
|-heal|p1a: Skarmory|98/100|[from] item: Leftovers
|upkeep
|turn|249
|
|t:|1730219551
|switch|p1a: Milotic|Milotic, M|85/100
|-damage|p1a: Milotic|73/100|[from] Spikes
|switch|p2a: Claydol|Claydol|51/100
|
|-heal|p1a: Milotic|79/100|[from] item: Leftovers
|-heal|p2a: Claydol|57/100|[from] item: Leftovers
|upkeep
|turn|250
|
|t:|1730219555
|switch|p1a: Claydol|Claydol|100/100
|move|p2a: Claydol|Explosion|p1a: Claydol
|-damage|p1a: Claydol|0 fnt
|faint|p2a: Claydol
|faint|p1a: Claydol
|
|t:|1730219569
|switch|p1a: Skarmory|Skarmory, M|98/100
|switch|p2a: Skarmory|Skarmory, M|100/100 par
|
|-heal|p1a: Skarmory|100/100|[from] item: Leftovers
|upkeep
|turn|251
|
|t:|1730219574
|move|p1a: Skarmory|Spikes|p2a: Skarmory
|-sidestart|p2: voyager|Spikes
|move|p2a: Skarmory|Spikes|p1a: Skarmory
|-sidestart|p1: wiilink100|Spikes
|
|upkeep
|turn|252
|
|t:|1730219576
|move|p1a: Skarmory|Spikes|p2a: Skarmory
|-sidestart|p2: voyager|Spikes
|move|p2a: Skarmory|Spikes|p1a: Skarmory
|-sidestart|p1: wiilink100|Spikes
|
|upkeep
|turn|253
|
|t:|1730219579
|switch|p2a: Suicune|Suicune|100/100
|-damage|p2a: Suicune|84/100|[from] Spikes
|move|p1a: Skarmory|Spikes|p2a: Suicune
|-sidestart|p2: voyager|Spikes
|
|-heal|p2a: Suicune|90/100|[from] item: Leftovers
|upkeep
|turn|254
|
|t:|1730219583
|switch|p1a: Milotic|Milotic, M|79/100
|-damage|p1a: Milotic|54/100|[from] Spikes
|move|p2a: Suicune|Calm Mind|p2a: Suicune
|-boost|p2a: Suicune|spa|1
|-boost|p2a: Suicune|spd|1
|
|-heal|p1a: Milotic|60/100|[from] item: Leftovers
|-heal|p2a: Suicune|96/100|[from] item: Leftovers
|upkeep
|turn|255
|
|t:|1730219586
|move|p1a: Milotic|Recover|p1a: Milotic
|-heal|p1a: Milotic|100/100
|move|p2a: Suicune|Calm Mind|p2a: Suicune
|-boost|p2a: Suicune|spa|1
|-boost|p2a: Suicune|spd|1
|
|-heal|p2a: Suicune|100/100|[from] item: Leftovers
|upkeep
|turn|256
|
|t:|1730219592
|switch|p1a: Skarmory|Skarmory, M|100/100
|move|p2a: Suicune|Calm Mind|p2a: Suicune
|-boost|p2a: Suicune|spa|1
|-boost|p2a: Suicune|spd|1
|
|upkeep
|turn|257
|
|t:|1730219594
|move|p2a: Suicune|Calm Mind|p2a: Suicune
|-boost|p2a: Suicune|spa|1
|-boost|p2a: Suicune|spd|1
|move|p1a: Skarmory|Toxic|p2a: Suicune
|-status|p2a: Suicune|tox
|
|-damage|p2a: Suicune|94/100 tox|[from] psn
|upkeep
|turn|258
|
|t:|1730219602
|switch|p1a: Milotic|Milotic, M|100/100
|-damage|p1a: Milotic|76/100|[from] Spikes
|move|p2a: Suicune|Calm Mind|p2a: Suicune
|-boost|p2a: Suicune|spa|1
|-boost|p2a: Suicune|spd|1
|
|-heal|p1a: Milotic|82/100|[from] item: Leftovers
|-heal|p2a: Suicune|100/100 tox|[from] item: Leftovers
|-damage|p2a: Suicune|88/100 tox|[from] psn
|upkeep
|turn|259
|
|t:|1730219610
|move|p1a: Milotic|Refresh||[still]
|-fail|p1a: Milotic
|move|p2a: Suicune|Calm Mind|p2a: Suicune
|-boost|p2a: Suicune|spa|1
|-boost|p2a: Suicune|spd|1
|
|-heal|p1a: Milotic|88/100|[from] item: Leftovers
|-heal|p2a: Suicune|94/100 tox|[from] item: Leftovers
|-damage|p2a: Suicune|76/100 tox|[from] psn
|upkeep
|turn|260
|
|t:|1730219613
|switch|p1a: Skarmory|Skarmory, M|100/100
|move|p2a: Suicune|Rest|p2a: Suicune
|-status|p2a: Suicune|slp|[from] move: Rest
|-heal|p2a: Suicune|100/100 slp|[silent]
|
|upkeep
|turn|261
|
|t:|1730219619
|switch|p1a: Milotic|Milotic, M|88/100
|-damage|p1a: Milotic|63/100|[from] Spikes
|cant|p2a: Suicune|slp
|
|-heal|p1a: Milotic|69/100|[from] item: Leftovers
|upkeep
|turn|262
|
|t:|1730219624
|move|p1a: Milotic|Recover|p1a: Milotic
|-heal|p1a: Milotic|100/100
|cant|p2a: Suicune|slp
|
|upkeep
|turn|263
|
|t:|1730219629
|move|p1a: Milotic|Refresh||[still]
|-fail|p1a: Milotic
|-curestatus|p2a: Suicune|slp|[msg]
|move|p2a: Suicune|Roar|p1a: Milotic
|drag|p1a: Skarmory|Skarmory, M|100/100
|
|upkeep
|turn|264
|
|t:|1730219637
|switch|p1a: Milotic|Milotic, M|100/100
|-damage|p1a: Milotic|76/100|[from] Spikes
|move|p2a: Suicune|Surf|p1a: Milotic
|-resisted|p1a: Milotic
|-damage|p1a: Milotic|34/100
|
|-heal|p1a: Milotic|40/100|[from] item: Leftovers
|upkeep
|turn|265
|
|t:|1730219642
|move|p1a: Milotic|Recover|p1a: Milotic
|-heal|p1a: Milotic|90/100
|move|p2a: Suicune|Roar|p1a: Milotic
|drag|p1a: Skarmory|Skarmory, M|100/100
|
|upkeep
|turn|266
|
|t:|1730219650
|switch|p1a: Milotic|Milotic, M|90/100
|-damage|p1a: Milotic|65/100|[from] Spikes
|move|p2a: Suicune|Roar|p1a: Milotic
|drag|p1a: Blissey|Blissey, F|99/100
|-damage|p1a: Blissey|74/100|[from] Spikes
|
|-heal|p1a: Blissey|80/100|[from] item: Leftovers
|upkeep
|turn|267
|
|t:|1730219657
|move|p1a: Blissey|Thunder Wave|p2a: Suicune
|-status|p2a: Suicune|par
|move|p2a: Suicune|Roar|p1a: Blissey
|drag|p1a: Skarmory|Skarmory, M|100/100
|
|upkeep
|turn|268
|
|t:|1730219661
|move|p1a: Skarmory|Drill Peck|p2a: Suicune
|-damage|p2a: Suicune|88/100 par
|move|p2a: Suicune|Roar|p1a: Skarmory
|drag|p1a: Milotic|Milotic, M|65/100
|-damage|p1a: Milotic|40/100|[from] Spikes
|
|-heal|p1a: Milotic|46/100|[from] item: Leftovers
|-heal|p2a: Suicune|94/100 par|[from] item: Leftovers
|upkeep
|turn|269
|
|t:|1730219665
|move|p1a: Milotic|Recover|p1a: Milotic
|-heal|p1a: Milotic|96/100
|move|p2a: Suicune|Roar|p1a: Milotic
|drag|p1a: Blissey|Blissey, F|80/100
|-damage|p1a: Blissey|55/100|[from] Spikes
|
|-heal|p1a: Blissey|61/100|[from] item: Leftovers
|-heal|p2a: Suicune|99/100 par|[from] item: Leftovers
|upkeep
|turn|270
|
|t:|1730219670
|move|p1a: Blissey|Soft-Boiled|p1a: Blissey
|-heal|p1a: Blissey|100/100
|move|p2a: Suicune|Rest|p2a: Suicune
|-status|p2a: Suicune|slp|[from] move: Rest
|-heal|p2a: Suicune|100/100 slp|[silent]
|
|upkeep
|turn|271
|
|t:|1730219681
|switch|p1a: Milotic|Milotic, M|96/100
|-damage|p1a: Milotic|71/100|[from] Spikes
|cant|p2a: Suicune|slp
|
|-heal|p1a: Milotic|77/100|[from] item: Leftovers
|upkeep
|turn|272
|
|t:|1730219684
|switch|p1a: Skarmory|Skarmory, M|100/100
|cant|p2a: Suicune|slp
|
|upkeep
|turn|273
|
|t:|1730219687
|move|p1a: Skarmory|Toxic||[still]
|-fail|p1a: Skarmory
|-curestatus|p2a: Suicune|slp|[msg]
|move|p2a: Suicune|Roar|p1a: Skarmory
|drag|p1a: Milotic|Milotic, M|77/100
|-damage|p1a: Milotic|52/100|[from] Spikes
|
|-heal|p1a: Milotic|59/100|[from] item: Leftovers
|upkeep
|turn|274
|
|t:|1730219693
|move|p1a: Milotic|Recover|p1a: Milotic
|-heal|p1a: Milotic|100/100
|move|p2a: Suicune|Roar|p1a: Milotic
|drag|p1a: Blissey|Blissey, F|100/100
|-damage|p1a: Blissey|76/100|[from] Spikes
|
|-heal|p1a: Blissey|82/100|[from] item: Leftovers
|upkeep
|turn|275
|
|t:|1730219706
|move|p2a: Suicune|Calm Mind|p2a: Suicune
|-boost|p2a: Suicune|spa|0
|-boost|p2a: Suicune|spd|0
|move|p1a: Blissey|Thunder Wave|p2a: Suicune
|-status|p2a: Suicune|par
|
|-heal|p1a: Blissey|88/100|[from] item: Leftovers
|upkeep
|turn|276
|
|t:|1730219713
|switch|p1a: Milotic|Milotic, M|100/100
|-damage|p1a: Milotic|76/100|[from] Spikes
|move|p2a: Suicune|Calm Mind|p2a: Suicune
|-boost|p2a: Suicune|spa|0
|-boost|p2a: Suicune|spd|0
|
|-heal|p1a: Milotic|82/100|[from] item: Leftovers
|upkeep
|turn|277
|
|t:|1730219720
|move|p1a: Milotic|Refresh||[still]
|-fail|p1a: Milotic
|cant|p2a: Suicune|par
|
|-heal|p1a: Milotic|88/100|[from] item: Leftovers
|upkeep
|turn|278
|
|t:|1730219726
|move|p1a: Milotic|Refresh||[still]
|-fail|p1a: Milotic
|move|p2a: Suicune|Roar|p1a: Milotic
|drag|p1a: Blissey|Blissey, F|88/100
|-damage|p1a: Blissey|63/100|[from] Spikes
|
|-heal|p1a: Blissey|69/100|[from] item: Leftovers
|upkeep
|turn|279
|
|t:|1730219732
|move|p1a: Blissey|Soft-Boiled|p1a: Blissey
|-heal|p1a: Blissey|100/100
|cant|p2a: Suicune|par
|
|upkeep
|turn|280
|
|t:|1730219737
|switch|p1a: Milotic|Milotic, M|88/100
|-damage|p1a: Milotic|63/100|[from] Spikes
|move|p2a: Suicune|Roar|p1a: Milotic
|drag|p1a: Blissey|Blissey, F|100/100
|-damage|p1a: Blissey|76/100|[from] Spikes
|
|-heal|p1a: Blissey|82/100|[from] item: Leftovers
|upkeep
|turn|281
|
|t:|1730219741
|switch|p1a: Skarmory|Skarmory, M|100/100
|cant|p2a: Suicune|par
|
|upkeep
|turn|282
|
|t:|1730219750
|switch|p1a: Milotic|Milotic, M|63/100
|-damage|p1a: Milotic|38/100|[from] Spikes
|move|p2a: Suicune|Surf|p1a: Milotic
|-resisted|p1a: Milotic
|-damage|p1a: Milotic|0 fnt
|faint|p1a: Milotic
|
|t:|1730219754
|switch|p1a: Blissey|Blissey, F|82/100
|-damage|p1a: Blissey|57/100|[from] Spikes
|
|-heal|p1a: Blissey|63/100|[from] item: Leftovers
|upkeep
|turn|283
|
|t:|1730219756
|move|p1a: Blissey|Soft-Boiled|p1a: Blissey
|-heal|p1a: Blissey|100/100
|cant|p2a: Suicune|par
|
|upkeep
|turn|284
|
|t:|1730219764
|move|p1a: Blissey|Seismic Toss|p2a: Suicune
|-damage|p2a: Suicune|76/100 par
|move|p2a: Suicune|Roar|p1a: Blissey
|drag|p1a: Skarmory|Skarmory, M|100/100
|
|-heal|p2a: Suicune|82/100 par|[from] item: Leftovers
|upkeep
|turn|285
|
|t:|1730219766
|move|p1a: Skarmory|Drill Peck|p2a: Suicune
|-damage|p2a: Suicune|68/100 par
|move|p2a: Suicune|Rest|p2a: Suicune
|-status|p2a: Suicune|slp|[from] move: Rest
|-heal|p2a: Suicune|100/100 slp|[silent]
|
|upkeep
|turn|286
|
|t:|1730219768
|cant|p2a: Suicune|slp
|move|p1a: Skarmory|Drill Peck|p2a: Suicune
|-damage|p2a: Suicune|87/100 slp
|
|-heal|p2a: Suicune|94/100 slp|[from] item: Leftovers
|upkeep
|turn|287
|
|t:|1730219771
|cant|p2a: Suicune|slp
|move|p1a: Skarmory|Drill Peck|p2a: Suicune
|-damage|p2a: Suicune|80/100 slp
|
|-heal|p2a: Suicune|86/100 slp|[from] item: Leftovers
|upkeep
|turn|288
|c|☆wiilink100|That's all she wrote, it seems
|
|t:|1730219778
|-curestatus|p2a: Suicune|slp|[msg]
|move|p2a: Suicune|Surf|p1a: Skarmory
|-damage|p1a: Skarmory|0 fnt
|faint|p1a: Skarmory
|
|t:|1730219780
|switch|p1a: Blissey|Blissey, F|100/100
|-damage|p1a: Blissey|76/100|[from] Spikes
|
|-heal|p2a: Suicune|93/100|[from] item: Leftovers
|-heal|p1a: Blissey|82/100|[from] item: Leftovers
|upkeep
|turn|289
|
|t:|1730219782
|move|p2a: Suicune|Surf|p1a: Blissey
|-damage|p1a: Blissey|34/100
|move|p1a: Blissey|Thunder Wave|p2a: Suicune
|-status|p2a: Suicune|par
|
|-heal|p1a: Blissey|40/100|[from] item: Leftovers
|-heal|p2a: Suicune|99/100 par|[from] item: Leftovers
|upkeep
|turn|290
|c|☆voyager|sorry about this, not fun for anyone
|
|t:|1730219797
|switch|p2a: Zapdos|Zapdos|100/100 slp
|move|p1a: Blissey|Soft-Boiled|p1a: Blissey
|-heal|p1a: Blissey|90/100
|
|-heal|p1a: Blissey|96/100|[from] item: Leftovers
|upkeep
|turn|291
|c|☆wiilink100|It what it is
|
|t:|1730219803
|-curestatus|p2a: Zapdos|slp|[msg]
|move|p2a: Zapdos|Toxic|p1a: Blissey
|-status|p1a: Blissey|tox
|move|p1a: Blissey|Ice Beam|p2a: Zapdos
|-supereffective|p2a: Zapdos
|-damage|p2a: Zapdos|69/100
|-status|p2a: Zapdos|frz
|
|-heal|p2a: Zapdos|75/100 frz|[from] item: Leftovers
|-heal|p1a: Blissey|100/100 tox|[from] item: Leftovers
|-damage|p1a: Blissey|94/100 tox|[from] psn
|upkeep
|turn|292
|c|☆voyager|ggs
|
|t:|1730219811
|switch|p2a: Suicune|Suicune|99/100 par
|-damage|p2a: Suicune|74/100 par|[from] Spikes
|move|p1a: Blissey|Ice Beam|p2a: Suicune
|-resisted|p2a: Suicune
|-damage|p2a: Suicune|66/100 par
|
|-heal|p1a: Blissey|100/100 tox|[from] item: Leftovers
|-damage|p1a: Blissey|88/100 tox|[from] psn
|-heal|p2a: Suicune|72/100 par|[from] item: Leftovers
|upkeep
|turn|293
|c|☆wiilink100|gg wp
|c|☆voyager|u2
|c|☆wiilink100|gl next
|-message|wiilink100 forfeited.
|
|win|voyager
|c|☆voyager|thanks man
|player|p1|
|player|p1|wiilink100|102|
|c|☆voyager|gl in whatever u do next

</script>
<script type="application/json" class="data" id="replaydata-smogtours-gen3ou-803243">
{"id":"smogtours-gen3ou-803243","format":"[Gen 3] OU","players":["wiilink100","voyager"],"uploadtime":1730219824,"views":75,"formatid":"gen3ou","rating":null,"private":0,"password":null}
</script>

<script defer src="js/replays.js?9d40a366"></script>
