<!DOCTYPE html>
<meta charset="utf-8" />
<meta name="viewport" content="width=device-width" />

<title>[Gen 3] OU: KeshBa45 vs. fayestra - Replays - Pok&eacute;mon Showdown!</title>

<meta name="description" content="Watch a replay of a Pok&eacute;mon battle between KeshBa45 and fayestra! Format: [Gen 3] OU; Date: Oct 12, 2024" />
<!--

Hey, you! Looking in the source for the replay log?

You can find them in JSON format, just add `.json` at the end of a replay URL.

https://replay.pokemonshowdown.com/gen7randomdoublesbattle-865046831.json

Or, if you only need the log itself, add `.log` instead:

https://replay.pokemonshowdown.com/gen7randomdoublesbattle-865046831.log

-->

<link rel="stylesheet" href="//pokemonshowdown.com/style/global.css?0.023195364461161105" />
<link rel="stylesheet" href="//play.pokemonshowdown.com/style/font-awesome.css?0.13261647063804238" />
<link rel="stylesheet" href="//play.pokemonshowdown.com/style/battle.css?0.8753245789963631" />
<link rel="stylesheet" href="//play.pokemonshowdown.com/style/utilichart.css?0.8627959624976733" />

<!-- Global site tag (gtag.js) - Google Analytics -->
<script async src="https://www.googletagmanager.com/gtag/js?id=UA-26211653-1"></script>
<script>
  window.dataLayer = window.dataLayer || [];
  function gtag(){dataLayer.push(arguments);}
  gtag('js', new Date());

  gtag('config', 'UA-26211653-1');
</script>
<!-- End Google Analytics -->
<!-- Venatus Ad Manager - Install in <HEAD> of page -->
	<script src="https://hb.vntsm.com/v3/live/ad-manager.min.js" type="text/javascript" data-site-id="642aba63ec9a7b11c3c9c1be" data-mode="scan" async></script>
<!-- / Venatus Ad Manager -->

<style>
	@media (max-width:820px) {
		.battle {
			margin: 0 auto;
		}
		.battle-log {
			margin: 7px auto 0;
			max-width: 640px;
			height: 300px;
			position: static;
		}
	}
	.optgroup {
		display: inline-block;
		line-height: 22px;
		font-size: 10pt;
	}
	.optgroup .button {
		height: 25px;
		padding-top: 0;
		padding-bottom: 0;
	}
	.optgroup button.button {
		padding-left: 12px;
		padding-right: 12px;
	}
	.linklist {
		list-style: none;
		margin: 0.5em 0;
		padding: 0;
	}
	.linklist li {
		padding: 2px 0;
	}
	.sidebar {
		float: left;
		width: 320px;
	}
	.bar-wrapper {
		max-width: 1100px;
		margin: 0 auto;
	}
	.bar-wrapper.has-sidebar {
		max-width: 1430px;
	}
	.mainbar {
		margin: 0;
		padding-right: 1px;
	}
	.mainbar.has-sidebar {
		margin-left: 330px;
	}
	@media (min-width: 1511px) {
		.sidebar {
			width: 400px;
		}
		.bar-wrapper.has-sidebar {
			max-width: 1510px;
		}
		.mainbar.has-sidebar {
			margin-left: 410px;
		}
	}
	.section.first-section {
		margin-top: 9px;
	}
	.blocklink small {
		white-space: normal;
	}
	.button {
		vertical-align: middle;
	}
	.replay-controls {
		padding-top: 10px;
	}
	.replay-controls h1 {
		font-size: 16pt;
		font-weight: normal;
		color: #CCC;
	}
	.pagelink {
		text-align: center;
	}
	.pagelink a {
		width: 150px;
	}
	.textbox, .button {
		font-size: 11pt;
		vertical-align: middle;
	}
	@media (max-width: 450px) {
		.button {
			font-size: 9pt;
		}
	}
</style>

<div>

	<header>
		<div class="nav-wrapper"><ul class="nav">
			<li><a class="button nav-first" href="//pokemonshowdown.com/"><img src="//pokemonshowdown.com/images/pokemonshowdownbeta.png" srcset="//pokemonshowdown.com/images/pokemonshowdownbeta.png 1x, //pokemonshowdown.com/images/pokemonshowdownbeta@2x.png 2x" alt="Pok&eacute;mon Showdown" width="146" height="44" /> Home</a></li>
			<li><a class="button" href="//pokemonshowdown.com/dex/">Pok&eacute;dex</a></li>
			<li><a class="button cur" href="/">Replays</a></li>
			<li><a class="button" href="//pokemonshowdown.com/ladder/">Ladder</a></li>
			<li><a class="button nav-last" href="//pokemonshowdown.com/forums/">Forum</a></li>
			<li><a class="button greenbutton nav-first nav-last" href="//play.pokemonshowdown.com/">Play</a></li>
		</ul></div>
	</header>

	<div class="main" id="main">

		<noscript><section class="section">You need to enable JavaScript to use this page; sorry!</section></noscript>

	</div>

</div>

<script defer nomodule src="//play.pokemonshowdown.com/js/lib/ps-polyfill.js"></script>
<script defer src="//play.pokemonshowdown.com/js/lib/preact.min.js"></script>

<script defer src="//play.pokemonshowdown.com/config/config.js?2bddbc15"></script>
<script defer src="//play.pokemonshowdown.com/js/lib/jquery-1.11.0.min.js"></script>
<script defer src="//play.pokemonshowdown.com/js/lib/html-sanitizer-minified.js"></script>
<script defer src="//play.pokemonshowdown.com/js/battle-sound.js"></script>
<script defer src="//play.pokemonshowdown.com/js/battledata.js?0.7209276989879541"></script>
<script defer src="//play.pokemonshowdown.com/data/pokedex-mini.js?0.6111056340867951"></script>
<script defer src="//play.pokemonshowdown.com/data/pokedex-mini-bw.js?0.3532142036491459"></script>
<script defer src="//play.pokemonshowdown.com/data/graphics.js?0.24223875632456182"></script>
<script defer src="//play.pokemonshowdown.com/data/pokedex.js?0.38839984266356864"></script>
<script defer src="//play.pokemonshowdown.com/data/moves.js?0.21866028504024015"></script>
<script defer src="//play.pokemonshowdown.com/data/abilities.js?0.2005157953846628"></script>
<script defer src="//play.pokemonshowdown.com/data/items.js?0.9894211263848525"></script>
<script defer src="//play.pokemonshowdown.com/data/teambuilder-tables.js?0.6008791140282215"></script>
<script defer src="//play.pokemonshowdown.com/js/battle-tooltips.js?0.7580118955022959"></script>
<script defer src="//play.pokemonshowdown.com/js/battle.js?0.6057722274234274"></script>

<script defer src="js/utils.js?e31f9a17"></script>
<script defer src="js/replays-battle.js?7008c182"></script>

<!-- don't scrape this data! just add .json or .log after the URL!
Full API docs: https://github.com/smogon/pokemon-showdown-client/blob/master/WEB-API.md -->
<script type="text/plain" class="log" id="replaylog-gen3ou-2221527659-gab7w67wruinn9wq7vpzunbwoeev8qfpw">
|j|☆KeshBa45
|j|☆fayestra
|t:|1728755829
|gametype|singles
|player|p1|KeshBa45|#wcop2024africa2|
|player|p2|fayestra|acetrainerf-gen6|
|teamsize|p1|6
|teamsize|p2|6
|gen|3
|tier|[Gen 3] OU
|rule|Sleep Clause Mod: Limit one foe put to sleep
|rule|Switch Priority Clause Mod: Faster Pokémon switch first
|rule|Species Clause: Limit one of each Pokémon
|rule|OHKO Clause: OHKO moves are banned
|rule|Evasion Items Clause: Evasion items are banned
|rule|Evasion Moves Clause: Evasion moves are banned
|rule|Endless Battle Clause: Forcing endless battles is banned
|rule|HP Percentage Mod: HP is shown in percentages
|rule|One Boost Passer Clause: Limit one Baton Passer that has a way to boost its stats
|rule|Freeze Clause Mod: Limit one foe frozen
|
|t:|1728755829
|start
|switch|p1a: Zapdos|Zapdos|100/100
|switch|p2a: Rotundo|Hariyama, M|100/100
|turn|1
|
|t:|1728755883
|move|p1a: Zapdos|Thunderbolt|p2a: Rotundo
|-damage|p2a: Rotundo|38/100
|-status|p2a: Rotundo|par
|cant|p2a: Rotundo|par
|
|-heal|p2a: Rotundo|44/100 par|[from] item: Leftovers
|upkeep
|turn|2
|c|☆KeshBa45|Hf
|
|t:|1728755891
|switch|p2a: Wide Individual|Snorlax, M|100/100
|move|p1a: Zapdos|Thunderbolt|p2a: Wide Individual
|-damage|p2a: Wide Individual|70/100
|
|-heal|p2a: Wide Individual|76/100|[from] item: Leftovers
|upkeep
|turn|3
|
|t:|1728755896
|move|p1a: Zapdos|Baton Pass|p1a: Zapdos
|
|t:|1728755898
|switch|p1a: Tyranitar|Tyranitar, M|100/100|[from] Baton Pass
|-weather|Sandstorm|[from] ability: Sand Stream|[of] p1a: Tyranitar
|move|p2a: Wide Individual|Body Slam|p1a: Tyranitar
|-resisted|p1a: Tyranitar
|-damage|p1a: Tyranitar|86/100
|-status|p1a: Tyranitar|par
|
|-weather|Sandstorm|[upkeep]
|-damage|p2a: Wide Individual|70/100|[from] Sandstorm
|-heal|p2a: Wide Individual|76/100|[from] item: Leftovers
|-heal|p1a: Tyranitar|92/100 par|[from] item: Leftovers
|upkeep
|turn|4
|
|t:|1728755914
|switch|p2a: clays doll|Claydol|100/100
|move|p1a: Tyranitar|Rock Slide|p2a: clays doll
|-resisted|p2a: clays doll
|-damage|p2a: clays doll|76/100
|
|-weather|Sandstorm|[upkeep]
|-heal|p2a: clays doll|83/100|[from] item: Leftovers
|-heal|p1a: Tyranitar|99/100 par|[from] item: Leftovers
|upkeep
|turn|5
|
|t:|1728755924
|switch|p1a: Celebi|Celebi|100/100
|move|p2a: clays doll|Earthquake|p1a: Celebi
|-resisted|p1a: Celebi
|-damage|p1a: Celebi|86/100
|
|-weather|Sandstorm|[upkeep]
|-damage|p1a: Celebi|79/100|[from] Sandstorm
|-heal|p1a: Celebi|86/100|[from] item: Leftovers
|-heal|p2a: clays doll|89/100|[from] item: Leftovers
|upkeep
|turn|6
|
|t:|1728755929
|switch|p2a: the flusher|Salamence, F|100/100
|-ability|p2a: the flusher|Intimidate|boost
|-unboost|p1a: Celebi|atk|1
|move|p1a: Celebi|Leech Seed|p2a: the flusher
|-start|p2a: the flusher|move: Leech Seed
|
|-weather|Sandstorm|[upkeep]
|-damage|p2a: the flusher|94/100|[from] Sandstorm
|-damage|p1a: Celebi|79/100|[from] Sandstorm
|-heal|p2a: the flusher|100/100|[from] item: Leftovers
|-damage|p2a: the flusher|88/100|[from] Leech Seed|[of] p1a: Celebi
|-heal|p1a: Celebi|90/100|[silent]
|-heal|p1a: Celebi|96/100|[from] item: Leftovers
|upkeep
|turn|7
|
|t:|1728755935
|switch|p1a: Swampert|Swampert, M|100/100
|move|p2a: the flusher|Fire Blast|p1a: Swampert
|-resisted|p1a: Swampert
|-damage|p1a: Swampert|83/100
|-status|p1a: Swampert|brn
|
|-weather|Sandstorm|[upkeep]
|-damage|p2a: the flusher|82/100|[from] Sandstorm
|-heal|p2a: the flusher|88/100|[from] item: Leftovers
|-damage|p2a: the flusher|76/100|[from] Leech Seed|[of] p1a: Swampert
|-heal|p1a: Swampert|93/100 brn|[silent]
|-heal|p1a: Swampert|99/100 brn|[from] item: Leftovers
|-damage|p1a: Swampert|87/100 brn|[from] brn
|upkeep
|turn|8
|c|☆KeshBa45|Hm
|
|t:|1728755956
|switch|p2a: disco dive|Metagross|100/100
|switch|p1a: Zapdos|Zapdos|100/100
|
|-weather|Sandstorm|[upkeep]
|-damage|p1a: Zapdos|94/100|[from] Sandstorm
|-heal|p1a: Zapdos|100/100|[from] item: Leftovers
|upkeep
|turn|9
|
|t:|1728755962
|switch|p2a: The Fattest|Blissey, F|100/100
|move|p1a: Zapdos|Baton Pass|p1a: Zapdos
|
|t:|1728755964
|switch|p1a: Dugtrio|Dugtrio, F|100/100|[from] Baton Pass
|
|-weather|Sandstorm|[upkeep]
|-damage|p2a: The Fattest|94/100|[from] Sandstorm
|-heal|p2a: The Fattest|100/100|[from] item: Leftovers
|upkeep
|turn|10
|c|☆KeshBa45|!dt beatip
No Pokémon, item, move, ability or nature named 'beatip' was found in Gen 3. Showing the data of 'Beat Up' instead.
|raw|<ul class="utilichart"><li class="result"><span class="col movenamecol"><a href="https://dex.pokemonshowdown.com/moves/beatup">Beat Up<\/a><\/span> <span class="col typecol"><img src="//play.pokemonshowdown.com/sprites/types/Dark.png" alt="Dark" width="32" height="14"><img src="//play.pokemonshowdown.com/sprites/categories/Special.png" alt="Special" width="32" height="14"><\/span> <span class="col labelcol"><em>Power<\/em><br>10<\/span> <span class="col widelabelcol"><em>Accuracy<\/em><br>100%<\/span> <span class="col pplabelcol"><em>PP<\/em><br>16<\/span> <span class="col movedesccol">All healthy allies aid in damaging the target.<\/span> <\/li><li style="clear:both"><\/li><\/ul>
|raw|<font size="1"><font color="#686868">Priority:<\/font> 0&nbsp;|&ThickSpace;<font color="#686868">Gen:<\/font> 2&nbsp;|&ThickSpace;<font color="#686868">Target:<\/font> One Adjacent Pokémon<\/font>

|
|t:|1728755985
|move|p1a: Dugtrio|Earthquake|p2a: The Fattest
|-crit|p2a: The Fattest
|-damage|p2a: The Fattest|0 fnt
|faint|p2a: The Fattest
|
|t:|1728755992
|switch|p2a: the flusher|Salamence, F|76/100
|-ability|p2a: the flusher|Intimidate|boost
|-unboost|p1a: Dugtrio|atk|1
|
|-weather|Sandstorm|[upkeep]
|-damage|p2a: the flusher|70/100|[from] Sandstorm
|-heal|p2a: the flusher|76/100|[from] item: Leftovers
|upkeep
|turn|11
|
|t:|1728756003
|switch|p1a: Celebi|Celebi|96/100
|move|p2a: the flusher|Hidden Power|p1a: Celebi
|-resisted|p1a: Celebi
|-damage|p1a: Celebi|89/100
|
|-weather|Sandstorm|[upkeep]
|-damage|p2a: the flusher|70/100|[from] Sandstorm
|-damage|p1a: Celebi|82/100|[from] Sandstorm
|-heal|p2a: the flusher|76/100|[from] item: Leftovers
|-heal|p1a: Celebi|89/100|[from] item: Leftovers
|upkeep
|turn|12
|
|t:|1728756009
|switch|p1a: Starmie|Starmie|100/100
|move|p2a: the flusher|Fire Blast|p1a: Starmie
|-resisted|p1a: Starmie
|-damage|p1a: Starmie|73/100
|
|-weather|Sandstorm|[upkeep]
|-damage|p1a: Starmie|67/100|[from] Sandstorm
|-damage|p2a: the flusher|70/100|[from] Sandstorm
|-heal|p1a: Starmie|73/100|[from] item: Leftovers
|-heal|p2a: the flusher|76/100|[from] item: Leftovers
|upkeep
|turn|13
|
|t:|1728756017
|switch|p1a: Dugtrio|Dugtrio, F|100/100
|switch|p2a: Wide Individual|Snorlax, M|76/100
|
|-weather|Sandstorm|[upkeep]
|-damage|p2a: Wide Individual|70/100|[from] Sandstorm
|-heal|p2a: Wide Individual|76/100|[from] item: Leftovers
|upkeep
|turn|14
|
|t:|1728756020
|move|p1a: Dugtrio|Earthquake|p2a: Wide Individual
|-damage|p2a: Wide Individual|27/100
|move|p2a: Wide Individual|Body Slam|p1a: Dugtrio
|-damage|p1a: Dugtrio|6/100
|
|-weather|Sandstorm|[upkeep]
|-damage|p2a: Wide Individual|21/100|[from] Sandstorm
|-heal|p2a: Wide Individual|27/100|[from] item: Leftovers
|upkeep
|turn|15
|
|t:|1728756025
|move|p1a: Dugtrio|Earthquake|p2a: Wide Individual
|-damage|p2a: Wide Individual|0 fnt
|faint|p2a: Wide Individual
|
|t:|1728756026
|switch|p2a: the flusher|Salamence, F|76/100
|-ability|p2a: the flusher|Intimidate|boost
|-unboost|p1a: Dugtrio|atk|1
|
|-weather|Sandstorm|[upkeep]
|-damage|p2a: the flusher|70/100|[from] Sandstorm
|-heal|p2a: the flusher|76/100|[from] item: Leftovers
|upkeep
|turn|16
|
|t:|1728756043
|move|p1a: Dugtrio|Earthquake|p2a: the flusher
|-immune|p2a: the flusher
|move|p2a: the flusher|Dragon Claw|p1a: Dugtrio
|-crit|p1a: Dugtrio
|-damage|p1a: Dugtrio|0 fnt
|faint|p1a: Dugtrio
|
|t:|1728756045
|switch|p1a: Starmie|Starmie|73/100
|
|-weather|Sandstorm|[upkeep]
|-damage|p1a: Starmie|67/100|[from] Sandstorm
|-damage|p2a: the flusher|70/100|[from] Sandstorm
|-heal|p1a: Starmie|73/100|[from] item: Leftovers
|-heal|p2a: the flusher|76/100|[from] item: Leftovers
|upkeep
|turn|17
|
|t:|1728756056
|switch|p2a: disco dive|Metagross|100/100
|move|p1a: Starmie|Hydro Pump|p2a: disco dive
|-damage|p2a: disco dive|46/100
|
|-weather|Sandstorm|[upkeep]
|-damage|p1a: Starmie|67/100|[from] Sandstorm
|-heal|p1a: Starmie|73/100|[from] item: Leftovers
|-heal|p2a: disco dive|52/100|[from] item: Leftovers
|upkeep
|turn|18
|
|t:|1728756072
|switch|p1a: Swampert|Swampert, M|87/100 brn
|move|p2a: disco dive|Agility|p2a: disco dive
|-boost|p2a: disco dive|spe|2
|
|-weather|Sandstorm|[upkeep]
|-heal|p2a: disco dive|58/100|[from] item: Leftovers
|-heal|p1a: Swampert|93/100 brn|[from] item: Leftovers
|-damage|p1a: Swampert|81/100 brn|[from] brn
|upkeep
|turn|19
|
|t:|1728756078
|move|p2a: disco dive|Meteor Mash|p1a: Swampert
|-resisted|p1a: Swampert
|-damage|p1a: Swampert|61/100 brn
|-boost|p2a: disco dive|atk|1
|move|p1a: Swampert|Hydro Pump|p2a: disco dive
|-damage|p2a: disco dive|18/100
|
|-weather|Sandstorm|[upkeep]
|-heal|p2a: disco dive|24/100|[from] item: Leftovers
|-heal|p1a: Swampert|67/100 brn|[from] item: Leftovers
|-damage|p1a: Swampert|55/100 brn|[from] brn
|upkeep
|turn|20
|
|t:|1728756097
|switch|p2a: Rotundo|Hariyama, M|44/100 par
|move|p1a: Swampert|Hydro Pump|p2a: Rotundo|[miss]
|-miss|p1a: Swampert|p2a: Rotundo
|
|-weather|Sandstorm|[upkeep]
|-damage|p2a: Rotundo|38/100 par|[from] Sandstorm
|-heal|p1a: Swampert|61/100 brn|[from] item: Leftovers
|-damage|p1a: Swampert|49/100 brn|[from] brn
|-heal|p2a: Rotundo|44/100 par|[from] item: Leftovers
|upkeep
|turn|21
|
|t:|1728756102
|move|p1a: Swampert|Hydro Pump|p2a: Rotundo
|-damage|p2a: Rotundo|4/100 par
|move|p2a: Rotundo|Knock Off|p1a: Swampert
|-damage|p1a: Swampert|47/100 brn
|-enditem|p1a: Swampert|Leftovers|[from] move: Knock Off|[of] p2a: Rotundo
|-hint|In Gens 3-4, Knock Off only makes the target's item unusable; it cannot obtain a new item.
|
|-weather|Sandstorm|[upkeep]
|-damage|p2a: Rotundo|0 fnt|[from] Sandstorm
|faint|p2a: Rotundo
|-damage|p1a: Swampert|34/100 brn|[from] brn
|upkeep
|
|t:|1728756104
|switch|p2a: the flusher|Salamence, F|76/100
|-ability|p2a: the flusher|Intimidate|boost
|-unboost|p1a: Swampert|atk|1
|turn|22
|
|t:|1728756108
|move|p2a: the flusher|Hidden Power|p1a: Swampert
|-supereffective|p1a: Swampert
|-damage|p1a: Swampert|0 fnt
|faint|p1a: Swampert
|
|t:|1728756109
|switch|p1a: Starmie|Starmie|73/100
|
|-weather|Sandstorm|[upkeep]
|-damage|p1a: Starmie|67/100|[from] Sandstorm
|-damage|p2a: the flusher|70/100|[from] Sandstorm
|-heal|p1a: Starmie|73/100|[from] item: Leftovers
|-heal|p2a: the flusher|76/100|[from] item: Leftovers
|upkeep
|turn|23
|
|t:|1728756114
|move|p1a: Starmie|Ice Beam|p2a: the flusher
|-supereffective|p2a: the flusher
|-damage|p2a: the flusher|0 fnt
|faint|p2a: the flusher
|
|t:|1728756118
|switch|p2a: clays doll|Claydol|89/100
|
|-weather|Sandstorm|[upkeep]
|-damage|p1a: Starmie|67/100|[from] Sandstorm
|-heal|p1a: Starmie|73/100|[from] item: Leftovers
|-heal|p2a: clays doll|95/100|[from] item: Leftovers
|upkeep
|turn|24
|
|t:|1728756123
|switch|p1a: Celebi|Celebi|89/100
|move|p2a: clays doll|Explosion|p1a: Celebi
|-crit|p1a: Celebi
|-damage|p1a: Celebi|0 fnt
|faint|p2a: clays doll
|faint|p1a: Celebi
|
|t:|1728756125
|switch|p1a: Starmie|Starmie|73/100
|switch|p2a: disco dive|Metagross|24/100
|
|-weather|Sandstorm|[upkeep]
|-damage|p1a: Starmie|67/100|[from] Sandstorm
|-heal|p1a: Starmie|73/100|[from] item: Leftovers
|-heal|p2a: disco dive|30/100|[from] item: Leftovers
|upkeep
|turn|25
|
|t:|1728756129
|move|p1a: Starmie|Thunderbolt|p2a: disco dive
|-damage|p2a: disco dive|0 fnt
|faint|p2a: disco dive
|
|win|KeshBa45
|c|☆KeshBa45|Gg
|c|☆fayestra|ggs
|l|☆KeshBa45
|player|p1|

</script>
<script type="application/json" class="data" id="replaydata-gen3ou-2221527659-gab7w67wruinn9wq7vpzunbwoeev8qfpw">
{"id":"gen3ou-2221527659","format":"[Gen 3] OU","players":["KeshBa45","fayestra"],"uploadtime":1728756135,"views":79,"formatid":"gen3ou","rating":null,"private":1,"password":"gab7w67wruinn9wq7vpzunbwoeev8qf"}
</script>

<script defer src="js/replays.js?9d40a366"></script>
