<!DOCTYPE html>
<meta charset="utf-8" />
<meta name="viewport" content="width=device-width" />

<title>[Gen 3] OU: gourgeist enjoyer vs. A Plague Doc - Replays - Pok&eacute;mon Showdown!</title>

<meta name="description" content="Watch a replay of a Pok&eacute;mon battle between gourgeist enjoyer and A Plague Doc! Format: [Gen 3] OU; Date: Oct 14, 2024" />
<!--

Hey, you! Looking in the source for the replay log?

You can find them in JSON format, just add `.json` at the end of a replay URL.

https://replay.pokemonshowdown.com/gen7randomdoublesbattle-865046831.json

Or, if you only need the log itself, add `.log` instead:

https://replay.pokemonshowdown.com/gen7randomdoublesbattle-865046831.log

-->

<link rel="stylesheet" href="//pokemonshowdown.com/style/global.css?0.767286132409787" />
<link rel="stylesheet" href="//play.pokemonshowdown.com/style/font-awesome.css?0.9266228007934947" />
<link rel="stylesheet" href="//play.pokemonshowdown.com/style/battle.css?0.7924700842790926" />
<link rel="stylesheet" href="//play.pokemonshowdown.com/style/utilichart.css?0.8777417872839479" />

<!-- Global site tag (gtag.js) - Google Analytics -->
<script async src="https://www.googletagmanager.com/gtag/js?id=UA-26211653-1"></script>
<script>
  window.dataLayer = window.dataLayer || [];
  function gtag(){dataLayer.push(arguments);}
  gtag('js', new Date());

  gtag('config', 'UA-26211653-1');
</script>
<!-- End Google Analytics -->
<!-- Venatus Ad Manager - Install in <HEAD> of page -->
	<script src="https://hb.vntsm.com/v3/live/ad-manager.min.js" type="text/javascript" data-site-id="642aba63ec9a7b11c3c9c1be" data-mode="scan" async></script>
<!-- / Venatus Ad Manager -->

<style>
	@media (max-width:820px) {
		.battle {
			margin: 0 auto;
		}
		.battle-log {
			margin: 7px auto 0;
			max-width: 640px;
			height: 300px;
			position: static;
		}
	}
	.optgroup {
		display: inline-block;
		line-height: 22px;
		font-size: 10pt;
	}
	.optgroup .button {
		height: 25px;
		padding-top: 0;
		padding-bottom: 0;
	}
	.optgroup button.button {
		padding-left: 12px;
		padding-right: 12px;
	}
	.linklist {
		list-style: none;
		margin: 0.5em 0;
		padding: 0;
	}
	.linklist li {
		padding: 2px 0;
	}
	.sidebar {
		float: left;
		width: 320px;
	}
	.bar-wrapper {
		max-width: 1100px;
		margin: 0 auto;
	}
	.bar-wrapper.has-sidebar {
		max-width: 1430px;
	}
	.mainbar {
		margin: 0;
		padding-right: 1px;
	}
	.mainbar.has-sidebar {
		margin-left: 330px;
	}
	@media (min-width: 1511px) {
		.sidebar {
			width: 400px;
		}
		.bar-wrapper.has-sidebar {
			max-width: 1510px;
		}
		.mainbar.has-sidebar {
			margin-left: 410px;
		}
	}
	.section.first-section {
		margin-top: 9px;
	}
	.blocklink small {
		white-space: normal;
	}
	.button {
		vertical-align: middle;
	}
	.replay-controls {
		padding-top: 10px;
	}
	.replay-controls h1 {
		font-size: 16pt;
		font-weight: normal;
		color: #CCC;
	}
	.pagelink {
		text-align: center;
	}
	.pagelink a {
		width: 150px;
	}
	.textbox, .button {
		font-size: 11pt;
		vertical-align: middle;
	}
	@media (max-width: 450px) {
		.button {
			font-size: 9pt;
		}
	}
</style>

<div>

	<header>
		<div class="nav-wrapper"><ul class="nav">
			<li><a class="button nav-first" href="//pokemonshowdown.com/"><img src="//pokemonshowdown.com/images/pokemonshowdownbeta.png" srcset="//pokemonshowdown.com/images/pokemonshowdownbeta.png 1x, //pokemonshowdown.com/images/pokemonshowdownbeta@2x.png 2x" alt="Pok&eacute;mon Showdown" width="146" height="44" /> Home</a></li>
			<li><a class="button" href="//pokemonshowdown.com/dex/">Pok&eacute;dex</a></li>
			<li><a class="button cur" href="/">Replays</a></li>
			<li><a class="button" href="//pokemonshowdown.com/ladder/">Ladder</a></li>
			<li><a class="button nav-last" href="//pokemonshowdown.com/forums/">Forum</a></li>
			<li><a class="button greenbutton nav-first nav-last" href="//play.pokemonshowdown.com/">Play</a></li>
		</ul></div>
	</header>

	<div class="main" id="main">

		<noscript><section class="section">You need to enable JavaScript to use this page; sorry!</section></noscript>

	</div>

</div>

<script defer nomodule src="//play.pokemonshowdown.com/js/lib/ps-polyfill.js"></script>
<script defer src="//play.pokemonshowdown.com/js/lib/preact.min.js"></script>

<script defer src="//play.pokemonshowdown.com/config/config.js?6dec07f6"></script>
<script defer src="//play.pokemonshowdown.com/js/lib/jquery-1.11.0.min.js"></script>
<script defer src="//play.pokemonshowdown.com/js/lib/html-sanitizer-minified.js"></script>
<script defer src="//play.pokemonshowdown.com/js/battle-sound.js"></script>
<script defer src="//play.pokemonshowdown.com/js/battledata.js?0.6315294753075389"></script>
<script defer src="//play.pokemonshowdown.com/data/pokedex-mini.js?0.7603743185311358"></script>
<script defer src="//play.pokemonshowdown.com/data/pokedex-mini-bw.js?0.030888842834281283"></script>
<script defer src="//play.pokemonshowdown.com/data/graphics.js?0.05593094747507488"></script>
<script defer src="//play.pokemonshowdown.com/data/pokedex.js?0.47064822249611904"></script>
<script defer src="//play.pokemonshowdown.com/data/moves.js?0.8583693120512459"></script>
<script defer src="//play.pokemonshowdown.com/data/abilities.js?0.16017181182386842"></script>
<script defer src="//play.pokemonshowdown.com/data/items.js?0.4163379185673943"></script>
<script defer src="//play.pokemonshowdown.com/data/teambuilder-tables.js?0.31075597372830477"></script>
<script defer src="//play.pokemonshowdown.com/js/battle-tooltips.js?0.6536193500708172"></script>
<script defer src="//play.pokemonshowdown.com/js/battle.js?0.1916591943277901"></script>

<script defer src="js/utils.js?e31f9a17"></script>
<script defer src="js/replays-battle.js?7008c182"></script>

<!-- don't scrape this data! just add .json or .log after the URL!
Full API docs: https://github.com/smogon/pokemon-showdown-client/blob/master/WEB-API.md -->
<script type="text/plain" class="log" id="replaylog-smogtours-gen3ou-798765">
|inactive|Battle timer is ON: inactive players will automatically lose when time's up.
|t:|1728939656
|gametype|singles
|player|p1|gourgeist enjoyer|1|
|player|p2|A Plague Doc|#agplviblackpink|
|teamsize|p1|6
|teamsize|p2|6
|gen|3
|tier|[Gen 3] OU
|rule|Sleep Clause Mod: Limit one foe put to sleep
|rule|Switch Priority Clause Mod: Faster Pokémon switch first
|rule|Species Clause: Limit one of each Pokémon
|rule|OHKO Clause: OHKO moves are banned
|rule|Evasion Items Clause: Evasion items are banned
|rule|Evasion Moves Clause: Evasion moves are banned
|rule|Endless Battle Clause: Forcing endless battles is banned
|rule|HP Percentage Mod: HP is shown in percentages
|rule|One Boost Passer Clause: Limit one Baton Passer that has a way to boost its stats
|rule|Freeze Clause Mod: Limit one foe frozen
|
|t:|1728939656
|start
|switch|p1a: Tyranitar|Tyranitar, M|100/100
|switch|p2a: Salamence|Salamence, M|100/100
|-ability|p2a: Salamence|Intimidate|boost
|-unboost|p1a: Tyranitar|atk|1
|-weather|Sandstorm|[from] ability: Sand Stream|[of] p1a: Tyranitar
|turn|1
|c|☆A Plague Doc|hf
|c|+Zokuru|tour ?
|c|☆gourgeist enjoyer|adv revival
|c|☆gourgeist enjoyer|glhf
|
|t:|1728939685
|move|p2a: Salamence|Brick Break|p1a: Tyranitar
|-supereffective|p1a: Tyranitar
|-damage|p1a: Tyranitar|22/100
|move|p1a: Tyranitar|Ice Beam|p2a: Salamence
|-supereffective|p2a: Salamence
|-damage|p2a: Salamence|0 fnt
|faint|p2a: Salamence
|c|☆A Plague Doc|o
|c|☆A Plague Doc|not again
|inactive|A Plague Doc has 270 seconds left.
|
|t:|1728939718
|switch|p2a: Suicune|Suicune|100/100
|
|-weather|Sandstorm|[upkeep]
|-damage|p2a: Suicune|94/100|[from] Sandstorm
|-heal|p2a: Suicune|100/100|[from] item: Leftovers
|-heal|p1a: Tyranitar|28/100|[from] item: Leftovers
|upkeep
|turn|2
|
|t:|1728939724
|switch|p1a: Snorlax|Snorlax, M|100/100
|move|p2a: Suicune|Surf|p1a: Snorlax
|-crit|p1a: Snorlax
|-damage|p1a: Snorlax|54/100
|
|-weather|Sandstorm|[upkeep]
|-damage|p2a: Suicune|94/100|[from] Sandstorm
|-damage|p1a: Snorlax|48/100|[from] Sandstorm
|-heal|p2a: Suicune|100/100|[from] item: Leftovers
|-heal|p1a: Snorlax|54/100|[from] item: Leftovers
|upkeep
|turn|3
|
|t:|1728939738
|switch|p2a: Skarmory|Skarmory, F|100/100
|move|p1a: Snorlax|Body Slam|p2a: Skarmory
|-resisted|p2a: Skarmory
|-damage|p2a: Skarmory|86/100
|
|-weather|Sandstorm|[upkeep]
|-damage|p1a: Snorlax|48/100|[from] Sandstorm
|-heal|p2a: Skarmory|92/100|[from] item: Leftovers
|-heal|p1a: Snorlax|54/100|[from] item: Leftovers
|upkeep
|turn|4
|c|+Zokuru|g2 ?
|c|☆A Plague Doc|y
|c|☆A Plague Doc|they won g1
|
|t:|1728939762
|switch|p1a: Claydol|Claydol|100/100
|move|p2a: Skarmory|Spikes|p1a: Claydol
|-sidestart|p1: gourgeist enjoyer|Spikes
|
|-weather|Sandstorm|[upkeep]
|-heal|p2a: Skarmory|98/100|[from] item: Leftovers
|upkeep
|turn|5
|
|t:|1728939771
|move|p2a: Skarmory|Protect|p2a: Skarmory
|-singleturn|p2a: Skarmory|Protect
|move|p1a: Claydol|Psychic|p2a: Skarmory
|-activate|p2a: Skarmory|Protect
|
|-weather|Sandstorm|[upkeep]
|-heal|p2a: Skarmory|100/100|[from] item: Leftovers
|upkeep
|turn|6
|
|t:|1728939787
|switch|p2a: Suicune|Suicune|100/100
|move|p1a: Claydol|Rapid Spin|p2a: Suicune
|-damage|p2a: Suicune|97/100
|-sideend|p1: gourgeist enjoyer|Spikes|[from] move: Rapid Spin|[of] p1a: Claydol
|
|-weather|Sandstorm|[upkeep]
|-damage|p2a: Suicune|91/100|[from] Sandstorm
|-heal|p2a: Suicune|97/100|[from] item: Leftovers
|upkeep
|turn|7
|
|t:|1728939797
|switch|p1a: Snorlax|Snorlax, M|54/100
|move|p2a: Suicune|Surf|p1a: Snorlax
|-damage|p1a: Snorlax|31/100
|
|-weather|Sandstorm|[upkeep]
|-damage|p2a: Suicune|91/100|[from] Sandstorm
|-damage|p1a: Snorlax|24/100|[from] Sandstorm
|-heal|p2a: Suicune|97/100|[from] item: Leftovers
|-heal|p1a: Snorlax|31/100|[from] item: Leftovers
|upkeep
|turn|8
|inactive|A Plague Doc has 270 seconds left.
|
|t:|1728939823
|switch|p2a: Skarmory|Skarmory, F|100/100
|move|p1a: Snorlax|Self-Destruct|p2a: Skarmory
|-resisted|p2a: Skarmory
|-damage|p2a: Skarmory|32/100
|faint|p1a: Snorlax
|
|t:|1728939827
|switch|p1a: Starmie|Starmie|100/100
|
|-weather|Sandstorm|[upkeep]
|-damage|p1a: Starmie|94/100|[from] Sandstorm
|-heal|p1a: Starmie|100/100|[from] item: Leftovers
|-heal|p2a: Skarmory|38/100|[from] item: Leftovers
|upkeep
|turn|9
|inactive|A Plague Doc has 270 seconds left.
|
|t:|1728939836
|move|p2a: Skarmory|Protect|p2a: Skarmory
|-singleturn|p2a: Skarmory|Protect
|move|p1a: Starmie|Thunderbolt|p2a: Skarmory
|-activate|p2a: Skarmory|Protect
|
|-weather|Sandstorm|[upkeep]
|-damage|p1a: Starmie|94/100|[from] Sandstorm
|-heal|p1a: Starmie|100/100|[from] item: Leftovers
|-heal|p2a: Skarmory|44/100|[from] item: Leftovers
|upkeep
|turn|10
|inactive|A Plague Doc has 270 seconds left.
|
|t:|1728939853
|switch|p2a: Blissey|Blissey, F|100/100
|move|p1a: Starmie|Hydro Pump|p2a: Blissey
|-damage|p2a: Blissey|80/100
|
|-weather|Sandstorm|[upkeep]
|-damage|p1a: Starmie|94/100|[from] Sandstorm
|-damage|p2a: Blissey|73/100|[from] Sandstorm
|-heal|p1a: Starmie|100/100|[from] item: Leftovers
|-heal|p2a: Blissey|80/100|[from] item: Leftovers
|upkeep
|turn|11
|inactive|A Plague Doc has 270 seconds left.
|
|t:|1728939865
|switch|p1a: Metagross|Metagross|100/100
|move|p2a: Blissey|Ice Beam|p1a: Metagross
|-resisted|p1a: Metagross
|-damage|p1a: Metagross|89/100
|
|-weather|Sandstorm|[upkeep]
|-damage|p2a: Blissey|73/100|[from] Sandstorm
|-heal|p1a: Metagross|95/100|[from] item: Leftovers
|-heal|p2a: Blissey|80/100|[from] item: Leftovers
|upkeep
|turn|12
|inactive|A Plague Doc has 270 seconds left.
|inactive|A Plague Doc has 240 seconds left.
|
|t:|1728939909
|switch|p2a: Skarmory|Skarmory, F|44/100
|move|p1a: Metagross|Meteor Mash|p2a: Skarmory
|-resisted|p2a: Skarmory
|-damage|p2a: Skarmory|23/100
|
|-weather|Sandstorm|[upkeep]
|-heal|p1a: Metagross|100/100|[from] item: Leftovers
|-heal|p2a: Skarmory|29/100|[from] item: Leftovers
|upkeep
|turn|13
|inactive|A Plague Doc has 240 seconds left.
|
|t:|1728939922
|move|p2a: Skarmory|Protect|p2a: Skarmory
|-singleturn|p2a: Skarmory|Protect
|move|p1a: Metagross|Meteor Mash|p2a: Skarmory
|-activate|p2a: Skarmory|Protect
|
|-weather|Sandstorm|[upkeep]
|-heal|p2a: Skarmory|35/100|[from] item: Leftovers
|upkeep
|turn|14
|inactive|A Plague Doc has 240 seconds left.
|
|t:|1728939932
|move|p1a: Metagross|Meteor Mash|p2a: Skarmory
|-resisted|p2a: Skarmory
|-damage|p2a: Skarmory|15/100
|move|p2a: Skarmory|Spikes|p1a: Metagross
|-sidestart|p1: gourgeist enjoyer|Spikes
|
|-weather|Sandstorm|[upkeep]
|-heal|p2a: Skarmory|21/100|[from] item: Leftovers
|upkeep
|turn|15
|inactive|A Plague Doc has 240 seconds left.
|
|t:|1728939939
|move|p2a: Skarmory|Protect|p2a: Skarmory
|-singleturn|p2a: Skarmory|Protect
|move|p1a: Metagross|Meteor Mash|p2a: Skarmory|[miss]
|-miss|p1a: Metagross|p2a: Skarmory
|
|-weather|Sandstorm|[upkeep]
|-heal|p2a: Skarmory|27/100|[from] item: Leftovers
|upkeep
|turn|16
|
|t:|1728939947
|move|p1a: Metagross|Meteor Mash|p2a: Skarmory
|-resisted|p2a: Skarmory
|-damage|p2a: Skarmory|6/100
|move|p2a: Skarmory|Roar|p1a: Metagross
|drag|p1a: Tyranitar|Tyranitar, M|28/100
|-damage|p1a: Tyranitar|16/100|[from] Spikes
|
|-weather|Sandstorm|[upkeep]
|-heal|p2a: Skarmory|12/100|[from] item: Leftovers
|-heal|p1a: Tyranitar|22/100|[from] item: Leftovers
|upkeep
|turn|17
|
|t:|1728939961
|switch|p2a: Suicune|Suicune|97/100
|move|p1a: Tyranitar|Rock Slide|p2a: Suicune|[miss]
|-miss|p1a: Tyranitar|p2a: Suicune
|
|-weather|Sandstorm|[upkeep]
|-damage|p2a: Suicune|91/100|[from] Sandstorm
|-heal|p2a: Suicune|97/100|[from] item: Leftovers
|-heal|p1a: Tyranitar|28/100|[from] item: Leftovers
|upkeep
|turn|18
|
|t:|1728939970
|switch|p1a: Claydol|Claydol|100/100
|move|p2a: Suicune|Calm Mind|p2a: Suicune
|-boost|p2a: Suicune|spa|1
|-boost|p2a: Suicune|spd|1
|
|-weather|Sandstorm|[upkeep]
|-damage|p2a: Suicune|91/100|[from] Sandstorm
|-heal|p2a: Suicune|97/100|[from] item: Leftovers
|upkeep
|turn|19
|
|t:|1728939977
|move|p2a: Suicune|Surf|p1a: Claydol
|-supereffective|p1a: Claydol
|-damage|p1a: Claydol|0 fnt
|faint|p1a: Claydol
|
|t:|1728939979
|switch|p1a: Starmie|Starmie|100/100
|-damage|p1a: Starmie|88/100|[from] Spikes
|
|-weather|Sandstorm|[upkeep]
|-damage|p1a: Starmie|82/100|[from] Sandstorm
|-damage|p2a: Suicune|91/100|[from] Sandstorm
|-heal|p1a: Starmie|88/100|[from] item: Leftovers
|-heal|p2a: Suicune|97/100|[from] item: Leftovers
|upkeep
|turn|20
|
|t:|1728939995
|switch|p1a: Metagross|Metagross|100/100
|-damage|p1a: Metagross|88/100|[from] Spikes
|move|p2a: Suicune|Surf|p1a: Metagross
|-damage|p1a: Metagross|28/100
|
|-weather|Sandstorm|[upkeep]
|-damage|p2a: Suicune|91/100|[from] Sandstorm
|-heal|p2a: Suicune|97/100|[from] item: Leftovers
|-heal|p1a: Metagross|34/100|[from] item: Leftovers
|upkeep
|turn|21
|
|t:|1728940004
|move|p1a: Metagross|Protect|p1a: Metagross
|-singleturn|p1a: Metagross|Protect
|move|p2a: Suicune|Surf|p1a: Metagross
|-activate|p1a: Metagross|Protect
|
|-weather|Sandstorm|[upkeep]
|-damage|p2a: Suicune|91/100|[from] Sandstorm
|-heal|p2a: Suicune|97/100|[from] item: Leftovers
|-heal|p1a: Metagross|40/100|[from] item: Leftovers
|upkeep
|turn|22
|
|t:|1728940006
|move|p2a: Suicune|Surf|p1a: Metagross
|-damage|p1a: Metagross|0 fnt
|faint|p1a: Metagross
|
|t:|1728940008
|switch|p1a: Starmie|Starmie|88/100
|-damage|p1a: Starmie|76/100|[from] Spikes
|
|-weather|Sandstorm|[upkeep]
|-damage|p1a: Starmie|70/100|[from] Sandstorm
|-damage|p2a: Suicune|91/100|[from] Sandstorm
|-heal|p1a: Starmie|76/100|[from] item: Leftovers
|-heal|p2a: Suicune|97/100|[from] item: Leftovers
|upkeep
|turn|23
|
|t:|1728940011
|move|p1a: Starmie|Thunderbolt|p2a: Suicune
|-supereffective|p2a: Suicune
|-damage|p2a: Suicune|69/100
|move|p2a: Suicune|Surf|p1a: Starmie
|-resisted|p1a: Starmie
|-damage|p1a: Starmie|25/100
|
|-weather|Sandstorm|[upkeep]
|-damage|p1a: Starmie|19/100|[from] Sandstorm
|-damage|p2a: Suicune|63/100|[from] Sandstorm
|-heal|p1a: Starmie|25/100|[from] item: Leftovers
|-heal|p2a: Suicune|69/100|[from] item: Leftovers
|upkeep
|turn|24
|
|t:|1728940015
|move|p1a: Starmie|Thunderbolt|p2a: Suicune
|-supereffective|p2a: Suicune
|-crit|p2a: Suicune
|-damage|p2a: Suicune|0 fnt
|faint|p2a: Suicune
|
|t:|1728940034
|switch|p2a: Blissey|Blissey, F|80/100
|
|-weather|Sandstorm|[upkeep]
|-damage|p1a: Starmie|19/100|[from] Sandstorm
|-damage|p2a: Blissey|73/100|[from] Sandstorm
|-heal|p1a: Starmie|25/100|[from] item: Leftovers
|-heal|p2a: Blissey|80/100|[from] item: Leftovers
|upkeep
|turn|25
|
|t:|1728940040
|move|p1a: Starmie|Recover|p1a: Starmie
|-heal|p1a: Starmie|75/100
|move|p2a: Blissey|Thunderbolt|p1a: Starmie
|-supereffective|p1a: Starmie
|-crit|p1a: Starmie
|-damage|p1a: Starmie|0 fnt
|faint|p1a: Starmie
|
|t:|1728940045
|switch|p1a: Aerodactyl|Aerodactyl, F|100/100
|
|-weather|Sandstorm|[upkeep]
|-damage|p2a: Blissey|73/100|[from] Sandstorm
|-heal|p2a: Blissey|80/100|[from] item: Leftovers
|upkeep
|turn|26
|
|t:|1728940058
|switch|p2a: Skarmory|Skarmory, F|12/100
|move|p1a: Aerodactyl|Double-Edge|p2a: Skarmory
|-resisted|p2a: Skarmory
|-damage|p2a: Skarmory|0 fnt
|faint|p2a: Skarmory
|
|t:|1728940063
|switch|p2a: Jirachi|Jirachi|100/100
|
|-weather|Sandstorm|[upkeep]
|upkeep
|turn|27
|
|t:|1728940073
|switch|p1a: Tyranitar|Tyranitar, M|28/100
|-damage|p1a: Tyranitar|15/100|[from] Spikes
|move|p2a: Jirachi|Toxic|p1a: Tyranitar
|-status|p1a: Tyranitar|tox
|
|-weather|Sandstorm|[upkeep]
|-heal|p1a: Tyranitar|21/100 tox|[from] item: Leftovers
|-damage|p1a: Tyranitar|15/100 tox|[from] psn
|upkeep
|turn|28
|
|t:|1728940078
|move|p2a: Jirachi|Protect|p2a: Jirachi
|-singleturn|p2a: Jirachi|Protect
|move|p1a: Tyranitar|Fire Blast|p2a: Jirachi
|-activate|p2a: Jirachi|Protect
|
|-weather|Sandstorm|[upkeep]
|-heal|p1a: Tyranitar|21/100 tox|[from] item: Leftovers
|-damage|p1a: Tyranitar|9/100 tox|[from] psn
|upkeep
|turn|29
|
|t:|1728940088
|switch|p2a: Blissey|Blissey, F|80/100
|move|p1a: Tyranitar|Earthquake|p2a: Blissey
|-damage|p2a: Blissey|45/100
|
|-weather|Sandstorm|[upkeep]
|-damage|p2a: Blissey|39/100|[from] Sandstorm
|-heal|p1a: Tyranitar|15/100 tox|[from] item: Leftovers
|-damage|p1a: Tyranitar|0 fnt|[from] psn
|faint|p1a: Tyranitar
|-heal|p2a: Blissey|45/100|[from] item: Leftovers
|upkeep
|
|t:|1728940092
|switch|p1a: Aerodactyl|Aerodactyl, F|100/100
|turn|30
|
|t:|1728940095
|move|p1a: Aerodactyl|Earthquake|p2a: Blissey
|-crit|p2a: Blissey
|-damage|p2a: Blissey|0 fnt
|faint|p2a: Blissey
|
|t:|1728940099
|switch|p2a: Claydol|Claydol|100/100
|
|-weather|Sandstorm|[upkeep]
|upkeep
|turn|31
|c|☆gourgeist enjoyer|womp womp
|c|☆gourgeist enjoyer|gg
|-message|gourgeist enjoyer forfeited.
|
|win|A Plague Doc
|c|☆A Plague Doc|gg

</script>
<script type="application/json" class="data" id="replaydata-smogtours-gen3ou-798765">
{"id":"smogtours-gen3ou-798765","format":"[Gen 3] OU","players":["gourgeist enjoyer","A Plague Doc"],"uploadtime":1728940110,"views":169,"formatid":"gen3ou","rating":null,"private":0,"password":null}
</script>

<script defer src="js/replays.js?9d40a366"></script>
