<!DOCTYPE html>
<meta charset="utf-8" />
<meta name="viewport" content="width=device-width" />

<title>[Gen 3] OU: kug98 vs. WraxiusGaming - Replays - Pok&eacute;mon Showdown!</title>

<meta name="description" content="Watch a replay of a Pok&eacute;mon battle between kug98 and WraxiusGaming! Format: [Gen 3] OU; Date: Oct 8, 2024" />
<!--

Hey, you! Looking in the source for the replay log?

You can find them in JSON format, just add `.json` at the end of a replay URL.

https://replay.pokemonshowdown.com/gen7randomdoublesbattle-865046831.json

Or, if you only need the log itself, add `.log` instead:

https://replay.pokemonshowdown.com/gen7randomdoublesbattle-865046831.log

-->

<link rel="stylesheet" href="//pokemonshowdown.com/style/global.css?0.023195364461161105" />
<link rel="stylesheet" href="//play.pokemonshowdown.com/style/font-awesome.css?0.13261647063804238" />
<link rel="stylesheet" href="//play.pokemonshowdown.com/style/battle.css?0.8753245789963631" />
<link rel="stylesheet" href="//play.pokemonshowdown.com/style/utilichart.css?0.8627959624976733" />

<!-- Global site tag (gtag.js) - Google Analytics -->
<script async src="https://www.googletagmanager.com/gtag/js?id=UA-26211653-1"></script>
<script>
  window.dataLayer = window.dataLayer || [];
  function gtag(){dataLayer.push(arguments);}
  gtag('js', new Date());

  gtag('config', 'UA-26211653-1');
</script>
<!-- End Google Analytics -->
<!-- Venatus Ad Manager - Install in <HEAD> of page -->
	<script src="https://hb.vntsm.com/v3/live/ad-manager.min.js" type="text/javascript" data-site-id="642aba63ec9a7b11c3c9c1be" data-mode="scan" async></script>
<!-- / Venatus Ad Manager -->

<style>
	@media (max-width:820px) {
		.battle {
			margin: 0 auto;
		}
		.battle-log {
			margin: 7px auto 0;
			max-width: 640px;
			height: 300px;
			position: static;
		}
	}
	.optgroup {
		display: inline-block;
		line-height: 22px;
		font-size: 10pt;
	}
	.optgroup .button {
		height: 25px;
		padding-top: 0;
		padding-bottom: 0;
	}
	.optgroup button.button {
		padding-left: 12px;
		padding-right: 12px;
	}
	.linklist {
		list-style: none;
		margin: 0.5em 0;
		padding: 0;
	}
	.linklist li {
		padding: 2px 0;
	}
	.sidebar {
		float: left;
		width: 320px;
	}
	.bar-wrapper {
		max-width: 1100px;
		margin: 0 auto;
	}
	.bar-wrapper.has-sidebar {
		max-width: 1430px;
	}
	.mainbar {
		margin: 0;
		padding-right: 1px;
	}
	.mainbar.has-sidebar {
		margin-left: 330px;
	}
	@media (min-width: 1511px) {
		.sidebar {
			width: 400px;
		}
		.bar-wrapper.has-sidebar {
			max-width: 1510px;
		}
		.mainbar.has-sidebar {
			margin-left: 410px;
		}
	}
	.section.first-section {
		margin-top: 9px;
	}
	.blocklink small {
		white-space: normal;
	}
	.button {
		vertical-align: middle;
	}
	.replay-controls {
		padding-top: 10px;
	}
	.replay-controls h1 {
		font-size: 16pt;
		font-weight: normal;
		color: #CCC;
	}
	.pagelink {
		text-align: center;
	}
	.pagelink a {
		width: 150px;
	}
	.textbox, .button {
		font-size: 11pt;
		vertical-align: middle;
	}
	@media (max-width: 450px) {
		.button {
			font-size: 9pt;
		}
	}
</style>

<div>

	<header>
		<div class="nav-wrapper"><ul class="nav">
			<li><a class="button nav-first" href="//pokemonshowdown.com/"><img src="//pokemonshowdown.com/images/pokemonshowdownbeta.png" srcset="//pokemonshowdown.com/images/pokemonshowdownbeta.png 1x, //pokemonshowdown.com/images/pokemonshowdownbeta@2x.png 2x" alt="Pok&eacute;mon Showdown" width="146" height="44" /> Home</a></li>
			<li><a class="button" href="//pokemonshowdown.com/dex/">Pok&eacute;dex</a></li>
			<li><a class="button cur" href="/">Replays</a></li>
			<li><a class="button" href="//pokemonshowdown.com/ladder/">Ladder</a></li>
			<li><a class="button nav-last" href="//pokemonshowdown.com/forums/">Forum</a></li>
			<li><a class="button greenbutton nav-first nav-last" href="//play.pokemonshowdown.com/">Play</a></li>
		</ul></div>
	</header>

	<div class="main" id="main">

		<noscript><section class="section">You need to enable JavaScript to use this page; sorry!</section></noscript>

	</div>

</div>

<script defer nomodule src="//play.pokemonshowdown.com/js/lib/ps-polyfill.js"></script>
<script defer src="//play.pokemonshowdown.com/js/lib/preact.min.js"></script>

<script defer src="//play.pokemonshowdown.com/config/config.js?2bddbc15"></script>
<script defer src="//play.pokemonshowdown.com/js/lib/jquery-1.11.0.min.js"></script>
<script defer src="//play.pokemonshowdown.com/js/lib/html-sanitizer-minified.js"></script>
<script defer src="//play.pokemonshowdown.com/js/battle-sound.js"></script>
<script defer src="//play.pokemonshowdown.com/js/battledata.js?0.7209276989879541"></script>
<script defer src="//play.pokemonshowdown.com/data/pokedex-mini.js?0.6111056340867951"></script>
<script defer src="//play.pokemonshowdown.com/data/pokedex-mini-bw.js?0.3532142036491459"></script>
<script defer src="//play.pokemonshowdown.com/data/graphics.js?0.24223875632456182"></script>
<script defer src="//play.pokemonshowdown.com/data/pokedex.js?0.38839984266356864"></script>
<script defer src="//play.pokemonshowdown.com/data/moves.js?0.21866028504024015"></script>
<script defer src="//play.pokemonshowdown.com/data/abilities.js?0.2005157953846628"></script>
<script defer src="//play.pokemonshowdown.com/data/items.js?0.9894211263848525"></script>
<script defer src="//play.pokemonshowdown.com/data/teambuilder-tables.js?0.6008791140282215"></script>
<script defer src="//play.pokemonshowdown.com/js/battle-tooltips.js?0.7580118955022959"></script>
<script defer src="//play.pokemonshowdown.com/js/battle.js?0.6057722274234274"></script>

<script defer src="js/utils.js?e31f9a17"></script>
<script defer src="js/replays-battle.js?7008c182"></script>

<!-- don't scrape this data! just add .json or .log after the URL!
Full API docs: https://github.com/smogon/pokemon-showdown-client/blob/master/WEB-API.md -->
<script type="text/plain" class="log" id="replaylog-smogtours-gen3ou-796382">
|inactive|Battle timer is ON: inactive players will automatically lose when time's up.
|t:|1728403884
|gametype|singles
|player|p1|kug98|266|
|player|p2|WraxiusGaming|marley|
|teamsize|p1|6
|teamsize|p2|6
|gen|3
|tier|[Gen 3] OU
|rule|Sleep Clause Mod: Limit one foe put to sleep
|rule|Switch Priority Clause Mod: Faster Pokémon switch first
|rule|Species Clause: Limit one of each Pokémon
|rule|OHKO Clause: OHKO moves are banned
|rule|Evasion Items Clause: Evasion items are banned
|rule|Evasion Moves Clause: Evasion moves are banned
|rule|Endless Battle Clause: Forcing endless battles is banned
|rule|HP Percentage Mod: HP is shown in percentages
|rule|One Boost Passer Clause: Limit one Baton Passer that has a way to boost its stats
|rule|Freeze Clause Mod: Limit one foe frozen
|
|t:|1728403884
|start
|switch|p1a: Breloom|Breloom, M|100/100
|switch|p2a: Zapdos|Zapdos|100/100
|turn|1
|
|t:|1728403888
|move|p2a: Zapdos|Drill Peck|p1a: Breloom
|-supereffective|p1a: Breloom
|-damage|p1a: Breloom|0 fnt
|faint|p1a: Breloom
|
|t:|1728403897
|switch|p1a: Tyranitar|Tyranitar, M|100/100
|-weather|Sandstorm|[from] ability: Sand Stream|[of] p1a: Tyranitar
|
|-weather|Sandstorm|[upkeep]
|-damage|p2a: Zapdos|94/100|[from] Sandstorm
|-heal|p2a: Zapdos|100/100|[from] item: Leftovers
|upkeep
|turn|2
|
|t:|1728403901
|-activate|p2a: Zapdos|move: Pursuit
|move|p1a: Tyranitar|Pursuit|p2a: Zapdos|[from]Pursuit
|-damage|p2a: Zapdos|55/100
|switch|p2a: Swampert|Swampert, F|100/100
|
|-weather|Sandstorm|[upkeep]
|upkeep
|turn|3
|
|t:|1728403905
|switch|p1a: Milotic|Milotic, M|100/100
|move|p2a: Swampert|Hydro Pump|p1a: Milotic|[miss]
|-miss|p2a: Swampert|p1a: Milotic
|
|-weather|Sandstorm|[upkeep]
|-damage|p1a: Milotic|94/100|[from] Sandstorm
|-heal|p1a: Milotic|100/100|[from] item: Leftovers
|upkeep
|turn|4
|
|t:|1728403913
|switch|p2a: Skarmory|Skarmory, F|100/100
|move|p1a: Milotic|Toxic|p2a: Skarmory
|-immune|p2a: Skarmory
|
|-weather|Sandstorm|[upkeep]
|-damage|p1a: Milotic|94/100|[from] Sandstorm
|-heal|p1a: Milotic|100/100|[from] item: Leftovers
|upkeep
|turn|5
|
|t:|1728403915
|switch|p1a: Starmie|Starmie|100/100
|move|p2a: Skarmory|Spikes|p1a: Starmie
|-sidestart|p1: kug98|Spikes
|
|-weather|Sandstorm|[upkeep]
|-damage|p1a: Starmie|94/100|[from] Sandstorm
|-heal|p1a: Starmie|100/100|[from] item: Leftovers
|upkeep
|turn|6
|
|t:|1728403921
|move|p1a: Starmie|Thunderbolt|p2a: Skarmory
|-supereffective|p2a: Skarmory
|-damage|p2a: Skarmory|52/100
|move|p2a: Skarmory|Toxic|p1a: Starmie
|-status|p1a: Starmie|tox
|
|-weather|Sandstorm|[upkeep]
|-damage|p1a: Starmie|94/100 tox|[from] Sandstorm
|-heal|p1a: Starmie|100/100 tox|[from] item: Leftovers
|-damage|p1a: Starmie|94/100 tox|[from] psn
|-heal|p2a: Skarmory|58/100|[from] item: Leftovers
|upkeep
|turn|7
|
|t:|1728403927
|move|p2a: Skarmory|Protect|p2a: Skarmory
|-singleturn|p2a: Skarmory|Protect
|move|p1a: Starmie|Hydro Pump|p2a: Skarmory
|-activate|p2a: Skarmory|Protect
|
|-weather|Sandstorm|[upkeep]
|-damage|p1a: Starmie|88/100 tox|[from] Sandstorm
|-heal|p1a: Starmie|94/100 tox|[from] item: Leftovers
|-damage|p1a: Starmie|82/100 tox|[from] psn
|-heal|p2a: Skarmory|64/100|[from] item: Leftovers
|upkeep
|turn|8
|
|t:|1728403935
|switch|p2a: Swampert|Swampert, F|100/100
|move|p1a: Starmie|Hydro Pump|p2a: Swampert
|-damage|p2a: Swampert|49/100
|
|-weather|Sandstorm|[upkeep]
|-damage|p1a: Starmie|76/100 tox|[from] Sandstorm
|-heal|p1a: Starmie|82/100 tox|[from] item: Leftovers
|-damage|p1a: Starmie|64/100 tox|[from] psn
|-heal|p2a: Swampert|55/100|[from] item: Leftovers
|upkeep
|turn|9
|
|t:|1728403942
|-curestatus|p1a: Starmie|tox|[from] ability: Natural Cure
|switch|p1a: Milotic|Milotic, M|100/100
|-damage|p1a: Milotic|88/100|[from] Spikes
|move|p2a: Swampert|Earthquake|p1a: Milotic
|-damage|p1a: Milotic|63/100
|
|-weather|Sandstorm|[upkeep]
|-damage|p1a: Milotic|57/100|[from] Sandstorm
|-heal|p1a: Milotic|63/100|[from] item: Leftovers
|-heal|p2a: Swampert|61/100|[from] item: Leftovers
|upkeep
|turn|10
|
|t:|1728403951
|switch|p2a: Skarmory|Skarmory, F|64/100
|move|p1a: Milotic|Surf|p2a: Skarmory
|-damage|p2a: Skarmory|33/100
|
|-weather|Sandstorm|[upkeep]
|-damage|p1a: Milotic|57/100|[from] Sandstorm
|-heal|p1a: Milotic|63/100|[from] item: Leftovers
|-heal|p2a: Skarmory|39/100|[from] item: Leftovers
|upkeep
|turn|11
|
|t:|1728403956
|move|p1a: Milotic|Recover|p1a: Milotic
|-heal|p1a: Milotic|100/100
|move|p2a: Skarmory|Roar|p1a: Milotic
|drag|p1a: Medicham|Medicham, F|100/100
|-damage|p1a: Medicham|88/100|[from] Spikes
|
|-weather|Sandstorm|[upkeep]
|-damage|p1a: Medicham|82/100|[from] Sandstorm
|-heal|p2a: Skarmory|45/100|[from] item: Leftovers
|upkeep
|turn|12
|
|t:|1728403962
|move|p2a: Skarmory|Protect|p2a: Skarmory
|-singleturn|p2a: Skarmory|Protect
|move|p1a: Medicham|Brick Break|p2a: Skarmory
|-activate|p2a: Skarmory|Protect
|
|-weather|Sandstorm|[upkeep]
|-damage|p1a: Medicham|76/100|[from] Sandstorm
|-heal|p2a: Skarmory|51/100|[from] item: Leftovers
|upkeep
|turn|13
|
|t:|1728403971
|switch|p2a: Starmie|Starmie|100/100
|move|p1a: Medicham|Brick Break|p2a: Starmie
|-resisted|p2a: Starmie
|-damage|p2a: Starmie|40/100
|
|-weather|Sandstorm|[upkeep]
|-damage|p2a: Starmie|34/100|[from] Sandstorm
|-damage|p1a: Medicham|70/100|[from] Sandstorm
|-heal|p2a: Starmie|40/100|[from] item: Leftovers
|upkeep
|turn|14
|
|t:|1728403981
|switch|p1a: Milotic|Milotic, M|100/100
|-damage|p1a: Milotic|88/100|[from] Spikes
|move|p2a: Starmie|Thunderbolt|p1a: Milotic
|-supereffective|p1a: Milotic
|-damage|p1a: Milotic|46/100
|
|-weather|Sandstorm|[upkeep]
|-damage|p2a: Starmie|34/100|[from] Sandstorm
|-damage|p1a: Milotic|40/100|[from] Sandstorm
|-heal|p2a: Starmie|40/100|[from] item: Leftovers
|-heal|p1a: Milotic|46/100|[from] item: Leftovers
|upkeep
|turn|15
|
|t:|1728403984
|move|p2a: Starmie|Thunderbolt|p1a: Milotic
|-supereffective|p1a: Milotic
|-damage|p1a: Milotic|8/100
|move|p1a: Milotic|Recover|p1a: Milotic
|-heal|p1a: Milotic|58/100
|
|-weather|Sandstorm|[upkeep]
|-damage|p2a: Starmie|34/100|[from] Sandstorm
|-damage|p1a: Milotic|52/100|[from] Sandstorm
|-heal|p2a: Starmie|40/100|[from] item: Leftovers
|-heal|p1a: Milotic|58/100|[from] item: Leftovers
|upkeep
|turn|16
|
|t:|1728403991
|switch|p2a: Zapdos|Zapdos|55/100
|move|p1a: Milotic|Recover|p1a: Milotic
|-heal|p1a: Milotic|100/100
|
|-weather|Sandstorm|[upkeep]
|-damage|p2a: Zapdos|48/100|[from] Sandstorm
|-damage|p1a: Milotic|94/100|[from] Sandstorm
|-heal|p2a: Zapdos|55/100|[from] item: Leftovers
|-heal|p1a: Milotic|100/100|[from] item: Leftovers
|upkeep
|turn|17
|
|t:|1728403995
|switch|p1a: Nidoking|Nidoking, M|100/100
|-damage|p1a: Nidoking|88/100|[from] Spikes
|move|p2a: Zapdos|Thunderbolt|p1a: Nidoking
|-immune|p1a: Nidoking
|
|-weather|Sandstorm|[upkeep]
|-damage|p2a: Zapdos|48/100|[from] Sandstorm
|-heal|p2a: Zapdos|55/100|[from] item: Leftovers
|-heal|p1a: Nidoking|94/100|[from] item: Leftovers
|upkeep
|turn|18
|
|t:|1728404003
|switch|p2a: Skarmory|Skarmory, F|51/100
|move|p1a: Nidoking|Ice Beam|p2a: Skarmory
|-damage|p2a: Skarmory|28/100
|
|-weather|Sandstorm|[upkeep]
|-heal|p1a: Nidoking|99/100|[from] item: Leftovers
|-heal|p2a: Skarmory|34/100|[from] item: Leftovers
|upkeep
|turn|19
|
|t:|1728404008
|move|p2a: Skarmory|Protect|p2a: Skarmory
|-singleturn|p2a: Skarmory|Protect
|move|p1a: Nidoking|Thunderbolt|p2a: Skarmory
|-activate|p2a: Skarmory|Protect
|
|-weather|Sandstorm|[upkeep]
|-heal|p1a: Nidoking|100/100|[from] item: Leftovers
|-heal|p2a: Skarmory|40/100|[from] item: Leftovers
|upkeep
|turn|20
|
|t:|1728404028
|switch|p2a: Jirachi|Jirachi|100/100
|move|p1a: Nidoking|Thunderbolt|p2a: Jirachi
|-damage|p2a: Jirachi|75/100
|
|-weather|Sandstorm|[upkeep]
|-heal|p2a: Jirachi|81/100|[from] item: Leftovers
|upkeep
|turn|21
|
|t:|1728404039
|switch|p1a: Tyranitar|Tyranitar, M|100/100
|-damage|p1a: Tyranitar|88/100|[from] Spikes
|move|p2a: Jirachi|Calm Mind|p2a: Jirachi
|-boost|p2a: Jirachi|spa|1
|-boost|p2a: Jirachi|spd|1
|
|-weather|Sandstorm|[upkeep]
|-heal|p2a: Jirachi|88/100|[from] item: Leftovers
|-heal|p1a: Tyranitar|94/100|[from] item: Leftovers
|upkeep
|turn|22
|
|t:|1728404043
|move|p2a: Jirachi|Hidden Power|p1a: Tyranitar
|-supereffective|p1a: Tyranitar
|-damage|p1a: Tyranitar|42/100
|move|p1a: Tyranitar|Thunder Wave|p2a: Jirachi
|-status|p2a: Jirachi|par
|
|-weather|Sandstorm|[upkeep]
|-heal|p1a: Tyranitar|48/100|[from] item: Leftovers
|-heal|p2a: Jirachi|94/100 par|[from] item: Leftovers
|upkeep
|turn|23
|
|t:|1728404069
|cant|p2a: Jirachi|par
|move|p1a: Tyranitar|Roar|p2a: Jirachi
|drag|p2a: Zapdos|Zapdos|55/100
|
|-weather|Sandstorm|[upkeep]
|-damage|p2a: Zapdos|48/100|[from] Sandstorm
|-heal|p2a: Zapdos|55/100|[from] item: Leftovers
|-heal|p1a: Tyranitar|54/100|[from] item: Leftovers
|upkeep
|turn|24
|inactive|kug98 has 270 seconds left.
|
|t:|1728404090
|move|p2a: Zapdos|Thunderbolt|p1a: Tyranitar
|-damage|p1a: Tyranitar|12/100
|move|p1a: Tyranitar|Thunder Wave|p2a: Zapdos
|-status|p2a: Zapdos|par
|
|-weather|Sandstorm|[upkeep]
|-damage|p2a: Zapdos|48/100 par|[from] Sandstorm
|-heal|p1a: Tyranitar|18/100|[from] item: Leftovers
|-heal|p2a: Zapdos|55/100 par|[from] item: Leftovers
|upkeep
|turn|25
|
|t:|1728404100
|move|p1a: Tyranitar|Crunch|p2a: Zapdos
|-damage|p2a: Zapdos|8/100 par
|-unboost|p2a: Zapdos|spd|1
|cant|p2a: Zapdos|par
|
|-weather|Sandstorm|[upkeep]
|-damage|p2a: Zapdos|2/100 par|[from] Sandstorm
|-heal|p1a: Tyranitar|25/100|[from] item: Leftovers
|-heal|p2a: Zapdos|8/100 par|[from] item: Leftovers
|upkeep
|turn|26
|
|t:|1728404104
|move|p1a: Tyranitar|Pursuit|p2a: Zapdos
|-damage|p2a: Zapdos|0 fnt
|faint|p2a: Zapdos
|
|t:|1728404109
|switch|p2a: Tyranitar|Tyranitar, F|100/100
|
|-weather|Sandstorm|[upkeep]
|-heal|p1a: Tyranitar|31/100|[from] item: Leftovers
|upkeep
|turn|27
|
|t:|1728404112
|move|p2a: Tyranitar|Earthquake|p1a: Tyranitar
|-supereffective|p1a: Tyranitar
|-damage|p1a: Tyranitar|0 fnt
|faint|p1a: Tyranitar
|
|t:|1728404118
|switch|p1a: Medicham|Medicham, F|70/100
|-damage|p1a: Medicham|58/100|[from] Spikes
|
|-weather|Sandstorm|[upkeep]
|-damage|p1a: Medicham|52/100|[from] Sandstorm
|upkeep
|turn|28
|
|t:|1728404126
|switch|p2a: Skarmory|Skarmory, F|40/100
|move|p1a: Medicham|Brick Break|p2a: Skarmory
|-damage|p2a: Skarmory|0 fnt
|faint|p2a: Skarmory
|
|t:|1728404130
|switch|p2a: Starmie|Starmie|40/100
|
|-weather|Sandstorm|[upkeep]
|-damage|p2a: Starmie|34/100|[from] Sandstorm
|-damage|p1a: Medicham|46/100|[from] Sandstorm
|-heal|p2a: Starmie|40/100|[from] item: Leftovers
|upkeep
|turn|29
|
|t:|1728404138
|move|p2a: Starmie|Ice Beam|p1a: Medicham
|-crit|p1a: Medicham
|-damage|p1a: Medicham|0 fnt
|faint|p1a: Medicham
|
|t:|1728404157
|switch|p1a: Milotic|Milotic, M|100/100
|-damage|p1a: Milotic|88/100|[from] Spikes
|
|-weather|Sandstorm|[upkeep]
|-damage|p2a: Starmie|34/100|[from] Sandstorm
|-damage|p1a: Milotic|82/100|[from] Sandstorm
|-heal|p2a: Starmie|40/100|[from] item: Leftovers
|-heal|p1a: Milotic|88/100|[from] item: Leftovers
|upkeep
|turn|30
|
|t:|1728404165
|switch|p2a: Jirachi|Jirachi|94/100 par
|move|p1a: Milotic|Toxic||[still]
|-fail|p1a: Milotic
|
|-weather|Sandstorm|[upkeep]
|-damage|p1a: Milotic|82/100|[from] Sandstorm
|-heal|p1a: Milotic|88/100|[from] item: Leftovers
|-heal|p2a: Jirachi|99/100 par|[from] item: Leftovers
|upkeep
|turn|31
|
|t:|1728404173
|switch|p1a: Nidoking|Nidoking, M|100/100
|-damage|p1a: Nidoking|88/100|[from] Spikes
|move|p2a: Jirachi|Psychic|p1a: Nidoking
|-supereffective|p1a: Nidoking
|-damage|p1a: Nidoking|0 fnt
|faint|p1a: Nidoking
|
|t:|1728404177
|switch|p1a: Milotic|Milotic, M|88/100
|-damage|p1a: Milotic|76/100|[from] Spikes
|
|-weather|Sandstorm|[upkeep]
|-damage|p1a: Milotic|70/100|[from] Sandstorm
|-heal|p1a: Milotic|76/100|[from] item: Leftovers
|-heal|p2a: Jirachi|100/100 par|[from] item: Leftovers
|upkeep
|turn|32
|
|t:|1728404180
|move|p1a: Milotic|Surf|p2a: Jirachi
|-damage|p2a: Jirachi|66/100 par
|cant|p2a: Jirachi|par
|
|-weather|Sandstorm|[upkeep]
|-damage|p1a: Milotic|70/100|[from] Sandstorm
|-heal|p1a: Milotic|76/100|[from] item: Leftovers
|-heal|p2a: Jirachi|73/100 par|[from] item: Leftovers
|upkeep
|turn|33
|
|t:|1728404182
|move|p1a: Milotic|Surf|p2a: Jirachi
|-damage|p2a: Jirachi|39/100 par
|cant|p2a: Jirachi|par
|
|-weather|Sandstorm|[upkeep]
|-damage|p1a: Milotic|70/100|[from] Sandstorm
|-heal|p1a: Milotic|76/100|[from] item: Leftovers
|-heal|p2a: Jirachi|45/100 par|[from] item: Leftovers
|upkeep
|turn|34
|
|t:|1728404185
|move|p1a: Milotic|Surf|p2a: Jirachi
|-damage|p2a: Jirachi|13/100 par
|move|p2a: Jirachi|Hidden Power|p1a: Milotic
|-supereffective|p1a: Milotic
|-damage|p1a: Milotic|46/100
|
|-weather|Sandstorm|[upkeep]
|-damage|p1a: Milotic|40/100|[from] Sandstorm
|-heal|p1a: Milotic|46/100|[from] item: Leftovers
|-heal|p2a: Jirachi|20/100 par|[from] item: Leftovers
|upkeep
|turn|35
|
|t:|1728404187
|move|p1a: Milotic|Recover|p1a: Milotic
|-heal|p1a: Milotic|96/100
|cant|p2a: Jirachi|par
|
|-weather|Sandstorm|[upkeep]
|-damage|p1a: Milotic|90/100|[from] Sandstorm
|-heal|p1a: Milotic|96/100|[from] item: Leftovers
|-heal|p2a: Jirachi|26/100 par|[from] item: Leftovers
|upkeep
|turn|36
|
|t:|1728404190
|move|p1a: Milotic|Surf|p2a: Jirachi
|-damage|p2a: Jirachi|0 fnt
|faint|p2a: Jirachi
|
|t:|1728404201
|switch|p2a: Swampert|Swampert, F|61/100
|
|-weather|Sandstorm|[upkeep]
|-damage|p1a: Milotic|90/100|[from] Sandstorm
|-heal|p1a: Milotic|96/100|[from] item: Leftovers
|-heal|p2a: Swampert|67/100|[from] item: Leftovers
|upkeep
|turn|37
|
|t:|1728404206
|move|p1a: Milotic|Toxic|p2a: Swampert
|-status|p2a: Swampert|tox
|move|p2a: Swampert|Earthquake|p1a: Milotic
|-damage|p1a: Milotic|69/100
|
|-weather|Sandstorm|[upkeep]
|-damage|p1a: Milotic|62/100|[from] Sandstorm
|-heal|p1a: Milotic|69/100|[from] item: Leftovers
|-heal|p2a: Swampert|74/100 tox|[from] item: Leftovers
|-damage|p2a: Swampert|67/100 tox|[from] psn
|upkeep
|turn|38
|
|t:|1728404209
|move|p1a: Milotic|Recover|p1a: Milotic
|-heal|p1a: Milotic|100/100
|move|p2a: Swampert|Earthquake|p1a: Milotic
|-damage|p1a: Milotic|72/100
|
|-weather|Sandstorm|[upkeep]
|-damage|p1a: Milotic|66/100|[from] Sandstorm
|-heal|p1a: Milotic|72/100|[from] item: Leftovers
|-heal|p2a: Swampert|74/100 tox|[from] item: Leftovers
|-damage|p2a: Swampert|61/100 tox|[from] psn
|upkeep
|turn|39
|
|t:|1728404211
|move|p1a: Milotic|Recover|p1a: Milotic
|-heal|p1a: Milotic|100/100
|move|p2a: Swampert|Earthquake|p1a: Milotic
|-damage|p1a: Milotic|72/100
|
|-weather|Sandstorm|[upkeep]
|-damage|p1a: Milotic|66/100|[from] Sandstorm
|-heal|p1a: Milotic|72/100|[from] item: Leftovers
|-heal|p2a: Swampert|67/100 tox|[from] item: Leftovers
|-damage|p2a: Swampert|49/100 tox|[from] psn
|upkeep
|turn|40
|
|t:|1728404214
|move|p1a: Milotic|Recover|p1a: Milotic
|-heal|p1a: Milotic|100/100
|move|p2a: Swampert|Earthquake|p1a: Milotic
|-damage|p1a: Milotic|75/100
|
|-weather|Sandstorm|[upkeep]
|-damage|p1a: Milotic|69/100|[from] Sandstorm
|-heal|p1a: Milotic|75/100|[from] item: Leftovers
|-heal|p2a: Swampert|55/100 tox|[from] item: Leftovers
|-damage|p2a: Swampert|30/100 tox|[from] psn
|upkeep
|turn|41
|
|t:|1728404217
|move|p1a: Milotic|Recover|p1a: Milotic
|-heal|p1a: Milotic|100/100
|move|p2a: Swampert|Earthquake|p1a: Milotic
|-damage|p1a: Milotic|74/100
|
|-weather|Sandstorm|[upkeep]
|-damage|p1a: Milotic|68/100|[from] Sandstorm
|-heal|p1a: Milotic|74/100|[from] item: Leftovers
|-heal|p2a: Swampert|36/100 tox|[from] item: Leftovers
|-damage|p2a: Swampert|5/100 tox|[from] psn
|upkeep
|turn|42
|
|t:|1728404223
|move|p1a: Milotic|Surf|p2a: Swampert
|-damage|p2a: Swampert|0 fnt
|faint|p2a: Swampert
|
|t:|1728404232
|switch|p2a: Tyranitar|Tyranitar, F|100/100
|
|-weather|Sandstorm|[upkeep]
|-damage|p1a: Milotic|68/100|[from] Sandstorm
|-heal|p1a: Milotic|74/100|[from] item: Leftovers
|upkeep
|turn|43
|
|t:|1728404236
|move|p2a: Tyranitar|Dragon Dance|p2a: Tyranitar
|-boost|p2a: Tyranitar|atk|1
|-boost|p2a: Tyranitar|spe|1
|move|p1a: Milotic|Surf|p2a: Tyranitar
|-supereffective|p2a: Tyranitar
|-damage|p2a: Tyranitar|42/100
|
|-weather|Sandstorm|[upkeep]
|-damage|p1a: Milotic|68/100|[from] Sandstorm
|-heal|p2a: Tyranitar|48/100|[from] item: Leftovers
|-heal|p1a: Milotic|74/100|[from] item: Leftovers
|upkeep
|turn|44
|
|t:|1728404239
|move|p2a: Tyranitar|Rock Slide|p1a: Milotic|[miss]
|-miss|p2a: Tyranitar|p1a: Milotic
|move|p1a: Milotic|Surf|p2a: Tyranitar
|-supereffective|p2a: Tyranitar
|-damage|p2a: Tyranitar|0 fnt
|faint|p2a: Tyranitar
|
|t:|1728404244
|switch|p2a: Starmie|Starmie|40/100
|
|-weather|Sandstorm|[upkeep]
|-damage|p2a: Starmie|34/100|[from] Sandstorm
|-damage|p1a: Milotic|68/100|[from] Sandstorm
|-heal|p2a: Starmie|40/100|[from] item: Leftovers
|-heal|p1a: Milotic|74/100|[from] item: Leftovers
|upkeep
|turn|45
|
|t:|1728404250
|move|p2a: Starmie|Thunderbolt|p1a: Milotic
|-supereffective|p1a: Milotic
|-damage|p1a: Milotic|31/100
|move|p1a: Milotic|Recover|p1a: Milotic
|-heal|p1a: Milotic|81/100
|
|-weather|Sandstorm|[upkeep]
|-damage|p2a: Starmie|34/100|[from] Sandstorm
|-damage|p1a: Milotic|75/100|[from] Sandstorm
|-heal|p2a: Starmie|40/100|[from] item: Leftovers
|-heal|p1a: Milotic|81/100|[from] item: Leftovers
|upkeep
|turn|46
|
|t:|1728404254
|move|p2a: Starmie|Thunderbolt|p1a: Milotic
|-supereffective|p1a: Milotic
|-damage|p1a: Milotic|41/100
|move|p1a: Milotic|Recover|p1a: Milotic
|-heal|p1a: Milotic|91/100
|
|-weather|Sandstorm|[upkeep]
|-damage|p2a: Starmie|34/100|[from] Sandstorm
|-damage|p1a: Milotic|85/100|[from] Sandstorm
|-heal|p2a: Starmie|40/100|[from] item: Leftovers
|-heal|p1a: Milotic|91/100|[from] item: Leftovers
|upkeep
|turn|47
|
|t:|1728404261
|move|p2a: Starmie|Thunderbolt|p1a: Milotic
|-supereffective|p1a: Milotic
|-damage|p1a: Milotic|54/100
|move|p1a: Milotic|Surf|p2a: Starmie
|-resisted|p2a: Starmie
|-damage|p2a: Starmie|14/100
|
|-weather|Sandstorm|[upkeep]
|-damage|p2a: Starmie|8/100|[from] Sandstorm
|-damage|p1a: Milotic|47/100|[from] Sandstorm
|-heal|p2a: Starmie|14/100|[from] item: Leftovers
|-heal|p1a: Milotic|54/100|[from] item: Leftovers
|upkeep
|turn|48
|
|t:|1728404265
|move|p2a: Starmie|Thunderbolt|p1a: Milotic
|-supereffective|p1a: Milotic
|-damage|p1a: Milotic|15/100
|-status|p1a: Milotic|par
|cant|p1a: Milotic|par
|
|-weather|Sandstorm|[upkeep]
|-damage|p2a: Starmie|8/100|[from] Sandstorm
|-damage|p1a: Milotic|9/100 par|[from] Sandstorm
|-heal|p2a: Starmie|14/100|[from] item: Leftovers
|-heal|p1a: Milotic|15/100 par|[from] item: Leftovers
|upkeep
|turn|49
|
|t:|1728404270
|move|p2a: Starmie|Thunderbolt|p1a: Milotic
|-supereffective|p1a: Milotic
|-damage|p1a: Milotic|0 fnt
|faint|p1a: Milotic
|
|t:|1728404271
|switch|p1a: Starmie|Starmie|64/100
|-damage|p1a: Starmie|52/100|[from] Spikes
|
|-weather|Sandstorm|[upkeep]
|-damage|p1a: Starmie|46/100|[from] Sandstorm
|-damage|p2a: Starmie|8/100|[from] Sandstorm
|-heal|p2a: Starmie|14/100|[from] item: Leftovers
|-heal|p1a: Starmie|52/100|[from] item: Leftovers
|upkeep
|turn|50
|
|t:|1728404273
|move|p1a: Starmie|Thunderbolt|p2a: Starmie
|-supereffective|p2a: Starmie
|-damage|p2a: Starmie|0 fnt
|faint|p2a: Starmie
|
|win|kug98
|c|☆kug98|ggs

</script>
<script type="application/json" class="data" id="replaydata-smogtours-gen3ou-796382">
{"id":"smogtours-gen3ou-796382","format":"[Gen 3] OU","players":["kug98","WraxiusGaming"],"uploadtime":1728404273,"views":97,"formatid":"gen3ou","rating":null,"private":0,"password":null}
</script>

<script defer src="js/replays.js?9d40a366"></script>
