<!DOCTYPE html>
<meta charset="utf-8" />
<meta name="viewport" content="width=device-width" />

<title>[Gen 3] OU: FlappleFan20 vs. zacpz - Replays - Pok&eacute;mon Showdown!</title>

<meta name="description" content="Watch a replay of a Pok&eacute;mon battle between FlappleFan20 and zacpz! Format: [Gen 3] OU; Date: Oct 22, 2024" />
<!--

Hey, you! Looking in the source for the replay log?

You can find them in JSON format, just add `.json` at the end of a replay URL.

https://replay.pokemonshowdown.com/gen7randomdoublesbattle-865046831.json

Or, if you only need the log itself, add `.log` instead:

https://replay.pokemonshowdown.com/gen7randomdoublesbattle-865046831.log

-->

<link rel="stylesheet" href="//pokemonshowdown.com/style/global.css?0.023195364461161105" />
<link rel="stylesheet" href="//play.pokemonshowdown.com/style/font-awesome.css?0.13261647063804238" />
<link rel="stylesheet" href="//play.pokemonshowdown.com/style/battle.css?0.8753245789963631" />
<link rel="stylesheet" href="//play.pokemonshowdown.com/style/utilichart.css?0.8627959624976733" />

<!-- Global site tag (gtag.js) - Google Analytics -->
<script async src="https://www.googletagmanager.com/gtag/js?id=UA-26211653-1"></script>
<script>
  window.dataLayer = window.dataLayer || [];
  function gtag(){dataLayer.push(arguments);}
  gtag('js', new Date());

  gtag('config', 'UA-26211653-1');
</script>
<!-- End Google Analytics -->
<!-- Venatus Ad Manager - Install in <HEAD> of page -->
	<script src="https://hb.vntsm.com/v3/live/ad-manager.min.js" type="text/javascript" data-site-id="642aba63ec9a7b11c3c9c1be" data-mode="scan" async></script>
<!-- / Venatus Ad Manager -->

<style>
	@media (max-width:820px) {
		.battle {
			margin: 0 auto;
		}
		.battle-log {
			margin: 7px auto 0;
			max-width: 640px;
			height: 300px;
			position: static;
		}
	}
	.optgroup {
		display: inline-block;
		line-height: 22px;
		font-size: 10pt;
	}
	.optgroup .button {
		height: 25px;
		padding-top: 0;
		padding-bottom: 0;
	}
	.optgroup button.button {
		padding-left: 12px;
		padding-right: 12px;
	}
	.linklist {
		list-style: none;
		margin: 0.5em 0;
		padding: 0;
	}
	.linklist li {
		padding: 2px 0;
	}
	.sidebar {
		float: left;
		width: 320px;
	}
	.bar-wrapper {
		max-width: 1100px;
		margin: 0 auto;
	}
	.bar-wrapper.has-sidebar {
		max-width: 1430px;
	}
	.mainbar {
		margin: 0;
		padding-right: 1px;
	}
	.mainbar.has-sidebar {
		margin-left: 330px;
	}
	@media (min-width: 1511px) {
		.sidebar {
			width: 400px;
		}
		.bar-wrapper.has-sidebar {
			max-width: 1510px;
		}
		.mainbar.has-sidebar {
			margin-left: 410px;
		}
	}
	.section.first-section {
		margin-top: 9px;
	}
	.blocklink small {
		white-space: normal;
	}
	.button {
		vertical-align: middle;
	}
	.replay-controls {
		padding-top: 10px;
	}
	.replay-controls h1 {
		font-size: 16pt;
		font-weight: normal;
		color: #CCC;
	}
	.pagelink {
		text-align: center;
	}
	.pagelink a {
		width: 150px;
	}
	.textbox, .button {
		font-size: 11pt;
		vertical-align: middle;
	}
	@media (max-width: 450px) {
		.button {
			font-size: 9pt;
		}
	}
</style>

<div>

	<header>
		<div class="nav-wrapper"><ul class="nav">
			<li><a class="button nav-first" href="//pokemonshowdown.com/"><img src="//pokemonshowdown.com/images/pokemonshowdownbeta.png" srcset="//pokemonshowdown.com/images/pokemonshowdownbeta.png 1x, //pokemonshowdown.com/images/pokemonshowdownbeta@2x.png 2x" alt="Pok&eacute;mon Showdown" width="146" height="44" /> Home</a></li>
			<li><a class="button" href="//pokemonshowdown.com/dex/">Pok&eacute;dex</a></li>
			<li><a class="button cur" href="/">Replays</a></li>
			<li><a class="button" href="//pokemonshowdown.com/ladder/">Ladder</a></li>
			<li><a class="button nav-last" href="//pokemonshowdown.com/forums/">Forum</a></li>
			<li><a class="button greenbutton nav-first nav-last" href="//play.pokemonshowdown.com/">Play</a></li>
		</ul></div>
	</header>

	<div class="main" id="main">

		<noscript><section class="section">You need to enable JavaScript to use this page; sorry!</section></noscript>

	</div>

</div>

<script defer nomodule src="//play.pokemonshowdown.com/js/lib/ps-polyfill.js"></script>
<script defer src="//play.pokemonshowdown.com/js/lib/preact.min.js"></script>

<script defer src="//play.pokemonshowdown.com/config/config.js?2bddbc15"></script>
<script defer src="//play.pokemonshowdown.com/js/lib/jquery-1.11.0.min.js"></script>
<script defer src="//play.pokemonshowdown.com/js/lib/html-sanitizer-minified.js"></script>
<script defer src="//play.pokemonshowdown.com/js/battle-sound.js"></script>
<script defer src="//play.pokemonshowdown.com/js/battledata.js?0.7209276989879541"></script>
<script defer src="//play.pokemonshowdown.com/data/pokedex-mini.js?0.6111056340867951"></script>
<script defer src="//play.pokemonshowdown.com/data/pokedex-mini-bw.js?0.3532142036491459"></script>
<script defer src="//play.pokemonshowdown.com/data/graphics.js?0.24223875632456182"></script>
<script defer src="//play.pokemonshowdown.com/data/pokedex.js?0.38839984266356864"></script>
<script defer src="//play.pokemonshowdown.com/data/moves.js?0.21866028504024015"></script>
<script defer src="//play.pokemonshowdown.com/data/abilities.js?0.2005157953846628"></script>
<script defer src="//play.pokemonshowdown.com/data/items.js?0.9894211263848525"></script>
<script defer src="//play.pokemonshowdown.com/data/teambuilder-tables.js?0.6008791140282215"></script>
<script defer src="//play.pokemonshowdown.com/js/battle-tooltips.js?0.7580118955022959"></script>
<script defer src="//play.pokemonshowdown.com/js/battle.js?0.6057722274234274"></script>

<script defer src="js/utils.js?e31f9a17"></script>
<script defer src="js/replays-battle.js?7008c182"></script>

<!-- don't scrape this data! just add .json or .log after the URL!
Full API docs: https://github.com/smogon/pokemon-showdown-client/blob/master/WEB-API.md -->
<script type="text/plain" class="log" id="replaylog-smogtours-gen3ou-801278">
|inactive|Battle timer is ON: inactive players will automatically lose when time's up.
|t:|1729634490
|gametype|singles
|player|p1|FlappleFan20|swimmer-gen1|
|player|p2|zacpz|#roaplxyorknewyanma|
|teamsize|p1|6
|teamsize|p2|6
|gen|3
|tier|[Gen 3] OU
|rule|Sleep Clause Mod: Limit one foe put to sleep
|rule|Switch Priority Clause Mod: Faster Pokémon switch first
|rule|Species Clause: Limit one of each Pokémon
|rule|OHKO Clause: OHKO moves are banned
|rule|Evasion Items Clause: Evasion items are banned
|rule|Evasion Moves Clause: Evasion moves are banned
|rule|Endless Battle Clause: Forcing endless battles is banned
|rule|HP Percentage Mod: HP is shown in percentages
|rule|One Boost Passer Clause: Limit one Baton Passer that has a way to boost its stats
|rule|Freeze Clause Mod: Limit one foe frozen
|
|t:|1729634490
|start
|switch|p1a: Tyranitar|Tyranitar, F|100/100
|switch|p2a: Blaziken|Blaziken, F|100/100
|-weather|Sandstorm|[from] ability: Sand Stream|[of] p1a: Tyranitar
|turn|1
|c|☆zacpz|hf
|c|☆FlappleFan20|u2 u2
|
|t:|1729634505
|switch|p1a: Salamence|Salamence, M|100/100
|-ability|p1a: Salamence|Intimidate|boost
|-unboost|p2a: Blaziken|atk|1
|move|p2a: Blaziken|Toxic|p1a: Salamence|[miss]
|-miss|p2a: Blaziken|p1a: Salamence
|
|-weather|Sandstorm|[upkeep]
|-damage|p2a: Blaziken|95/100|[from] Sandstorm
|-damage|p1a: Salamence|94/100|[from] Sandstorm
|-heal|p1a: Salamence|100/100|[from] item: Leftovers
|upkeep
|turn|2
|
|t:|1729634520
|switch|p1a: Gengar|Gengar, F|100/100
|move|p2a: Blaziken|Hidden Power|p1a: Gengar
|-damage|p1a: Gengar|74/100
|
|-weather|Sandstorm|[upkeep]
|-damage|p1a: Gengar|67/100|[from] Sandstorm
|-damage|p2a: Blaziken|89/100|[from] Sandstorm
|-heal|p1a: Gengar|74/100|[from] item: Leftovers
|upkeep
|turn|3
|
|t:|1729634529
|move|p1a: Gengar|Thunderbolt|p2a: Blaziken
|-damage|p2a: Blaziken|45/100
|move|p2a: Blaziken|Fire Blast|p1a: Gengar
|-damage|p1a: Gengar|5/100
|
|-weather|Sandstorm|[upkeep]
|-damage|p1a: Gengar|0 fnt|[from] Sandstorm
|-damage|p2a: Blaziken|39/100|[from] Sandstorm
|faint|p1a: Gengar
|upkeep
|inactive|FlappleFan20 has 270 seconds left.
|
|t:|1729634572
|switch|p1a: Swampert|Swampert, F|100/100
|turn|4
|
|t:|1729634575
|switch|p2a: Celebi|Celebi|100/100
|move|p1a: Swampert|Protect||[still]
|-fail|p1a: Swampert
|
|-weather|Sandstorm|[upkeep]
|-damage|p2a: Celebi|94/100|[from] Sandstorm
|-heal|p2a: Celebi|100/100|[from] item: Leftovers
|upkeep
|turn|5
|
|t:|1729634580
|switch|p1a: Skarmory|Skarmory, M|100/100
|move|p2a: Celebi|Psychic|p1a: Skarmory
|-resisted|p1a: Skarmory
|-damage|p1a: Skarmory|83/100
|
|-weather|Sandstorm|[upkeep]
|-damage|p2a: Celebi|94/100|[from] Sandstorm
|-heal|p2a: Celebi|100/100|[from] item: Leftovers
|-heal|p1a: Skarmory|89/100|[from] item: Leftovers
|upkeep
|turn|6
|
|t:|1729634585
|move|p2a: Celebi|Hidden Power|p1a: Skarmory
|-supereffective|p1a: Skarmory
|-damage|p1a: Skarmory|53/100
|move|p1a: Skarmory|Taunt|p2a: Celebi
|-start|p2a: Celebi|move: Taunt
|
|-weather|Sandstorm|[upkeep]
|-damage|p2a: Celebi|94/100|[from] Sandstorm
|-heal|p2a: Celebi|100/100|[from] item: Leftovers
|-heal|p1a: Skarmory|59/100|[from] item: Leftovers
|upkeep
|turn|7
|
|t:|1729634596
|switch|p1a: Blissey|Blissey, F|100/100
|move|p2a: Celebi|Hidden Power|p1a: Blissey
|-damage|p1a: Blissey|93/100
|
|-weather|Sandstorm|[upkeep]
|-damage|p2a: Celebi|94/100|[from] Sandstorm
|-damage|p1a: Blissey|87/100|[from] Sandstorm
|-heal|p2a: Celebi|100/100|[from] item: Leftovers
|-end|p2a: Celebi|move: Taunt|[silent]
|-heal|p1a: Blissey|93/100|[from] item: Leftovers
|upkeep
|turn|8
|
|t:|1729634601
|switch|p2a: Swampert|Swampert, F|100/100
|move|p1a: Blissey|Toxic|p2a: Swampert
|-status|p2a: Swampert|tox
|
|-weather|Sandstorm|[upkeep]
|-damage|p1a: Blissey|87/100|[from] Sandstorm
|-damage|p2a: Swampert|94/100 tox|[from] psn
|-heal|p1a: Blissey|93/100|[from] item: Leftovers
|upkeep
|turn|9
|
|t:|1729634609
|move|p2a: Swampert|Ice Beam|p1a: Blissey
|-damage|p1a: Blissey|81/100
|move|p1a: Blissey|Seismic Toss|p2a: Swampert
|-damage|p2a: Swampert|65/100 tox
|
|-weather|Sandstorm|[upkeep]
|-damage|p1a: Blissey|75/100|[from] Sandstorm
|-heal|p2a: Swampert|71/100 tox|[from] item: Leftovers
|-damage|p2a: Swampert|59/100 tox|[from] psn
|-heal|p1a: Blissey|81/100|[from] item: Leftovers
|upkeep
|turn|10
|
|t:|1729634616
|move|p2a: Swampert|Earthquake|p1a: Blissey
|-damage|p1a: Blissey|41/100
|move|p1a: Blissey|Seismic Toss|p2a: Swampert
|-damage|p2a: Swampert|30/100 tox
|
|-weather|Sandstorm|[upkeep]
|-damage|p1a: Blissey|35/100|[from] Sandstorm
|-heal|p2a: Swampert|36/100 tox|[from] item: Leftovers
|-damage|p2a: Swampert|17/100 tox|[from] psn
|-heal|p1a: Blissey|41/100|[from] item: Leftovers
|upkeep
|turn|11
|
|t:|1729634621
|-singleturn|p2a: Swampert|move: Focus Punch
|switch|p1a: Skarmory|Skarmory, M|59/100
|move|p2a: Swampert|Focus Punch|p1a: Skarmory
|-damage|p1a: Skarmory|30/100
|
|-weather|Sandstorm|[upkeep]
|-heal|p1a: Skarmory|36/100|[from] item: Leftovers
|-heal|p2a: Swampert|23/100 tox|[from] item: Leftovers
|-damage|p2a: Swampert|0 fnt|[from] psn
|faint|p2a: Swampert
|upkeep
|
|t:|1729634635
|switch|p2a: Blaziken|Blaziken, F|39/100
|turn|12
|
|t:|1729634643
|move|p2a: Blaziken|Fire Blast|p1a: Skarmory
|-supereffective|p1a: Skarmory
|-damage|p1a: Skarmory|0 fnt
|faint|p1a: Skarmory
|
|t:|1729634647
|switch|p1a: Swampert|Swampert, F|100/100
|
|-weather|Sandstorm|[upkeep]
|-damage|p2a: Blaziken|33/100|[from] Sandstorm
|upkeep
|turn|13
|
|t:|1729634651
|switch|p2a: Celebi|Celebi|100/100
|move|p1a: Swampert|Ice Beam|p2a: Celebi
|-supereffective|p2a: Celebi
|-damage|p2a: Celebi|71/100
|
|-weather|Sandstorm|[upkeep]
|-damage|p2a: Celebi|65/100|[from] Sandstorm
|-heal|p2a: Celebi|71/100|[from] item: Leftovers
|upkeep
|turn|14
|
|t:|1729634656
|switch|p2a: Blaziken|Blaziken, F|33/100
|switch|p1a: Blissey|Blissey, F|41/100
|
|-weather|Sandstorm|[upkeep]
|-damage|p2a: Blaziken|27/100|[from] Sandstorm
|-damage|p1a: Blissey|35/100|[from] Sandstorm
|-heal|p1a: Blissey|41/100|[from] item: Leftovers
|upkeep
|turn|15
|
|t:|1729634661
|switch|p1a: Salamence|Salamence, M|100/100
|-ability|p1a: Salamence|Intimidate|boost
|-unboost|p2a: Blaziken|atk|1
|move|p2a: Blaziken|Toxic|p1a: Salamence|[miss]
|-miss|p2a: Blaziken|p1a: Salamence
|
|-weather|Sandstorm|[upkeep]
|-damage|p1a: Salamence|94/100|[from] Sandstorm
|-damage|p2a: Blaziken|21/100|[from] Sandstorm
|-heal|p1a: Salamence|100/100|[from] item: Leftovers
|-enditem|p2a: Blaziken|Salac Berry|[eat]
|-boost|p2a: Blaziken|spe|1|[from] item: Salac Berry
|upkeep
|turn|16
|c|☆zacpz|blind ass mon
|
|t:|1729634688
|move|p2a: Blaziken|Toxic|p1a: Salamence
|-status|p1a: Salamence|tox
|move|p1a: Salamence|Dragon Claw|p2a: Blaziken
|-damage|p2a: Blaziken|0 fnt
|faint|p2a: Blaziken
|
|t:|1729634690
|switch|p2a: Gengar|Gengar, F|100/100
|
|-weather|Sandstorm|[upkeep]
|-damage|p2a: Gengar|94/100|[from] Sandstorm
|-damage|p1a: Salamence|94/100 tox|[from] Sandstorm
|-heal|p2a: Gengar|100/100|[from] item: Leftovers
|-heal|p1a: Salamence|100/100 tox|[from] item: Leftovers
|-damage|p1a: Salamence|94/100 tox|[from] psn
|upkeep
|turn|17
|
|t:|1729634714
|switch|p2a: Salamence|Salamence, M|100/100
|-ability|p2a: Salamence|Intimidate|boost
|-unboost|p1a: Salamence|atk|1
|switch|p1a: Swampert|Swampert, F|100/100
|
|-weather|Sandstorm|[upkeep]
|-damage|p2a: Salamence|94/100|[from] Sandstorm
|-heal|p2a: Salamence|100/100|[from] item: Leftovers
|upkeep
|turn|18
|
|t:|1729634720
|switch|p2a: Celebi|Celebi|71/100
|move|p1a: Swampert|Ice Beam|p2a: Celebi
|-supereffective|p2a: Celebi
|-damage|p2a: Celebi|42/100
|-status|p2a: Celebi|frz
|
|-weather|Sandstorm|[upkeep]
|-damage|p2a: Celebi|35/100 frz|[from] Sandstorm
|-heal|p2a: Celebi|42/100 frz|[from] item: Leftovers
|upkeep
|turn|19
|
|t:|1729634728
|-curestatus|p2a: Celebi|frz|[from] ability: Natural Cure
|switch|p2a: Gengar|Gengar, F|100/100
|move|p1a: Swampert|Ice Beam|p2a: Gengar
|-damage|p2a: Gengar|68/100
|
|-weather|Sandstorm|[upkeep]
|-damage|p2a: Gengar|62/100|[from] Sandstorm
|-heal|p2a: Gengar|68/100|[from] item: Leftovers
|upkeep
|turn|20
|
|t:|1729634735
|move|p1a: Swampert|Protect|p1a: Swampert
|-singleturn|p1a: Swampert|Protect
|move|p2a: Gengar|Hidden Power|p1a: Swampert
|-activate|p1a: Swampert|Protect
|
|-weather|Sandstorm|[upkeep]
|-damage|p2a: Gengar|62/100|[from] Sandstorm
|-heal|p2a: Gengar|68/100|[from] item: Leftovers
|upkeep
|turn|21
|
|t:|1729634742
|switch|p2a: Metagross|Metagross|100/100
|switch|p1a: Blissey|Blissey, F|41/100
|
|-weather|Sandstorm|[upkeep]
|-damage|p1a: Blissey|35/100|[from] Sandstorm
|-heal|p1a: Blissey|41/100|[from] item: Leftovers
|upkeep
|turn|22
|
|t:|1729634747
|move|p2a: Metagross|Earthquake|p1a: Blissey
|-damage|p1a: Blissey|0 fnt
|faint|p1a: Blissey
|
|t:|1729634755
|switch|p1a: Swampert|Swampert, F|100/100
|
|-weather|Sandstorm|[upkeep]
|upkeep
|turn|23
|
|t:|1729634759
|switch|p2a: Celebi|Celebi|42/100
|move|p1a: Swampert|Ice Beam|p2a: Celebi
|-supereffective|p2a: Celebi
|-damage|p2a: Celebi|10/100
|
|-weather|Sandstorm|[upkeep]
|-damage|p2a: Celebi|4/100|[from] Sandstorm
|-heal|p2a: Celebi|10/100|[from] item: Leftovers
|upkeep
|turn|24
|
|t:|1729634772
|move|p2a: Celebi|Giga Drain|p1a: Swampert
|-supereffective|p1a: Swampert
|-crit|p1a: Swampert
|-damage|p1a: Swampert|0 fnt
|-heal|p2a: Celebi|60/100|[from] drain|[of] p1a: Swampert
|faint|p1a: Swampert
|
|t:|1729634775
|switch|p1a: Salamence|Salamence, M|94/100 tox
|-ability|p1a: Salamence|Intimidate|boost
|-unboost|p2a: Celebi|atk|1
|
|-weather|Sandstorm|[upkeep]
|-damage|p1a: Salamence|88/100 tox|[from] Sandstorm
|-damage|p2a: Celebi|53/100|[from] Sandstorm
|-heal|p1a: Salamence|94/100 tox|[from] item: Leftovers
|-damage|p1a: Salamence|88/100 tox|[from] psn
|-heal|p2a: Celebi|60/100|[from] item: Leftovers
|upkeep
|turn|25
|c|☆FlappleFan20|ggs
|c|☆zacpz|sorry
|
|t:|1729634788
|switch|p2a: Salamence|Salamence, M|100/100
|-ability|p2a: Salamence|Intimidate|boost
|-unboost|p1a: Salamence|atk|1
|move|p1a: Salamence|Flamethrower|p2a: Salamence
|-resisted|p2a: Salamence
|-crit|p2a: Salamence
|-damage|p2a: Salamence|67/100
|
|-weather|Sandstorm|[upkeep]
|-damage|p1a: Salamence|82/100 tox|[from] Sandstorm
|-damage|p2a: Salamence|61/100|[from] Sandstorm
|-heal|p1a: Salamence|88/100 tox|[from] item: Leftovers
|-damage|p1a: Salamence|76/100 tox|[from] psn
|-heal|p2a: Salamence|67/100|[from] item: Leftovers
|upkeep
|turn|26
|c|☆FlappleFan20|youre all good, im not sure how i got to be 3-1 lmao
|
|t:|1729634797
|move|p1a: Salamence|Dragon Claw|p2a: Salamence
|-supereffective|p2a: Salamence
|-crit|p2a: Salamence
|-damage|p2a: Salamence|0 fnt
|faint|p2a: Salamence
|
|t:|1729634801
|switch|p2a: Gengar|Gengar, F|68/100
|
|-weather|Sandstorm|[upkeep]
|-damage|p2a: Gengar|62/100|[from] Sandstorm
|-damage|p1a: Salamence|70/100 tox|[from] Sandstorm
|-heal|p2a: Gengar|68/100|[from] item: Leftovers
|-heal|p1a: Salamence|76/100 tox|[from] item: Leftovers
|-damage|p1a: Salamence|58/100 tox|[from] psn
|upkeep
|turn|27
|
|t:|1729634805
|move|p2a: Gengar|Ice Punch|p1a: Salamence
|-supereffective|p1a: Salamence
|-damage|p1a: Salamence|0 fnt
|faint|p1a: Salamence
|
|t:|1729634807
|switch|p1a: Tyranitar|Tyranitar, F|100/100
|
|-weather|Sandstorm|[upkeep]
|-damage|p2a: Gengar|62/100|[from] Sandstorm
|-heal|p2a: Gengar|68/100|[from] item: Leftovers
|upkeep
|turn|28
|
|t:|1729634813
|move|p2a: Gengar|Explosion|p1a: Tyranitar
|-resisted|p1a: Tyranitar
|-damage|p1a: Tyranitar|74/100
|faint|p2a: Gengar
|
|t:|1729634815
|switch|p2a: Metagross|Metagross|100/100
|
|-weather|Sandstorm|[upkeep]
|-heal|p1a: Tyranitar|81/100|[from] item: Leftovers
|upkeep
|turn|29
|
|t:|1729634819
|move|p2a: Metagross|Meteor Mash|p1a: Tyranitar
|-supereffective|p1a: Tyranitar
|-damage|p1a: Tyranitar|0 fnt
|-boost|p2a: Metagross|atk|1
|faint|p1a: Tyranitar
|
|win|zacpz
|c|☆zacpz|ready for g2?
|c|☆FlappleFan20|yerp

</script>
<script type="application/json" class="data" id="replaydata-smogtours-gen3ou-801278">
{"id":"smogtours-gen3ou-801278","format":"[Gen 3] OU","players":["FlappleFan20","zacpz"],"uploadtime":1729634819,"views":83,"formatid":"gen3ou","rating":null,"private":0,"password":null}
</script>

<script defer src="js/replays.js?9d40a366"></script>
