<!DOCTYPE html>
<meta charset="utf-8" />
<meta name="viewport" content="width=device-width" />

<title>[Gen 3] OU: salto vs. Gonzasaurio 50 - Replays - Pok&eacute;mon Showdown!</title>

<meta name="description" content="Watch a replay of a Pok&eacute;mon battle between salto and Gonzasaurio 50! Format: [Gen 3] OU; Date: Oct 9, 2024" />
<!--

Hey, you! Looking in the source for the replay log?

You can find them in JSON format, just add `.json` at the end of a replay URL.

https://replay.pokemonshowdown.com/gen7randomdoublesbattle-865046831.json

Or, if you only need the log itself, add `.log` instead:

https://replay.pokemonshowdown.com/gen7randomdoublesbattle-865046831.log

-->

<link rel="stylesheet" href="//pokemonshowdown.com/style/global.css?0.767286132409787" />
<link rel="stylesheet" href="//play.pokemonshowdown.com/style/font-awesome.css?0.9266228007934947" />
<link rel="stylesheet" href="//play.pokemonshowdown.com/style/battle.css?0.7924700842790926" />
<link rel="stylesheet" href="//play.pokemonshowdown.com/style/utilichart.css?0.8777417872839479" />

<!-- Global site tag (gtag.js) - Google Analytics -->
<script async src="https://www.googletagmanager.com/gtag/js?id=UA-26211653-1"></script>
<script>
  window.dataLayer = window.dataLayer || [];
  function gtag(){dataLayer.push(arguments);}
  gtag('js', new Date());

  gtag('config', 'UA-26211653-1');
</script>
<!-- End Google Analytics -->
<!-- Venatus Ad Manager - Install in <HEAD> of page -->
	<script src="https://hb.vntsm.com/v3/live/ad-manager.min.js" type="text/javascript" data-site-id="642aba63ec9a7b11c3c9c1be" data-mode="scan" async></script>
<!-- / Venatus Ad Manager -->

<style>
	@media (max-width:820px) {
		.battle {
			margin: 0 auto;
		}
		.battle-log {
			margin: 7px auto 0;
			max-width: 640px;
			height: 300px;
			position: static;
		}
	}
	.optgroup {
		display: inline-block;
		line-height: 22px;
		font-size: 10pt;
	}
	.optgroup .button {
		height: 25px;
		padding-top: 0;
		padding-bottom: 0;
	}
	.optgroup button.button {
		padding-left: 12px;
		padding-right: 12px;
	}
	.linklist {
		list-style: none;
		margin: 0.5em 0;
		padding: 0;
	}
	.linklist li {
		padding: 2px 0;
	}
	.sidebar {
		float: left;
		width: 320px;
	}
	.bar-wrapper {
		max-width: 1100px;
		margin: 0 auto;
	}
	.bar-wrapper.has-sidebar {
		max-width: 1430px;
	}
	.mainbar {
		margin: 0;
		padding-right: 1px;
	}
	.mainbar.has-sidebar {
		margin-left: 330px;
	}
	@media (min-width: 1511px) {
		.sidebar {
			width: 400px;
		}
		.bar-wrapper.has-sidebar {
			max-width: 1510px;
		}
		.mainbar.has-sidebar {
			margin-left: 410px;
		}
	}
	.section.first-section {
		margin-top: 9px;
	}
	.blocklink small {
		white-space: normal;
	}
	.button {
		vertical-align: middle;
	}
	.replay-controls {
		padding-top: 10px;
	}
	.replay-controls h1 {
		font-size: 16pt;
		font-weight: normal;
		color: #CCC;
	}
	.pagelink {
		text-align: center;
	}
	.pagelink a {
		width: 150px;
	}
	.textbox, .button {
		font-size: 11pt;
		vertical-align: middle;
	}
	@media (max-width: 450px) {
		.button {
			font-size: 9pt;
		}
	}
</style>

<div>

	<header>
		<div class="nav-wrapper"><ul class="nav">
			<li><a class="button nav-first" href="//pokemonshowdown.com/"><img src="//pokemonshowdown.com/images/pokemonshowdownbeta.png" srcset="//pokemonshowdown.com/images/pokemonshowdownbeta.png 1x, //pokemonshowdown.com/images/pokemonshowdownbeta@2x.png 2x" alt="Pok&eacute;mon Showdown" width="146" height="44" /> Home</a></li>
			<li><a class="button" href="//pokemonshowdown.com/dex/">Pok&eacute;dex</a></li>
			<li><a class="button cur" href="/">Replays</a></li>
			<li><a class="button" href="//pokemonshowdown.com/ladder/">Ladder</a></li>
			<li><a class="button nav-last" href="//pokemonshowdown.com/forums/">Forum</a></li>
			<li><a class="button greenbutton nav-first nav-last" href="//play.pokemonshowdown.com/">Play</a></li>
		</ul></div>
	</header>

	<div class="main" id="main">

		<noscript><section class="section">You need to enable JavaScript to use this page; sorry!</section></noscript>

	</div>

</div>

<script defer nomodule src="//play.pokemonshowdown.com/js/lib/ps-polyfill.js"></script>
<script defer src="//play.pokemonshowdown.com/js/lib/preact.min.js"></script>

<script defer src="//play.pokemonshowdown.com/config/config.js?6dec07f6"></script>
<script defer src="//play.pokemonshowdown.com/js/lib/jquery-1.11.0.min.js"></script>
<script defer src="//play.pokemonshowdown.com/js/lib/html-sanitizer-minified.js"></script>
<script defer src="//play.pokemonshowdown.com/js/battle-sound.js"></script>
<script defer src="//play.pokemonshowdown.com/js/battledata.js?0.6315294753075389"></script>
<script defer src="//play.pokemonshowdown.com/data/pokedex-mini.js?0.7603743185311358"></script>
<script defer src="//play.pokemonshowdown.com/data/pokedex-mini-bw.js?0.030888842834281283"></script>
<script defer src="//play.pokemonshowdown.com/data/graphics.js?0.05593094747507488"></script>
<script defer src="//play.pokemonshowdown.com/data/pokedex.js?0.47064822249611904"></script>
<script defer src="//play.pokemonshowdown.com/data/moves.js?0.8583693120512459"></script>
<script defer src="//play.pokemonshowdown.com/data/abilities.js?0.16017181182386842"></script>
<script defer src="//play.pokemonshowdown.com/data/items.js?0.4163379185673943"></script>
<script defer src="//play.pokemonshowdown.com/data/teambuilder-tables.js?0.31075597372830477"></script>
<script defer src="//play.pokemonshowdown.com/js/battle-tooltips.js?0.6536193500708172"></script>
<script defer src="//play.pokemonshowdown.com/js/battle.js?0.1916591943277901"></script>

<script defer src="js/utils.js?e31f9a17"></script>
<script defer src="js/replays-battle.js?7008c182"></script>

<!-- don't scrape this data! just add .json or .log after the URL!
Full API docs: https://github.com/smogon/pokemon-showdown-client/blob/master/WEB-API.md -->
<script type="text/plain" class="log" id="replaylog-smogtours-gen3ou-796690">
|inactive|Battle timer is ON: inactive players will automatically lose when time's up.
|t:|1728497220
|gametype|singles
|player|p1|salto|grimsley|
|player|p2|Gonzasaurio 50|170|
|teamsize|p1|6
|teamsize|p2|6
|gen|3
|tier|[Gen 3] OU
|rule|Sleep Clause Mod: Limit one foe put to sleep
|rule|Switch Priority Clause Mod: Faster Pokémon switch first
|rule|Species Clause: Limit one of each Pokémon
|rule|OHKO Clause: OHKO moves are banned
|rule|Evasion Items Clause: Evasion items are banned
|rule|Evasion Moves Clause: Evasion moves are banned
|rule|Endless Battle Clause: Forcing endless battles is banned
|rule|HP Percentage Mod: HP is shown in percentages
|rule|One Boost Passer Clause: Limit one Baton Passer that has a way to boost its stats
|rule|Freeze Clause Mod: Limit one foe frozen
|
|t:|1728497220
|start
|switch|p1a: Tyranitar|Tyranitar, M|100/100
|switch|p2a: Zapdos|Zapdos|100/100
|-weather|Sandstorm|[from] ability: Sand Stream|[of] p1a: Tyranitar
|turn|1
|
|t:|1728497224
|switch|p2a: Flygon|Flygon, M|100/100
|move|p1a: Tyranitar|Rock Slide|p2a: Flygon|[miss]
|-miss|p1a: Tyranitar|p2a: Flygon
|
|-weather|Sandstorm|[upkeep]
|upkeep
|turn|2
|
|t:|1728497231
|switch|p1a: Skarmory|Skarmory, M|100/100
|move|p2a: Flygon|Toxic|p1a: Skarmory
|-immune|p1a: Skarmory
|
|-weather|Sandstorm|[upkeep]
|upkeep
|turn|3
|
|t:|1728497236
|switch|p2a: Zapdos|Zapdos|100/100
|move|p1a: Skarmory|Toxic|p2a: Zapdos
|-status|p2a: Zapdos|tox
|
|-weather|Sandstorm|[upkeep]
|-damage|p2a: Zapdos|94/100 tox|[from] Sandstorm
|-heal|p2a: Zapdos|100/100 tox|[from] item: Leftovers
|-damage|p2a: Zapdos|94/100 tox|[from] psn
|upkeep
|turn|4
|
|t:|1728497243
|move|p2a: Zapdos|Thunder Wave|p1a: Skarmory
|-status|p1a: Skarmory|par
|move|p1a: Skarmory|Spikes|p2a: Zapdos
|-sidestart|p2: Gonzasaurio 50|Spikes
|
|-weather|Sandstorm|[upkeep]
|-damage|p2a: Zapdos|88/100 tox|[from] Sandstorm
|-heal|p2a: Zapdos|94/100 tox|[from] item: Leftovers
|-damage|p2a: Zapdos|82/100 tox|[from] psn
|upkeep
|turn|5
|
|t:|1728497251
|switch|p2a: Charizard|Charizard, F|100/100
|switch|p1a: Swampert|Swampert, M|100/100
|
|-weather|Sandstorm|[upkeep]
|-damage|p2a: Charizard|94/100|[from] Sandstorm
|-heal|p2a: Charizard|100/100|[from] item: Leftovers
|upkeep
|turn|6
|
|t:|1728497268
|move|p2a: Charizard|Substitute|p2a: Charizard
|-start|p2a: Charizard|Substitute
|-damage|p2a: Charizard|76/100
|move|p1a: Swampert|Surf|p2a: Charizard
|-supereffective|p2a: Charizard
|-end|p2a: Charizard|Substitute
|
|-weather|Sandstorm|[upkeep]
|-damage|p2a: Charizard|70/100|[from] Sandstorm
|-heal|p2a: Charizard|76/100|[from] item: Leftovers
|upkeep
|turn|7
|
|t:|1728497274
|switch|p2a: Blissey|Blissey, F|100/100
|-damage|p2a: Blissey|88/100|[from] Spikes
|move|p1a: Swampert|Surf|p2a: Blissey
|-damage|p2a: Blissey|76/100
|
|-weather|Sandstorm|[upkeep]
|-damage|p2a: Blissey|70/100|[from] Sandstorm
|-heal|p2a: Blissey|76/100|[from] item: Leftovers
|upkeep
|turn|8
|
|t:|1728497277
|move|p2a: Blissey|Ice Beam|p1a: Swampert
|-damage|p1a: Swampert|78/100
|move|p1a: Swampert|Earthquake|p2a: Blissey
|-damage|p2a: Blissey|38/100
|
|-weather|Sandstorm|[upkeep]
|-damage|p2a: Blissey|32/100|[from] Sandstorm
|-heal|p2a: Blissey|38/100|[from] item: Leftovers
|-heal|p1a: Swampert|84/100|[from] item: Leftovers
|upkeep
|turn|9
|
|t:|1728497292
|switch|p1a: Charizard|Charizard, F|100/100
|move|p2a: Blissey|Soft-Boiled|p2a: Blissey
|-heal|p2a: Blissey|88/100
|
|-weather|Sandstorm|[upkeep]
|-damage|p1a: Charizard|94/100|[from] Sandstorm
|-damage|p2a: Blissey|82/100|[from] Sandstorm
|-heal|p1a: Charizard|100/100|[from] item: Leftovers
|-heal|p2a: Blissey|88/100|[from] item: Leftovers
|upkeep
|turn|10
|
|t:|1728497308
|move|p1a: Charizard|Beat Up|p2a: Blissey
|-damage|p2a: Blissey|78/100
|-damage|p2a: Blissey|62/100
|-damage|p2a: Blissey|46/100
|-damage|p2a: Blissey|36/100
|-damage|p2a: Blissey|24/100
|-hitcount|p2a: Blissey|5
|move|p2a: Blissey|Thunder Wave|p1a: Charizard
|-status|p1a: Charizard|par
|
|-weather|Sandstorm|[upkeep]
|-damage|p2a: Blissey|18/100|[from] Sandstorm
|-damage|p1a: Charizard|94/100 par|[from] Sandstorm
|-heal|p2a: Blissey|24/100|[from] item: Leftovers
|-heal|p1a: Charizard|100/100 par|[from] item: Leftovers
|upkeep
|turn|11
|
|t:|1728497330
|switch|p2a: Zapdos|Zapdos|82/100 tox
|switch|p1a: Gyarados|Gyarados, M|100/100
|-ability|p1a: Gyarados|Intimidate|boost
|-unboost|p2a: Zapdos|atk|1
|
|-weather|Sandstorm|[upkeep]
|-damage|p2a: Zapdos|76/100 tox|[from] Sandstorm
|-damage|p1a: Gyarados|94/100|[from] Sandstorm
|-heal|p2a: Zapdos|82/100 tox|[from] item: Leftovers
|-damage|p2a: Zapdos|76/100 tox|[from] psn
|-heal|p1a: Gyarados|100/100|[from] item: Leftovers
|upkeep
|turn|12
|
|t:|1728497340
|switch|p1a: Dugtrio|Dugtrio, M|100/100
|move|p2a: Zapdos|Hidden Power|p1a: Dugtrio
|-supereffective|p1a: Dugtrio
|-damage|p1a: Dugtrio|0 fnt
|faint|p1a: Dugtrio
|
|t:|1728497347
|switch|p1a: Tyranitar|Tyranitar, M|100/100
|
|-weather|Sandstorm|[upkeep]
|-damage|p2a: Zapdos|69/100 tox|[from] Sandstorm
|-heal|p2a: Zapdos|76/100 tox|[from] item: Leftovers
|-damage|p2a: Zapdos|63/100 tox|[from] psn
|upkeep
|turn|13
|
|t:|1728497351
|switch|p2a: Flygon|Flygon, M|100/100
|move|p1a: Tyranitar|Rock Slide|p2a: Flygon
|-resisted|p2a: Flygon
|-damage|p2a: Flygon|83/100
|
|-weather|Sandstorm|[upkeep]
|-heal|p2a: Flygon|89/100|[from] item: Leftovers
|upkeep
|turn|14
|
|t:|1728497365
|switch|p2a: Gengar|Gengar, F|100/100
|switch|p1a: Skarmory|Skarmory, M|100/100 par
|
|-weather|Sandstorm|[upkeep]
|-damage|p2a: Gengar|94/100|[from] Sandstorm
|-heal|p2a: Gengar|100/100|[from] item: Leftovers
|upkeep
|turn|15
|
|t:|1728497381
|switch|p1a: Swampert|Swampert, M|84/100
|move|p2a: Gengar|Hidden Power|p1a: Swampert
|-supereffective|p1a: Swampert
|-damage|p1a: Swampert|0 fnt
|faint|p1a: Swampert
|
|t:|1728497387
|switch|p1a: Tyranitar|Tyranitar, M|100/100
|
|-weather|Sandstorm|[upkeep]
|-damage|p2a: Gengar|94/100|[from] Sandstorm
|-heal|p2a: Gengar|100/100|[from] item: Leftovers
|upkeep
|turn|16
|
|t:|1728497391
|switch|p2a: Flygon|Flygon, M|89/100
|move|p1a: Tyranitar|Dragon Dance|p1a: Tyranitar
|-boost|p1a: Tyranitar|atk|1
|-boost|p1a: Tyranitar|spe|1
|
|-weather|Sandstorm|[upkeep]
|-heal|p2a: Flygon|95/100|[from] item: Leftovers
|upkeep
|turn|17
|
|t:|1728497394
|move|p1a: Tyranitar|Hidden Power|p2a: Flygon
|-damage|p2a: Flygon|66/100
|move|p2a: Flygon|Earthquake|p1a: Tyranitar
|-supereffective|p1a: Tyranitar
|-damage|p1a: Tyranitar|35/100
|
|-weather|Sandstorm|[upkeep]
|-heal|p2a: Flygon|72/100|[from] item: Leftovers
|upkeep
|turn|18
|
|t:|1728497399
|move|p1a: Tyranitar|Hidden Power|p2a: Flygon
|-crit|p2a: Flygon
|-damage|p2a: Flygon|15/100
|move|p2a: Flygon|Rock Slide|p1a: Tyranitar|[miss]
|-miss|p2a: Flygon|p1a: Tyranitar
|
|-weather|Sandstorm|[upkeep]
|-heal|p2a: Flygon|21/100|[from] item: Leftovers
|upkeep
|turn|19
|
|t:|1728497406
|move|p2a: Flygon|Protect|p2a: Flygon
|-singleturn|p2a: Flygon|Protect
|move|p1a: Tyranitar|Hidden Power|p2a: Flygon
|-activate|p2a: Flygon|Protect
|
|-weather|Sandstorm|[upkeep]
|-heal|p2a: Flygon|27/100|[from] item: Leftovers
|upkeep
|turn|20
|
|t:|1728497414
|switch|p2a: Blissey|Blissey, F|24/100
|-damage|p2a: Blissey|11/100|[from] Spikes
|move|p1a: Tyranitar|Hidden Power|p2a: Blissey
|-crit|p2a: Blissey
|-damage|p2a: Blissey|0 fnt
|faint|p2a: Blissey
|
|t:|1728497416
|switch|p2a: Flygon|Flygon, M|27/100
|
|-weather|Sandstorm|[upkeep]
|-heal|p2a: Flygon|33/100|[from] item: Leftovers
|upkeep
|turn|21
|
|t:|1728497418
|move|p1a: Tyranitar|Dragon Dance|p1a: Tyranitar
|-boost|p1a: Tyranitar|atk|1
|-boost|p1a: Tyranitar|spe|1
|move|p2a: Flygon|Earthquake|p1a: Tyranitar
|-supereffective|p1a: Tyranitar
|-damage|p1a: Tyranitar|0 fnt
|faint|p1a: Tyranitar
|
|t:|1728497420
|switch|p1a: Gyarados|Gyarados, M|100/100
|-ability|p1a: Gyarados|Intimidate|boost
|-unboost|p2a: Flygon|atk|1
|
|-weather|Sandstorm|[upkeep]
|-damage|p1a: Gyarados|94/100|[from] Sandstorm
|-heal|p1a: Gyarados|100/100|[from] item: Leftovers
|-heal|p2a: Flygon|39/100|[from] item: Leftovers
|upkeep
|turn|22
|
|t:|1728497431
|move|p1a: Gyarados|Taunt|p2a: Flygon
|-start|p2a: Flygon|move: Taunt
|cant|p2a: Flygon|move: Taunt|Toxic
|
|-weather|Sandstorm|[upkeep]
|-damage|p1a: Gyarados|94/100|[from] Sandstorm
|-heal|p1a: Gyarados|100/100|[from] item: Leftovers
|-heal|p2a: Flygon|45/100|[from] item: Leftovers
|upkeep
|turn|23
|
|t:|1728497435
|move|p1a: Gyarados|Dragon Dance|p1a: Gyarados
|-boost|p1a: Gyarados|atk|1
|-boost|p1a: Gyarados|spe|1
|move|p2a: Flygon|Rock Slide|p1a: Gyarados
|-supereffective|p1a: Gyarados
|-damage|p1a: Gyarados|72/100
|
|-weather|Sandstorm|[upkeep]
|-damage|p1a: Gyarados|66/100|[from] Sandstorm
|-heal|p1a: Gyarados|72/100|[from] item: Leftovers
|-heal|p2a: Flygon|51/100|[from] item: Leftovers
|-end|p2a: Flygon|move: Taunt|[silent]
|upkeep
|turn|24
|
|t:|1728497439
|switch|p2a: Zapdos|Zapdos|63/100 tox
|move|p1a: Gyarados|Dragon Dance|p1a: Gyarados
|-boost|p1a: Gyarados|atk|1
|-boost|p1a: Gyarados|spe|1
|
|-weather|Sandstorm|[upkeep]
|-damage|p1a: Gyarados|66/100|[from] Sandstorm
|-damage|p2a: Zapdos|57/100 tox|[from] Sandstorm
|-heal|p1a: Gyarados|72/100|[from] item: Leftovers
|-heal|p2a: Zapdos|63/100 tox|[from] item: Leftovers
|-damage|p2a: Zapdos|57/100 tox|[from] psn
|upkeep
|turn|25
|
|t:|1728497442
|move|p1a: Gyarados|Hidden Power|p2a: Zapdos
|-supereffective|p2a: Zapdos
|-damage|p2a: Zapdos|0 fnt
|faint|p2a: Zapdos
|
|t:|1728497447
|switch|p2a: Flygon|Flygon, M|51/100
|
|-weather|Sandstorm|[upkeep]
|-damage|p1a: Gyarados|66/100|[from] Sandstorm
|-heal|p1a: Gyarados|72/100|[from] item: Leftovers
|-heal|p2a: Flygon|57/100|[from] item: Leftovers
|upkeep
|turn|26
|
|t:|1728497451
|move|p1a: Gyarados|Hidden Power|p2a: Flygon
|-resisted|p2a: Flygon
|-damage|p2a: Flygon|36/100
|move|p2a: Flygon|Rock Slide|p1a: Gyarados
|-supereffective|p1a: Gyarados
|-crit|p1a: Gyarados
|-damage|p1a: Gyarados|0 fnt
|faint|p1a: Gyarados
|
|t:|1728497457
|switch|p1a: Charizard|Charizard, F|100/100 par
|
|-weather|Sandstorm|[upkeep]
|-damage|p1a: Charizard|94/100 par|[from] Sandstorm
|-heal|p2a: Flygon|43/100|[from] item: Leftovers
|-heal|p1a: Charizard|100/100 par|[from] item: Leftovers
|upkeep
|turn|27
|
|t:|1728497459
|move|p2a: Flygon|Rock Slide|p1a: Charizard
|-supereffective|p1a: Charizard
|-damage|p1a: Charizard|8/100 par
|cant|p1a: Charizard|flinch
|
|-weather|Sandstorm|[upkeep]
|-damage|p1a: Charizard|2/100 par|[from] Sandstorm
|-heal|p2a: Flygon|49/100|[from] item: Leftovers
|-heal|p1a: Charizard|8/100 par|[from] item: Leftovers
|upkeep
|turn|28
|
|t:|1728497462
|move|p2a: Flygon|Rock Slide|p1a: Charizard
|-supereffective|p1a: Charizard
|-damage|p1a: Charizard|0 fnt
|faint|p1a: Charizard
|
|t:|1728497463
|switch|p1a: Skarmory|Skarmory, M|100/100 par
|
|-weather|Sandstorm|[upkeep]
|-heal|p2a: Flygon|55/100|[from] item: Leftovers
|upkeep
|turn|29
|
|t:|1728497467
|switch|p2a: Charizard|Charizard, F|76/100
|move|p1a: Skarmory|Toxic|p2a: Charizard|[miss]
|-miss|p1a: Skarmory|p2a: Charizard
|
|-weather|Sandstorm|[upkeep]
|-damage|p2a: Charizard|70/100|[from] Sandstorm
|-heal|p2a: Charizard|76/100|[from] item: Leftovers
|upkeep
|turn|30
|c|☆salto|gg
|
|t:|1728497470
|move|p2a: Charizard|Fire Blast|p1a: Skarmory
|-supereffective|p1a: Skarmory
|-damage|p1a: Skarmory|0 fnt
|faint|p1a: Skarmory
|
|win|Gonzasaurio 50
|c|☆Gonzasaurio 50|gg

</script>
<script type="application/json" class="data" id="replaydata-smogtours-gen3ou-796690">
{"id":"smogtours-gen3ou-796690","format":"[Gen 3] OU","players":["salto","Gonzasaurio 50"],"uploadtime":1728497470,"views":113,"formatid":"gen3ou","rating":null,"private":0,"password":null}
</script>

<script defer src="js/replays.js?9d40a366"></script>
