<!DOCTYPE html>
<meta charset="utf-8" />
<meta name="viewport" content="width=device-width" />

<title>[Gen 3] OU: LoopingPyre vs. StatelessFir - Replays - Pok&eacute;mon Showdown!</title>

<meta name="description" content="Watch a replay of a Pok&eacute;mon battle between LoopingPyre and StatelessFir! Format: [Gen 3] OU; Date: Oct 13, 2024" />
<!--

Hey, you! Looking in the source for the replay log?

You can find them in JSON format, just add `.json` at the end of a replay URL.

https://replay.pokemonshowdown.com/gen7randomdoublesbattle-865046831.json

Or, if you only need the log itself, add `.log` instead:

https://replay.pokemonshowdown.com/gen7randomdoublesbattle-865046831.log

-->

<link rel="stylesheet" href="//pokemonshowdown.com/style/global.css?0.023195364461161105" />
<link rel="stylesheet" href="//play.pokemonshowdown.com/style/font-awesome.css?0.13261647063804238" />
<link rel="stylesheet" href="//play.pokemonshowdown.com/style/battle.css?0.8753245789963631" />
<link rel="stylesheet" href="//play.pokemonshowdown.com/style/utilichart.css?0.8627959624976733" />

<!-- Global site tag (gtag.js) - Google Analytics -->
<script async src="https://www.googletagmanager.com/gtag/js?id=UA-26211653-1"></script>
<script>
  window.dataLayer = window.dataLayer || [];
  function gtag(){dataLayer.push(arguments);}
  gtag('js', new Date());

  gtag('config', 'UA-26211653-1');
</script>
<!-- End Google Analytics -->
<!-- Venatus Ad Manager - Install in <HEAD> of page -->
	<script src="https://hb.vntsm.com/v3/live/ad-manager.min.js" type="text/javascript" data-site-id="642aba63ec9a7b11c3c9c1be" data-mode="scan" async></script>
<!-- / Venatus Ad Manager -->

<style>
	@media (max-width:820px) {
		.battle {
			margin: 0 auto;
		}
		.battle-log {
			margin: 7px auto 0;
			max-width: 640px;
			height: 300px;
			position: static;
		}
	}
	.optgroup {
		display: inline-block;
		line-height: 22px;
		font-size: 10pt;
	}
	.optgroup .button {
		height: 25px;
		padding-top: 0;
		padding-bottom: 0;
	}
	.optgroup button.button {
		padding-left: 12px;
		padding-right: 12px;
	}
	.linklist {
		list-style: none;
		margin: 0.5em 0;
		padding: 0;
	}
	.linklist li {
		padding: 2px 0;
	}
	.sidebar {
		float: left;
		width: 320px;
	}
	.bar-wrapper {
		max-width: 1100px;
		margin: 0 auto;
	}
	.bar-wrapper.has-sidebar {
		max-width: 1430px;
	}
	.mainbar {
		margin: 0;
		padding-right: 1px;
	}
	.mainbar.has-sidebar {
		margin-left: 330px;
	}
	@media (min-width: 1511px) {
		.sidebar {
			width: 400px;
		}
		.bar-wrapper.has-sidebar {
			max-width: 1510px;
		}
		.mainbar.has-sidebar {
			margin-left: 410px;
		}
	}
	.section.first-section {
		margin-top: 9px;
	}
	.blocklink small {
		white-space: normal;
	}
	.button {
		vertical-align: middle;
	}
	.replay-controls {
		padding-top: 10px;
	}
	.replay-controls h1 {
		font-size: 16pt;
		font-weight: normal;
		color: #CCC;
	}
	.pagelink {
		text-align: center;
	}
	.pagelink a {
		width: 150px;
	}
	.textbox, .button {
		font-size: 11pt;
		vertical-align: middle;
	}
	@media (max-width: 450px) {
		.button {
			font-size: 9pt;
		}
	}
</style>

<div>

	<header>
		<div class="nav-wrapper"><ul class="nav">
			<li><a class="button nav-first" href="//pokemonshowdown.com/"><img src="//pokemonshowdown.com/images/pokemonshowdownbeta.png" srcset="//pokemonshowdown.com/images/pokemonshowdownbeta.png 1x, //pokemonshowdown.com/images/pokemonshowdownbeta@2x.png 2x" alt="Pok&eacute;mon Showdown" width="146" height="44" /> Home</a></li>
			<li><a class="button" href="//pokemonshowdown.com/dex/">Pok&eacute;dex</a></li>
			<li><a class="button cur" href="/">Replays</a></li>
			<li><a class="button" href="//pokemonshowdown.com/ladder/">Ladder</a></li>
			<li><a class="button nav-last" href="//pokemonshowdown.com/forums/">Forum</a></li>
			<li><a class="button greenbutton nav-first nav-last" href="//play.pokemonshowdown.com/">Play</a></li>
		</ul></div>
	</header>

	<div class="main" id="main">

		<noscript><section class="section">You need to enable JavaScript to use this page; sorry!</section></noscript>

	</div>

</div>

<script defer nomodule src="//play.pokemonshowdown.com/js/lib/ps-polyfill.js"></script>
<script defer src="//play.pokemonshowdown.com/js/lib/preact.min.js"></script>

<script defer src="//play.pokemonshowdown.com/config/config.js?2bddbc15"></script>
<script defer src="//play.pokemonshowdown.com/js/lib/jquery-1.11.0.min.js"></script>
<script defer src="//play.pokemonshowdown.com/js/lib/html-sanitizer-minified.js"></script>
<script defer src="//play.pokemonshowdown.com/js/battle-sound.js"></script>
<script defer src="//play.pokemonshowdown.com/js/battledata.js?0.7209276989879541"></script>
<script defer src="//play.pokemonshowdown.com/data/pokedex-mini.js?0.6111056340867951"></script>
<script defer src="//play.pokemonshowdown.com/data/pokedex-mini-bw.js?0.3532142036491459"></script>
<script defer src="//play.pokemonshowdown.com/data/graphics.js?0.24223875632456182"></script>
<script defer src="//play.pokemonshowdown.com/data/pokedex.js?0.38839984266356864"></script>
<script defer src="//play.pokemonshowdown.com/data/moves.js?0.21866028504024015"></script>
<script defer src="//play.pokemonshowdown.com/data/abilities.js?0.2005157953846628"></script>
<script defer src="//play.pokemonshowdown.com/data/items.js?0.9894211263848525"></script>
<script defer src="//play.pokemonshowdown.com/data/teambuilder-tables.js?0.6008791140282215"></script>
<script defer src="//play.pokemonshowdown.com/js/battle-tooltips.js?0.7580118955022959"></script>
<script defer src="//play.pokemonshowdown.com/js/battle.js?0.6057722274234274"></script>

<script defer src="js/utils.js?e31f9a17"></script>
<script defer src="js/replays-battle.js?7008c182"></script>

<!-- don't scrape this data! just add .json or .log after the URL!
Full API docs: https://github.com/smogon/pokemon-showdown-client/blob/master/WEB-API.md -->
<script type="text/plain" class="log" id="replaylog-smogtours-gen3ou-797998">
|inactive|Battle timer is ON: inactive players will automatically lose when time's up.
|t:|1728823570
|gametype|singles
|player|p1|LoopingPyre|cheryl|
|player|p2|StatelessFir|170|
|teamsize|p1|6
|teamsize|p2|6
|gen|3
|tier|[Gen 3] OU
|rule|Sleep Clause Mod: Limit one foe put to sleep
|rule|Switch Priority Clause Mod: Faster Pokémon switch first
|rule|Species Clause: Limit one of each Pokémon
|rule|OHKO Clause: OHKO moves are banned
|rule|Evasion Items Clause: Evasion items are banned
|rule|Evasion Moves Clause: Evasion moves are banned
|rule|Endless Battle Clause: Forcing endless battles is banned
|rule|HP Percentage Mod: HP is shown in percentages
|rule|One Boost Passer Clause: Limit one Baton Passer that has a way to boost its stats
|rule|Freeze Clause Mod: Limit one foe frozen
|
|t:|1728823570
|start
|switch|p1a: Skarmory|Skarmory, M|100/100
|switch|p2a: Espeon|Espeon, M|100/100
|turn|1
|
|t:|1728823592
|switch|p1a: Gardevoir|Gardevoir, M|100/100
|-ability|p1a: Gardevoir|Synchronize|[from] ability: Trace|[of] p2a: Espeon
|move|p2a: Espeon|Substitute|p2a: Espeon
|-start|p2a: Espeon|Substitute
|-damage|p2a: Espeon|75/100
|
|upkeep
|turn|2
|inactive|StatelessFir has 270 seconds left.
|
|t:|1728823626
|move|p2a: Espeon|Calm Mind|p2a: Espeon
|-boost|p2a: Espeon|spa|1
|-boost|p2a: Espeon|spd|1
|move|p1a: Gardevoir|Calm Mind|p1a: Gardevoir
|-boost|p1a: Gardevoir|spa|1
|-boost|p1a: Gardevoir|spd|1
|
|upkeep
|turn|3
|
|t:|1728823635
|move|p2a: Espeon|Baton Pass|p2a: Espeon
|inactive|StatelessFir has 270 seconds left.
|
|t:|1728823646
|switch|p2a: Suicune|Suicune, shiny|100/100|[from] Baton Pass
|move|p1a: Gardevoir|Psychic|p2a: Suicune
|-end|p2a: Suicune|Substitute
|
|upkeep
|turn|4
|
|t:|1728823660
|move|p1a: Gardevoir|Psychic|p2a: Suicune
|-damage|p2a: Suicune|65/100
|move|p2a: Suicune|Calm Mind|p2a: Suicune
|-boost|p2a: Suicune|spa|1
|-boost|p2a: Suicune|spd|1
|
|-heal|p2a: Suicune|71/100|[from] item: Leftovers
|upkeep
|turn|5
|
|t:|1728823673
|move|p1a: Gardevoir|Calm Mind|p1a: Gardevoir
|-boost|p1a: Gardevoir|spa|1
|-boost|p1a: Gardevoir|spd|1
|move|p2a: Suicune|Surf|p1a: Gardevoir
|-damage|p1a: Gardevoir|69/100
|
|-heal|p1a: Gardevoir|75/100|[from] item: Leftovers
|-heal|p2a: Suicune|77/100|[from] item: Leftovers
|upkeep
|turn|6
|
|t:|1728823683
|move|p1a: Gardevoir|Calm Mind|p1a: Gardevoir
|-boost|p1a: Gardevoir|spa|1
|-boost|p1a: Gardevoir|spd|1
|move|p2a: Suicune|Roar|p1a: Gardevoir
|drag|p1a: Skarmory|Skarmory, M|100/100
|
|-heal|p2a: Suicune|84/100|[from] item: Leftovers
|upkeep
|turn|7
|
|t:|1728823693
|move|p2a: Suicune|Ice Beam|p1a: Skarmory
|-damage|p1a: Skarmory|61/100
|move|p1a: Skarmory|Roar|p2a: Suicune
|drag|p2a: Gengar|Gengar, M|100/100
|
|-heal|p1a: Skarmory|67/100|[from] item: Leftovers
|upkeep
|turn|8
|
|t:|1728823704
|switch|p1a: Gardevoir|Gardevoir, M|75/100
|-ability|p1a: Gardevoir|Levitate|[from] ability: Trace|[of] p2a: Gengar
|move|p2a: Gengar|Taunt|p1a: Gardevoir
|-start|p1a: Gardevoir|move: Taunt
|
|-heal|p1a: Gardevoir|81/100|[from] item: Leftovers
|upkeep
|turn|9
|
|t:|1728823715
|move|p2a: Gengar|Destiny Bond|p2a: Gengar
|-singlemove|p2a: Gengar|Destiny Bond
|move|p1a: Gardevoir|Fire Punch|p2a: Gengar
|-damage|p2a: Gengar|56/100
|
|-heal|p1a: Gardevoir|87/100|[from] item: Leftovers
|-end|p1a: Gardevoir|move: Taunt|[silent]
|upkeep
|turn|10
|
|t:|1728823728
|move|p2a: Gengar|Thunderbolt|p1a: Gardevoir
|-damage|p1a: Gardevoir|53/100
|move|p1a: Gardevoir|Calm Mind|p1a: Gardevoir
|-boost|p1a: Gardevoir|spa|1
|-boost|p1a: Gardevoir|spd|1
|
|-heal|p1a: Gardevoir|59/100|[from] item: Leftovers
|upkeep
|turn|11
|
|t:|1728823737
|move|p2a: Gengar|Taunt|p1a: Gardevoir
|-start|p1a: Gardevoir|move: Taunt
|cant|p1a: Gardevoir|move: Taunt|Wish
|
|-heal|p1a: Gardevoir|65/100|[from] item: Leftovers
|upkeep
|turn|12
|
|t:|1728823746
|move|p2a: Gengar|Destiny Bond|p2a: Gengar
|-singlemove|p2a: Gengar|Destiny Bond
|move|p1a: Gardevoir|Fire Punch|p2a: Gengar
|-damage|p2a: Gengar|0 fnt
|faint|p2a: Gengar
|-activate|p2a: Gengar|move: Destiny Bond
|faint|p1a: Gardevoir
|
|t:|1728823757
|switch|p2a: Espeon|Espeon, M|75/100
|switch|p1a: Skarmory|Skarmory, M|67/100
|
|-heal|p1a: Skarmory|73/100|[from] item: Leftovers
|upkeep
|turn|13
|
|t:|1728823767
|move|p2a: Espeon|Substitute|p2a: Espeon
|-start|p2a: Espeon|Substitute
|-damage|p2a: Espeon|50/100
|move|p1a: Skarmory|Spikes|p2a: Espeon
|-sidestart|p2: StatelessFir|Spikes
|
|-heal|p1a: Skarmory|79/100|[from] item: Leftovers
|upkeep
|turn|14
|
|t:|1728823779
|move|p2a: Espeon|Calm Mind|p2a: Espeon
|-boost|p2a: Espeon|spa|1
|-boost|p2a: Espeon|spd|1
|move|p1a: Skarmory|Spikes|p2a: Espeon
|-sidestart|p2: StatelessFir|Spikes
|
|-heal|p1a: Skarmory|85/100|[from] item: Leftovers
|upkeep
|turn|15
|
|t:|1728823789
|move|p2a: Espeon|Psychic|p1a: Skarmory
|-resisted|p1a: Skarmory
|-damage|p1a: Skarmory|48/100
|move|p1a: Skarmory|Roar|p2a: Espeon
|drag|p2a: Suicune|Suicune, shiny|84/100
|-damage|p2a: Suicune|67/100|[from] Spikes
|
|-heal|p2a: Suicune|73/100|[from] item: Leftovers
|-heal|p1a: Skarmory|54/100|[from] item: Leftovers
|upkeep
|turn|16
|
|t:|1728823804
|move|p1a: Skarmory|Protect|p1a: Skarmory
|-singleturn|p1a: Skarmory|Protect
|move|p2a: Suicune|Ice Beam|p1a: Skarmory
|-activate|p1a: Skarmory|Protect
|
|-heal|p2a: Suicune|80/100|[from] item: Leftovers
|-heal|p1a: Skarmory|60/100|[from] item: Leftovers
|upkeep
|turn|17
|
|t:|1728823815
|move|p2a: Suicune|Ice Beam|p1a: Skarmory
|-damage|p1a: Skarmory|43/100
|move|p1a: Skarmory|Roar|p2a: Suicune
|drag|p2a: Raikou|Raikou, shiny|100/100
|-damage|p2a: Raikou|84/100|[from] Spikes
|
|-heal|p1a: Skarmory|49/100|[from] item: Leftovers
|upkeep
|turn|18
|
|t:|1728823837
|switch|p1a: Swampert|Swampert, M|100/100
|move|p2a: Raikou|Hidden Power|p1a: Swampert
|-damage|p1a: Swampert|81/100
|
|-heal|p1a: Swampert|88/100|[from] item: Leftovers
|upkeep
|turn|19
|inactive|StatelessFir has 270 seconds left.
|
|t:|1728823871
|switch|p2a: Espeon|Espeon, M|50/100
|-damage|p2a: Espeon|34/100|[from] Spikes
|move|p1a: Swampert|Curse|p1a: Swampert
|-unboost|p1a: Swampert|spe|1
|-boost|p1a: Swampert|atk|1
|-boost|p1a: Swampert|def|1
|
|-heal|p1a: Swampert|94/100|[from] item: Leftovers
|upkeep
|turn|20
|
|t:|1728823882
|move|p2a: Espeon|Substitute|p2a: Espeon
|-start|p2a: Espeon|Substitute
|-damage|p2a: Espeon|9/100
|move|p1a: Swampert|Earthquake|p2a: Espeon
|-end|p2a: Espeon|Substitute
|
|-heal|p1a: Swampert|99/100|[from] item: Leftovers
|upkeep
|turn|21
|
|t:|1728823890
|move|p2a: Espeon|Psychic|p1a: Swampert
|-damage|p1a: Swampert|49/100
|-unboost|p1a: Swampert|spd|1
|move|p1a: Swampert|Earthquake|p2a: Espeon
|-damage|p2a: Espeon|0 fnt
|faint|p2a: Espeon
|
|t:|1728823897
|switch|p2a: Suicune|Suicune, shiny|80/100
|-damage|p2a: Suicune|63/100|[from] Spikes
|
|-heal|p2a: Suicune|69/100|[from] item: Leftovers
|-heal|p1a: Swampert|55/100|[from] item: Leftovers
|upkeep
|turn|22
|
|t:|1728823914
|switch|p1a: Skarmory|Skarmory, M|49/100
|move|p2a: Suicune|Surf|p1a: Skarmory
|-damage|p1a: Skarmory|21/100
|
|-heal|p2a: Suicune|76/100|[from] item: Leftovers
|-heal|p1a: Skarmory|27/100|[from] item: Leftovers
|upkeep
|turn|23
|
|t:|1728823924
|move|p1a: Skarmory|Protect|p1a: Skarmory
|-singleturn|p1a: Skarmory|Protect
|move|p2a: Suicune|Calm Mind|p2a: Suicune
|-boost|p2a: Suicune|spa|1
|-boost|p2a: Suicune|spd|1
|
|-heal|p2a: Suicune|82/100|[from] item: Leftovers
|-heal|p1a: Skarmory|33/100|[from] item: Leftovers
|upkeep
|turn|24
|
|t:|1728823938
|move|p2a: Suicune|Surf|p1a: Skarmory
|-damage|p1a: Skarmory|0 fnt
|faint|p1a: Skarmory
|
|t:|1728823952
|switch|p1a: Magneton|Magneton|100/100
|
|-heal|p2a: Suicune|88/100|[from] item: Leftovers
|upkeep
|turn|25
|
|t:|1728823964
|move|p1a: Magneton|Thunderbolt|p2a: Suicune
|-supereffective|p2a: Suicune
|-damage|p2a: Suicune|41/100
|move|p2a: Suicune|Surf|p1a: Magneton
|-damage|p1a: Magneton|17/100
|
|-heal|p1a: Magneton|23/100|[from] item: Leftovers
|-heal|p2a: Suicune|47/100|[from] item: Leftovers
|upkeep
|turn|26
|
|t:|1728823974
|move|p1a: Magneton|Thunderbolt|p2a: Suicune
|-supereffective|p2a: Suicune
|-crit|p2a: Suicune
|-damage|p2a: Suicune|0 fnt
|faint|p2a: Suicune
|
|t:|1728823982
|switch|p2a: Jirachi|Jirachi|100/100
|-damage|p2a: Jirachi|84/100|[from] Spikes
|
|-heal|p1a: Magneton|29/100|[from] item: Leftovers
|upkeep
|turn|27
|
|t:|1728823989
|move|p2a: Jirachi|Fire Punch|p1a: Magneton
|-supereffective|p1a: Magneton
|-damage|p1a: Magneton|0 fnt
|faint|p1a: Magneton
|
|t:|1728823997
|switch|p1a: Swampert|Swampert, M|55/100
|
|-heal|p1a: Swampert|62/100|[from] item: Leftovers
|upkeep
|turn|28
|
|t:|1728824003
|move|p2a: Jirachi|Psychic|p1a: Swampert
|-damage|p1a: Swampert|25/100
|-unboost|p1a: Swampert|spd|1
|move|p1a: Swampert|Curse|p1a: Swampert
|-unboost|p1a: Swampert|spe|1
|-boost|p1a: Swampert|atk|1
|-boost|p1a: Swampert|def|1
|
|-heal|p1a: Swampert|31/100|[from] item: Leftovers
|upkeep
|turn|29
|c|☆LoopingPyre|TWO!? lol
|
|t:|1728824031
|switch|p1a: Dusclops|Dusclops, M|100/100
|move|p2a: Jirachi|Psychic|p1a: Dusclops
|-damage|p1a: Dusclops|68/100
|
|-heal|p1a: Dusclops|74/100|[from] item: Leftovers
|upkeep
|turn|30
|
|t:|1728824041
|move|p2a: Jirachi|Ice Punch|p1a: Dusclops
|-damage|p1a: Dusclops|55/100
|move|p1a: Dusclops|Pain Split|p2a: Jirachi
|-sethp|p2a: Jirachi|65/100|[from] move: Pain Split|[silent]
|-sethp|p1a: Dusclops|78/100|[from] move: Pain Split
|
|-heal|p1a: Dusclops|84/100|[from] item: Leftovers
|upkeep
|turn|31
|
|t:|1728824051
|move|p2a: Jirachi|Calm Mind|p2a: Jirachi
|-boost|p2a: Jirachi|spa|1
|-boost|p2a: Jirachi|spd|1
|move|p1a: Dusclops|Will-O-Wisp|p2a: Jirachi
|-status|p2a: Jirachi|brn
|-enditem|p2a: Jirachi|Lum Berry|[eat]
|-curestatus|p2a: Jirachi|brn|[msg]
|
|-heal|p1a: Dusclops|90/100|[from] item: Leftovers
|upkeep
|turn|32
|
|t:|1728824063
|move|p2a: Jirachi|Calm Mind|p2a: Jirachi
|-boost|p2a: Jirachi|spa|1
|-boost|p2a: Jirachi|spd|1
|move|p1a: Dusclops|Will-O-Wisp|p2a: Jirachi
|-status|p2a: Jirachi|brn
|
|-damage|p2a: Jirachi|53/100 brn|[from] brn
|-heal|p1a: Dusclops|96/100|[from] item: Leftovers
|upkeep
|turn|33
|
|t:|1728824073
|move|p2a: Jirachi|Calm Mind|p2a: Jirachi
|-boost|p2a: Jirachi|spa|1
|-boost|p2a: Jirachi|spd|1
|move|p1a: Dusclops|Seismic Toss|p2a: Jirachi
|-damage|p2a: Jirachi|23/100 brn
|
|-damage|p2a: Jirachi|11/100 brn|[from] brn
|-heal|p1a: Dusclops|100/100|[from] item: Leftovers
|upkeep
|turn|34
|
|t:|1728824086
|switch|p1a: Swampert|Swampert, M|31/100
|move|p2a: Jirachi|Psychic|p1a: Swampert
|-damage|p1a: Swampert|0 fnt
|faint|p1a: Swampert
|
|t:|1728824092
|switch|p1a: Salamence|Salamence, M|100/100
|-ability|p1a: Salamence|Intimidate|boost
|-unboost|p2a: Jirachi|atk|1
|
|-damage|p2a: Jirachi|0 fnt|[from] brn
|faint|p2a: Jirachi
|upkeep
|
|t:|1728824103
|switch|p2a: Raikou|Raikou, shiny|84/100
|-damage|p2a: Raikou|68/100|[from] Spikes
|turn|35
|
|t:|1728824114
|switch|p1a: Dusclops|Dusclops, M|100/100
|move|p2a: Raikou|Hidden Power|p1a: Dusclops
|-damage|p1a: Dusclops|81/100
|
|-heal|p1a: Dusclops|87/100|[from] item: Leftovers
|upkeep
|turn|36
|
|t:|1728824129
|move|p2a: Raikou|Substitute|p2a: Raikou
|-start|p2a: Raikou|Substitute
|-damage|p2a: Raikou|43/100
|move|p1a: Dusclops|Will-O-Wisp||[still]
|-fail|p1a: Dusclops
|
|-heal|p1a: Dusclops|93/100|[from] item: Leftovers
|upkeep
|turn|37
|
|t:|1728824140
|move|p2a: Raikou|Calm Mind|p2a: Raikou
|-boost|p2a: Raikou|spa|1
|-boost|p2a: Raikou|spd|1
|move|p1a: Dusclops|Seismic Toss|p2a: Raikou
|-end|p2a: Raikou|Substitute
|
|-heal|p1a: Dusclops|99/100|[from] item: Leftovers
|upkeep
|turn|38
|
|t:|1728824150
|move|p2a: Raikou|Thunderbolt|p1a: Dusclops
|-damage|p1a: Dusclops|42/100
|move|p1a: Dusclops|Curse|p2a: Raikou
|-start|p2a: Raikou|Curse|[of] p1a: Dusclops
|-damage|p1a: Dusclops|0 fnt
|faint|p1a: Dusclops
|
|t:|1728824157
|switch|p1a: Salamence|Salamence, M|100/100
|-ability|p1a: Salamence|Intimidate|boost
|-unboost|p2a: Raikou|atk|1
|
|-damage|p2a: Raikou|18/100|[from] Curse
|upkeep
|turn|39
|
|t:|1728824166
|move|p2a: Raikou|Hidden Power|p1a: Salamence
|-supereffective|p1a: Salamence
|-damage|p1a: Salamence|0 fnt
|faint|p1a: Salamence
|
|win|StatelessFir
|c|☆LoopingPyre|gg
|player|p1|
|player|p2|
|player|p1|LoopingPyre|cheryl|

</script>
<script type="application/json" class="data" id="replaydata-smogtours-gen3ou-797998">
{"id":"smogtours-gen3ou-797998","format":"[Gen 3] OU","players":["LoopingPyre","StatelessFir"],"uploadtime":1728824166,"views":85,"formatid":"gen3ou","rating":null,"private":0,"password":null}
</script>

<script defer src="js/replays.js?9d40a366"></script>
