<!DOCTYPE html>
<meta charset="utf-8" />
<meta name="viewport" content="width=device-width" />

<title>[Gen 3] OU: dunsparce_real vs. Scansafatiche - Replays - Pok&eacute;mon Showdown!</title>

<meta name="description" content="Watch a replay of a Pok&eacute;mon battle between dunsparce_real and Scansafatiche! Format: [Gen 3] OU; Date: Oct 17, 2024" />
<!--

Hey, you! Looking in the source for the replay log?

You can find them in JSON format, just add `.json` at the end of a replay URL.

https://replay.pokemonshowdown.com/gen7randomdoublesbattle-865046831.json

Or, if you only need the log itself, add `.log` instead:

https://replay.pokemonshowdown.com/gen7randomdoublesbattle-865046831.log

-->

<link rel="stylesheet" href="//pokemonshowdown.com/style/global.css?0.023195364461161105" />
<link rel="stylesheet" href="//play.pokemonshowdown.com/style/font-awesome.css?0.13261647063804238" />
<link rel="stylesheet" href="//play.pokemonshowdown.com/style/battle.css?0.8753245789963631" />
<link rel="stylesheet" href="//play.pokemonshowdown.com/style/utilichart.css?0.8627959624976733" />

<!-- Global site tag (gtag.js) - Google Analytics -->
<script async src="https://www.googletagmanager.com/gtag/js?id=UA-26211653-1"></script>
<script>
  window.dataLayer = window.dataLayer || [];
  function gtag(){dataLayer.push(arguments);}
  gtag('js', new Date());

  gtag('config', 'UA-26211653-1');
</script>
<!-- End Google Analytics -->
<!-- Venatus Ad Manager - Install in <HEAD> of page -->
	<script src="https://hb.vntsm.com/v3/live/ad-manager.min.js" type="text/javascript" data-site-id="642aba63ec9a7b11c3c9c1be" data-mode="scan" async></script>
<!-- / Venatus Ad Manager -->

<style>
	@media (max-width:820px) {
		.battle {
			margin: 0 auto;
		}
		.battle-log {
			margin: 7px auto 0;
			max-width: 640px;
			height: 300px;
			position: static;
		}
	}
	.optgroup {
		display: inline-block;
		line-height: 22px;
		font-size: 10pt;
	}
	.optgroup .button {
		height: 25px;
		padding-top: 0;
		padding-bottom: 0;
	}
	.optgroup button.button {
		padding-left: 12px;
		padding-right: 12px;
	}
	.linklist {
		list-style: none;
		margin: 0.5em 0;
		padding: 0;
	}
	.linklist li {
		padding: 2px 0;
	}
	.sidebar {
		float: left;
		width: 320px;
	}
	.bar-wrapper {
		max-width: 1100px;
		margin: 0 auto;
	}
	.bar-wrapper.has-sidebar {
		max-width: 1430px;
	}
	.mainbar {
		margin: 0;
		padding-right: 1px;
	}
	.mainbar.has-sidebar {
		margin-left: 330px;
	}
	@media (min-width: 1511px) {
		.sidebar {
			width: 400px;
		}
		.bar-wrapper.has-sidebar {
			max-width: 1510px;
		}
		.mainbar.has-sidebar {
			margin-left: 410px;
		}
	}
	.section.first-section {
		margin-top: 9px;
	}
	.blocklink small {
		white-space: normal;
	}
	.button {
		vertical-align: middle;
	}
	.replay-controls {
		padding-top: 10px;
	}
	.replay-controls h1 {
		font-size: 16pt;
		font-weight: normal;
		color: #CCC;
	}
	.pagelink {
		text-align: center;
	}
	.pagelink a {
		width: 150px;
	}
	.textbox, .button {
		font-size: 11pt;
		vertical-align: middle;
	}
	@media (max-width: 450px) {
		.button {
			font-size: 9pt;
		}
	}
</style>

<div>

	<header>
		<div class="nav-wrapper"><ul class="nav">
			<li><a class="button nav-first" href="//pokemonshowdown.com/"><img src="//pokemonshowdown.com/images/pokemonshowdownbeta.png" srcset="//pokemonshowdown.com/images/pokemonshowdownbeta.png 1x, //pokemonshowdown.com/images/pokemonshowdownbeta@2x.png 2x" alt="Pok&eacute;mon Showdown" width="146" height="44" /> Home</a></li>
			<li><a class="button" href="//pokemonshowdown.com/dex/">Pok&eacute;dex</a></li>
			<li><a class="button cur" href="/">Replays</a></li>
			<li><a class="button" href="//pokemonshowdown.com/ladder/">Ladder</a></li>
			<li><a class="button nav-last" href="//pokemonshowdown.com/forums/">Forum</a></li>
			<li><a class="button greenbutton nav-first nav-last" href="//play.pokemonshowdown.com/">Play</a></li>
		</ul></div>
	</header>

	<div class="main" id="main">

		<noscript><section class="section">You need to enable JavaScript to use this page; sorry!</section></noscript>

	</div>

</div>

<script defer nomodule src="//play.pokemonshowdown.com/js/lib/ps-polyfill.js"></script>
<script defer src="//play.pokemonshowdown.com/js/lib/preact.min.js"></script>

<script defer src="//play.pokemonshowdown.com/config/config.js?2bddbc15"></script>
<script defer src="//play.pokemonshowdown.com/js/lib/jquery-1.11.0.min.js"></script>
<script defer src="//play.pokemonshowdown.com/js/lib/html-sanitizer-minified.js"></script>
<script defer src="//play.pokemonshowdown.com/js/battle-sound.js"></script>
<script defer src="//play.pokemonshowdown.com/js/battledata.js?0.7209276989879541"></script>
<script defer src="//play.pokemonshowdown.com/data/pokedex-mini.js?0.6111056340867951"></script>
<script defer src="//play.pokemonshowdown.com/data/pokedex-mini-bw.js?0.3532142036491459"></script>
<script defer src="//play.pokemonshowdown.com/data/graphics.js?0.24223875632456182"></script>
<script defer src="//play.pokemonshowdown.com/data/pokedex.js?0.38839984266356864"></script>
<script defer src="//play.pokemonshowdown.com/data/moves.js?0.21866028504024015"></script>
<script defer src="//play.pokemonshowdown.com/data/abilities.js?0.2005157953846628"></script>
<script defer src="//play.pokemonshowdown.com/data/items.js?0.9894211263848525"></script>
<script defer src="//play.pokemonshowdown.com/data/teambuilder-tables.js?0.6008791140282215"></script>
<script defer src="//play.pokemonshowdown.com/js/battle-tooltips.js?0.7580118955022959"></script>
<script defer src="//play.pokemonshowdown.com/js/battle.js?0.6057722274234274"></script>

<script defer src="js/utils.js?e31f9a17"></script>
<script defer src="js/replays-battle.js?7008c182"></script>

<!-- don't scrape this data! just add .json or .log after the URL!
Full API docs: https://github.com/smogon/pokemon-showdown-client/blob/master/WEB-API.md -->
<script type="text/plain" class="log" id="replaylog-smogtours-gen3ou-799412">
|inactive|Battle timer is ON: inactive players will automatically lose when time's up.
|t:|1729205003
|gametype|singles
|player|p1|dunsparce_real|guitarist|
|player|p2|Scansafatiche|n|
|teamsize|p1|6
|teamsize|p2|6
|gen|3
|tier|[Gen 3] OU
|rule|Sleep Clause Mod: Limit one foe put to sleep
|rule|Switch Priority Clause Mod: Faster Pokémon switch first
|rule|Species Clause: Limit one of each Pokémon
|rule|OHKO Clause: OHKO moves are banned
|rule|Evasion Items Clause: Evasion items are banned
|rule|Evasion Moves Clause: Evasion moves are banned
|rule|Endless Battle Clause: Forcing endless battles is banned
|rule|HP Percentage Mod: HP is shown in percentages
|rule|One Boost Passer Clause: Limit one Baton Passer that has a way to boost its stats
|rule|Freeze Clause Mod: Limit one foe frozen
|
|t:|1729205003
|start
|switch|p1a: Wildberry|Suicune|100/100
|switch|p2a: Salamence|Salamence, F|100/100
|-ability|p2a: Salamence|Intimidate|boost
|-unboost|p1a: Wildberry|atk|1
|turn|1
|c|☆Scansafatiche|glhf
|c|☆dunsparce_real|glhf
|inactive|Scansafatiche has 270 seconds left.
|
|t:|1729205036
|switch|p2a: Blissey|Blissey, F|100/100
|move|p1a: Wildberry|Roar|p2a: Blissey
|drag|p2a: Jirachi|Jirachi|100/100
|
|upkeep
|turn|2
|
|t:|1729205054
|switch|p1a: Cool Ranch|Salamence, F|100/100
|-ability|p1a: Cool Ranch|Intimidate|boost
|-unboost|p2a: Jirachi|atk|1
|move|p2a: Jirachi|Toxic|p1a: Cool Ranch|[miss]
|-miss|p2a: Jirachi|p1a: Cool Ranch
|
|upkeep
|turn|3
|
|t:|1729205072
|move|p2a: Jirachi|Protect|p2a: Jirachi
|-singleturn|p2a: Jirachi|Protect
|move|p1a: Cool Ranch|Fire Blast|p2a: Jirachi
|-activate|p2a: Jirachi|Protect
|
|upkeep
|turn|4
|
|t:|1729205093
|move|p1a: Cool Ranch|Brick Break|p2a: Jirachi
|-damage|p2a: Jirachi|85/100
|move|p2a: Jirachi|Toxic|p1a: Cool Ranch
|-status|p1a: Cool Ranch|tox
|
|-damage|p1a: Cool Ranch|94/100 tox|[from] psn
|-heal|p2a: Jirachi|92/100|[from] item: Leftovers
|upkeep
|turn|5
|
|t:|1729205107
|switch|p1a: SUPERCOMPUTER|Metagross|100/100
|move|p2a: Jirachi|Protect||[still]
|-fail|p2a: Jirachi
|
|-heal|p2a: Jirachi|98/100|[from] item: Leftovers
|upkeep
|turn|6
|
|t:|1729205116
|move|p2a: Jirachi|Protect|p2a: Jirachi
|-singleturn|p2a: Jirachi|Protect
|move|p1a: SUPERCOMPUTER|Earthquake|p2a: Jirachi
|-activate|p2a: Jirachi|Protect
|
|-heal|p2a: Jirachi|100/100|[from] item: Leftovers
|upkeep
|turn|7
|
|t:|1729205127
|switch|p2a: Aerodactyl|Aerodactyl, M|100/100
|switch|p1a: Cool Ranch|Salamence, F|94/100 tox
|-ability|p1a: Cool Ranch|Intimidate|boost
|-unboost|p2a: Aerodactyl|atk|1
|
|-heal|p1a: Cool Ranch|100/100 tox|[from] item: Leftovers
|-damage|p1a: Cool Ranch|94/100 tox|[from] psn
|upkeep
|turn|8
|
|t:|1729205147
|move|p2a: Aerodactyl|Double-Edge|p1a: Cool Ranch
|-damage|p1a: Cool Ranch|48/100 tox
|move|p1a: Cool Ranch|Dragon Claw|p2a: Aerodactyl
|-damage|p2a: Aerodactyl|43/100
|
|-heal|p1a: Cool Ranch|54/100 tox|[from] item: Leftovers
|-damage|p1a: Cool Ranch|42/100 tox|[from] psn
|upkeep
|turn|9
|
|t:|1729205162
|switch|p2a: Jirachi|Jirachi|100/100
|switch|p1a: SUPERCOMPUTER|Metagross|100/100
|
|upkeep
|turn|10
|
|t:|1729205183
|move|p2a: Jirachi|Protect|p2a: Jirachi
|-singleturn|p2a: Jirachi|Protect
|move|p1a: SUPERCOMPUTER|Meteor Mash|p2a: Jirachi
|-activate|p2a: Jirachi|Protect
|
|upkeep
|turn|11
|
|t:|1729205198
|switch|p1a: Jbone|Snorlax, M|100/100
|move|p2a: Jirachi|Fire Punch|p1a: Jbone
|-crit|p1a: Jbone
|-damage|p1a: Jbone|80/100
|
|-heal|p1a: Jbone|86/100|[from] item: Leftovers
|upkeep
|turn|12
|
|t:|1729205216
|switch|p2a: Salamence|Salamence, F|100/100
|-ability|p2a: Salamence|Intimidate|boost
|-unboost|p1a: Jbone|atk|1
|move|p1a: Jbone|Body Slam|p2a: Salamence
|-damage|p2a: Salamence|70/100
|
|-heal|p2a: Salamence|76/100|[from] item: Leftovers
|-heal|p1a: Jbone|93/100|[from] item: Leftovers
|upkeep
|turn|13
|
|t:|1729205230
|switch|p1a: Wildberry|Suicune|100/100
|move|p2a: Salamence|Brick Break|p1a: Wildberry
|-damage|p1a: Wildberry|81/100
|
|-heal|p2a: Salamence|82/100|[from] item: Leftovers
|-heal|p1a: Wildberry|87/100|[from] item: Leftovers
|upkeep
|turn|14
|
|t:|1729205254
|switch|p2a: Blissey|Blissey, F|100/100
|move|p1a: Wildberry|Hydro Pump|p2a: Blissey
|-damage|p2a: Blissey|82/100
|
|-heal|p1a: Wildberry|93/100|[from] item: Leftovers
|-heal|p2a: Blissey|88/100|[from] item: Leftovers
|upkeep
|turn|15
|
|t:|1729205259
|switch|p1a: Jbone|Snorlax, M|93/100
|move|p2a: Blissey|Thunder Wave|p1a: Jbone
|-status|p1a: Jbone|par
|
|-heal|p2a: Blissey|94/100|[from] item: Leftovers
|-heal|p1a: Jbone|99/100 par|[from] item: Leftovers
|upkeep
|turn|16
|
|t:|1729205266
|switch|p2a: Tyranitar|Tyranitar, F|100/100
|-weather|Sandstorm|[from] ability: Sand Stream|[of] p2a: Tyranitar
|move|p1a: Jbone|Body Slam|p2a: Tyranitar
|-resisted|p2a: Tyranitar
|-damage|p2a: Tyranitar|85/100
|
|-weather|Sandstorm|[upkeep]
|-damage|p1a: Jbone|93/100 par|[from] Sandstorm
|-heal|p2a: Tyranitar|91/100|[from] item: Leftovers
|-heal|p1a: Jbone|99/100 par|[from] item: Leftovers
|upkeep
|turn|17
|
|t:|1729205273
|move|p1a: Jbone|Earthquake|p2a: Tyranitar
|-supereffective|p2a: Tyranitar
|-damage|p2a: Tyranitar|39/100
|move|p2a: Tyranitar|Counter|p1a: Jbone
|-damage|p1a: Jbone|10/100 par
|
|-weather|Sandstorm|[upkeep]
|-damage|p1a: Jbone|4/100 par|[from] Sandstorm
|-heal|p2a: Tyranitar|45/100|[from] item: Leftovers
|-heal|p1a: Jbone|10/100 par|[from] item: Leftovers
|upkeep
|turn|18
|
|t:|1729205283
|move|p2a: Tyranitar|Crunch|p1a: Jbone
|-damage|p1a: Jbone|0 fnt
|faint|p1a: Jbone
|inactive|dunsparce_real has 270 seconds left.
|
|t:|1729205320
|switch|p1a: Cool Ranch|Salamence, F|42/100 tox
|-ability|p1a: Cool Ranch|Intimidate|boost
|-unboost|p2a: Tyranitar|atk|1
|
|-weather|Sandstorm|[upkeep]
|-damage|p1a: Cool Ranch|36/100 tox|[from] Sandstorm
|-heal|p1a: Cool Ranch|42/100 tox|[from] item: Leftovers
|-damage|p1a: Cool Ranch|36/100 tox|[from] psn
|-heal|p2a: Tyranitar|51/100|[from] item: Leftovers
|upkeep
|turn|19
|inactive|dunsparce_real has 270 seconds left.
|
|t:|1729205339
|move|p1a: Cool Ranch|Brick Break|p2a: Tyranitar
|-supereffective|p2a: Tyranitar
|-damage|p2a: Tyranitar|0 fnt
|faint|p2a: Tyranitar
|
|t:|1729205352
|switch|p2a: Aerodactyl|Aerodactyl, M|43/100
|
|-weather|Sandstorm|[upkeep]
|-damage|p1a: Cool Ranch|30/100 tox|[from] Sandstorm
|-heal|p1a: Cool Ranch|36/100 tox|[from] item: Leftovers
|-damage|p1a: Cool Ranch|24/100 tox|[from] psn
|upkeep
|turn|20
|inactive|dunsparce_real has 270 seconds left.
|
|t:|1729205363
|switch|p2a: Jirachi|Jirachi|100/100
|switch|p1a: SUPERCOMPUTER|Metagross|100/100
|
|-weather|Sandstorm|[upkeep]
|upkeep
|turn|21
|inactive|dunsparce_real has 270 seconds left.
|inactive|Scansafatiche has 270 seconds left.
|
|t:|1729205393
|move|p2a: Jirachi|Protect|p2a: Jirachi
|-singleturn|p2a: Jirachi|Protect
|move|p1a: SUPERCOMPUTER|Earthquake|p2a: Jirachi
|-activate|p2a: Jirachi|Protect
|
|-weather|Sandstorm|[upkeep]
|upkeep
|turn|22
|
|t:|1729205402
|switch|p2a: Aerodactyl|Aerodactyl, M|43/100
|move|p1a: SUPERCOMPUTER|Earthquake|p2a: Aerodactyl
|-immune|p2a: Aerodactyl
|
|-weather|Sandstorm|[upkeep]
|upkeep
|turn|23
|
|t:|1729205411
|switch|p1a: Cool Ranch|Salamence, F|24/100 tox
|-ability|p1a: Cool Ranch|Intimidate|boost
|-unboost|p2a: Aerodactyl|atk|1
|move|p2a: Aerodactyl|Double-Edge|p1a: Cool Ranch
|-damage|p1a: Cool Ranch|0 fnt
|faint|p1a: Cool Ranch
|
|t:|1729205434
|switch|p1a: Eustass|Magneton|100/100
|
|-weather|Sandstorm|[upkeep]
|upkeep
|turn|24
|
|t:|1729205450
|switch|p2a: Blissey|Blissey, F|94/100
|move|p1a: Eustass|Thunder Wave|p2a: Blissey
|-status|p2a: Blissey|par
|
|-weather|Sandstorm|[upkeep]
|-damage|p2a: Blissey|88/100 par|[from] Sandstorm
|-heal|p2a: Blissey|94/100 par|[from] item: Leftovers
|upkeep
|turn|25
|
|t:|1729205456
|move|p1a: Eustass|Rain Dance|p1a: Eustass
|-weather|RainDance
|move|p2a: Blissey|Thunder Wave|p1a: Eustass
|-status|p1a: Eustass|par
|
|-weather|RainDance|[upkeep]
|-heal|p2a: Blissey|99/100 par|[from] item: Leftovers
|upkeep
|turn|26
|
|t:|1729205473
|switch|p1a: SUPERCOMPUTER|Metagross|100/100
|move|p2a: Blissey|Seismic Toss|p1a: SUPERCOMPUTER
|-damage|p1a: SUPERCOMPUTER|69/100
|
|-weather|RainDance|[upkeep]
|-heal|p2a: Blissey|100/100 par|[from] item: Leftovers
|upkeep
|turn|27
|
|t:|1729205485
|move|p1a: SUPERCOMPUTER|Meteor Mash|p2a: Blissey
|-damage|p2a: Blissey|28/100 par
|move|p2a: Blissey|Thunder Wave|p1a: SUPERCOMPUTER
|-status|p1a: SUPERCOMPUTER|par
|
|-weather|RainDance|[upkeep]
|-heal|p2a: Blissey|34/100 par|[from] item: Leftovers
|upkeep
|turn|28
|
|t:|1729205492
|-curestatus|p2a: Blissey|par|[from] ability: Natural Cure
|switch|p2a: Jirachi|Jirachi|100/100
|move|p1a: SUPERCOMPUTER|Meteor Mash|p2a: Jirachi|[miss]
|-miss|p1a: SUPERCOMPUTER|p2a: Jirachi
|
|-weather|RainDance|[upkeep]
|upkeep
|turn|29
|inactive|dunsparce_real has 270 seconds left.
|
|t:|1729205513
|move|p2a: Jirachi|Fire Punch|p1a: SUPERCOMPUTER
|-supereffective|p1a: SUPERCOMPUTER
|-damage|p1a: SUPERCOMPUTER|49/100 par
|cant|p1a: SUPERCOMPUTER|par
|
|-weather|none
|upkeep
|turn|30
|inactive|dunsparce_real has 270 seconds left.
|
|t:|1729205548
|move|p2a: Jirachi|Fire Punch|p1a: SUPERCOMPUTER
|-supereffective|p1a: SUPERCOMPUTER
|-damage|p1a: SUPERCOMPUTER|6/100 par
|cant|p1a: SUPERCOMPUTER|par
|
|upkeep
|turn|31
|
|t:|1729205552
|move|p2a: Jirachi|Fire Punch|p1a: SUPERCOMPUTER
|-supereffective|p1a: SUPERCOMPUTER
|-damage|p1a: SUPERCOMPUTER|0 fnt
|faint|p1a: SUPERCOMPUTER
|
|t:|1729205567
|switch|p1a: Eustass|Magneton|100/100 par
|
|upkeep
|turn|32
|inactive|dunsparce_real has 240 seconds left.
|
|t:|1729205585
|move|p2a: Jirachi|Fire Punch|p1a: Eustass
|-supereffective|p1a: Eustass
|-damage|p1a: Eustass|42/100 par
|move|p1a: Eustass|Thunder Wave|p2a: Jirachi
|-status|p2a: Jirachi|par
|
|upkeep
|turn|33
|
|t:|1729205591
|move|p2a: Jirachi|Fire Punch|p1a: Eustass
|-supereffective|p1a: Eustass
|-damage|p1a: Eustass|0 fnt
|faint|p1a: Eustass
|inactive|dunsparce_real has 240 seconds left.
|
|t:|1729205603
|switch|p1a: Jobin|Heracross, M|100/100
|
|upkeep
|turn|34
|
|t:|1729205611
|switch|p2a: Salamence|Salamence, F|82/100
|-ability|p2a: Salamence|Intimidate|boost
|-unboost|p1a: Jobin|atk|1
|move|p1a: Jobin|Substitute|p1a: Jobin
|-start|p1a: Jobin|Substitute
|-damage|p1a: Jobin|75/100
|
|-heal|p2a: Salamence|88/100|[from] item: Leftovers
|upkeep
|turn|35
|inactive|dunsparce_real has 240 seconds left.
|
|t:|1729205635
|move|p1a: Jobin|Substitute|p1a: Jobin
|-fail|p1a: Jobin|move: Substitute
|move|p2a: Salamence|Roar|p1a: Jobin
|drag|p1a: Wildberry|Suicune|93/100
|
|-heal|p2a: Salamence|94/100|[from] item: Leftovers
|-heal|p1a: Wildberry|99/100|[from] item: Leftovers
|upkeep
|turn|36
|
|t:|1729205646
|switch|p2a: Jirachi|Jirachi|100/100 par
|move|p1a: Wildberry|Ice Beam|p2a: Jirachi
|-resisted|p2a: Jirachi
|-damage|p2a: Jirachi|89/100 par
|
|-heal|p1a: Wildberry|100/100|[from] item: Leftovers
|-heal|p2a: Jirachi|95/100 par|[from] item: Leftovers
|upkeep
|turn|37
|inactive|dunsparce_real has 240 seconds left.
|
|t:|1729205698
|move|p1a: Wildberry|Calm Mind|p1a: Wildberry
|-boost|p1a: Wildberry|spa|1
|-boost|p1a: Wildberry|spd|1
|move|p2a: Jirachi|Toxic|p1a: Wildberry
|-status|p1a: Wildberry|tox
|
|-damage|p1a: Wildberry|94/100 tox|[from] psn
|-heal|p2a: Jirachi|100/100 par|[from] item: Leftovers
|upkeep
|turn|38
|
|t:|1729205704
|move|p1a: Wildberry|Hydro Pump|p2a: Jirachi|[miss]
|-miss|p1a: Wildberry|p2a: Jirachi
|move|p2a: Jirachi|Wish|p2a: Jirachi
|
|-heal|p1a: Wildberry|100/100 tox|[from] item: Leftovers
|-damage|p1a: Wildberry|88/100 tox|[from] psn
|upkeep
|turn|39
|
|t:|1729205711
|switch|p1a: Jobin|Heracross, M|75/100
|switch|p2a: Blissey|Blissey, F|34/100
|
|-heal|p2a: Blissey|84/100|[from] move: Wish|[wisher] Jirachi
|-heal|p2a: Blissey|90/100|[from] item: Leftovers
|upkeep
|turn|40
|
|t:|1729205717
|switch|p2a: Salamence|Salamence, F|94/100
|-ability|p2a: Salamence|Intimidate|boost
|-unboost|p1a: Jobin|atk|1
|move|p1a: Jobin|Substitute|p1a: Jobin
|-start|p1a: Jobin|Substitute
|-damage|p1a: Jobin|50/100
|
|-heal|p2a: Salamence|99/100|[from] item: Leftovers
|upkeep
|turn|41
|
|t:|1729205722
|move|p1a: Jobin|Swords Dance|p1a: Jobin
|-boost|p1a: Jobin|atk|2
|move|p2a: Salamence|Roar|p1a: Jobin
|drag|p1a: Wildberry|Suicune|88/100 tox
|
|-heal|p2a: Salamence|100/100|[from] item: Leftovers
|-heal|p1a: Wildberry|94/100 tox|[from] item: Leftovers
|-damage|p1a: Wildberry|88/100 tox|[from] psn
|upkeep
|turn|42
|
|t:|1729205733
|switch|p2a: Forretress|Forretress, F|100/100
|move|p1a: Wildberry|Calm Mind|p1a: Wildberry
|-boost|p1a: Wildberry|spa|1
|-boost|p1a: Wildberry|spd|1
|
|-heal|p1a: Wildberry|94/100 tox|[from] item: Leftovers
|-damage|p1a: Wildberry|82/100 tox|[from] psn
|upkeep
|turn|43
|
|t:|1729205740
|move|p1a: Wildberry|Hydro Pump|p2a: Forretress|[miss]
|-miss|p1a: Wildberry|p2a: Forretress
|move|p2a: Forretress|Explosion|p1a: Wildberry
|-damage|p1a: Wildberry|0 fnt
|faint|p2a: Forretress
|faint|p1a: Wildberry
|
|t:|1729205744
|switch|p1a: Jobin|Heracross, M|50/100
|switch|p2a: Aerodactyl|Aerodactyl, M|43/100
|
|upkeep
|turn|44
|
|t:|1729205749
|move|p2a: Aerodactyl|Hidden Power|p1a: Jobin
|-supereffective|p1a: Jobin
|-damage|p1a: Jobin|0 fnt
|faint|p1a: Jobin
|
|win|Scansafatiche
|c|☆Scansafatiche|gg
|c|☆dunsparce_real|gg
|c|☆Scansafatiche|crazy games
|c|☆dunsparce_real|for sure, wp
|c|☆dunsparce_real|no Jigglypuff? lol
|c|☆Scansafatiche|XD
|c|☆Scansafatiche|i was hoping not to show the sleep talk on duscolps
|c|☆dunsparce_real|yeah i was surprised since it went so long without showing it
|c|☆Scansafatiche|well against gengar i was just chilling and didn't wanna use the pp for it
|c|☆Scansafatiche|cuz then if i crit or something i could get roared out
|c|☆dunsparce_real|ooh yeah that's fair 
|c|☆Scansafatiche|and then my rest counter goes to 0 was my thought process
|c|☆Scansafatiche|cuz like dusclops is hard to handle 
|c|☆Scansafatiche|/log Scansafatiche made the replay of this battle unlisted.
|c|☆Scansafatiche|against like 
|c|☆dunsparce_real|yeah i guess dusclops is still too passive to be a mainstay? but it was pretty good against my team 
|c|☆Scansafatiche|protect moms with mence
|c|☆Scansafatiche|yeah dusclops was on the team to pressure soak for suicune
|c|☆Scansafatiche|but i also play choice band mence
|c|☆Scansafatiche|and like 
|c|☆dunsparce_real|oh yeah, it ate a bunch of meteor mash pp
|c|☆Scansafatiche|u just gotta blow up
|c|☆Scansafatiche|on a non protect mom
|c|☆dunsparce_real|for sure 
|c|☆Scansafatiche|cuz like ur taking away the answer for something else
|c|☆Scansafatiche|cuz rachi was stall status on this team
|c|☆dunsparce_real|right, i could've used one of those chances to boom 

</script>
<script type="application/json" class="data" id="replaydata-smogtours-gen3ou-799412">
{"id":"smogtours-gen3ou-799412","format":"[Gen 3] OU","players":["dunsparce_real","Scansafatiche"],"uploadtime":1729205749,"views":68,"formatid":"gen3ou","rating":null,"private":1,"password":null}
</script>

<script defer src="js/replays.js?9d40a366"></script>
