<!DOCTYPE html>
<meta charset="utf-8" />
<meta name="viewport" content="width=device-width" />

<title>[Gen 3] OU: Humorous Husband vs. yyyyyfyyyyy - Replays - Pok&eacute;mon Showdown!</title>

<meta name="description" content="Watch a replay of a Pok&eacute;mon battle between Humorous Husband and yyyyyfyyyyy! Format: [Gen 3] OU; Date: Oct 8, 2024" />
<!--

Hey, you! Looking in the source for the replay log?

You can find them in JSON format, just add `.json` at the end of a replay URL.

https://replay.pokemonshowdown.com/gen7randomdoublesbattle-865046831.json

Or, if you only need the log itself, add `.log` instead:

https://replay.pokemonshowdown.com/gen7randomdoublesbattle-865046831.log

-->

<link rel="stylesheet" href="//pokemonshowdown.com/style/global.css?0.767286132409787" />
<link rel="stylesheet" href="//play.pokemonshowdown.com/style/font-awesome.css?0.9266228007934947" />
<link rel="stylesheet" href="//play.pokemonshowdown.com/style/battle.css?0.7924700842790926" />
<link rel="stylesheet" href="//play.pokemonshowdown.com/style/utilichart.css?0.8777417872839479" />

<!-- Global site tag (gtag.js) - Google Analytics -->
<script async src="https://www.googletagmanager.com/gtag/js?id=UA-26211653-1"></script>
<script>
  window.dataLayer = window.dataLayer || [];
  function gtag(){dataLayer.push(arguments);}
  gtag('js', new Date());

  gtag('config', 'UA-26211653-1');
</script>
<!-- End Google Analytics -->
<!-- Venatus Ad Manager - Install in <HEAD> of page -->
	<script src="https://hb.vntsm.com/v3/live/ad-manager.min.js" type="text/javascript" data-site-id="642aba63ec9a7b11c3c9c1be" data-mode="scan" async></script>
<!-- / Venatus Ad Manager -->

<style>
	@media (max-width:820px) {
		.battle {
			margin: 0 auto;
		}
		.battle-log {
			margin: 7px auto 0;
			max-width: 640px;
			height: 300px;
			position: static;
		}
	}
	.optgroup {
		display: inline-block;
		line-height: 22px;
		font-size: 10pt;
	}
	.optgroup .button {
		height: 25px;
		padding-top: 0;
		padding-bottom: 0;
	}
	.optgroup button.button {
		padding-left: 12px;
		padding-right: 12px;
	}
	.linklist {
		list-style: none;
		margin: 0.5em 0;
		padding: 0;
	}
	.linklist li {
		padding: 2px 0;
	}
	.sidebar {
		float: left;
		width: 320px;
	}
	.bar-wrapper {
		max-width: 1100px;
		margin: 0 auto;
	}
	.bar-wrapper.has-sidebar {
		max-width: 1430px;
	}
	.mainbar {
		margin: 0;
		padding-right: 1px;
	}
	.mainbar.has-sidebar {
		margin-left: 330px;
	}
	@media (min-width: 1511px) {
		.sidebar {
			width: 400px;
		}
		.bar-wrapper.has-sidebar {
			max-width: 1510px;
		}
		.mainbar.has-sidebar {
			margin-left: 410px;
		}
	}
	.section.first-section {
		margin-top: 9px;
	}
	.blocklink small {
		white-space: normal;
	}
	.button {
		vertical-align: middle;
	}
	.replay-controls {
		padding-top: 10px;
	}
	.replay-controls h1 {
		font-size: 16pt;
		font-weight: normal;
		color: #CCC;
	}
	.pagelink {
		text-align: center;
	}
	.pagelink a {
		width: 150px;
	}
	.textbox, .button {
		font-size: 11pt;
		vertical-align: middle;
	}
	@media (max-width: 450px) {
		.button {
			font-size: 9pt;
		}
	}
</style>

<div>

	<header>
		<div class="nav-wrapper"><ul class="nav">
			<li><a class="button nav-first" href="//pokemonshowdown.com/"><img src="//pokemonshowdown.com/images/pokemonshowdownbeta.png" srcset="//pokemonshowdown.com/images/pokemonshowdownbeta.png 1x, //pokemonshowdown.com/images/pokemonshowdownbeta@2x.png 2x" alt="Pok&eacute;mon Showdown" width="146" height="44" /> Home</a></li>
			<li><a class="button" href="//pokemonshowdown.com/dex/">Pok&eacute;dex</a></li>
			<li><a class="button cur" href="/">Replays</a></li>
			<li><a class="button" href="//pokemonshowdown.com/ladder/">Ladder</a></li>
			<li><a class="button nav-last" href="//pokemonshowdown.com/forums/">Forum</a></li>
			<li><a class="button greenbutton nav-first nav-last" href="//play.pokemonshowdown.com/">Play</a></li>
		</ul></div>
	</header>

	<div class="main" id="main">

		<noscript><section class="section">You need to enable JavaScript to use this page; sorry!</section></noscript>

	</div>

</div>

<script defer nomodule src="//play.pokemonshowdown.com/js/lib/ps-polyfill.js"></script>
<script defer src="//play.pokemonshowdown.com/js/lib/preact.min.js"></script>

<script defer src="//play.pokemonshowdown.com/config/config.js?6dec07f6"></script>
<script defer src="//play.pokemonshowdown.com/js/lib/jquery-1.11.0.min.js"></script>
<script defer src="//play.pokemonshowdown.com/js/lib/html-sanitizer-minified.js"></script>
<script defer src="//play.pokemonshowdown.com/js/battle-sound.js"></script>
<script defer src="//play.pokemonshowdown.com/js/battledata.js?0.6315294753075389"></script>
<script defer src="//play.pokemonshowdown.com/data/pokedex-mini.js?0.7603743185311358"></script>
<script defer src="//play.pokemonshowdown.com/data/pokedex-mini-bw.js?0.030888842834281283"></script>
<script defer src="//play.pokemonshowdown.com/data/graphics.js?0.05593094747507488"></script>
<script defer src="//play.pokemonshowdown.com/data/pokedex.js?0.47064822249611904"></script>
<script defer src="//play.pokemonshowdown.com/data/moves.js?0.8583693120512459"></script>
<script defer src="//play.pokemonshowdown.com/data/abilities.js?0.16017181182386842"></script>
<script defer src="//play.pokemonshowdown.com/data/items.js?0.4163379185673943"></script>
<script defer src="//play.pokemonshowdown.com/data/teambuilder-tables.js?0.31075597372830477"></script>
<script defer src="//play.pokemonshowdown.com/js/battle-tooltips.js?0.6536193500708172"></script>
<script defer src="//play.pokemonshowdown.com/js/battle.js?0.1916591943277901"></script>

<script defer src="js/utils.js?e31f9a17"></script>
<script defer src="js/replays-battle.js?7008c182"></script>

<!-- don't scrape this data! just add .json or .log after the URL!
Full API docs: https://github.com/smogon/pokemon-showdown-client/blob/master/WEB-API.md -->
<script type="text/plain" class="log" id="replaylog-smogtours-gen3ou-796528">
|inactive|Battle timer is ON: inactive players will automatically lose when time's up.
|t:|1728427060
|gametype|singles
|player|p1|Humorous Husband|wattson|
|player|p2|yyyyyfyyyyy|265|
|teamsize|p1|6
|teamsize|p2|6
|gen|3
|tier|[Gen 3] OU
|rule|Sleep Clause Mod: Limit one foe put to sleep
|rule|Switch Priority Clause Mod: Faster Pokémon switch first
|rule|Species Clause: Limit one of each Pokémon
|rule|OHKO Clause: OHKO moves are banned
|rule|Evasion Items Clause: Evasion items are banned
|rule|Evasion Moves Clause: Evasion moves are banned
|rule|Endless Battle Clause: Forcing endless battles is banned
|rule|HP Percentage Mod: HP is shown in percentages
|rule|One Boost Passer Clause: Limit one Baton Passer that has a way to boost its stats
|rule|Freeze Clause Mod: Limit one foe frozen
|
|t:|1728427060
|start
|switch|p1a: Erlang Shen|Zapdos|100/100
|switch|p2a: Metagross|Metagross|100/100
|turn|1
|c|☆yyyyyfyyyyy|glhf! sorry for wait 
|c|☆Humorous Husband|gl np
|
|t:|1728427079
|move|p1a: Erlang Shen|Protect|p1a: Erlang Shen
|-singleturn|p1a: Erlang Shen|Protect
|move|p2a: Metagross|Ice Punch|p1a: Erlang Shen
|-activate|p1a: Erlang Shen|Protect
|
|upkeep
|turn|2
|
|t:|1728427090
|switch|p1a: Tan Sanzang|Jirachi, shiny|100/100
|move|p2a: Metagross|Psychic|p1a: Tan Sanzang
|-resisted|p1a: Tan Sanzang
|-crit|p1a: Tan Sanzang
|-damage|p1a: Tan Sanzang|85/100
|-unboost|p1a: Tan Sanzang|spd|1
|
|-heal|p1a: Tan Sanzang|91/100|[from] item: Leftovers
|upkeep
|turn|3
|
|t:|1728427098
|move|p1a: Tan Sanzang|Calm Mind|p1a: Tan Sanzang
|-boost|p1a: Tan Sanzang|spa|1
|-boost|p1a: Tan Sanzang|spd|1
|move|p2a: Metagross|Hidden Power|p1a: Tan Sanzang
|-supereffective|p1a: Tan Sanzang
|-damage|p1a: Tan Sanzang|54/100
|
|-heal|p1a: Tan Sanzang|60/100|[from] item: Leftovers
|upkeep
|turn|4
|
|t:|1728427106
|switch|p2a: Dugtrio|Dugtrio, F|100/100
|move|p1a: Tan Sanzang|Fire Punch|p2a: Dugtrio
|-damage|p2a: Dugtrio|46/100
|
|-heal|p1a: Tan Sanzang|66/100|[from] item: Leftovers
|upkeep
|turn|5
|
|t:|1728427112
|move|p2a: Dugtrio|Earthquake|p1a: Tan Sanzang
|-supereffective|p1a: Tan Sanzang
|-damage|p1a: Tan Sanzang|0 fnt
|faint|p1a: Tan Sanzang
|
|t:|1728427121
|switch|p1a: Zhu Bajie|Swampert, F|100/100
|
|upkeep
|turn|6
|
|t:|1728427136
|switch|p2a: Snorlax|Snorlax, M|100/100
|move|p1a: Zhu Bajie|Surf|p2a: Snorlax
|-damage|p2a: Snorlax|80/100
|
|-heal|p2a: Snorlax|86/100|[from] item: Leftovers
|upkeep
|turn|7
|
|t:|1728427143
|switch|p1a: Xuan Wu|Forretress, F|100/100
|move|p2a: Snorlax|Body Slam|p1a: Xuan Wu
|-resisted|p1a: Xuan Wu
|-damage|p1a: Xuan Wu|87/100
|
|-heal|p1a: Xuan Wu|93/100|[from] item: Leftovers
|-heal|p2a: Snorlax|92/100|[from] item: Leftovers
|upkeep
|turn|8
|
|t:|1728427151
|move|p1a: Xuan Wu|Spikes|p2a: Snorlax
|-sidestart|p2: yyyyyfyyyyy|Spikes
|move|p2a: Snorlax|Flamethrower|p1a: Xuan Wu
|-supereffective|p1a: Xuan Wu
|-damage|p1a: Xuan Wu|22/100
|
|-heal|p1a: Xuan Wu|28/100|[from] item: Leftovers
|-heal|p2a: Snorlax|99/100|[from] item: Leftovers
|upkeep
|turn|9
|
|t:|1728427165
|switch|p1a: Sha Wujing|Celebi|100/100
|switch|p2a: Metagross|Metagross|100/100
|-damage|p2a: Metagross|88/100|[from] Spikes
|
|-heal|p2a: Metagross|94/100|[from] item: Leftovers
|upkeep
|turn|10
|
|t:|1728427173
|move|p1a: Sha Wujing|Leech Seed|p2a: Metagross
|-start|p2a: Metagross|move: Leech Seed
|move|p2a: Metagross|Ice Punch|p1a: Sha Wujing
|-supereffective|p1a: Sha Wujing
|-damage|p1a: Sha Wujing|69/100
|-status|p1a: Sha Wujing|frz
|
|-heal|p1a: Sha Wujing|75/100 frz|[from] item: Leftovers
|-heal|p2a: Metagross|99/100|[from] item: Leftovers
|-damage|p2a: Metagross|88/100|[from] Leech Seed|[of] p1a: Sha Wujing
|-heal|p1a: Sha Wujing|87/100 frz|[silent]
|upkeep
|turn|11
|
|t:|1728427185
|-curestatus|p1a: Sha Wujing|frz|[from] ability: Natural Cure
|switch|p1a: Xuan Wu|Forretress, F|28/100
|switch|p2a: Dugtrio|Dugtrio, F|46/100
|-damage|p2a: Dugtrio|33/100|[from] Spikes
|
|-heal|p1a: Xuan Wu|34/100|[from] item: Leftovers
|upkeep
|turn|12
|
|t:|1728427197
|move|p2a: Dugtrio|Earthquake|p1a: Xuan Wu
|-damage|p1a: Xuan Wu|0 fnt
|faint|p1a: Xuan Wu
|
|t:|1728427206
|switch|p1a: Zhu Bajie|Swampert, F|100/100
|
|upkeep
|turn|13
|
|t:|1728427212
|move|p2a: Dugtrio|Earthquake|p1a: Zhu Bajie
|-damage|p1a: Zhu Bajie|48/100
|move|p1a: Zhu Bajie|Surf|p2a: Dugtrio
|-supereffective|p2a: Dugtrio
|-damage|p2a: Dugtrio|0 fnt
|faint|p2a: Dugtrio
|
|t:|1728427221
|switch|p2a: Snorlax|Snorlax, M|99/100
|-damage|p2a: Snorlax|86/100|[from] Spikes
|
|-heal|p1a: Zhu Bajie|54/100|[from] item: Leftovers
|-heal|p2a: Snorlax|92/100|[from] item: Leftovers
|upkeep
|turn|14
|
|t:|1728427229
|move|p2a: Snorlax|Body Slam|p1a: Zhu Bajie
|-damage|p1a: Zhu Bajie|22/100
|-status|p1a: Zhu Bajie|par
|move|p1a: Zhu Bajie|Roar|p2a: Snorlax
|drag|p2a: Claydol|Claydol|100/100
|
|-heal|p1a: Zhu Bajie|29/100 par|[from] item: Leftovers
|upkeep
|turn|15
|
|t:|1728427239
|move|p2a: Claydol|Psychic|p1a: Zhu Bajie
|-crit|p1a: Zhu Bajie
|-damage|p1a: Zhu Bajie|0 fnt
|faint|p1a: Zhu Bajie
|
|t:|1728427248
|switch|p1a: Sha Wujing|Celebi|87/100
|
|-heal|p1a: Sha Wujing|93/100|[from] item: Leftovers
|upkeep
|turn|16
|
|t:|1728427256
|move|p1a: Sha Wujing|Leech Seed|p2a: Claydol
|-start|p2a: Claydol|move: Leech Seed
|move|p2a: Claydol|Explosion|p1a: Sha Wujing
|-damage|p1a: Sha Wujing|22/100
|faint|p2a: Claydol
|
|t:|1728427265
|switch|p2a: Snorlax|Snorlax, M|92/100
|-damage|p2a: Snorlax|80/100|[from] Spikes
|
|-heal|p1a: Sha Wujing|28/100|[from] item: Leftovers
|-heal|p2a: Snorlax|86/100|[from] item: Leftovers
|upkeep
|turn|17
|
|t:|1728427274
|move|p1a: Sha Wujing|Recover|p1a: Sha Wujing
|-heal|p1a: Sha Wujing|78/100
|move|p2a: Snorlax|Body Slam|p1a: Sha Wujing
|-damage|p1a: Sha Wujing|47/100
|
|-heal|p1a: Sha Wujing|53/100|[from] item: Leftovers
|-heal|p2a: Snorlax|92/100|[from] item: Leftovers
|upkeep
|turn|18
|
|t:|1728427285
|move|p1a: Sha Wujing|Leech Seed|p2a: Snorlax
|-start|p2a: Snorlax|move: Leech Seed
|move|p2a: Snorlax|Body Slam|p1a: Sha Wujing
|-damage|p1a: Sha Wujing|25/100
|
|-heal|p1a: Sha Wujing|31/100|[from] item: Leftovers
|-heal|p2a: Snorlax|99/100|[from] item: Leftovers
|-damage|p2a: Snorlax|86/100|[from] Leech Seed|[of] p1a: Sha Wujing
|-heal|p1a: Sha Wujing|46/100|[silent]
|upkeep
|turn|19
|
|t:|1728427295
|move|p1a: Sha Wujing|Recover|p1a: Sha Wujing
|-heal|p1a: Sha Wujing|96/100
|move|p2a: Snorlax|Self-Destruct|p1a: Sha Wujing
|-damage|p1a: Sha Wujing|0 fnt
|faint|p2a: Snorlax
|faint|p1a: Sha Wujing
|
|t:|1728427302
|switch|p1a: Erlang Shen|Zapdos|100/100
|switch|p2a: Gengar|Gengar, M|100/100
|
|upkeep
|turn|20
|
|t:|1728427308
|move|p2a: Gengar|Ice Punch|p1a: Erlang Shen
|-supereffective|p1a: Erlang Shen
|-damage|p1a: Erlang Shen|49/100
|move|p1a: Erlang Shen|Thunder Wave|p2a: Gengar
|-status|p2a: Gengar|par
|
|-heal|p1a: Erlang Shen|55/100|[from] item: Leftovers
|upkeep
|turn|21
|
|t:|1728427315
|move|p1a: Erlang Shen|Protect|p1a: Erlang Shen
|-singleturn|p1a: Erlang Shen|Protect
|move|p2a: Gengar|Explosion|p1a: Erlang Shen
|-activate|p1a: Erlang Shen|Protect
|faint|p2a: Gengar
|
|t:|1728427323
|switch|p2a: Metagross|Metagross|88/100
|-damage|p2a: Metagross|75/100|[from] Spikes
|
|-heal|p1a: Erlang Shen|61/100|[from] item: Leftovers
|-heal|p2a: Metagross|82/100|[from] item: Leftovers
|upkeep
|turn|22
|
|t:|1728427330
|move|p1a: Erlang Shen|Thunderbolt|p2a: Metagross
|-damage|p2a: Metagross|35/100
|move|p2a: Metagross|Psychic|p1a: Erlang Shen
|-damage|p1a: Erlang Shen|10/100
|
|-heal|p1a: Erlang Shen|17/100|[from] item: Leftovers
|-heal|p2a: Metagross|41/100|[from] item: Leftovers
|upkeep
|turn|23
|
|t:|1728427339
|switch|p2a: Blissey|Blissey, F|100/100
|-damage|p2a: Blissey|88/100|[from] Spikes
|move|p1a: Erlang Shen|Thunderbolt|p2a: Blissey
|-damage|p2a: Blissey|68/100
|
|-heal|p1a: Erlang Shen|23/100|[from] item: Leftovers
|-heal|p2a: Blissey|74/100|[from] item: Leftovers
|upkeep
|turn|24
|
|t:|1728427350
|move|p1a: Erlang Shen|Thunder Wave|p2a: Blissey
|-status|p2a: Blissey|par
|move|p2a: Blissey|Ice Beam|p1a: Erlang Shen
|-supereffective|p1a: Erlang Shen
|-damage|p1a: Erlang Shen|0 fnt
|faint|p1a: Erlang Shen
|
|t:|1728427356
|switch|p1a: Son Wukong|Medicham, F, shiny|100/100
|
|-heal|p2a: Blissey|80/100 par|[from] item: Leftovers
|upkeep
|turn|25
|
|t:|1728427362
|move|p1a: Son Wukong|Fake Out|p2a: Blissey
|-crit|p2a: Blissey
|-damage|p2a: Blissey|42/100 par
|cant|p2a: Blissey|flinch
|
|-heal|p2a: Blissey|49/100 par|[from] item: Leftovers
|upkeep
|turn|26
|
|t:|1728427370
|move|p1a: Son Wukong|Substitute|p1a: Son Wukong
|-start|p1a: Son Wukong|Substitute
|-damage|p1a: Son Wukong|76/100
|move|p2a: Blissey|Sing|p1a: Son Wukong|[miss]
|-miss|p2a: Blissey|p1a: Son Wukong
|
|-heal|p2a: Blissey|55/100 par|[from] item: Leftovers
|upkeep
|turn|27
|
|t:|1728427377
|move|p1a: Son Wukong|Reversal|p2a: Blissey
|-supereffective|p2a: Blissey
|-damage|p2a: Blissey|30/100 par
|cant|p2a: Blissey|par
|
|-heal|p2a: Blissey|36/100 par|[from] item: Leftovers
|upkeep
|turn|28
|
|t:|1728427384
|move|p1a: Son Wukong|Reversal|p2a: Blissey
|-supereffective|p2a: Blissey
|-damage|p2a: Blissey|9/100 par
|move|p2a: Blissey|Soft-Boiled|p2a: Blissey
|-heal|p2a: Blissey|59/100 par
|
|-heal|p2a: Blissey|65/100 par|[from] item: Leftovers
|upkeep
|turn|29
|
|t:|1728427392
|move|p1a: Son Wukong|Reversal|p2a: Blissey
|-supereffective|p2a: Blissey
|-damage|p2a: Blissey|40/100 par
|move|p2a: Blissey|Soft-Boiled|p2a: Blissey
|-heal|p2a: Blissey|90/100 par
|
|-heal|p2a: Blissey|96/100 par|[from] item: Leftovers
|upkeep
|turn|30
|
|t:|1728427399
|move|p1a: Son Wukong|Reversal|p2a: Blissey
|-supereffective|p2a: Blissey
|-damage|p2a: Blissey|69/100 par
|move|p2a: Blissey|Sing||[still]
|-fail|p2a: Blissey
|
|-heal|p2a: Blissey|75/100 par|[from] item: Leftovers
|upkeep
|turn|31
|
|t:|1728427407
|move|p1a: Son Wukong|Reversal|p2a: Blissey
|-supereffective|p2a: Blissey
|-damage|p2a: Blissey|47/100 par
|move|p2a: Blissey|Sing||[still]
|-fail|p2a: Blissey
|
|-heal|p2a: Blissey|53/100 par|[from] item: Leftovers
|upkeep
|turn|32
|
|t:|1728427417
|move|p1a: Son Wukong|Reversal|p2a: Blissey
|-supereffective|p2a: Blissey
|-damage|p2a: Blissey|25/100 par
|cant|p2a: Blissey|par
|
|-heal|p2a: Blissey|31/100 par|[from] item: Leftovers
|upkeep
|turn|33
|
|t:|1728427423
|move|p1a: Son Wukong|Reversal|p2a: Blissey
|-supereffective|p2a: Blissey
|-damage|p2a: Blissey|5/100 par
|cant|p2a: Blissey|par
|
|-heal|p2a: Blissey|11/100 par|[from] item: Leftovers
|upkeep
|turn|34
|
|t:|1728427439
|move|p1a: Son Wukong|Reversal|p2a: Blissey
|-supereffective|p2a: Blissey
|-damage|p2a: Blissey|0 fnt
|faint|p2a: Blissey
|
|t:|1728427441
|switch|p2a: Metagross|Metagross|41/100
|-damage|p2a: Metagross|29/100|[from] Spikes
|
|-heal|p2a: Metagross|35/100|[from] item: Leftovers
|upkeep
|turn|35
|
|t:|1728427448
|move|p1a: Son Wukong|Reversal|p2a: Metagross
|-damage|p2a: Metagross|25/100
|move|p2a: Metagross|Psychic|p1a: Son Wukong
|-end|p1a: Son Wukong|Substitute
|
|-heal|p2a: Metagross|32/100|[from] item: Leftovers
|upkeep
|turn|36
|
|t:|1728427456
|move|p1a: Son Wukong|Substitute|p1a: Son Wukong
|-start|p1a: Son Wukong|Substitute
|-damage|p1a: Son Wukong|51/100
|move|p2a: Metagross|Psychic|p1a: Son Wukong
|-end|p1a: Son Wukong|Substitute
|
|-heal|p2a: Metagross|38/100|[from] item: Leftovers
|upkeep
|turn|37
|
|t:|1728427463
|move|p1a: Son Wukong|Substitute|p1a: Son Wukong
|-start|p1a: Son Wukong|Substitute
|-damage|p1a: Son Wukong|26/100
|move|p2a: Metagross|Psychic|p1a: Son Wukong
|-crit|p1a: Son Wukong
|-end|p1a: Son Wukong|Substitute
|
|-heal|p2a: Metagross|44/100|[from] item: Leftovers
|upkeep
|turn|38
|
|t:|1728427470
|move|p1a: Son Wukong|Substitute|p1a: Son Wukong
|-start|p1a: Son Wukong|Substitute
|-damage|p1a: Son Wukong|1/100
|move|p2a: Metagross|Psychic|p1a: Son Wukong
|-end|p1a: Son Wukong|Substitute
|
|-enditem|p1a: Son Wukong|Salac Berry|[eat]
|-boost|p1a: Son Wukong|spe|1|[from] item: Salac Berry
|-heal|p2a: Metagross|50/100|[from] item: Leftovers
|upkeep
|turn|39
|
|t:|1728427478
|move|p1a: Son Wukong|Reversal|p2a: Metagross
|-damage|p2a: Metagross|0 fnt
|faint|p2a: Metagross
|
|win|Humorous Husband
|c|☆Humorous Husband|gg
|c|☆yyyyyfyyyyy|gg

</script>
<script type="application/json" class="data" id="replaydata-smogtours-gen3ou-796528">
{"id":"smogtours-gen3ou-796528","format":"[Gen 3] OU","players":["Humorous Husband","yyyyyfyyyyy"],"uploadtime":1728427478,"views":124,"formatid":"gen3ou","rating":null,"private":0,"password":null}
</script>

<script defer src="js/replays.js?9d40a366"></script>
