<!DOCTYPE html>
<meta charset="utf-8" />
<meta name="viewport" content="width=device-width" />

<title>[Gen 3] OU: BCLLCB vs. big will 2024 - Replays - Pok&eacute;mon Showdown!</title>

<meta name="description" content="Watch a replay of a Pok&eacute;mon battle between BCLLCB and big will 2024! Format: [Gen 3] OU; Date: Oct 9, 2024" />
<!--

Hey, you! Looking in the source for the replay log?

You can find them in JSON format, just add `.json` at the end of a replay URL.

https://replay.pokemonshowdown.com/gen7randomdoublesbattle-865046831.json

Or, if you only need the log itself, add `.log` instead:

https://replay.pokemonshowdown.com/gen7randomdoublesbattle-865046831.log

-->

<link rel="stylesheet" href="//pokemonshowdown.com/style/global.css?0.767286132409787" />
<link rel="stylesheet" href="//play.pokemonshowdown.com/style/font-awesome.css?0.9266228007934947" />
<link rel="stylesheet" href="//play.pokemonshowdown.com/style/battle.css?0.7924700842790926" />
<link rel="stylesheet" href="//play.pokemonshowdown.com/style/utilichart.css?0.8777417872839479" />

<!-- Global site tag (gtag.js) - Google Analytics -->
<script async src="https://www.googletagmanager.com/gtag/js?id=UA-26211653-1"></script>
<script>
  window.dataLayer = window.dataLayer || [];
  function gtag(){dataLayer.push(arguments);}
  gtag('js', new Date());

  gtag('config', 'UA-26211653-1');
</script>
<!-- End Google Analytics -->
<!-- Venatus Ad Manager - Install in <HEAD> of page -->
	<script src="https://hb.vntsm.com/v3/live/ad-manager.min.js" type="text/javascript" data-site-id="642aba63ec9a7b11c3c9c1be" data-mode="scan" async></script>
<!-- / Venatus Ad Manager -->

<style>
	@media (max-width:820px) {
		.battle {
			margin: 0 auto;
		}
		.battle-log {
			margin: 7px auto 0;
			max-width: 640px;
			height: 300px;
			position: static;
		}
	}
	.optgroup {
		display: inline-block;
		line-height: 22px;
		font-size: 10pt;
	}
	.optgroup .button {
		height: 25px;
		padding-top: 0;
		padding-bottom: 0;
	}
	.optgroup button.button {
		padding-left: 12px;
		padding-right: 12px;
	}
	.linklist {
		list-style: none;
		margin: 0.5em 0;
		padding: 0;
	}
	.linklist li {
		padding: 2px 0;
	}
	.sidebar {
		float: left;
		width: 320px;
	}
	.bar-wrapper {
		max-width: 1100px;
		margin: 0 auto;
	}
	.bar-wrapper.has-sidebar {
		max-width: 1430px;
	}
	.mainbar {
		margin: 0;
		padding-right: 1px;
	}
	.mainbar.has-sidebar {
		margin-left: 330px;
	}
	@media (min-width: 1511px) {
		.sidebar {
			width: 400px;
		}
		.bar-wrapper.has-sidebar {
			max-width: 1510px;
		}
		.mainbar.has-sidebar {
			margin-left: 410px;
		}
	}
	.section.first-section {
		margin-top: 9px;
	}
	.blocklink small {
		white-space: normal;
	}
	.button {
		vertical-align: middle;
	}
	.replay-controls {
		padding-top: 10px;
	}
	.replay-controls h1 {
		font-size: 16pt;
		font-weight: normal;
		color: #CCC;
	}
	.pagelink {
		text-align: center;
	}
	.pagelink a {
		width: 150px;
	}
	.textbox, .button {
		font-size: 11pt;
		vertical-align: middle;
	}
	@media (max-width: 450px) {
		.button {
			font-size: 9pt;
		}
	}
</style>

<div>

	<header>
		<div class="nav-wrapper"><ul class="nav">
			<li><a class="button nav-first" href="//pokemonshowdown.com/"><img src="//pokemonshowdown.com/images/pokemonshowdownbeta.png" srcset="//pokemonshowdown.com/images/pokemonshowdownbeta.png 1x, //pokemonshowdown.com/images/pokemonshowdownbeta@2x.png 2x" alt="Pok&eacute;mon Showdown" width="146" height="44" /> Home</a></li>
			<li><a class="button" href="//pokemonshowdown.com/dex/">Pok&eacute;dex</a></li>
			<li><a class="button cur" href="/">Replays</a></li>
			<li><a class="button" href="//pokemonshowdown.com/ladder/">Ladder</a></li>
			<li><a class="button nav-last" href="//pokemonshowdown.com/forums/">Forum</a></li>
			<li><a class="button greenbutton nav-first nav-last" href="//play.pokemonshowdown.com/">Play</a></li>
		</ul></div>
	</header>

	<div class="main" id="main">

		<noscript><section class="section">You need to enable JavaScript to use this page; sorry!</section></noscript>

	</div>

</div>

<script defer nomodule src="//play.pokemonshowdown.com/js/lib/ps-polyfill.js"></script>
<script defer src="//play.pokemonshowdown.com/js/lib/preact.min.js"></script>

<script defer src="//play.pokemonshowdown.com/config/config.js?6dec07f6"></script>
<script defer src="//play.pokemonshowdown.com/js/lib/jquery-1.11.0.min.js"></script>
<script defer src="//play.pokemonshowdown.com/js/lib/html-sanitizer-minified.js"></script>
<script defer src="//play.pokemonshowdown.com/js/battle-sound.js"></script>
<script defer src="//play.pokemonshowdown.com/js/battledata.js?0.6315294753075389"></script>
<script defer src="//play.pokemonshowdown.com/data/pokedex-mini.js?0.7603743185311358"></script>
<script defer src="//play.pokemonshowdown.com/data/pokedex-mini-bw.js?0.030888842834281283"></script>
<script defer src="//play.pokemonshowdown.com/data/graphics.js?0.05593094747507488"></script>
<script defer src="//play.pokemonshowdown.com/data/pokedex.js?0.47064822249611904"></script>
<script defer src="//play.pokemonshowdown.com/data/moves.js?0.8583693120512459"></script>
<script defer src="//play.pokemonshowdown.com/data/abilities.js?0.16017181182386842"></script>
<script defer src="//play.pokemonshowdown.com/data/items.js?0.4163379185673943"></script>
<script defer src="//play.pokemonshowdown.com/data/teambuilder-tables.js?0.31075597372830477"></script>
<script defer src="//play.pokemonshowdown.com/js/battle-tooltips.js?0.6536193500708172"></script>
<script defer src="//play.pokemonshowdown.com/js/battle.js?0.1916591943277901"></script>

<script defer src="js/utils.js?e31f9a17"></script>
<script defer src="js/replays-battle.js?7008c182"></script>

<!-- don't scrape this data! just add .json or .log after the URL!
Full API docs: https://github.com/smogon/pokemon-showdown-client/blob/master/WEB-API.md -->
<script type="text/plain" class="log" id="replaylog-smogtours-gen3ou-796667">
|inactive|Battle timer is ON: inactive players will automatically lose when time's up.
|t:|1728493760
|gametype|singles
|player|p1|BCLLCB|266|
|player|p2|big will 2024|morty-gen2|
|teamsize|p1|6
|teamsize|p2|6
|gen|3
|tier|[Gen 3] OU
|rule|Sleep Clause Mod: Limit one foe put to sleep
|rule|Switch Priority Clause Mod: Faster Pokémon switch first
|rule|Species Clause: Limit one of each Pokémon
|rule|OHKO Clause: OHKO moves are banned
|rule|Evasion Items Clause: Evasion items are banned
|rule|Evasion Moves Clause: Evasion moves are banned
|rule|Endless Battle Clause: Forcing endless battles is banned
|rule|HP Percentage Mod: HP is shown in percentages
|rule|One Boost Passer Clause: Limit one Baton Passer that has a way to boost its stats
|rule|Freeze Clause Mod: Limit one foe frozen
|
|t:|1728493760
|start
|switch|p1a: Tyranitar|Tyranitar, F|100/100
|switch|p2a: The Rat|Smeargle, M|100/100
|-weather|Sandstorm|[from] ability: Sand Stream|[of] p1a: Tyranitar
|turn|1
|inactive|big will 2024 also wants the timer to be on.
|c|☆big will 2024|hf
|
|t:|1728493769
|move|p2a: The Rat|Spore|p1a: Tyranitar
|-status|p1a: Tyranitar|slp|[from] move: Spore
|-enditem|p1a: Tyranitar|Lum Berry|[eat]
|-curestatus|p1a: Tyranitar|slp|[msg]
|move|p1a: Tyranitar|Rock Slide|p2a: The Rat
|-damage|p2a: The Rat|0 fnt
|faint|p2a: The Rat
|c|☆BCLLCB|glhf
|
|t:|1728493778
|switch|p2a: Metagross|Metagross|100/100
|
|-weather|Sandstorm|[upkeep]
|upkeep
|turn|2
|
|t:|1728493785
|switch|p2a: Gengar|Gengar, F|100/100
|move|p1a: Tyranitar|Dragon Dance|p1a: Tyranitar
|-boost|p1a: Tyranitar|atk|1
|-boost|p1a: Tyranitar|spe|1
|
|-weather|Sandstorm|[upkeep]
|-damage|p2a: Gengar|95/100|[from] Sandstorm
|-heal|p2a: Gengar|100/100|[from] item: Leftovers
|upkeep
|turn|3
|
|t:|1728493794
|move|p2a: Gengar|Will-O-Wisp|p1a: Tyranitar|[miss]
|-miss|p2a: Gengar|p1a: Tyranitar
|move|p1a: Tyranitar|Hidden Power|p2a: Gengar
|-supereffective|p2a: Gengar
|-damage|p2a: Gengar|0 fnt
|faint|p2a: Gengar
|
|t:|1728493803
|switch|p2a: Suicune|Suicune|100/100
|
|-weather|Sandstorm|[upkeep]
|-damage|p2a: Suicune|94/100|[from] Sandstorm
|-heal|p2a: Suicune|100/100|[from] item: Leftovers
|upkeep
|turn|4
|
|t:|1728493807
|move|p1a: Tyranitar|Dragon Dance|p1a: Tyranitar
|-boost|p1a: Tyranitar|atk|1
|-boost|p1a: Tyranitar|spe|1
|move|p2a: Suicune|Surf|p1a: Tyranitar
|-supereffective|p1a: Tyranitar
|-damage|p1a: Tyranitar|34/100
|
|-weather|Sandstorm|[upkeep]
|-damage|p2a: Suicune|94/100|[from] Sandstorm
|-heal|p2a: Suicune|100/100|[from] item: Leftovers
|upkeep
|turn|5
|
|t:|1728493811
|move|p1a: Tyranitar|Rock Slide|p2a: Suicune
|-damage|p2a: Suicune|43/100
|move|p2a: Suicune|Surf|p1a: Tyranitar
|-supereffective|p1a: Tyranitar
|-damage|p1a: Tyranitar|0 fnt
|faint|p1a: Tyranitar
|
|t:|1728493815
|switch|p1a: Jolteon|Jolteon, F|100/100
|
|-weather|Sandstorm|[upkeep]
|-damage|p1a: Jolteon|94/100|[from] Sandstorm
|-damage|p2a: Suicune|36/100|[from] Sandstorm
|-heal|p1a: Jolteon|100/100|[from] item: Leftovers
|-heal|p2a: Suicune|43/100|[from] item: Leftovers
|upkeep
|turn|6
|
|t:|1728493819
|switch|p2a: Tyranitar|Tyranitar, F|100/100
|move|p1a: Jolteon|Thunderbolt|p2a: Tyranitar
|-damage|p2a: Tyranitar|63/100
|
|-weather|Sandstorm|[upkeep]
|-damage|p1a: Jolteon|94/100|[from] Sandstorm
|-heal|p1a: Jolteon|100/100|[from] item: Leftovers
|upkeep
|turn|7
|
|t:|1728493822
|move|p1a: Jolteon|Thunderbolt|p2a: Tyranitar
|-damage|p2a: Tyranitar|25/100
|move|p2a: Tyranitar|Earthquake|p1a: Jolteon
|-supereffective|p1a: Jolteon
|-damage|p1a: Jolteon|0 fnt
|faint|p1a: Jolteon
|
|t:|1728493827
|switch|p1a: Jumpluff|Jumpluff, F|100/100
|
|-weather|Sandstorm|[upkeep]
|-damage|p1a: Jumpluff|94/100|[from] Sandstorm
|-heal|p1a: Jumpluff|100/100|[from] item: Leftovers
|upkeep
|turn|8
|
|t:|1728493832
|move|p1a: Jumpluff|Encore|p2a: Tyranitar
|-start|p2a: Tyranitar|Encore
|move|p2a: Tyranitar|Earthquake|p1a: Jumpluff
|-immune|p1a: Jumpluff
|
|-weather|Sandstorm|[upkeep]
|-damage|p1a: Jumpluff|94/100|[from] Sandstorm
|-heal|p1a: Jumpluff|100/100|[from] item: Leftovers
|upkeep
|turn|9
|
|t:|1728493836
|switch|p2a: Suicune|Suicune|43/100
|move|p1a: Jumpluff|Substitute|p1a: Jumpluff
|-start|p1a: Jumpluff|Substitute
|-damage|p1a: Jumpluff|75/100
|
|-weather|Sandstorm|[upkeep]
|-damage|p1a: Jumpluff|69/100|[from] Sandstorm
|-damage|p2a: Suicune|36/100|[from] Sandstorm
|-heal|p1a: Jumpluff|75/100|[from] item: Leftovers
|-heal|p2a: Suicune|43/100|[from] item: Leftovers
|upkeep
|turn|10
|
|t:|1728493839
|move|p1a: Jumpluff|Leech Seed|p2a: Suicune
|-start|p2a: Suicune|move: Leech Seed
|move|p2a: Suicune|Ice Beam|p1a: Jumpluff
|-supereffective|p1a: Jumpluff
|-crit|p1a: Jumpluff
|-end|p1a: Jumpluff|Substitute
|
|-weather|Sandstorm|[upkeep]
|-damage|p1a: Jumpluff|69/100|[from] Sandstorm
|-damage|p2a: Suicune|36/100|[from] Sandstorm
|-heal|p1a: Jumpluff|75/100|[from] item: Leftovers
|-heal|p2a: Suicune|43/100|[from] item: Leftovers
|-damage|p2a: Suicune|30/100|[from] Leech Seed|[of] p1a: Jumpluff
|-heal|p1a: Jumpluff|90/100|[silent]
|upkeep
|turn|11
|
|t:|1728493844
|switch|p2a: Aerodactyl|Aerodactyl, M|100/100
|move|p1a: Jumpluff|Protect||[still]
|-fail|p1a: Jumpluff
|
|-weather|Sandstorm|[upkeep]
|-damage|p1a: Jumpluff|84/100|[from] Sandstorm
|-heal|p1a: Jumpluff|90/100|[from] item: Leftovers
|upkeep
|turn|12
|
|t:|1728493851
|switch|p1a: Skarmory|Skarmory, M|100/100
|move|p2a: Aerodactyl|Rock Slide|p1a: Skarmory
|-damage|p1a: Skarmory|75/100
|
|-weather|Sandstorm|[upkeep]
|-heal|p1a: Skarmory|81/100|[from] item: Leftovers
|upkeep
|turn|13
|
|t:|1728493856
|move|p2a: Aerodactyl|Rock Slide|p1a: Skarmory
|-damage|p1a: Skarmory|54/100
|move|p1a: Skarmory|Spikes|p2a: Aerodactyl
|-sidestart|p2: big will 2024|Spikes
|
|-weather|Sandstorm|[upkeep]
|-heal|p1a: Skarmory|60/100|[from] item: Leftovers
|upkeep
|turn|14
|
|t:|1728493862
|move|p1a: Skarmory|Protect|p1a: Skarmory
|-singleturn|p1a: Skarmory|Protect
|move|p2a: Aerodactyl|Rock Slide|p1a: Skarmory
|-activate|p1a: Skarmory|Protect
|
|-weather|Sandstorm|[upkeep]
|-heal|p1a: Skarmory|66/100|[from] item: Leftovers
|upkeep
|turn|15
|
|t:|1728493866
|move|p2a: Aerodactyl|Rock Slide|p1a: Skarmory
|-damage|p1a: Skarmory|40/100
|move|p1a: Skarmory|Toxic|p2a: Aerodactyl
|-status|p2a: Aerodactyl|tox
|
|-weather|Sandstorm|[upkeep]
|-damage|p2a: Aerodactyl|94/100 tox|[from] psn
|-heal|p1a: Skarmory|46/100|[from] item: Leftovers
|upkeep
|turn|16
|
|t:|1728493873
|move|p2a: Aerodactyl|Rock Slide|p1a: Skarmory
|-damage|p1a: Skarmory|18/100
|move|p1a: Skarmory|Spikes|p2a: Aerodactyl
|-sidestart|p2: big will 2024|Spikes
|
|-weather|Sandstorm|[upkeep]
|-damage|p2a: Aerodactyl|82/100 tox|[from] psn
|-heal|p1a: Skarmory|24/100|[from] item: Leftovers
|upkeep
|turn|17
|
|t:|1728493882
|move|p1a: Skarmory|Protect|p1a: Skarmory
|-singleturn|p1a: Skarmory|Protect
|move|p2a: Aerodactyl|Rock Slide|p1a: Skarmory
|-activate|p1a: Skarmory|Protect
|
|-weather|Sandstorm|[upkeep]
|-damage|p2a: Aerodactyl|63/100 tox|[from] psn
|-heal|p1a: Skarmory|30/100|[from] item: Leftovers
|upkeep
|turn|18
|
|t:|1728493908
|switch|p1a: Flygon|Flygon, M|100/100
|move|p2a: Aerodactyl|Rock Slide|p1a: Flygon
|-resisted|p1a: Flygon
|-crit|p1a: Flygon
|-damage|p1a: Flygon|54/100
|
|-weather|Sandstorm|[upkeep]
|-damage|p2a: Aerodactyl|38/100 tox|[from] psn
|-heal|p1a: Flygon|60/100|[from] item: Leftovers
|upkeep
|turn|19
|
|t:|1728493922
|switch|p2a: Tyranitar|Tyranitar, F|25/100
|-damage|p2a: Tyranitar|9/100|[from] Spikes
|move|p1a: Flygon|Rock Slide|p2a: Tyranitar
|-damage|p2a: Tyranitar|0 fnt
|faint|p2a: Tyranitar
|
|t:|1728493926
|switch|p2a: Aerodactyl|Aerodactyl, M|38/100 tox
|
|-weather|Sandstorm|[upkeep]
|-damage|p2a: Aerodactyl|32/100 tox|[from] psn
|-heal|p1a: Flygon|66/100|[from] item: Leftovers
|upkeep
|turn|20
|
|t:|1728493940
|switch|p1a: Weezing|Weezing, F|100/100
|move|p2a: Aerodactyl|Double-Edge|p1a: Weezing
|-damage|p1a: Weezing|77/100
|
|-weather|Sandstorm|[upkeep]
|-damage|p1a: Weezing|71/100|[from] Sandstorm
|-damage|p2a: Aerodactyl|19/100 tox|[from] psn
|-heal|p1a: Weezing|77/100|[from] item: Leftovers
|upkeep
|turn|21
|
|t:|1728493951
|switch|p1a: Skarmory|Skarmory, M|30/100
|move|p2a: Aerodactyl|Rock Slide|p1a: Skarmory
|-damage|p1a: Skarmory|3/100
|
|-weather|Sandstorm|[upkeep]
|-enditem|p2a: Aerodactyl|Liechi Berry|[eat]
|-boost|p2a: Aerodactyl|atk|1|[from] item: Liechi Berry
|-damage|p2a: Aerodactyl|0 fnt|[from] psn
|faint|p2a: Aerodactyl
|-heal|p1a: Skarmory|9/100|[from] item: Leftovers
|upkeep
|
|t:|1728493957
|switch|p2a: Suicune|Suicune|30/100
|-damage|p2a: Suicune|14/100|[from] Spikes
|turn|22
|
|t:|1728493963
|move|p2a: Suicune|Calm Mind|p2a: Suicune
|-boost|p2a: Suicune|spa|1
|-boost|p2a: Suicune|spd|1
|move|p1a: Skarmory|Roar|p2a: Suicune
|drag|p2a: Metagross|Metagross|100/100
|-damage|p2a: Metagross|84/100|[from] Spikes
|
|-weather|Sandstorm|[upkeep]
|-heal|p2a: Metagross|90/100|[from] item: Leftovers
|-heal|p1a: Skarmory|15/100|[from] item: Leftovers
|upkeep
|turn|23
|
|t:|1728493967
|move|p1a: Skarmory|Protect|p1a: Skarmory
|-singleturn|p1a: Skarmory|Protect
|move|p2a: Metagross|Meteor Mash|p1a: Skarmory
|-activate|p1a: Skarmory|Protect
|
|-weather|Sandstorm|[upkeep]
|-heal|p2a: Metagross|96/100|[from] item: Leftovers
|-heal|p1a: Skarmory|21/100|[from] item: Leftovers
|upkeep
|turn|24
|
|t:|1728493975
|switch|p2a: Suicune|Suicune|14/100
|-damage|p2a: Suicune|0 fnt|[from] Spikes
|faint|p2a: Suicune
|
|t:|1728493978
|switch|p2a: Metagross|Metagross|96/100
|-damage|p2a: Metagross|80/100|[from] Spikes
|
|-weather|Sandstorm|[upkeep]
|-heal|p2a: Metagross|86/100|[from] item: Leftovers
|-heal|p1a: Skarmory|27/100|[from] item: Leftovers
|upkeep
|turn|25
|
|t:|1728493985
|switch|p1a: Flygon|Flygon, M|66/100
|move|p2a: Metagross|Agility|p2a: Metagross
|-boost|p2a: Metagross|spe|2
|
|-weather|Sandstorm|[upkeep]
|-heal|p2a: Metagross|92/100|[from] item: Leftovers
|-heal|p1a: Flygon|72/100|[from] item: Leftovers
|upkeep
|turn|26
|
|t:|1728493990
|move|p2a: Metagross|Meteor Mash|p1a: Flygon
|-damage|p1a: Flygon|0 fnt
|faint|p1a: Flygon
|
|t:|1728493993
|switch|p1a: Weezing|Weezing, F|77/100
|
|-weather|Sandstorm|[upkeep]
|-damage|p1a: Weezing|71/100|[from] Sandstorm
|-heal|p2a: Metagross|98/100|[from] item: Leftovers
|-heal|p1a: Weezing|77/100|[from] item: Leftovers
|upkeep
|turn|27
|
|t:|1728493997
|move|p2a: Metagross|Meteor Mash|p1a: Weezing
|-crit|p1a: Weezing
|-damage|p1a: Weezing|11/100
|move|p1a: Weezing|Will-O-Wisp|p2a: Metagross
|-status|p2a: Metagross|brn
|
|-weather|Sandstorm|[upkeep]
|-damage|p1a: Weezing|5/100|[from] Sandstorm
|-heal|p2a: Metagross|100/100 brn|[from] item: Leftovers
|-damage|p2a: Metagross|88/100 brn|[from] brn
|-heal|p1a: Weezing|11/100|[from] item: Leftovers
|upkeep
|turn|28
|
|t:|1728494009
|move|p2a: Metagross|Meteor Mash|p1a: Weezing|[miss]
|-miss|p2a: Metagross|p1a: Weezing
|move|p1a: Weezing|Pain Split|p2a: Metagross
|-sethp|p2a: Metagross|49/100 brn|[from] move: Pain Split|[silent]
|-sethp|p1a: Weezing|50/100|[from] move: Pain Split
|
|-weather|Sandstorm|[upkeep]
|-damage|p1a: Weezing|44/100|[from] Sandstorm
|-heal|p2a: Metagross|55/100 brn|[from] item: Leftovers
|-damage|p2a: Metagross|43/100 brn|[from] brn
|-heal|p1a: Weezing|50/100|[from] item: Leftovers
|upkeep
|turn|29
|
|t:|1728494016
|move|p2a: Metagross|Meteor Mash|p1a: Weezing
|-damage|p1a: Weezing|31/100
|move|p1a: Weezing|Pain Split|p2a: Metagross
|-sethp|p2a: Metagross|37/100 brn|[from] move: Pain Split|[silent]
|-sethp|p1a: Weezing|37/100|[from] move: Pain Split
|
|-weather|Sandstorm|[upkeep]
|-damage|p1a: Weezing|31/100|[from] Sandstorm
|-heal|p2a: Metagross|43/100 brn|[from] item: Leftovers
|-damage|p2a: Metagross|30/100 brn|[from] brn
|-heal|p1a: Weezing|37/100|[from] item: Leftovers
|upkeep
|turn|30
|
|t:|1728494023
|move|p2a: Metagross|Meteor Mash|p1a: Weezing
|-damage|p1a: Weezing|18/100
|-boost|p2a: Metagross|atk|1
|move|p1a: Weezing|Pain Split|p2a: Metagross
|-sethp|p2a: Metagross|24/100 brn|[from] move: Pain Split|[silent]
|-sethp|p1a: Weezing|24/100|[from] move: Pain Split
|
|-weather|Sandstorm|[upkeep]
|-damage|p1a: Weezing|18/100|[from] Sandstorm
|-heal|p2a: Metagross|30/100 brn|[from] item: Leftovers
|-damage|p2a: Metagross|18/100 brn|[from] brn
|-heal|p1a: Weezing|24/100|[from] item: Leftovers
|upkeep
|turn|31
|
|t:|1728494027
|move|p2a: Metagross|Meteor Mash|p1a: Weezing|[miss]
|-miss|p2a: Metagross|p1a: Weezing
|move|p1a: Weezing|Pain Split|p2a: Metagross
|-sethp|p2a: Metagross|20/100 brn|[from] move: Pain Split|[silent]
|-sethp|p1a: Weezing|21/100|[from] move: Pain Split
|
|-weather|Sandstorm|[upkeep]
|-damage|p1a: Weezing|15/100|[from] Sandstorm
|-heal|p2a: Metagross|27/100 brn|[from] item: Leftovers
|-damage|p2a: Metagross|14/100 brn|[from] brn
|-heal|p1a: Weezing|21/100|[from] item: Leftovers
|upkeep
|turn|32
|
|t:|1728494031
|move|p2a: Metagross|Meteor Mash|p1a: Weezing|[miss]
|-miss|p2a: Metagross|p1a: Weezing
|move|p1a: Weezing|Sludge Bomb|p2a: Metagross
|-immune|p2a: Metagross
|
|-weather|Sandstorm|[upkeep]
|-damage|p1a: Weezing|15/100|[from] Sandstorm
|-heal|p2a: Metagross|20/100 brn|[from] item: Leftovers
|-damage|p2a: Metagross|8/100 brn|[from] brn
|-heal|p1a: Weezing|21/100|[from] item: Leftovers
|upkeep
|turn|33
|c|☆BCLLCB|that's rough
|
|t:|1728494040
|move|p2a: Metagross|Meteor Mash|p1a: Weezing
|-crit|p1a: Weezing
|-damage|p1a: Weezing|0 fnt
|faint|p1a: Weezing
|
|t:|1728494044
|switch|p1a: Skarmory|Skarmory, M|27/100
|
|-weather|Sandstorm|[upkeep]
|-heal|p2a: Metagross|14/100 brn|[from] item: Leftovers
|-damage|p2a: Metagross|2/100 brn|[from] brn
|-heal|p1a: Skarmory|33/100|[from] item: Leftovers
|upkeep
|turn|34
|
|t:|1728494050
|move|p1a: Skarmory|Protect|p1a: Skarmory
|-singleturn|p1a: Skarmory|Protect
|move|p2a: Metagross|Explosion|p1a: Skarmory
|-activate|p1a: Skarmory|Protect
|faint|p2a: Metagross
|
|win|BCLLCB
|c|☆big will 2024|gg

</script>
<script type="application/json" class="data" id="replaydata-smogtours-gen3ou-796667">
{"id":"smogtours-gen3ou-796667","format":"[Gen 3] OU","players":["BCLLCB","big will 2024"],"uploadtime":1728494050,"views":146,"formatid":"gen3ou","rating":null,"private":0,"password":null}
</script>

<script defer src="js/replays.js?9d40a366"></script>
