<!DOCTYPE html>
<meta charset="utf-8" />
<meta name="viewport" content="width=device-width" />

<title>[Gen 3] OU: I&#039;m the Dome Ace vs. Churielix - Replays - Pok&eacute;mon Showdown!</title>

<meta name="description" content="Watch a replay of a Pok&eacute;mon battle between I&#039;m the Dome Ace and Churielix! Format: [Gen 3] OU; Date: Nov 10, 2024" />
<!--

Hey, you! Looking in the source for the replay log?

You can find them in JSON format, just add `.json` at the end of a replay URL.

https://replay.pokemonshowdown.com/gen7randomdoublesbattle-865046831.json

Or, if you only need the log itself, add `.log` instead:

https://replay.pokemonshowdown.com/gen7randomdoublesbattle-865046831.log

-->

<link rel="stylesheet" href="//pokemonshowdown.com/style/global.css?0.023195364461161105" />
<link rel="stylesheet" href="//play.pokemonshowdown.com/style/font-awesome.css?0.13261647063804238" />
<link rel="stylesheet" href="//play.pokemonshowdown.com/style/battle.css?0.8753245789963631" />
<link rel="stylesheet" href="//play.pokemonshowdown.com/style/utilichart.css?0.8627959624976733" />

<!-- Global site tag (gtag.js) - Google Analytics -->
<script async src="https://www.googletagmanager.com/gtag/js?id=UA-26211653-1"></script>
<script>
  window.dataLayer = window.dataLayer || [];
  function gtag(){dataLayer.push(arguments);}
  gtag('js', new Date());

  gtag('config', 'UA-26211653-1');
</script>
<!-- End Google Analytics -->
<!-- Venatus Ad Manager - Install in <HEAD> of page -->
	<script src="https://hb.vntsm.com/v3/live/ad-manager.min.js" type="text/javascript" data-site-id="642aba63ec9a7b11c3c9c1be" data-mode="scan" async></script>
<!-- / Venatus Ad Manager -->

<style>
	@media (max-width:820px) {
		.battle {
			margin: 0 auto;
		}
		.battle-log {
			margin: 7px auto 0;
			max-width: 640px;
			height: 300px;
			position: static;
		}
	}
	.optgroup {
		display: inline-block;
		line-height: 22px;
		font-size: 10pt;
	}
	.optgroup .button {
		height: 25px;
		padding-top: 0;
		padding-bottom: 0;
	}
	.optgroup button.button {
		padding-left: 12px;
		padding-right: 12px;
	}
	.linklist {
		list-style: none;
		margin: 0.5em 0;
		padding: 0;
	}
	.linklist li {
		padding: 2px 0;
	}
	.sidebar {
		float: left;
		width: 320px;
	}
	.bar-wrapper {
		max-width: 1100px;
		margin: 0 auto;
	}
	.bar-wrapper.has-sidebar {
		max-width: 1430px;
	}
	.mainbar {
		margin: 0;
		padding-right: 1px;
	}
	.mainbar.has-sidebar {
		margin-left: 330px;
	}
	@media (min-width: 1511px) {
		.sidebar {
			width: 400px;
		}
		.bar-wrapper.has-sidebar {
			max-width: 1510px;
		}
		.mainbar.has-sidebar {
			margin-left: 410px;
		}
	}
	.section.first-section {
		margin-top: 9px;
	}
	.blocklink small {
		white-space: normal;
	}
	.button {
		vertical-align: middle;
	}
	.replay-controls {
		padding-top: 10px;
	}
	.replay-controls h1 {
		font-size: 16pt;
		font-weight: normal;
		color: #CCC;
	}
	.pagelink {
		text-align: center;
	}
	.pagelink a {
		width: 150px;
	}
	.textbox, .button {
		font-size: 11pt;
		vertical-align: middle;
	}
	@media (max-width: 450px) {
		.button {
			font-size: 9pt;
		}
	}
</style>

<div>

	<header>
		<div class="nav-wrapper"><ul class="nav">
			<li><a class="button nav-first" href="//pokemonshowdown.com/"><img src="//pokemonshowdown.com/images/pokemonshowdownbeta.png" srcset="//pokemonshowdown.com/images/pokemonshowdownbeta.png 1x, //pokemonshowdown.com/images/pokemonshowdownbeta@2x.png 2x" alt="Pok&eacute;mon Showdown" width="146" height="44" /> Home</a></li>
			<li><a class="button" href="//pokemonshowdown.com/dex/">Pok&eacute;dex</a></li>
			<li><a class="button cur" href="/">Replays</a></li>
			<li><a class="button" href="//pokemonshowdown.com/ladder/">Ladder</a></li>
			<li><a class="button nav-last" href="//pokemonshowdown.com/forums/">Forum</a></li>
			<li><a class="button greenbutton nav-first nav-last" href="//play.pokemonshowdown.com/">Play</a></li>
		</ul></div>
	</header>

	<div class="main" id="main">

		<noscript><section class="section">You need to enable JavaScript to use this page; sorry!</section></noscript>

	</div>

</div>

<script defer nomodule src="//play.pokemonshowdown.com/js/lib/ps-polyfill.js"></script>
<script defer src="//play.pokemonshowdown.com/js/lib/preact.min.js"></script>

<script defer src="//play.pokemonshowdown.com/config/config.js?2bddbc15"></script>
<script defer src="//play.pokemonshowdown.com/js/lib/jquery-1.11.0.min.js"></script>
<script defer src="//play.pokemonshowdown.com/js/lib/html-sanitizer-minified.js"></script>
<script defer src="//play.pokemonshowdown.com/js/battle-sound.js"></script>
<script defer src="//play.pokemonshowdown.com/js/battledata.js?0.7209276989879541"></script>
<script defer src="//play.pokemonshowdown.com/data/pokedex-mini.js?0.6111056340867951"></script>
<script defer src="//play.pokemonshowdown.com/data/pokedex-mini-bw.js?0.3532142036491459"></script>
<script defer src="//play.pokemonshowdown.com/data/graphics.js?0.24223875632456182"></script>
<script defer src="//play.pokemonshowdown.com/data/pokedex.js?0.38839984266356864"></script>
<script defer src="//play.pokemonshowdown.com/data/moves.js?0.21866028504024015"></script>
<script defer src="//play.pokemonshowdown.com/data/abilities.js?0.2005157953846628"></script>
<script defer src="//play.pokemonshowdown.com/data/items.js?0.9894211263848525"></script>
<script defer src="//play.pokemonshowdown.com/data/teambuilder-tables.js?0.6008791140282215"></script>
<script defer src="//play.pokemonshowdown.com/js/battle-tooltips.js?0.7580118955022959"></script>
<script defer src="//play.pokemonshowdown.com/js/battle.js?0.6057722274234274"></script>

<script defer src="js/utils.js?e31f9a17"></script>
<script defer src="js/replays-battle.js?7008c182"></script>

<!-- don't scrape this data! just add .json or .log after the URL!
Full API docs: https://github.com/smogon/pokemon-showdown-client/blob/master/WEB-API.md -->
<script type="text/plain" class="log" id="replaylog-smogtours-gen3ou-805634">
|inactive|Battle timer is ON: inactive players will automatically lose when time's up.
|t:|1731201566
|gametype|singles
|player|p1|I'm the Dome Ace|266|
|player|p2|Churielix|blackbelt|
|teamsize|p1|6
|teamsize|p2|6
|gen|3
|tier|[Gen 3] OU
|rule|Sleep Clause Mod: Limit one foe put to sleep
|rule|Switch Priority Clause Mod: Faster Pokémon switch first
|rule|Species Clause: Limit one of each Pokémon
|rule|OHKO Clause: OHKO moves are banned
|rule|Evasion Items Clause: Evasion items are banned
|rule|Evasion Moves Clause: Evasion moves are banned
|rule|Endless Battle Clause: Forcing endless battles is banned
|rule|HP Percentage Mod: HP is shown in percentages
|rule|One Boost Passer Clause: Limit one Baton Passer that has a way to boost its stats
|rule|Freeze Clause Mod: Limit one foe frozen
|
|t:|1731201566
|start
|switch|p1a: Tyranitar|Tyranitar, M|100/100
|switch|p2a: Tyranitar|Tyranitar, F|100/100
|-weather|Sandstorm|[from] ability: Sand Stream|[of] p2a: Tyranitar
|turn|1
|c|☆I'm the Dome Ace|glhf
|c|+Elian|gooo
|c|+Elian|churielix can't win
|c|☆Churielix|u2
|
|t:|1731201594
|switch|p1a: Milotic|Milotic, F|100/100
|move|p2a: Tyranitar|Earthquake|p1a: Milotic
|-damage|p1a: Milotic|77/100
|
|-weather|Sandstorm|[upkeep]
|-damage|p1a: Milotic|71/100|[from] Sandstorm
|-heal|p1a: Milotic|77/100|[from] item: Leftovers
|upkeep
|turn|2
|
|t:|1731201613
|switch|p2a: Skarmory|Skarmory, M|100/100
|move|p1a: Milotic|Surf|p2a: Skarmory
|-damage|p2a: Skarmory|69/100
|
|-weather|Sandstorm|[upkeep]
|-damage|p1a: Milotic|71/100|[from] Sandstorm
|-heal|p1a: Milotic|77/100|[from] item: Leftovers
|-heal|p2a: Skarmory|75/100|[from] item: Leftovers
|upkeep
|turn|3
|
|t:|1731201618
|move|p1a: Milotic|Surf|p2a: Skarmory
|-damage|p2a: Skarmory|43/100
|move|p2a: Skarmory|Spikes|p1a: Milotic
|-sidestart|p1: I'm the Dome Ace|Spikes
|
|-weather|Sandstorm|[upkeep]
|-damage|p1a: Milotic|71/100|[from] Sandstorm
|-heal|p1a: Milotic|77/100|[from] item: Leftovers
|-heal|p2a: Skarmory|49/100|[from] item: Leftovers
|upkeep
|turn|4
|
|t:|1731201620
|move|p2a: Skarmory|Protect|p2a: Skarmory
|-singleturn|p2a: Skarmory|Protect
|move|p1a: Milotic|Recover|p1a: Milotic
|-heal|p1a: Milotic|100/100
|
|-weather|Sandstorm|[upkeep]
|-damage|p1a: Milotic|94/100|[from] Sandstorm
|-heal|p1a: Milotic|100/100|[from] item: Leftovers
|-heal|p2a: Skarmory|55/100|[from] item: Leftovers
|upkeep
|turn|5
|
|t:|1731201625
|move|p1a: Milotic|Surf|p2a: Skarmory
|-crit|p2a: Skarmory
|-damage|p2a: Skarmory|0 fnt
|faint|p2a: Skarmory
|c|☆I'm the Dome Ace|mb
|
|t:|1731201634
|switch|p2a: Zapdos|Zapdos|100/100
|
|-weather|Sandstorm|[upkeep]
|-damage|p2a: Zapdos|94/100|[from] Sandstorm
|-damage|p1a: Milotic|94/100|[from] Sandstorm
|-heal|p2a: Zapdos|100/100|[from] item: Leftovers
|-heal|p1a: Milotic|100/100|[from] item: Leftovers
|upkeep
|turn|6
|
|t:|1731201641
|switch|p1a: Blissey|Blissey, F|100/100
|-damage|p1a: Blissey|88/100|[from] Spikes
|move|p2a: Zapdos|Roar|p1a: Blissey
|drag|p1a: Claydol|Claydol|100/100
|
|-weather|Sandstorm|[upkeep]
|-damage|p2a: Zapdos|94/100|[from] Sandstorm
|-heal|p2a: Zapdos|100/100|[from] item: Leftovers
|upkeep
|turn|7
|
|t:|1731201649
|switch|p2a: Gengar|Gengar, M|100/100
|move|p1a: Claydol|Rapid Spin|p2a: Gengar
|-immune|p2a: Gengar
|
|-weather|Sandstorm|[upkeep]
|-damage|p2a: Gengar|94/100|[from] Sandstorm
|-heal|p2a: Gengar|100/100|[from] item: Leftovers
|upkeep
|turn|8
|
|t:|1731201657
|move|p2a: Gengar|Will-O-Wisp|p1a: Claydol
|-status|p1a: Claydol|brn
|move|p1a: Claydol|Psychic|p2a: Gengar
|-supereffective|p2a: Gengar
|-damage|p2a: Gengar|48/100
|
|-weather|Sandstorm|[upkeep]
|-damage|p2a: Gengar|42/100|[from] Sandstorm
|-heal|p2a: Gengar|48/100|[from] item: Leftovers
|-damage|p1a: Claydol|88/100 brn|[from] brn
|upkeep
|turn|9
|
|t:|1731201665
|switch|p2a: Zapdos|Zapdos|100/100
|switch|p1a: Milotic|Milotic, F|100/100
|-damage|p1a: Milotic|88/100|[from] Spikes
|
|-weather|Sandstorm|[upkeep]
|-damage|p2a: Zapdos|94/100|[from] Sandstorm
|-damage|p1a: Milotic|82/100|[from] Sandstorm
|-heal|p2a: Zapdos|100/100|[from] item: Leftovers
|-heal|p1a: Milotic|88/100|[from] item: Leftovers
|upkeep
|turn|10
|
|t:|1731201674
|switch|p1a: Blissey|Blissey, F|88/100
|-damage|p1a: Blissey|76/100|[from] Spikes
|move|p2a: Zapdos|Hidden Power|p1a: Blissey
|-damage|p1a: Blissey|66/100
|
|-weather|Sandstorm|[upkeep]
|-damage|p2a: Zapdos|94/100|[from] Sandstorm
|-damage|p1a: Blissey|60/100|[from] Sandstorm
|-heal|p2a: Zapdos|100/100|[from] item: Leftovers
|-heal|p1a: Blissey|66/100|[from] item: Leftovers
|upkeep
|turn|11
|
|t:|1731201681
|switch|p2a: Tyranitar|Tyranitar, F|100/100
|move|p1a: Blissey|Soft-Boiled|p1a: Blissey
|-heal|p1a: Blissey|100/100
|
|-weather|Sandstorm|[upkeep]
|-damage|p1a: Blissey|94/100|[from] Sandstorm
|-heal|p1a: Blissey|100/100|[from] item: Leftovers
|upkeep
|turn|12
|
|t:|1731201688
|switch|p1a: Milotic|Milotic, F|88/100
|-damage|p1a: Milotic|76/100|[from] Spikes
|move|p2a: Tyranitar|Dragon Dance|p2a: Tyranitar
|-boost|p2a: Tyranitar|atk|1
|-boost|p2a: Tyranitar|spe|1
|
|-weather|Sandstorm|[upkeep]
|-damage|p1a: Milotic|70/100|[from] Sandstorm
|-heal|p1a: Milotic|76/100|[from] item: Leftovers
|upkeep
|turn|13
|
|t:|1731201691
|move|p2a: Tyranitar|Rock Slide|p1a: Milotic|[miss]
|-miss|p2a: Tyranitar|p1a: Milotic
|move|p1a: Milotic|Toxic|p2a: Tyranitar|[miss]
|-miss|p1a: Milotic|p2a: Tyranitar
|
|-weather|Sandstorm|[upkeep]
|-damage|p1a: Milotic|70/100|[from] Sandstorm
|-heal|p1a: Milotic|76/100|[from] item: Leftovers
|upkeep
|turn|14
|
|t:|1731201693
|move|p2a: Tyranitar|Rock Slide|p1a: Milotic
|-damage|p1a: Milotic|37/100
|cant|p1a: Milotic|flinch
|
|-weather|Sandstorm|[upkeep]
|-damage|p1a: Milotic|30/100|[from] Sandstorm
|-heal|p1a: Milotic|37/100|[from] item: Leftovers
|upkeep
|turn|15
|
|t:|1731201703
|switch|p1a: Jirachi|Jirachi|100/100
|-damage|p1a: Jirachi|88/100|[from] Spikes
|move|p2a: Tyranitar|Rock Slide|p1a: Jirachi
|-resisted|p1a: Jirachi
|-damage|p1a: Jirachi|69/100
|
|-weather|Sandstorm|[upkeep]
|-heal|p1a: Jirachi|75/100|[from] item: Leftovers
|upkeep
|turn|16
|
|t:|1731201706
|switch|p1a: Skarmory|Skarmory, F|100/100
|move|p2a: Tyranitar|Earthquake|p1a: Skarmory
|-immune|p1a: Skarmory
|
|-weather|Sandstorm|[upkeep]
|upkeep
|turn|17
|
|t:|1731201708
|move|p2a: Tyranitar|Rock Slide|p1a: Skarmory
|-damage|p1a: Skarmory|53/100
|move|p1a: Skarmory|Roar|p2a: Tyranitar
|drag|p2a: Swampert|Swampert, F|100/100
|
|-weather|Sandstorm|[upkeep]
|-heal|p1a: Skarmory|59/100|[from] item: Leftovers
|upkeep
|turn|18
|
|t:|1731201730
|switch|p2a: Gengar|Gengar, M|48/100
|move|p1a: Skarmory|Spikes|p2a: Gengar
|-sidestart|p2: Churielix|Spikes
|
|-weather|Sandstorm|[upkeep]
|-damage|p2a: Gengar|42/100|[from] Sandstorm
|-heal|p2a: Gengar|48/100|[from] item: Leftovers
|-heal|p1a: Skarmory|65/100|[from] item: Leftovers
|upkeep
|turn|19
|
|t:|1731201735
|move|p1a: Skarmory|Protect|p1a: Skarmory
|-singleturn|p1a: Skarmory|Protect
|move|p2a: Gengar|Thunderbolt|p1a: Skarmory
|-activate|p1a: Skarmory|Protect
|
|-weather|Sandstorm|[upkeep]
|-damage|p2a: Gengar|42/100|[from] Sandstorm
|-heal|p2a: Gengar|48/100|[from] item: Leftovers
|-heal|p1a: Skarmory|71/100|[from] item: Leftovers
|upkeep
|turn|20
|
|t:|1731201743
|switch|p1a: Blissey|Blissey, F|100/100
|-damage|p1a: Blissey|88/100|[from] Spikes
|move|p2a: Gengar|Will-O-Wisp|p1a: Blissey|[miss]
|-miss|p2a: Gengar|p1a: Blissey
|
|-weather|Sandstorm|[upkeep]
|-damage|p2a: Gengar|42/100|[from] Sandstorm
|-damage|p1a: Blissey|82/100|[from] Sandstorm
|-heal|p2a: Gengar|48/100|[from] item: Leftovers
|-heal|p1a: Blissey|88/100|[from] item: Leftovers
|upkeep
|turn|21
|
|t:|1731201754
|switch|p1a: Jirachi|Jirachi|75/100
|-damage|p1a: Jirachi|63/100|[from] Spikes
|move|p2a: Gengar|Taunt|p1a: Jirachi
|-start|p1a: Jirachi|move: Taunt
|
|-weather|Sandstorm|[upkeep]
|-damage|p2a: Gengar|42/100|[from] Sandstorm
|-heal|p2a: Gengar|48/100|[from] item: Leftovers
|-heal|p1a: Jirachi|69/100|[from] item: Leftovers
|upkeep
|turn|22
|
|t:|1731201760
|switch|p1a: Claydol|Claydol|88/100 brn
|move|p2a: Gengar|Will-O-Wisp|p1a: Claydol
|-fail|p1a: Claydol|brn
|
|-weather|Sandstorm|[upkeep]
|-damage|p2a: Gengar|42/100|[from] Sandstorm
|-heal|p2a: Gengar|48/100|[from] item: Leftovers
|-heal|p1a: Claydol|94/100 brn|[from] item: Leftovers
|-damage|p1a: Claydol|82/100 brn|[from] brn
|upkeep
|turn|23
|
|t:|1731201764
|move|p2a: Gengar|Ice Punch|p1a: Claydol
|-supereffective|p1a: Claydol
|-damage|p1a: Claydol|40/100 brn
|move|p1a: Claydol|Psychic|p2a: Gengar
|-supereffective|p2a: Gengar
|-damage|p2a: Gengar|0 fnt
|faint|p2a: Gengar
|
|t:|1731201777
|switch|p2a: Zapdos|Zapdos|100/100
|
|-weather|Sandstorm|[upkeep]
|-damage|p2a: Zapdos|94/100|[from] Sandstorm
|-heal|p2a: Zapdos|100/100|[from] item: Leftovers
|-heal|p1a: Claydol|46/100 brn|[from] item: Leftovers
|-damage|p1a: Claydol|34/100 brn|[from] brn
|upkeep
|turn|24
|
|t:|1731201786
|switch|p1a: Blissey|Blissey, F|88/100
|-damage|p1a: Blissey|76/100|[from] Spikes
|move|p2a: Zapdos|Roar|p1a: Blissey
|drag|p1a: Tyranitar|Tyranitar, M|100/100
|-damage|p1a: Tyranitar|88/100|[from] Spikes
|
|-weather|Sandstorm|[upkeep]
|-damage|p2a: Zapdos|94/100|[from] Sandstorm
|-heal|p2a: Zapdos|100/100|[from] item: Leftovers
|-heal|p1a: Tyranitar|94/100|[from] item: Leftovers
|upkeep
|turn|25
|
|t:|1731201792
|-singleturn|p1a: Tyranitar|move: Focus Punch
|move|p2a: Zapdos|Thunderbolt|p1a: Tyranitar
|-damage|p1a: Tyranitar|52/100
|move|p1a: Tyranitar|Focus Punch||[still]
|cant|p1a: Tyranitar|Focus Punch|Focus Punch
|
|-weather|Sandstorm|[upkeep]
|-damage|p2a: Zapdos|94/100|[from] Sandstorm
|-heal|p2a: Zapdos|100/100|[from] item: Leftovers
|-heal|p1a: Tyranitar|58/100|[from] item: Leftovers
|upkeep
|turn|26
|
|t:|1731201798
|switch|p2a: Swampert|Swampert, F|100/100
|-damage|p2a: Swampert|88/100|[from] Spikes
|move|p1a: Tyranitar|Rock Slide|p2a: Swampert
|-resisted|p2a: Swampert
|-damage|p2a: Swampert|74/100
|
|-weather|Sandstorm|[upkeep]
|-heal|p2a: Swampert|80/100|[from] item: Leftovers
|-heal|p1a: Tyranitar|65/100|[from] item: Leftovers
|upkeep
|turn|27
|
|t:|1731201813
|switch|p2a: Zapdos|Zapdos|100/100
|move|p1a: Tyranitar|Earthquake|p2a: Zapdos
|-immune|p2a: Zapdos
|
|-weather|Sandstorm|[upkeep]
|-damage|p2a: Zapdos|94/100|[from] Sandstorm
|-heal|p2a: Zapdos|100/100|[from] item: Leftovers
|-heal|p1a: Tyranitar|71/100|[from] item: Leftovers
|upkeep
|turn|28
|
|t:|1731201819
|move|p2a: Zapdos|Thunderbolt|p1a: Tyranitar
|-damage|p1a: Tyranitar|31/100
|move|p1a: Tyranitar|Rock Slide|p2a: Zapdos
|-supereffective|p2a: Zapdos
|-crit|p2a: Zapdos
|-damage|p2a: Zapdos|0 fnt
|faint|p2a: Zapdos
|
|t:|1731201824
|switch|p2a: Swampert|Swampert, F|80/100
|-damage|p2a: Swampert|68/100|[from] Spikes
|
|-weather|Sandstorm|[upkeep]
|-heal|p2a: Swampert|74/100|[from] item: Leftovers
|-heal|p1a: Tyranitar|37/100|[from] item: Leftovers
|upkeep
|turn|29
|
|t:|1731201829
|move|p2a: Swampert|Surf|p1a: Tyranitar
|-supereffective|p1a: Tyranitar
|-damage|p1a: Tyranitar|0 fnt
|faint|p1a: Tyranitar
|
|t:|1731201833
|switch|p1a: Milotic|Milotic, F|37/100
|-damage|p1a: Milotic|24/100|[from] Spikes
|
|-weather|Sandstorm|[upkeep]
|-damage|p1a: Milotic|18/100|[from] Sandstorm
|-heal|p1a: Milotic|24/100|[from] item: Leftovers
|-heal|p2a: Swampert|80/100|[from] item: Leftovers
|upkeep
|turn|30
|
|t:|1731201838
|move|p1a: Milotic|Recover|p1a: Milotic
|-heal|p1a: Milotic|74/100
|move|p2a: Swampert|Toxic|p1a: Milotic
|-status|p1a: Milotic|tox
|
|-weather|Sandstorm|[upkeep]
|-damage|p1a: Milotic|68/100 tox|[from] Sandstorm
|-heal|p1a: Milotic|74/100 tox|[from] item: Leftovers
|-damage|p1a: Milotic|68/100 tox|[from] psn
|-heal|p2a: Swampert|86/100|[from] item: Leftovers
|upkeep
|turn|31
|
|t:|1731201842
|move|p1a: Milotic|Refresh|p1a: Milotic
|-curestatus|p1a: Milotic|tox|[msg]
|move|p2a: Swampert|Surf|p1a: Milotic
|-resisted|p1a: Milotic
|-damage|p1a: Milotic|59/100
|
|-weather|Sandstorm|[upkeep]
|-damage|p1a: Milotic|53/100|[from] Sandstorm
|-heal|p1a: Milotic|59/100|[from] item: Leftovers
|-heal|p2a: Swampert|93/100|[from] item: Leftovers
|upkeep
|turn|32
|
|t:|1731201844
|move|p1a: Milotic|Recover|p1a: Milotic
|-heal|p1a: Milotic|100/100
|move|p2a: Swampert|Toxic|p1a: Milotic
|-status|p1a: Milotic|tox
|
|-weather|Sandstorm|[upkeep]
|-damage|p1a: Milotic|94/100 tox|[from] Sandstorm
|-heal|p1a: Milotic|100/100 tox|[from] item: Leftovers
|-damage|p1a: Milotic|94/100 tox|[from] psn
|-heal|p2a: Swampert|99/100|[from] item: Leftovers
|upkeep
|turn|33
|
|t:|1731201848
|move|p1a: Milotic|Refresh|p1a: Milotic
|-curestatus|p1a: Milotic|tox|[msg]
|move|p2a: Swampert|Surf|p1a: Milotic
|-resisted|p1a: Milotic
|-damage|p1a: Milotic|84/100
|
|-weather|Sandstorm|[upkeep]
|-damage|p1a: Milotic|78/100|[from] Sandstorm
|-heal|p1a: Milotic|84/100|[from] item: Leftovers
|-heal|p2a: Swampert|100/100|[from] item: Leftovers
|upkeep
|turn|34
|
|t:|1731201871
|move|p1a: Milotic|Toxic|p2a: Swampert
|-status|p2a: Swampert|tox
|move|p2a: Swampert|Toxic|p1a: Milotic
|-status|p1a: Milotic|tox
|
|-weather|Sandstorm|[upkeep]
|-damage|p1a: Milotic|78/100 tox|[from] Sandstorm
|-heal|p1a: Milotic|84/100 tox|[from] item: Leftovers
|-damage|p1a: Milotic|78/100 tox|[from] psn
|-damage|p2a: Swampert|94/100 tox|[from] psn
|upkeep
|turn|35
|inactive|Churielix has 270 seconds left.
|
|t:|1731201903
|move|p1a: Milotic|Refresh|p1a: Milotic
|-curestatus|p1a: Milotic|tox|[msg]
|move|p2a: Swampert|Refresh|p2a: Swampert
|-curestatus|p2a: Swampert|tox|[msg]
|
|-weather|Sandstorm|[upkeep]
|-damage|p1a: Milotic|72/100|[from] Sandstorm
|-heal|p1a: Milotic|78/100|[from] item: Leftovers
|-heal|p2a: Swampert|100/100|[from] item: Leftovers
|upkeep
|turn|36
|
|t:|1731201909
|move|p2a: Swampert|Protect|p2a: Swampert
|-singleturn|p2a: Swampert|Protect
|move|p1a: Milotic|Recover|p1a: Milotic
|-heal|p1a: Milotic|100/100
|
|-weather|Sandstorm|[upkeep]
|-damage|p1a: Milotic|94/100|[from] Sandstorm
|-heal|p1a: Milotic|100/100|[from] item: Leftovers
|upkeep
|turn|37
|
|t:|1731201915
|move|p1a: Milotic|Surf|p2a: Swampert
|-damage|p2a: Swampert|70/100
|move|p2a: Swampert|Toxic|p1a: Milotic
|-status|p1a: Milotic|tox
|
|-weather|Sandstorm|[upkeep]
|-damage|p1a: Milotic|94/100 tox|[from] Sandstorm
|-heal|p1a: Milotic|100/100 tox|[from] item: Leftovers
|-damage|p1a: Milotic|94/100 tox|[from] psn
|-heal|p2a: Swampert|76/100|[from] item: Leftovers
|upkeep
|turn|38
|
|t:|1731201926
|switch|p2a: Aerodactyl|Aerodactyl, M|100/100
|move|p1a: Milotic|Refresh|p1a: Milotic
|-curestatus|p1a: Milotic|tox|[msg]
|
|-weather|Sandstorm|[upkeep]
|-damage|p1a: Milotic|88/100|[from] Sandstorm
|-heal|p1a: Milotic|94/100|[from] item: Leftovers
|upkeep
|turn|39
|
|t:|1731201948
|move|p2a: Aerodactyl|Rock Slide|p1a: Milotic
|-damage|p1a: Milotic|60/100
|cant|p1a: Milotic|flinch
|
|-weather|Sandstorm|[upkeep]
|-damage|p1a: Milotic|54/100|[from] Sandstorm
|-heal|p1a: Milotic|60/100|[from] item: Leftovers
|upkeep
|turn|40
|
|t:|1731201953
|switch|p1a: Jirachi|Jirachi|69/100
|-damage|p1a: Jirachi|56/100|[from] Spikes
|move|p2a: Aerodactyl|Rock Slide|p1a: Jirachi
|-resisted|p1a: Jirachi
|-damage|p1a: Jirachi|41/100
|
|-weather|Sandstorm|[upkeep]
|-heal|p1a: Jirachi|47/100|[from] item: Leftovers
|upkeep
|turn|41
|
|t:|1731201959
|switch|p2a: Tyranitar|Tyranitar, F|100/100
|-damage|p2a: Tyranitar|88/100|[from] Spikes
|move|p1a: Jirachi|Wish|p1a: Jirachi
|
|-weather|Sandstorm|[upkeep]
|-heal|p1a: Jirachi|53/100|[from] item: Leftovers
|-heal|p2a: Tyranitar|94/100|[from] item: Leftovers
|upkeep
|turn|42
|
|t:|1731201963
|move|p1a: Jirachi|Toxic|p2a: Tyranitar
|-status|p2a: Tyranitar|tox
|move|p2a: Tyranitar|Dragon Dance|p2a: Tyranitar
|-boost|p2a: Tyranitar|atk|1
|-boost|p2a: Tyranitar|spe|1
|
|-heal|p1a: Jirachi|100/100|[from] move: Wish|[wisher] Jirachi
|-weather|Sandstorm|[upkeep]
|-heal|p2a: Tyranitar|100/100 tox|[from] item: Leftovers
|-damage|p2a: Tyranitar|94/100 tox|[from] psn
|upkeep
|turn|43
|
|t:|1731201970
|switch|p1a: Skarmory|Skarmory, F|71/100
|move|p2a: Tyranitar|Dragon Dance|p2a: Tyranitar
|-boost|p2a: Tyranitar|atk|1
|-boost|p2a: Tyranitar|spe|1
|
|-weather|Sandstorm|[upkeep]
|-heal|p2a: Tyranitar|100/100 tox|[from] item: Leftovers
|-damage|p2a: Tyranitar|88/100 tox|[from] psn
|-heal|p1a: Skarmory|77/100|[from] item: Leftovers
|upkeep
|turn|44
|
|t:|1731201972
|move|p1a: Skarmory|Protect|p1a: Skarmory
|-singleturn|p1a: Skarmory|Protect
|move|p2a: Tyranitar|Rock Slide|p1a: Skarmory
|-activate|p1a: Skarmory|Protect
|
|-weather|Sandstorm|[upkeep]
|-heal|p2a: Tyranitar|94/100 tox|[from] item: Leftovers
|-damage|p2a: Tyranitar|76/100 tox|[from] psn
|-heal|p1a: Skarmory|83/100|[from] item: Leftovers
|upkeep
|turn|45
|
|t:|1731201990
|move|p2a: Tyranitar|Rock Slide|p1a: Skarmory
|-damage|p1a: Skarmory|23/100
|cant|p1a: Skarmory|flinch
|
|-weather|Sandstorm|[upkeep]
|-heal|p2a: Tyranitar|82/100 tox|[from] item: Leftovers
|-damage|p2a: Tyranitar|57/100 tox|[from] psn
|-heal|p1a: Skarmory|29/100|[from] item: Leftovers
|upkeep
|turn|46
|
|t:|1731202019
|move|p1a: Skarmory|Protect|p1a: Skarmory
|-singleturn|p1a: Skarmory|Protect
|move|p2a: Tyranitar|Dragon Dance|p2a: Tyranitar
|-boost|p2a: Tyranitar|atk|1
|-boost|p2a: Tyranitar|spe|1
|
|-weather|Sandstorm|[upkeep]
|-heal|p2a: Tyranitar|63/100 tox|[from] item: Leftovers
|-damage|p2a: Tyranitar|32/100 tox|[from] psn
|-heal|p1a: Skarmory|35/100|[from] item: Leftovers
|upkeep
|turn|47
|inactive|I'm the Dome Ace has 270 seconds left.
|
|t:|1731202057
|switch|p1a: Claydol|Claydol|34/100 brn
|move|p2a: Tyranitar|Rock Slide|p1a: Claydol
|-resisted|p1a: Claydol
|-damage|p1a: Claydol|0 fnt
|faint|p1a: Claydol
|
|t:|1731202063
|switch|p1a: Skarmory|Skarmory, F|35/100
|
|-weather|Sandstorm|[upkeep]
|-heal|p2a: Tyranitar|39/100 tox|[from] item: Leftovers
|-damage|p2a: Tyranitar|2/100 tox|[from] psn
|-heal|p1a: Skarmory|41/100|[from] item: Leftovers
|upkeep
|turn|48
|inactive|Churielix has 270 seconds left.
|inactive|Churielix has 240 seconds left.
|c|☆I'm the Dome Ace|sacking dol before bliss was stupid
|inactive|Churielix has 210 seconds left.
|inactive|Churielix disconnected and has 300 seconds to reconnect!
|player|p2|
|inactive|Churielix reconnected and has 185 seconds left.
|player|p2|Churielix|blackbelt|
|inactive|Churielix has 180 seconds left.
|
|t:|1731202198
|move|p1a: Skarmory|Protect|p1a: Skarmory
|-singleturn|p1a: Skarmory|Protect
|move|p2a: Tyranitar|Rock Slide|p1a: Skarmory
|-activate|p1a: Skarmory|Protect
|
|-weather|Sandstorm|[upkeep]
|-heal|p2a: Tyranitar|8/100 tox|[from] item: Leftovers
|-damage|p2a: Tyranitar|0 fnt|[from] psn
|faint|p2a: Tyranitar
|-heal|p1a: Skarmory|47/100|[from] item: Leftovers
|upkeep
|
|t:|1731202200
|switch|p2a: Aerodactyl|Aerodactyl, M|100/100
|turn|49
|
|t:|1731202206
|move|p1a: Skarmory|Protect|p1a: Skarmory
|-singleturn|p1a: Skarmory|Protect
|move|p2a: Aerodactyl|Rock Slide|p1a: Skarmory|[miss]
|-miss|p2a: Aerodactyl|p1a: Skarmory
|
|-weather|Sandstorm|[upkeep]
|-heal|p1a: Skarmory|53/100|[from] item: Leftovers
|upkeep
|turn|50
|
|t:|1731202207
|switch|p1a: Jirachi|Jirachi|100/100
|-damage|p1a: Jirachi|88/100|[from] Spikes
|move|p2a: Aerodactyl|Rock Slide|p1a: Jirachi
|-resisted|p1a: Jirachi
|-damage|p1a: Jirachi|73/100
|
|-weather|Sandstorm|[upkeep]
|-heal|p1a: Jirachi|79/100|[from] item: Leftovers
|upkeep
|turn|51
|
|t:|1731202209
|switch|p2a: Swampert|Swampert, F|76/100
|-damage|p2a: Swampert|64/100|[from] Spikes
|move|p1a: Jirachi|Wish|p1a: Jirachi
|
|-weather|Sandstorm|[upkeep]
|-heal|p1a: Jirachi|86/100|[from] item: Leftovers
|-heal|p2a: Swampert|70/100|[from] item: Leftovers
|upkeep
|turn|52
|
|t:|1731202216
|switch|p1a: Skarmory|Skarmory, F|53/100
|move|p2a: Swampert|Surf|p1a: Skarmory
|-damage|p1a: Skarmory|26/100
|
|-heal|p1a: Skarmory|76/100|[from] move: Wish|[wisher] Jirachi
|-weather|Sandstorm|[upkeep]
|-heal|p1a: Skarmory|82/100|[from] item: Leftovers
|-heal|p2a: Swampert|76/100|[from] item: Leftovers
|upkeep
|turn|53
|
|t:|1731202228
|move|p1a: Skarmory|Protect|p1a: Skarmory
|-singleturn|p1a: Skarmory|Protect
|move|p2a: Swampert|Surf|p1a: Skarmory
|-activate|p1a: Skarmory|Protect
|
|-weather|Sandstorm|[upkeep]
|-heal|p1a: Skarmory|88/100|[from] item: Leftovers
|-heal|p2a: Swampert|82/100|[from] item: Leftovers
|upkeep
|turn|54
|
|t:|1731202241
|switch|p1a: Jirachi|Jirachi|86/100
|-damage|p1a: Jirachi|73/100|[from] Spikes
|move|p2a: Swampert|Surf|p1a: Jirachi
|-damage|p1a: Jirachi|50/100
|
|-weather|Sandstorm|[upkeep]
|-heal|p1a: Jirachi|56/100|[from] item: Leftovers
|-heal|p2a: Swampert|88/100|[from] item: Leftovers
|upkeep
|turn|55
|
|t:|1731202244
|move|p1a: Jirachi|Wish|p1a: Jirachi
|move|p2a: Swampert|Surf|p1a: Jirachi
|-damage|p1a: Jirachi|29/100
|
|-weather|Sandstorm|[upkeep]
|-heal|p1a: Jirachi|36/100|[from] item: Leftovers
|-heal|p2a: Swampert|95/100|[from] item: Leftovers
|upkeep
|turn|56
|
|t:|1731202247
|move|p1a: Jirachi|Protect|p1a: Jirachi
|-singleturn|p1a: Jirachi|Protect
|move|p2a: Swampert|Surf|p1a: Jirachi
|-activate|p1a: Jirachi|Protect
|
|-heal|p1a: Jirachi|86/100|[from] move: Wish|[wisher] Jirachi
|-weather|Sandstorm|[upkeep]
|-heal|p1a: Jirachi|92/100|[from] item: Leftovers
|-heal|p2a: Swampert|100/100|[from] item: Leftovers
|upkeep
|turn|57
|c|☆Churielix|ggs
|c|☆I'm the Dome Ace|ggs
|-message|Churielix forfeited.
|
|win|I'm the Dome Ace
|player|p2|

</script>
<script type="application/json" class="data" id="replaydata-smogtours-gen3ou-805634">
{"id":"smogtours-gen3ou-805634","format":"[Gen 3] OU","players":["I'm the Dome Ace","Churielix"],"uploadtime":1731202257,"views":71,"formatid":"gen3ou","rating":null,"private":0,"password":null}
</script>

<script defer src="js/replays.js?9d40a366"></script>
