<!DOCTYPE html>
<meta charset="utf-8" />
<meta name="viewport" content="width=device-width" />

<title>[Gen 3] OU: Skarph☾eRiM vs. pokology2 - Replays - Pok&eacute;mon Showdown!</title>

<meta name="description" content="Watch a replay of a Pok&eacute;mon battle between Skarph☾eRiM and pokology2! Format: [Gen 3] OU; Date: Oct 8, 2024" />
<!--

Hey, you! Looking in the source for the replay log?

You can find them in JSON format, just add `.json` at the end of a replay URL.

https://replay.pokemonshowdown.com/gen7randomdoublesbattle-865046831.json

Or, if you only need the log itself, add `.log` instead:

https://replay.pokemonshowdown.com/gen7randomdoublesbattle-865046831.log

-->

<link rel="stylesheet" href="//pokemonshowdown.com/style/global.css?0.023195364461161105" />
<link rel="stylesheet" href="//play.pokemonshowdown.com/style/font-awesome.css?0.13261647063804238" />
<link rel="stylesheet" href="//play.pokemonshowdown.com/style/battle.css?0.8753245789963631" />
<link rel="stylesheet" href="//play.pokemonshowdown.com/style/utilichart.css?0.8627959624976733" />

<!-- Global site tag (gtag.js) - Google Analytics -->
<script async src="https://www.googletagmanager.com/gtag/js?id=UA-26211653-1"></script>
<script>
  window.dataLayer = window.dataLayer || [];
  function gtag(){dataLayer.push(arguments);}
  gtag('js', new Date());

  gtag('config', 'UA-26211653-1');
</script>
<!-- End Google Analytics -->
<!-- Venatus Ad Manager - Install in <HEAD> of page -->
	<script src="https://hb.vntsm.com/v3/live/ad-manager.min.js" type="text/javascript" data-site-id="642aba63ec9a7b11c3c9c1be" data-mode="scan" async></script>
<!-- / Venatus Ad Manager -->

<style>
	@media (max-width:820px) {
		.battle {
			margin: 0 auto;
		}
		.battle-log {
			margin: 7px auto 0;
			max-width: 640px;
			height: 300px;
			position: static;
		}
	}
	.optgroup {
		display: inline-block;
		line-height: 22px;
		font-size: 10pt;
	}
	.optgroup .button {
		height: 25px;
		padding-top: 0;
		padding-bottom: 0;
	}
	.optgroup button.button {
		padding-left: 12px;
		padding-right: 12px;
	}
	.linklist {
		list-style: none;
		margin: 0.5em 0;
		padding: 0;
	}
	.linklist li {
		padding: 2px 0;
	}
	.sidebar {
		float: left;
		width: 320px;
	}
	.bar-wrapper {
		max-width: 1100px;
		margin: 0 auto;
	}
	.bar-wrapper.has-sidebar {
		max-width: 1430px;
	}
	.mainbar {
		margin: 0;
		padding-right: 1px;
	}
	.mainbar.has-sidebar {
		margin-left: 330px;
	}
	@media (min-width: 1511px) {
		.sidebar {
			width: 400px;
		}
		.bar-wrapper.has-sidebar {
			max-width: 1510px;
		}
		.mainbar.has-sidebar {
			margin-left: 410px;
		}
	}
	.section.first-section {
		margin-top: 9px;
	}
	.blocklink small {
		white-space: normal;
	}
	.button {
		vertical-align: middle;
	}
	.replay-controls {
		padding-top: 10px;
	}
	.replay-controls h1 {
		font-size: 16pt;
		font-weight: normal;
		color: #CCC;
	}
	.pagelink {
		text-align: center;
	}
	.pagelink a {
		width: 150px;
	}
	.textbox, .button {
		font-size: 11pt;
		vertical-align: middle;
	}
	@media (max-width: 450px) {
		.button {
			font-size: 9pt;
		}
	}
</style>

<div>

	<header>
		<div class="nav-wrapper"><ul class="nav">
			<li><a class="button nav-first" href="//pokemonshowdown.com/"><img src="//pokemonshowdown.com/images/pokemonshowdownbeta.png" srcset="//pokemonshowdown.com/images/pokemonshowdownbeta.png 1x, //pokemonshowdown.com/images/pokemonshowdownbeta@2x.png 2x" alt="Pok&eacute;mon Showdown" width="146" height="44" /> Home</a></li>
			<li><a class="button" href="//pokemonshowdown.com/dex/">Pok&eacute;dex</a></li>
			<li><a class="button cur" href="/">Replays</a></li>
			<li><a class="button" href="//pokemonshowdown.com/ladder/">Ladder</a></li>
			<li><a class="button nav-last" href="//pokemonshowdown.com/forums/">Forum</a></li>
			<li><a class="button greenbutton nav-first nav-last" href="//play.pokemonshowdown.com/">Play</a></li>
		</ul></div>
	</header>

	<div class="main" id="main">

		<noscript><section class="section">You need to enable JavaScript to use this page; sorry!</section></noscript>

	</div>

</div>

<script defer nomodule src="//play.pokemonshowdown.com/js/lib/ps-polyfill.js"></script>
<script defer src="//play.pokemonshowdown.com/js/lib/preact.min.js"></script>

<script defer src="//play.pokemonshowdown.com/config/config.js?2bddbc15"></script>
<script defer src="//play.pokemonshowdown.com/js/lib/jquery-1.11.0.min.js"></script>
<script defer src="//play.pokemonshowdown.com/js/lib/html-sanitizer-minified.js"></script>
<script defer src="//play.pokemonshowdown.com/js/battle-sound.js"></script>
<script defer src="//play.pokemonshowdown.com/js/battledata.js?0.7209276989879541"></script>
<script defer src="//play.pokemonshowdown.com/data/pokedex-mini.js?0.6111056340867951"></script>
<script defer src="//play.pokemonshowdown.com/data/pokedex-mini-bw.js?0.3532142036491459"></script>
<script defer src="//play.pokemonshowdown.com/data/graphics.js?0.24223875632456182"></script>
<script defer src="//play.pokemonshowdown.com/data/pokedex.js?0.38839984266356864"></script>
<script defer src="//play.pokemonshowdown.com/data/moves.js?0.21866028504024015"></script>
<script defer src="//play.pokemonshowdown.com/data/abilities.js?0.2005157953846628"></script>
<script defer src="//play.pokemonshowdown.com/data/items.js?0.9894211263848525"></script>
<script defer src="//play.pokemonshowdown.com/data/teambuilder-tables.js?0.6008791140282215"></script>
<script defer src="//play.pokemonshowdown.com/js/battle-tooltips.js?0.7580118955022959"></script>
<script defer src="//play.pokemonshowdown.com/js/battle.js?0.6057722274234274"></script>

<script defer src="js/utils.js?e31f9a17"></script>
<script defer src="js/replays-battle.js?7008c182"></script>

<!-- don't scrape this data! just add .json or .log after the URL!
Full API docs: https://github.com/smogon/pokemon-showdown-client/blob/master/WEB-API.md -->
<script type="text/plain" class="log" id="replaylog-smogtours-gen3ou-796457">
|inactive|Battle timer is ON: inactive players will automatically lose when time's up.
|t:|1728415566
|gametype|singles
|player|p1|Skarph☾eRiM|#skarph|
|player|p2|pokology2|1|
|teamsize|p1|6
|teamsize|p2|6
|gen|3
|tier|[Gen 3] OU
|rule|Sleep Clause Mod: Limit one foe put to sleep
|rule|Switch Priority Clause Mod: Faster Pokémon switch first
|rule|Species Clause: Limit one of each Pokémon
|rule|OHKO Clause: OHKO moves are banned
|rule|Evasion Items Clause: Evasion items are banned
|rule|Evasion Moves Clause: Evasion moves are banned
|rule|Endless Battle Clause: Forcing endless battles is banned
|rule|HP Percentage Mod: HP is shown in percentages
|rule|One Boost Passer Clause: Limit one Baton Passer that has a way to boost its stats
|rule|Freeze Clause Mod: Limit one foe frozen
|
|t:|1728415566
|start
|switch|p1a: Tyranitar|Tyranitar, F|100/100
|switch|p2a: Tyranitar|Tyranitar, M|100/100
|-weather|Sandstorm|[from] ability: Sand Stream|[of] p2a: Tyranitar
|turn|1
|raw|<div class="broadcast-red"><strong>Moderated chat was set to ☆!<\/strong><br />Only users of rank ☆ and higher can talk.<\/div>
|c|☆Skarph☾eRiM|hf
|c|☆Skarph☾eRiM|/log Skarph☾eRiM made the replay of this battle unlisted.
|c|☆pokology2|gl hf:)
|inactive|Skarph☾eRiM has 270 seconds left.
|inactive|pokology2 has 270 seconds left.
|
|t:|1728415604
|move|p2a: Tyranitar|Earthquake|p1a: Tyranitar
|-supereffective|p1a: Tyranitar
|-damage|p1a: Tyranitar|6/100
|move|p1a: Tyranitar|Brick Break|p2a: Tyranitar
|-supereffective|p2a: Tyranitar
|-damage|p2a: Tyranitar|25/100
|
|-weather|Sandstorm|[upkeep]
|-heal|p1a: Tyranitar|12/100|[from] item: Leftovers
|upkeep
|turn|2
|inactive|Skarph☾eRiM has 270 seconds left.
|inactive|pokology2 has 270 seconds left.
|inactive|Skarph☾eRiM has 240 seconds left.
|
|t:|1728415676
|switch|p2a: Alakazam|Alakazam, F|100/100
|switch|p1a: Gengar|Gengar, F|100/100
|
|-weather|Sandstorm|[upkeep]
|-damage|p2a: Alakazam|95/100|[from] Sandstorm
|-damage|p1a: Gengar|95/100|[from] Sandstorm
|-heal|p2a: Alakazam|100/100|[from] item: Leftovers
|-heal|p1a: Gengar|100/100|[from] item: Leftovers
|upkeep
|turn|3
|inactive|pokology2 has 270 seconds left.
|inactive|Skarph☾eRiM has 210 seconds left.
|
|t:|1728415711
|switch|p2a: Tyranitar|Tyranitar, M|25/100
|switch|p1a: Blissey|Blissey, F|100/100
|
|-weather|Sandstorm|[upkeep]
|-damage|p1a: Blissey|94/100|[from] Sandstorm
|-heal|p1a: Blissey|100/100|[from] item: Leftovers
|upkeep
|turn|4
|inactive|Skarph☾eRiM has 210 seconds left.
|
|t:|1728415733
|switch|p1a: Claydol|Claydol|100/100
|move|p2a: Tyranitar|Rock Slide|p1a: Claydol
|-resisted|p1a: Claydol
|-damage|p1a: Claydol|69/100
|
|-weather|Sandstorm|[upkeep]
|-heal|p1a: Claydol|75/100|[from] item: Leftovers
|upkeep
|turn|5
|
|t:|1728415753
|switch|p2a: Swampert|Swampert, F|100/100
|move|p1a: Claydol|Earthquake|p2a: Swampert
|-damage|p2a: Swampert|61/100
|
|-weather|Sandstorm|[upkeep]
|-heal|p2a: Swampert|67/100|[from] item: Leftovers
|-heal|p1a: Claydol|81/100|[from] item: Leftovers
|upkeep
|turn|6
|inactive|Skarph☾eRiM has 180 seconds left.
|inactive|Skarph☾eRiM has 150 seconds left.
|
|t:|1728415831
|switch|p1a: Skarmory|Skarmory, M|100/100
|move|p2a: Swampert|Hydro Pump|p1a: Skarmory
|-damage|p1a: Skarmory|55/100
|
|-weather|Sandstorm|[upkeep]
|-heal|p2a: Swampert|73/100|[from] item: Leftovers
|-heal|p1a: Skarmory|61/100|[from] item: Leftovers
|upkeep
|turn|7
|
|t:|1728415858
|move|p2a: Swampert|Hydro Pump|p1a: Skarmory
|-damage|p1a: Skarmory|17/100
|move|p1a: Skarmory|Spikes|p2a: Swampert
|-sidestart|p2: pokology2|Spikes
|
|-weather|Sandstorm|[upkeep]
|-heal|p2a: Swampert|79/100|[from] item: Leftovers
|-heal|p1a: Skarmory|23/100|[from] item: Leftovers
|upkeep
|turn|8
|inactive|Skarph☾eRiM has 120 seconds left.
|
|t:|1728415878
|switch|p1a: Tyranitar|Tyranitar, F|12/100
|move|p2a: Swampert|Hydro Pump|p1a: Tyranitar
|-supereffective|p1a: Tyranitar
|-damage|p1a: Tyranitar|0 fnt
|faint|p1a: Tyranitar
|
|t:|1728415879
|switch|p1a: Gengar|Gengar, F|100/100
|
|-weather|Sandstorm|[upkeep]
|-damage|p1a: Gengar|95/100|[from] Sandstorm
|-heal|p1a: Gengar|100/100|[from] item: Leftovers
|-heal|p2a: Swampert|86/100|[from] item: Leftovers
|upkeep
|turn|9
|inactive|Skarph☾eRiM has 120 seconds left.
|
|t:|1728415896
|switch|p1a: Blissey|Blissey, F|100/100
|switch|p2a: Jirachi|Jirachi|100/100
|-damage|p2a: Jirachi|88/100|[from] Spikes
|
|-weather|Sandstorm|[upkeep]
|-damage|p1a: Blissey|94/100|[from] Sandstorm
|-heal|p2a: Jirachi|94/100|[from] item: Leftovers
|-heal|p1a: Blissey|100/100|[from] item: Leftovers
|upkeep
|turn|10
|inactive|Skarph☾eRiM has 120 seconds left.
|
|t:|1728415926
|move|p2a: Jirachi|Wish|p2a: Jirachi
|move|p1a: Blissey|Seismic Toss|p2a: Jirachi
|-damage|p2a: Jirachi|70/100
|
|-weather|Sandstorm|[upkeep]
|-damage|p1a: Blissey|94/100|[from] Sandstorm
|-heal|p2a: Jirachi|76/100|[from] item: Leftovers
|-heal|p1a: Blissey|100/100|[from] item: Leftovers
|upkeep
|turn|11
|inactive|Skarph☾eRiM has 90 seconds left.
|
|t:|1728415953
|switch|p1a: Gengar|Gengar, F|100/100
|move|p2a: Jirachi|Fire Punch|p1a: Gengar
|-damage|p1a: Gengar|81/100
|-status|p1a: Gengar|brn
|
|-heal|p2a: Jirachi|100/100|[from] move: Wish|[wisher] Jirachi
|-weather|Sandstorm|[upkeep]
|-damage|p1a: Gengar|75/100 brn|[from] Sandstorm
|-heal|p1a: Gengar|81/100 brn|[from] item: Leftovers
|-damage|p1a: Gengar|69/100 brn|[from] brn
|upkeep
|turn|12
|inactive|Skarph☾eRiM has 90 seconds left.
|
|t:|1728415975
|switch|p1a: Blissey|Blissey, F|100/100
|move|p2a: Jirachi|Protect||[still]
|-fail|p2a: Jirachi
|
|-weather|Sandstorm|[upkeep]
|-damage|p1a: Blissey|94/100|[from] Sandstorm
|-heal|p1a: Blissey|100/100|[from] item: Leftovers
|upkeep
|turn|13
|
|t:|1728415982
|move|p2a: Jirachi|Wish|p2a: Jirachi
|move|p1a: Blissey|Thunder Wave|p2a: Jirachi
|-status|p2a: Jirachi|par
|
|-weather|Sandstorm|[upkeep]
|-damage|p1a: Blissey|94/100|[from] Sandstorm
|-heal|p1a: Blissey|100/100|[from] item: Leftovers
|upkeep
|turn|14
|inactive|Skarph☾eRiM has 90 seconds left.
|
|t:|1728415990
|switch|p2a: Swampert|Swampert, F|86/100
|-damage|p2a: Swampert|73/100|[from] Spikes
|move|p1a: Blissey|Seismic Toss|p2a: Swampert
|-damage|p2a: Swampert|44/100
|
|-heal|p2a: Swampert|94/100|[from] move: Wish|[wisher] Jirachi
|-weather|Sandstorm|[upkeep]
|-damage|p1a: Blissey|94/100|[from] Sandstorm
|-heal|p2a: Swampert|99/100|[from] item: Leftovers
|-heal|p1a: Blissey|100/100|[from] item: Leftovers
|upkeep
|turn|15
|inactive|pokology2 has 270 seconds left.
|inactive|Skarph☾eRiM has 90 seconds left.
|
|t:|1728416020
|move|p2a: Swampert|Earthquake|p1a: Blissey
|-damage|p1a: Blissey|63/100
|move|p1a: Blissey|Seismic Toss|p2a: Swampert
|-damage|p2a: Swampert|71/100
|
|-weather|Sandstorm|[upkeep]
|-damage|p1a: Blissey|56/100|[from] Sandstorm
|-heal|p2a: Swampert|77/100|[from] item: Leftovers
|-heal|p1a: Blissey|63/100|[from] item: Leftovers
|upkeep
|turn|16
|inactive|Skarph☾eRiM has 60 seconds left.
|
|t:|1728416041
|switch|p1a: Gengar|Gengar, F|69/100 brn
|move|p2a: Swampert|Earthquake|p1a: Gengar
|-immune|p1a: Gengar
|
|-weather|Sandstorm|[upkeep]
|-damage|p1a: Gengar|63/100 brn|[from] Sandstorm
|-heal|p1a: Gengar|69/100 brn|[from] item: Leftovers
|-damage|p1a: Gengar|56/100 brn|[from] brn
|-heal|p2a: Swampert|83/100|[from] item: Leftovers
|upkeep
|turn|17
|inactive|Skarph☾eRiM has 60 seconds left.
|
|t:|1728416061
|switch|p1a: Metagross|Metagross|100/100
|switch|p2a: Jirachi|Jirachi|100/100 par
|-damage|p2a: Jirachi|88/100 par|[from] Spikes
|
|-weather|Sandstorm|[upkeep]
|-heal|p2a: Jirachi|94/100 par|[from] item: Leftovers
|upkeep
|turn|18
|
|t:|1728416067
|switch|p2a: Weezing|Weezing, M|100/100
|move|p1a: Metagross|Earthquake|p2a: Weezing
|-immune|p2a: Weezing
|
|-weather|Sandstorm|[upkeep]
|-damage|p2a: Weezing|94/100|[from] Sandstorm
|-heal|p2a: Weezing|100/100|[from] item: Leftovers
|upkeep
|turn|19
|inactive|Skarph☾eRiM has 60 seconds left.
|
|t:|1728416095
|switch|p1a: Blissey|Blissey, F|63/100
|move|p2a: Weezing|Will-O-Wisp|p1a: Blissey
|-status|p1a: Blissey|brn
|
|-weather|Sandstorm|[upkeep]
|-damage|p2a: Weezing|94/100|[from] Sandstorm
|-damage|p1a: Blissey|56/100 brn|[from] Sandstorm
|-heal|p2a: Weezing|100/100|[from] item: Leftovers
|-heal|p1a: Blissey|63/100 brn|[from] item: Leftovers
|-damage|p1a: Blissey|50/100 brn|[from] brn
|upkeep
|turn|20
|
|t:|1728416119
|switch|p2a: Swampert|Swampert, F|83/100
|-damage|p2a: Swampert|71/100|[from] Spikes
|move|p1a: Blissey|Soft-Boiled|p1a: Blissey
|-heal|p1a: Blissey|99/100 brn
|
|-weather|Sandstorm|[upkeep]
|-damage|p1a: Blissey|94/100 brn|[from] Sandstorm
|-heal|p2a: Swampert|77/100|[from] item: Leftovers
|-heal|p1a: Blissey|99/100 brn|[from] item: Leftovers
|-damage|p1a: Blissey|88/100 brn|[from] brn
|upkeep
|turn|21
|
|t:|1728416133
|-curestatus|p1a: Blissey|brn|[from] ability: Natural Cure
|switch|p1a: Gengar|Gengar, F|56/100 brn
|move|p2a: Swampert|Earthquake|p1a: Gengar
|-immune|p1a: Gengar
|
|-weather|Sandstorm|[upkeep]
|-damage|p1a: Gengar|50/100 brn|[from] Sandstorm
|-heal|p1a: Gengar|56/100 brn|[from] item: Leftovers
|-damage|p1a: Gengar|44/100 brn|[from] brn
|-heal|p2a: Swampert|83/100|[from] item: Leftovers
|upkeep
|turn|22
|
|t:|1728416141
|switch|p2a: Alakazam|Alakazam, F|100/100
|-damage|p2a: Alakazam|88/100|[from] Spikes
|move|p1a: Gengar|Giga Drain|p2a: Alakazam
|-damage|p2a: Alakazam|62/100
|-heal|p1a: Gengar|55/100 brn|[from] drain|[of] p2a: Alakazam
|
|-weather|Sandstorm|[upkeep]
|-damage|p2a: Alakazam|56/100|[from] Sandstorm
|-damage|p1a: Gengar|49/100 brn|[from] Sandstorm
|-heal|p2a: Alakazam|62/100|[from] item: Leftovers
|-heal|p1a: Gengar|55/100 brn|[from] item: Leftovers
|-damage|p1a: Gengar|43/100 brn|[from] brn
|upkeep
|turn|23
|inactive|Skarph☾eRiM has 30 seconds left.
|inactive|Skarph☾eRiM has 20 seconds left.
|inactive|Skarph☾eRiM has 15 seconds left.
|
|t:|1728416179
|switch|p1a: Blissey|Blissey, F|88/100
|move|p2a: Alakazam|Fire Punch|p1a: Blissey
|-damage|p1a: Blissey|77/100
|
|-weather|Sandstorm|[upkeep]
|-damage|p2a: Alakazam|56/100|[from] Sandstorm
|-damage|p1a: Blissey|71/100|[from] Sandstorm
|-heal|p2a: Alakazam|62/100|[from] item: Leftovers
|-heal|p1a: Blissey|77/100|[from] item: Leftovers
|upkeep
|turn|24
|inactive|Skarph☾eRiM has 25 seconds left this turn.
|
|t:|1728416202
|move|p2a: Alakazam|Ice Punch|p1a: Blissey
|-damage|p1a: Blissey|67/100
|move|p1a: Blissey|Seismic Toss|p2a: Alakazam
|-damage|p2a: Alakazam|22/100
|
|-weather|Sandstorm|[upkeep]
|-damage|p2a: Alakazam|16/100|[from] Sandstorm
|-damage|p1a: Blissey|61/100|[from] Sandstorm
|-heal|p2a: Alakazam|22/100|[from] item: Leftovers
|-heal|p1a: Blissey|67/100|[from] item: Leftovers
|upkeep
|turn|25
|inactive|Skarph☾eRiM has 30 seconds left.
|
|t:|1728416212
|switch|p2a: Jirachi|Jirachi|94/100 par
|-damage|p2a: Jirachi|82/100 par|[from] Spikes
|move|p1a: Blissey|Seismic Toss|p2a: Jirachi
|-damage|p2a: Jirachi|57/100 par
|
|-weather|Sandstorm|[upkeep]
|-damage|p1a: Blissey|61/100|[from] Sandstorm
|-heal|p1a: Blissey|67/100|[from] item: Leftovers
|-heal|p2a: Jirachi|63/100 par|[from] item: Leftovers
|upkeep
|turn|26
|inactive|Skarph☾eRiM has 30 seconds left.
|
|t:|1728416231
|switch|p1a: Claydol|Claydol|81/100
|move|p2a: Jirachi|Wish|p2a: Jirachi
|
|-weather|Sandstorm|[upkeep]
|-heal|p1a: Claydol|88/100|[from] item: Leftovers
|-heal|p2a: Jirachi|70/100 par|[from] item: Leftovers
|upkeep
|turn|27
|inactive|Skarph☾eRiM has 30 seconds left.
|inactive|Skarph☾eRiM has 20 seconds left.
|
|t:|1728416247
|switch|p2a: Claydol|Claydol|100/100
|move|p1a: Claydol|Explosion|p2a: Claydol
|-damage|p2a: Claydol|0 fnt
|faint|p1a: Claydol
|faint|p2a: Claydol
|inactive|Skarph☾eRiM has 30 seconds left this turn.
|inactive|Skarph☾eRiM has 20 seconds left.
|inactive|Skarph☾eRiM has 15 seconds left.
|
|t:|1728416269
|switch|p1a: Gengar|Gengar, F|43/100 brn
|switch|p2a: Swampert|Swampert, F|83/100
|-damage|p2a: Swampert|71/100|[from] Spikes
|
|-heal|p2a: Swampert|100/100|[from] move: Wish|[wisher] Jirachi
|-weather|Sandstorm|[upkeep]
|-damage|p1a: Gengar|37/100 brn|[from] Sandstorm
|-heal|p1a: Gengar|43/100 brn|[from] item: Leftovers
|-damage|p1a: Gengar|30/100 brn|[from] brn
|upkeep
|turn|28
|inactive|Skarph☾eRiM has 25 seconds left this turn.
|inactive|Skarph☾eRiM has 20 seconds left.
|
|t:|1728416274
|switch|p1a: Metagross|Metagross|100/100
|switch|p2a: Jirachi|Jirachi|70/100 par
|-damage|p2a: Jirachi|57/100 par|[from] Spikes
|
|-weather|Sandstorm|[upkeep]
|-heal|p2a: Jirachi|63/100 par|[from] item: Leftovers
|upkeep
|turn|29
|inactive|Skarph☾eRiM has 30 seconds left this turn.
|
|t:|1728416280
|switch|p2a: Alakazam|Alakazam, F|22/100
|-damage|p2a: Alakazam|10/100|[from] Spikes
|move|p1a: Metagross|Meteor Mash|p2a: Alakazam
|-damage|p2a: Alakazam|0 fnt
|faint|p2a: Alakazam
|inactive|Skarph☾eRiM has 30 seconds left this turn.
|
|t:|1728416286
|switch|p2a: Swampert|Swampert, F|100/100
|-damage|p2a: Swampert|88/100|[from] Spikes
|
|-weather|Sandstorm|[upkeep]
|-heal|p2a: Swampert|94/100|[from] item: Leftovers
|upkeep
|turn|30
|inactive|Skarph☾eRiM has 30 seconds left.
|
|t:|1728416296
|move|p1a: Metagross|Protect|p1a: Metagross
|-singleturn|p1a: Metagross|Protect
|move|p2a: Swampert|Earthquake|p1a: Metagross
|-activate|p1a: Metagross|Protect
|
|-weather|Sandstorm|[upkeep]
|-heal|p2a: Swampert|100/100|[from] item: Leftovers
|upkeep
|turn|31
|
|t:|1728416299
|move|p2a: Swampert|Hydro Pump|p1a: Metagross
|-damage|p1a: Metagross|47/100
|move|p1a: Metagross|Explosion|p2a: Swampert
|-damage|p2a: Swampert|0 fnt
|faint|p1a: Metagross
|faint|p2a: Swampert
|inactive|Skarph☾eRiM has 30 seconds left.
|
|t:|1728416328
|switch|p2a: Jirachi|Jirachi|63/100 par
|switch|p1a: Gengar|Gengar, F|30/100 brn
|-damage|p2a: Jirachi|51/100 par|[from] Spikes
|
|-weather|Sandstorm|[upkeep]
|-damage|p1a: Gengar|24/100 brn|[from] Sandstorm
|-heal|p1a: Gengar|30/100 brn|[from] item: Leftovers
|-damage|p1a: Gengar|18/100 brn|[from] brn
|-heal|p2a: Jirachi|57/100 par|[from] item: Leftovers
|upkeep
|turn|32
|inactive|Skarph☾eRiM has 30 seconds left.
|
|t:|1728416334
|switch|p1a: Blissey|Blissey, F|67/100
|cant|p2a: Jirachi|par
|
|-weather|Sandstorm|[upkeep]
|-damage|p1a: Blissey|61/100|[from] Sandstorm
|-heal|p1a: Blissey|67/100|[from] item: Leftovers
|-heal|p2a: Jirachi|63/100 par|[from] item: Leftovers
|upkeep
|turn|33
|
|t:|1728416339
|move|p1a: Blissey|Seismic Toss|p2a: Jirachi
|-damage|p2a: Jirachi|39/100 par
|move|p2a: Jirachi|Wish|p2a: Jirachi
|
|-weather|Sandstorm|[upkeep]
|-damage|p1a: Blissey|61/100|[from] Sandstorm
|-heal|p1a: Blissey|67/100|[from] item: Leftovers
|-heal|p2a: Jirachi|45/100 par|[from] item: Leftovers
|upkeep
|turn|34
|
|t:|1728416346
|move|p1a: Blissey|Soft-Boiled|p1a: Blissey
|-heal|p1a: Blissey|100/100
|move|p2a: Jirachi|Toxic|p1a: Blissey
|-status|p1a: Blissey|tox
|
|-heal|p2a: Jirachi|95/100 par|[from] move: Wish|[wisher] Jirachi
|-weather|Sandstorm|[upkeep]
|-damage|p1a: Blissey|94/100 tox|[from] Sandstorm
|-heal|p1a: Blissey|100/100 tox|[from] item: Leftovers
|-damage|p1a: Blissey|94/100 tox|[from] psn
|-heal|p2a: Jirachi|100/100 par|[from] item: Leftovers
|upkeep
|turn|35
|
|t:|1728416364
|move|p1a: Blissey|Seismic Toss|p2a: Jirachi
|-damage|p2a: Jirachi|76/100 par
|move|p2a: Jirachi|Fire Punch|p1a: Blissey
|-damage|p1a: Blissey|87/100 tox
|
|-weather|Sandstorm|[upkeep]
|-damage|p1a: Blissey|81/100 tox|[from] Sandstorm
|-heal|p1a: Blissey|87/100 tox|[from] item: Leftovers
|-damage|p1a: Blissey|74/100 tox|[from] psn
|-heal|p2a: Jirachi|82/100 par|[from] item: Leftovers
|upkeep
|turn|36
|
|t:|1728416376
|-curestatus|p1a: Blissey|tox|[from] ability: Natural Cure
|switch|p1a: Skarmory|Skarmory, M|23/100
|move|p2a: Jirachi|Wish|p2a: Jirachi
|
|-weather|Sandstorm|[upkeep]
|-heal|p1a: Skarmory|29/100|[from] item: Leftovers
|-heal|p2a: Jirachi|88/100 par|[from] item: Leftovers
|upkeep
|turn|37
|inactive|Skarph☾eRiM has 30 seconds left.
|
|t:|1728416391
|move|p2a: Jirachi|Fire Punch|p1a: Skarmory
|-supereffective|p1a: Skarmory
|-damage|p1a: Skarmory|0 fnt
|faint|p1a: Skarmory
|
|t:|1728416394
|switch|p1a: Blissey|Blissey, F|74/100
|
|-heal|p2a: Jirachi|100/100 par|[from] move: Wish|[wisher] Jirachi
|-weather|Sandstorm|[upkeep]
|-damage|p1a: Blissey|68/100|[from] Sandstorm
|-heal|p1a: Blissey|74/100|[from] item: Leftovers
|upkeep
|turn|38
|
|t:|1728416398
|move|p1a: Blissey|Seismic Toss|p2a: Jirachi
|-damage|p2a: Jirachi|76/100 par
|cant|p2a: Jirachi|par
|
|-weather|Sandstorm|[upkeep]
|-damage|p1a: Blissey|68/100|[from] Sandstorm
|-heal|p1a: Blissey|74/100|[from] item: Leftovers
|-heal|p2a: Jirachi|82/100 par|[from] item: Leftovers
|upkeep
|turn|39
|
|t:|1728416402
|move|p1a: Blissey|Seismic Toss|p2a: Jirachi
|-damage|p2a: Jirachi|57/100 par
|move|p2a: Jirachi|Wish|p2a: Jirachi
|
|-weather|Sandstorm|[upkeep]
|-damage|p1a: Blissey|68/100|[from] Sandstorm
|-heal|p1a: Blissey|74/100|[from] item: Leftovers
|-heal|p2a: Jirachi|63/100 par|[from] item: Leftovers
|upkeep
|turn|40
|inactive|Skarph☾eRiM has 60 seconds left.
|c|☆Skarph☾eRiM|im so weak to pert lol
|-message|Skarph☾eRiM forfeited.
|
|win|pokology2
|c|☆Skarph☾eRiM|ggs
|c|☆pokology2|gg :)
|player|p1|

</script>
<script type="application/json" class="data" id="replaydata-smogtours-gen3ou-796457">
{"id":"smogtours-gen3ou-796457","format":"[Gen 3] OU","players":["Skarph\u263eeRiM","pokology2"],"uploadtime":1728416416,"views":102,"formatid":"gen3ou","rating":null,"private":1,"password":null}
</script>

<script defer src="js/replays.js?9d40a366"></script>
