<!DOCTYPE html>
<meta charset="utf-8" />
<meta name="viewport" content="width=device-width" />

<title>[Gen 3] OU: JCEntrena vs. COB 8 - Replays - Pok&eacute;mon Showdown!</title>

<meta name="description" content="Watch a replay of a Pok&eacute;mon battle between JCEntrena and COB 8! Format: [Gen 3] OU; Date: Oct 7, 2024" />
<!--

Hey, you! Looking in the source for the replay log?

You can find them in JSON format, just add `.json` at the end of a replay URL.

https://replay.pokemonshowdown.com/gen7randomdoublesbattle-865046831.json

Or, if you only need the log itself, add `.log` instead:

https://replay.pokemonshowdown.com/gen7randomdoublesbattle-865046831.log

-->

<link rel="stylesheet" href="//pokemonshowdown.com/style/global.css?0.023195364461161105" />
<link rel="stylesheet" href="//play.pokemonshowdown.com/style/font-awesome.css?0.13261647063804238" />
<link rel="stylesheet" href="//play.pokemonshowdown.com/style/battle.css?0.8753245789963631" />
<link rel="stylesheet" href="//play.pokemonshowdown.com/style/utilichart.css?0.8627959624976733" />

<!-- Global site tag (gtag.js) - Google Analytics -->
<script async src="https://www.googletagmanager.com/gtag/js?id=UA-26211653-1"></script>
<script>
  window.dataLayer = window.dataLayer || [];
  function gtag(){dataLayer.push(arguments);}
  gtag('js', new Date());

  gtag('config', 'UA-26211653-1');
</script>
<!-- End Google Analytics -->
<!-- Venatus Ad Manager - Install in <HEAD> of page -->
	<script src="https://hb.vntsm.com/v3/live/ad-manager.min.js" type="text/javascript" data-site-id="642aba63ec9a7b11c3c9c1be" data-mode="scan" async></script>
<!-- / Venatus Ad Manager -->

<style>
	@media (max-width:820px) {
		.battle {
			margin: 0 auto;
		}
		.battle-log {
			margin: 7px auto 0;
			max-width: 640px;
			height: 300px;
			position: static;
		}
	}
	.optgroup {
		display: inline-block;
		line-height: 22px;
		font-size: 10pt;
	}
	.optgroup .button {
		height: 25px;
		padding-top: 0;
		padding-bottom: 0;
	}
	.optgroup button.button {
		padding-left: 12px;
		padding-right: 12px;
	}
	.linklist {
		list-style: none;
		margin: 0.5em 0;
		padding: 0;
	}
	.linklist li {
		padding: 2px 0;
	}
	.sidebar {
		float: left;
		width: 320px;
	}
	.bar-wrapper {
		max-width: 1100px;
		margin: 0 auto;
	}
	.bar-wrapper.has-sidebar {
		max-width: 1430px;
	}
	.mainbar {
		margin: 0;
		padding-right: 1px;
	}
	.mainbar.has-sidebar {
		margin-left: 330px;
	}
	@media (min-width: 1511px) {
		.sidebar {
			width: 400px;
		}
		.bar-wrapper.has-sidebar {
			max-width: 1510px;
		}
		.mainbar.has-sidebar {
			margin-left: 410px;
		}
	}
	.section.first-section {
		margin-top: 9px;
	}
	.blocklink small {
		white-space: normal;
	}
	.button {
		vertical-align: middle;
	}
	.replay-controls {
		padding-top: 10px;
	}
	.replay-controls h1 {
		font-size: 16pt;
		font-weight: normal;
		color: #CCC;
	}
	.pagelink {
		text-align: center;
	}
	.pagelink a {
		width: 150px;
	}
	.textbox, .button {
		font-size: 11pt;
		vertical-align: middle;
	}
	@media (max-width: 450px) {
		.button {
			font-size: 9pt;
		}
	}
</style>

<div>

	<header>
		<div class="nav-wrapper"><ul class="nav">
			<li><a class="button nav-first" href="//pokemonshowdown.com/"><img src="//pokemonshowdown.com/images/pokemonshowdownbeta.png" srcset="//pokemonshowdown.com/images/pokemonshowdownbeta.png 1x, //pokemonshowdown.com/images/pokemonshowdownbeta@2x.png 2x" alt="Pok&eacute;mon Showdown" width="146" height="44" /> Home</a></li>
			<li><a class="button" href="//pokemonshowdown.com/dex/">Pok&eacute;dex</a></li>
			<li><a class="button cur" href="/">Replays</a></li>
			<li><a class="button" href="//pokemonshowdown.com/ladder/">Ladder</a></li>
			<li><a class="button nav-last" href="//pokemonshowdown.com/forums/">Forum</a></li>
			<li><a class="button greenbutton nav-first nav-last" href="//play.pokemonshowdown.com/">Play</a></li>
		</ul></div>
	</header>

	<div class="main" id="main">

		<noscript><section class="section">You need to enable JavaScript to use this page; sorry!</section></noscript>

	</div>

</div>

<script defer nomodule src="//play.pokemonshowdown.com/js/lib/ps-polyfill.js"></script>
<script defer src="//play.pokemonshowdown.com/js/lib/preact.min.js"></script>

<script defer src="//play.pokemonshowdown.com/config/config.js?2bddbc15"></script>
<script defer src="//play.pokemonshowdown.com/js/lib/jquery-1.11.0.min.js"></script>
<script defer src="//play.pokemonshowdown.com/js/lib/html-sanitizer-minified.js"></script>
<script defer src="//play.pokemonshowdown.com/js/battle-sound.js"></script>
<script defer src="//play.pokemonshowdown.com/js/battledata.js?0.7209276989879541"></script>
<script defer src="//play.pokemonshowdown.com/data/pokedex-mini.js?0.6111056340867951"></script>
<script defer src="//play.pokemonshowdown.com/data/pokedex-mini-bw.js?0.3532142036491459"></script>
<script defer src="//play.pokemonshowdown.com/data/graphics.js?0.24223875632456182"></script>
<script defer src="//play.pokemonshowdown.com/data/pokedex.js?0.38839984266356864"></script>
<script defer src="//play.pokemonshowdown.com/data/moves.js?0.21866028504024015"></script>
<script defer src="//play.pokemonshowdown.com/data/abilities.js?0.2005157953846628"></script>
<script defer src="//play.pokemonshowdown.com/data/items.js?0.9894211263848525"></script>
<script defer src="//play.pokemonshowdown.com/data/teambuilder-tables.js?0.6008791140282215"></script>
<script defer src="//play.pokemonshowdown.com/js/battle-tooltips.js?0.7580118955022959"></script>
<script defer src="//play.pokemonshowdown.com/js/battle.js?0.6057722274234274"></script>

<script defer src="js/utils.js?e31f9a17"></script>
<script defer src="js/replays-battle.js?7008c182"></script>

<!-- don't scrape this data! just add .json or .log after the URL!
Full API docs: https://github.com/smogon/pokemon-showdown-client/blob/master/WEB-API.md -->
<script type="text/plain" class="log" id="replaylog-smogtours-gen3ou-796239">
|inactive|Battle timer is ON: inactive players will automatically lose when time's up.
|t:|1728333657
|gametype|singles
|player|p1|JCEntrena|veteran|
|player|p2|COB 8|102|
|teamsize|p1|6
|teamsize|p2|6
|gen|3
|tier|[Gen 3] OU
|rule|Sleep Clause Mod: Limit one foe put to sleep
|rule|Switch Priority Clause Mod: Faster Pokémon switch first
|rule|Species Clause: Limit one of each Pokémon
|rule|OHKO Clause: OHKO moves are banned
|rule|Evasion Items Clause: Evasion items are banned
|rule|Evasion Moves Clause: Evasion moves are banned
|rule|Endless Battle Clause: Forcing endless battles is banned
|rule|HP Percentage Mod: HP is shown in percentages
|rule|One Boost Passer Clause: Limit one Baton Passer that has a way to boost its stats
|rule|Freeze Clause Mod: Limit one foe frozen
|
|t:|1728333657
|start
|switch|p1a: Tyranitar|Tyranitar, F|100/100
|switch|p2a: Tyranitar|Tyranitar, F|100/100
|-weather|Sandstorm|[from] ability: Sand Stream|[of] p1a: Tyranitar
|turn|1
|
|t:|1728333671
|switch|p1a: Salamence|Salamence, M|100/100
|-ability|p1a: Salamence|Intimidate|boost
|-unboost|p2a: Tyranitar|atk|1
|switch|p2a: Gyarados|Gyarados, F|100/100
|-ability|p2a: Gyarados|Intimidate|boost
|-unboost|p1a: Salamence|atk|1
|
|-weather|Sandstorm|[upkeep]
|-damage|p1a: Salamence|94/100|[from] Sandstorm
|-damage|p2a: Gyarados|94/100|[from] Sandstorm
|-heal|p1a: Salamence|100/100|[from] item: Leftovers
|-heal|p2a: Gyarados|100/100|[from] item: Leftovers
|upkeep
|turn|2
|
|t:|1728333695
|switch|p2a: Snorlax|Snorlax, M|100/100
|move|p1a: Salamence|Rock Slide|p2a: Snorlax
|-damage|p2a: Snorlax|82/100
|
|-weather|Sandstorm|[upkeep]
|-damage|p1a: Salamence|94/100|[from] Sandstorm
|-damage|p2a: Snorlax|75/100|[from] Sandstorm
|-heal|p1a: Salamence|100/100|[from] item: Leftovers
|-heal|p2a: Snorlax|82/100|[from] item: Leftovers
|upkeep
|turn|3
|
|t:|1728333705
|switch|p1a: Metagross|Metagross|100/100
|move|p2a: Snorlax|Body Slam|p1a: Metagross
|-resisted|p1a: Metagross
|-damage|p1a: Metagross|87/100
|
|-weather|Sandstorm|[upkeep]
|-damage|p2a: Snorlax|75/100|[from] Sandstorm
|-heal|p1a: Metagross|93/100|[from] item: Leftovers
|-heal|p2a: Snorlax|82/100|[from] item: Leftovers
|upkeep
|turn|4
|
|t:|1728333721
|switch|p1a: Salamence|Salamence, M|100/100
|-ability|p1a: Salamence|Intimidate|boost
|-unboost|p2a: Snorlax|atk|1
|switch|p2a: Steelix|Steelix, F|100/100
|
|-weather|Sandstorm|[upkeep]
|-damage|p1a: Salamence|94/100|[from] Sandstorm
|-heal|p1a: Salamence|100/100|[from] item: Leftovers
|upkeep
|turn|5
|inactive|JCEntrena has 270 seconds left.
|
|t:|1728333750
|switch|p1a: Milotic|Milotic, M|100/100
|move|p2a: Steelix|Protect||[still]
|-fail|p2a: Steelix
|
|-weather|Sandstorm|[upkeep]
|-damage|p1a: Milotic|94/100|[from] Sandstorm
|-heal|p1a: Milotic|100/100|[from] item: Leftovers
|upkeep
|turn|6
|inactive|JCEntrena has 270 seconds left.
|
|t:|1728333770
|switch|p2a: Snorlax|Snorlax, M|82/100
|move|p1a: Milotic|Ice Beam|p2a: Snorlax
|-damage|p2a: Snorlax|70/100
|
|-weather|Sandstorm|[upkeep]
|-damage|p1a: Milotic|94/100|[from] Sandstorm
|-damage|p2a: Snorlax|64/100|[from] Sandstorm
|-heal|p1a: Milotic|100/100|[from] item: Leftovers
|-heal|p2a: Snorlax|70/100|[from] item: Leftovers
|upkeep
|turn|7
|
|t:|1728333777
|switch|p1a: Celebi|Celebi|100/100
|move|p2a: Snorlax|Body Slam|p1a: Celebi
|-damage|p1a: Celebi|62/100
|
|-weather|Sandstorm|[upkeep]
|-damage|p1a: Celebi|56/100|[from] Sandstorm
|-damage|p2a: Snorlax|64/100|[from] Sandstorm
|-heal|p1a: Celebi|62/100|[from] item: Leftovers
|-heal|p2a: Snorlax|70/100|[from] item: Leftovers
|upkeep
|turn|8
|inactive|COB 8 has 270 seconds left.
|
|t:|1728333816
|switch|p2a: Tyranitar|Tyranitar, F|100/100
|move|p1a: Celebi|Leech Seed|p2a: Tyranitar
|-start|p2a: Tyranitar|move: Leech Seed
|
|-weather|Sandstorm|[upkeep]
|-damage|p1a: Celebi|56/100|[from] Sandstorm
|-heal|p1a: Celebi|62/100|[from] item: Leftovers
|-damage|p2a: Tyranitar|88/100|[from] Leech Seed|[of] p1a: Celebi
|-heal|p1a: Celebi|75/100|[silent]
|upkeep
|turn|9
|inactive|JCEntrena has 270 seconds left.
|
|t:|1728333857
|move|p1a: Celebi|Giga Drain|p2a: Tyranitar
|-supereffective|p2a: Tyranitar
|-damage|p2a: Tyranitar|52/100
|-heal|p1a: Celebi|93/100|[from] drain|[of] p2a: Tyranitar
|move|p2a: Tyranitar|Pursuit|p1a: Celebi
|-supereffective|p1a: Celebi
|-damage|p1a: Celebi|65/100
|
|-weather|Sandstorm|[upkeep]
|-damage|p1a: Celebi|59/100|[from] Sandstorm
|-heal|p1a: Celebi|65/100|[from] item: Leftovers
|-heal|p2a: Tyranitar|59/100|[from] item: Leftovers
|-damage|p2a: Tyranitar|46/100|[from] Leech Seed|[of] p1a: Celebi
|-heal|p1a: Celebi|78/100|[silent]
|upkeep
|turn|10
|
|t:|1728333875
|switch|p2a: Salamence|Salamence, M|100/100
|-ability|p2a: Salamence|Intimidate|boost
|-unboost|p1a: Celebi|atk|1
|move|p1a: Celebi|Giga Drain|p2a: Salamence
|-resisted|p2a: Salamence
|-damage|p2a: Salamence|94/100
|-heal|p1a: Celebi|81/100|[from] drain|[of] p2a: Salamence
|
|-weather|Sandstorm|[upkeep]
|-damage|p2a: Salamence|88/100|[from] Sandstorm
|-damage|p1a: Celebi|75/100|[from] Sandstorm
|-heal|p2a: Salamence|94/100|[from] item: Leftovers
|-heal|p1a: Celebi|81/100|[from] item: Leftovers
|upkeep
|turn|11
|
|t:|1728333883
|switch|p2a: Snorlax|Snorlax, M|70/100
|switch|p1a: Salamence|Salamence, M|100/100
|-ability|p1a: Salamence|Intimidate|boost
|-unboost|p2a: Snorlax|atk|1
|
|-weather|Sandstorm|[upkeep]
|-damage|p1a: Salamence|94/100|[from] Sandstorm
|-damage|p2a: Snorlax|64/100|[from] Sandstorm
|-heal|p1a: Salamence|100/100|[from] item: Leftovers
|-heal|p2a: Snorlax|70/100|[from] item: Leftovers
|upkeep
|turn|12
|
|t:|1728333889
|move|p1a: Salamence|Brick Break|p2a: Snorlax
|-supereffective|p2a: Snorlax
|-damage|p2a: Snorlax|17/100
|move|p2a: Snorlax|Body Slam|p1a: Salamence
|-damage|p1a: Salamence|70/100
|-status|p1a: Salamence|par
|
|-weather|Sandstorm|[upkeep]
|-damage|p2a: Snorlax|11/100|[from] Sandstorm
|-damage|p1a: Salamence|63/100 par|[from] Sandstorm
|-heal|p2a: Snorlax|17/100|[from] item: Leftovers
|-heal|p1a: Salamence|70/100 par|[from] item: Leftovers
|upkeep
|turn|13
|inactive|JCEntrena has 270 seconds left.
|inactive|COB 8 has 270 seconds left.
|
|t:|1728333906
|move|p2a: Snorlax|Earthquake|p1a: Salamence
|-immune|p1a: Salamence
|move|p1a: Salamence|Brick Break|p2a: Snorlax
|-supereffective|p2a: Snorlax
|-damage|p2a: Snorlax|0 fnt
|faint|p2a: Snorlax
|
|t:|1728333935
|switch|p2a: Magneton|Magneton|100/100
|
|-weather|Sandstorm|[upkeep]
|-damage|p1a: Salamence|63/100 par|[from] Sandstorm
|-heal|p1a: Salamence|70/100 par|[from] item: Leftovers
|upkeep
|turn|14
|
|t:|1728333942
|switch|p2a: Salamence|Salamence, M|94/100
|-ability|p2a: Salamence|Intimidate|boost
|-unboost|p1a: Salamence|atk|1
|move|p1a: Salamence|Brick Break|p2a: Salamence
|-resisted|p2a: Salamence
|-damage|p2a: Salamence|82/100
|
|-weather|Sandstorm|[upkeep]
|-damage|p2a: Salamence|76/100|[from] Sandstorm
|-damage|p1a: Salamence|63/100 par|[from] Sandstorm
|-heal|p2a: Salamence|82/100|[from] item: Leftovers
|-heal|p1a: Salamence|70/100 par|[from] item: Leftovers
|upkeep
|turn|15
|
|t:|1728333951
|switch|p1a: Milotic|Milotic, M|100/100
|move|p2a: Salamence|Hidden Power|p1a: Milotic
|-damage|p1a: Milotic|72/100
|
|-weather|Sandstorm|[upkeep]
|-damage|p2a: Salamence|76/100|[from] Sandstorm
|-damage|p1a: Milotic|66/100|[from] Sandstorm
|-heal|p2a: Salamence|82/100|[from] item: Leftovers
|-heal|p1a: Milotic|72/100|[from] item: Leftovers
|upkeep
|turn|16
|inactive|COB 8 has 240 seconds left.
|
|t:|1728333977
|switch|p2a: Magneton|Magneton|100/100
|move|p1a: Milotic|Recover|p1a: Milotic
|-heal|p1a: Milotic|100/100
|
|-weather|Sandstorm|[upkeep]
|-damage|p1a: Milotic|94/100|[from] Sandstorm
|-heal|p1a: Milotic|100/100|[from] item: Leftovers
|upkeep
|turn|17
|
|t:|1728333984
|switch|p1a: Magneton|Magneton|100/100
|move|p2a: Magneton|Thunder Wave|p1a: Magneton
|-status|p1a: Magneton|par
|
|-weather|Sandstorm|[upkeep]
|upkeep
|turn|18
|
|t:|1728333994
|move|p2a: Magneton|Thunderbolt|p1a: Magneton
|-resisted|p1a: Magneton
|-damage|p1a: Magneton|56/100 par
|move|p1a: Magneton|Thunder Wave|p2a: Magneton
|-status|p2a: Magneton|par
|
|-weather|Sandstorm|[upkeep]
|upkeep
|turn|19
|
|t:|1728333999
|move|p2a: Magneton|Thunderbolt|p1a: Magneton
|-resisted|p1a: Magneton
|-damage|p1a: Magneton|12/100 par
|move|p1a: Magneton|Thunderbolt|p2a: Magneton
|-resisted|p2a: Magneton
|-damage|p2a: Magneton|47/100 par
|
|-weather|Sandstorm|[upkeep]
|upkeep
|turn|20
|
|t:|1728334005
|move|p2a: Magneton|Thunderbolt|p1a: Magneton
|-resisted|p1a: Magneton
|-damage|p1a: Magneton|0 fnt
|faint|p1a: Magneton
|inactive|JCEntrena has 270 seconds left.
|
|t:|1728334048
|switch|p1a: Tyranitar|Tyranitar, F|100/100
|
|-weather|Sandstorm|[upkeep]
|upkeep
|turn|21
|inactive|COB 8 has 270 seconds left.
|
|t:|1728334066
|move|p1a: Tyranitar|Earthquake|p2a: Magneton
|-supereffective|p2a: Magneton
|-damage|p2a: Magneton|0 fnt
|faint|p2a: Magneton
|inactive|COB 8 has 270 seconds left.
|
|t:|1728334075
|switch|p2a: Steelix|Steelix, F|100/100
|
|-weather|Sandstorm|[upkeep]
|upkeep
|turn|22
|inactive|JCEntrena has 270 seconds left.
|
|t:|1728334105
|move|p1a: Tyranitar|Earthquake|p2a: Steelix
|-supereffective|p2a: Steelix
|-damage|p2a: Steelix|66/100
|move|p2a: Steelix|Earthquake|p1a: Tyranitar
|-supereffective|p1a: Tyranitar
|-crit|p1a: Tyranitar
|-damage|p1a: Tyranitar|0 fnt
|faint|p1a: Tyranitar
|
|t:|1728334119
|switch|p1a: Celebi|Celebi|81/100
|
|-weather|Sandstorm|[upkeep]
|-damage|p1a: Celebi|75/100|[from] Sandstorm
|-heal|p1a: Celebi|81/100|[from] item: Leftovers
|-heal|p2a: Steelix|72/100|[from] item: Leftovers
|upkeep
|turn|23
|
|t:|1728334125
|move|p2a: Steelix|Protect|p2a: Steelix
|-singleturn|p2a: Steelix|Protect
|move|p1a: Celebi|Leech Seed|p2a: Steelix|[miss]
|-miss|p1a: Celebi|p2a: Steelix
|
|-weather|Sandstorm|[upkeep]
|-damage|p1a: Celebi|75/100|[from] Sandstorm
|-heal|p1a: Celebi|81/100|[from] item: Leftovers
|-heal|p2a: Steelix|78/100|[from] item: Leftovers
|upkeep
|turn|24
|
|t:|1728334148
|switch|p2a: Salamence|Salamence, M|82/100
|-ability|p2a: Salamence|Intimidate|boost
|-unboost|p1a: Celebi|atk|1
|move|p1a: Celebi|Leech Seed|p2a: Salamence
|-start|p2a: Salamence|move: Leech Seed
|
|-weather|Sandstorm|[upkeep]
|-damage|p2a: Salamence|76/100|[from] Sandstorm
|-damage|p1a: Celebi|75/100|[from] Sandstorm
|-heal|p2a: Salamence|82/100|[from] item: Leftovers
|-damage|p2a: Salamence|70/100|[from] Leech Seed|[of] p1a: Celebi
|-heal|p1a: Celebi|85/100|[silent]
|-heal|p1a: Celebi|91/100|[from] item: Leftovers
|upkeep
|turn|25
|
|t:|1728334155
|switch|p2a: Gyarados|Gyarados, F|100/100
|-ability|p2a: Gyarados|Intimidate|boost
|-unboost|p1a: Celebi|atk|1
|switch|p1a: Salamence|Salamence, M|70/100 par
|-ability|p1a: Salamence|Intimidate|boost
|-unboost|p2a: Gyarados|atk|1
|
|-weather|Sandstorm|[upkeep]
|-damage|p2a: Gyarados|94/100|[from] Sandstorm
|-damage|p1a: Salamence|63/100 par|[from] Sandstorm
|-heal|p2a: Gyarados|100/100|[from] item: Leftovers
|-heal|p1a: Salamence|70/100 par|[from] item: Leftovers
|upkeep
|turn|26
|inactive|JCEntrena has 270 seconds left.
|inactive|COB 8 has 270 seconds left.
|
|t:|1728334193
|switch|p2a: Steelix|Steelix, F|78/100
|switch|p1a: Milotic|Milotic, M|100/100
|
|-weather|Sandstorm|[upkeep]
|-damage|p1a: Milotic|94/100|[from] Sandstorm
|-heal|p1a: Milotic|100/100|[from] item: Leftovers
|-heal|p2a: Steelix|85/100|[from] item: Leftovers
|upkeep
|turn|27
|
|t:|1728334199
|switch|p2a: Gyarados|Gyarados, F|100/100
|-ability|p2a: Gyarados|Intimidate|boost
|-unboost|p1a: Milotic|atk|1
|move|p1a: Milotic|Surf|p2a: Gyarados
|-resisted|p2a: Gyarados
|-damage|p2a: Gyarados|88/100
|
|-weather|Sandstorm|[upkeep]
|-damage|p2a: Gyarados|81/100|[from] Sandstorm
|-damage|p1a: Milotic|94/100|[from] Sandstorm
|-heal|p2a: Gyarados|88/100|[from] item: Leftovers
|-heal|p1a: Milotic|100/100|[from] item: Leftovers
|upkeep
|turn|28
|
|t:|1728334205
|move|p2a: Gyarados|Dragon Dance|p2a: Gyarados
|-boost|p2a: Gyarados|atk|1
|-boost|p2a: Gyarados|spe|1
|move|p1a: Milotic|Ice Beam|p2a: Gyarados
|-damage|p2a: Gyarados|70/100
|
|-weather|Sandstorm|[upkeep]
|-damage|p2a: Gyarados|64/100|[from] Sandstorm
|-damage|p1a: Milotic|94/100|[from] Sandstorm
|-heal|p2a: Gyarados|70/100|[from] item: Leftovers
|-heal|p1a: Milotic|100/100|[from] item: Leftovers
|upkeep
|turn|29
|inactive|JCEntrena has 270 seconds left.
|
|t:|1728334211
|switch|p1a: Salamence|Salamence, M|70/100 par
|-ability|p1a: Salamence|Intimidate|boost
|-unboost|p2a: Gyarados|atk|1
|move|p2a: Gyarados|Dragon Dance|p2a: Gyarados
|-boost|p2a: Gyarados|atk|1
|-boost|p2a: Gyarados|spe|1
|
|-weather|Sandstorm|[upkeep]
|-damage|p2a: Gyarados|64/100|[from] Sandstorm
|-damage|p1a: Salamence|63/100 par|[from] Sandstorm
|-heal|p2a: Gyarados|70/100|[from] item: Leftovers
|-heal|p1a: Salamence|70/100 par|[from] item: Leftovers
|upkeep
|turn|30
|
|t:|1728334229
|move|p2a: Gyarados|Hidden Power|p1a: Salamence
|-damage|p1a: Salamence|10/100 par
|move|p1a: Salamence|Rock Slide|p2a: Gyarados
|-supereffective|p2a: Gyarados
|-damage|p2a: Gyarados|1/100
|
|-weather|Sandstorm|[upkeep]
|-damage|p2a: Gyarados|0 fnt|[from] Sandstorm
|-damage|p1a: Salamence|4/100 par|[from] Sandstorm
|faint|p2a: Gyarados
|-heal|p1a: Salamence|10/100 par|[from] item: Leftovers
|upkeep
|inactive|COB 8 has 270 seconds left.
|
|t:|1728334250
|switch|p2a: Tyranitar|Tyranitar, F|46/100
|turn|31
|
|t:|1728334256
|move|p2a: Tyranitar|Crunch|p1a: Salamence
|-crit|p1a: Salamence
|-damage|p1a: Salamence|0 fnt
|faint|p1a: Salamence
|inactive|JCEntrena has 270 seconds left.
|
|t:|1728334282
|switch|p1a: Metagross|Metagross|93/100
|
|-weather|Sandstorm|[upkeep]
|-heal|p1a: Metagross|99/100|[from] item: Leftovers
|-heal|p2a: Tyranitar|52/100|[from] item: Leftovers
|upkeep
|turn|32
|
|t:|1728334287
|switch|p2a: Steelix|Steelix, F|85/100
|move|p1a: Metagross|Meteor Mash|p2a: Steelix
|-resisted|p2a: Steelix
|-damage|p2a: Steelix|70/100
|
|-weather|Sandstorm|[upkeep]
|-heal|p1a: Metagross|100/100|[from] item: Leftovers
|-heal|p2a: Steelix|76/100|[from] item: Leftovers
|upkeep
|turn|33
|
|t:|1728334294
|switch|p1a: Milotic|Milotic, M|100/100
|move|p2a: Steelix|Protect||[still]
|-fail|p2a: Steelix
|
|-weather|Sandstorm|[upkeep]
|-damage|p1a: Milotic|94/100|[from] Sandstorm
|-heal|p1a: Milotic|100/100|[from] item: Leftovers
|-heal|p2a: Steelix|82/100|[from] item: Leftovers
|upkeep
|turn|34
|
|t:|1728334306
|move|p1a: Milotic|Surf|p2a: Steelix
|-supereffective|p2a: Steelix
|-damage|p2a: Steelix|13/100
|move|p2a: Steelix|Explosion|p1a: Milotic
|-damage|p1a: Milotic|4/100
|faint|p2a: Steelix
|
|t:|1728334330
|switch|p2a: Tyranitar|Tyranitar, F|52/100
|
|-weather|Sandstorm|[upkeep]
|-damage|p1a: Milotic|0 fnt|[from] Sandstorm
|faint|p1a: Milotic
|-heal|p2a: Tyranitar|59/100|[from] item: Leftovers
|upkeep
|
|t:|1728334337
|switch|p1a: Metagross|Metagross|100/100
|turn|35
|
|t:|1728334340
|move|p1a: Metagross|Meteor Mash|p2a: Tyranitar
|-supereffective|p2a: Tyranitar
|-damage|p2a: Tyranitar|0 fnt
|-boost|p1a: Metagross|atk|1
|faint|p2a: Tyranitar
|
|t:|1728334342
|switch|p2a: Salamence|Salamence, M|70/100
|-ability|p2a: Salamence|Intimidate|boost
|-fail|p1a: Metagross|unboost|[from] ability: Clear Body|[of] p1a: Metagross
|
|-weather|Sandstorm|[upkeep]
|-damage|p2a: Salamence|64/100|[from] Sandstorm
|-heal|p2a: Salamence|70/100|[from] item: Leftovers
|upkeep
|turn|36
|
|t:|1728334347
|move|p2a: Salamence|Earthquake|p1a: Metagross
|-supereffective|p1a: Metagross
|-damage|p1a: Metagross|45/100
|move|p1a: Metagross|Explosion|p2a: Salamence
|-damage|p2a: Salamence|0 fnt
|faint|p1a: Metagross
|faint|p2a: Salamence
|
|win|JCEntrena
|c|☆COB 8|ggwp c:
|c|☆JCEntrena|gg
|c|☆JCEntrena|down to the wire
|c|☆JCEntrena|It was pretty fun, hope you do well in the rest :)

</script>
<script type="application/json" class="data" id="replaydata-smogtours-gen3ou-796239">
{"id":"smogtours-gen3ou-796239","format":"[Gen 3] OU","players":["JCEntrena","COB 8"],"uploadtime":1728334347,"views":84,"formatid":"gen3ou","rating":null,"private":0,"password":null}
</script>

<script defer src="js/replays.js?9d40a366"></script>
