<!DOCTYPE html>
<meta charset="utf-8" />
<meta name="viewport" content="width=device-width" />

<title>[Gen 3] OU: singingcrow vs. Genoz - Replays - Pok&eacute;mon Showdown!</title>

<meta name="description" content="Watch a replay of a Pok&eacute;mon battle between singingcrow and Genoz! Format: [Gen 3] OU; Date: Oct 24, 2024" />
<!--

Hey, you! Looking in the source for the replay log?

You can find them in JSON format, just add `.json` at the end of a replay URL.

https://replay.pokemonshowdown.com/gen7randomdoublesbattle-865046831.json

Or, if you only need the log itself, add `.log` instead:

https://replay.pokemonshowdown.com/gen7randomdoublesbattle-865046831.log

-->

<link rel="stylesheet" href="//pokemonshowdown.com/style/global.css?0.767286132409787" />
<link rel="stylesheet" href="//play.pokemonshowdown.com/style/font-awesome.css?0.9266228007934947" />
<link rel="stylesheet" href="//play.pokemonshowdown.com/style/battle.css?0.7924700842790926" />
<link rel="stylesheet" href="//play.pokemonshowdown.com/style/utilichart.css?0.8777417872839479" />

<!-- Global site tag (gtag.js) - Google Analytics -->
<script async src="https://www.googletagmanager.com/gtag/js?id=UA-26211653-1"></script>
<script>
  window.dataLayer = window.dataLayer || [];
  function gtag(){dataLayer.push(arguments);}
  gtag('js', new Date());

  gtag('config', 'UA-26211653-1');
</script>
<!-- End Google Analytics -->
<!-- Venatus Ad Manager - Install in <HEAD> of page -->
	<script src="https://hb.vntsm.com/v3/live/ad-manager.min.js" type="text/javascript" data-site-id="642aba63ec9a7b11c3c9c1be" data-mode="scan" async></script>
<!-- / Venatus Ad Manager -->

<style>
	@media (max-width:820px) {
		.battle {
			margin: 0 auto;
		}
		.battle-log {
			margin: 7px auto 0;
			max-width: 640px;
			height: 300px;
			position: static;
		}
	}
	.optgroup {
		display: inline-block;
		line-height: 22px;
		font-size: 10pt;
	}
	.optgroup .button {
		height: 25px;
		padding-top: 0;
		padding-bottom: 0;
	}
	.optgroup button.button {
		padding-left: 12px;
		padding-right: 12px;
	}
	.linklist {
		list-style: none;
		margin: 0.5em 0;
		padding: 0;
	}
	.linklist li {
		padding: 2px 0;
	}
	.sidebar {
		float: left;
		width: 320px;
	}
	.bar-wrapper {
		max-width: 1100px;
		margin: 0 auto;
	}
	.bar-wrapper.has-sidebar {
		max-width: 1430px;
	}
	.mainbar {
		margin: 0;
		padding-right: 1px;
	}
	.mainbar.has-sidebar {
		margin-left: 330px;
	}
	@media (min-width: 1511px) {
		.sidebar {
			width: 400px;
		}
		.bar-wrapper.has-sidebar {
			max-width: 1510px;
		}
		.mainbar.has-sidebar {
			margin-left: 410px;
		}
	}
	.section.first-section {
		margin-top: 9px;
	}
	.blocklink small {
		white-space: normal;
	}
	.button {
		vertical-align: middle;
	}
	.replay-controls {
		padding-top: 10px;
	}
	.replay-controls h1 {
		font-size: 16pt;
		font-weight: normal;
		color: #CCC;
	}
	.pagelink {
		text-align: center;
	}
	.pagelink a {
		width: 150px;
	}
	.textbox, .button {
		font-size: 11pt;
		vertical-align: middle;
	}
	@media (max-width: 450px) {
		.button {
			font-size: 9pt;
		}
	}
</style>

<div>

	<header>
		<div class="nav-wrapper"><ul class="nav">
			<li><a class="button nav-first" href="//pokemonshowdown.com/"><img src="//pokemonshowdown.com/images/pokemonshowdownbeta.png" srcset="//pokemonshowdown.com/images/pokemonshowdownbeta.png 1x, //pokemonshowdown.com/images/pokemonshowdownbeta@2x.png 2x" alt="Pok&eacute;mon Showdown" width="146" height="44" /> Home</a></li>
			<li><a class="button" href="//pokemonshowdown.com/dex/">Pok&eacute;dex</a></li>
			<li><a class="button cur" href="/">Replays</a></li>
			<li><a class="button" href="//pokemonshowdown.com/ladder/">Ladder</a></li>
			<li><a class="button nav-last" href="//pokemonshowdown.com/forums/">Forum</a></li>
			<li><a class="button greenbutton nav-first nav-last" href="//play.pokemonshowdown.com/">Play</a></li>
		</ul></div>
	</header>

	<div class="main" id="main">

		<noscript><section class="section">You need to enable JavaScript to use this page; sorry!</section></noscript>

	</div>

</div>

<script defer nomodule src="//play.pokemonshowdown.com/js/lib/ps-polyfill.js"></script>
<script defer src="//play.pokemonshowdown.com/js/lib/preact.min.js"></script>

<script defer src="//play.pokemonshowdown.com/config/config.js?6dec07f6"></script>
<script defer src="//play.pokemonshowdown.com/js/lib/jquery-1.11.0.min.js"></script>
<script defer src="//play.pokemonshowdown.com/js/lib/html-sanitizer-minified.js"></script>
<script defer src="//play.pokemonshowdown.com/js/battle-sound.js"></script>
<script defer src="//play.pokemonshowdown.com/js/battledata.js?0.6315294753075389"></script>
<script defer src="//play.pokemonshowdown.com/data/pokedex-mini.js?0.7603743185311358"></script>
<script defer src="//play.pokemonshowdown.com/data/pokedex-mini-bw.js?0.030888842834281283"></script>
<script defer src="//play.pokemonshowdown.com/data/graphics.js?0.05593094747507488"></script>
<script defer src="//play.pokemonshowdown.com/data/pokedex.js?0.47064822249611904"></script>
<script defer src="//play.pokemonshowdown.com/data/moves.js?0.8583693120512459"></script>
<script defer src="//play.pokemonshowdown.com/data/abilities.js?0.16017181182386842"></script>
<script defer src="//play.pokemonshowdown.com/data/items.js?0.4163379185673943"></script>
<script defer src="//play.pokemonshowdown.com/data/teambuilder-tables.js?0.31075597372830477"></script>
<script defer src="//play.pokemonshowdown.com/js/battle-tooltips.js?0.6536193500708172"></script>
<script defer src="//play.pokemonshowdown.com/js/battle.js?0.1916591943277901"></script>

<script defer src="js/utils.js?e31f9a17"></script>
<script defer src="js/replays-battle.js?7008c182"></script>

<!-- don't scrape this data! just add .json or .log after the URL!
Full API docs: https://github.com/smogon/pokemon-showdown-client/blob/master/WEB-API.md -->
<script type="text/plain" class="log" id="replaylog-smogtours-gen3ou-801491">
|inactive|Battle timer is ON: inactive players will automatically lose when time's up.
|t:|1729732980
|gametype|singles
|player|p1|singingcrow|hiker-gen4|
|player|p2|Genoz|jogger|
|teamsize|p1|6
|teamsize|p2|6
|gen|3
|tier|[Gen 3] OU
|rule|Sleep Clause Mod: Limit one foe put to sleep
|rule|Switch Priority Clause Mod: Faster Pokémon switch first
|rule|Species Clause: Limit one of each Pokémon
|rule|OHKO Clause: OHKO moves are banned
|rule|Evasion Items Clause: Evasion items are banned
|rule|Evasion Moves Clause: Evasion moves are banned
|rule|Endless Battle Clause: Forcing endless battles is banned
|rule|HP Percentage Mod: HP is shown in percentages
|rule|One Boost Passer Clause: Limit one Baton Passer that has a way to boost its stats
|rule|Freeze Clause Mod: Limit one foe frozen
|
|t:|1729732980
|start
|switch|p1a: Hariyama|Hariyama, M|100/100
|switch|p2a: Slaking|Slaking, F|100/100
|turn|1
|inactive|Genoz has 270 seconds left.
|
|t:|1729733015
|switch|p1a: Skarmory|Skarmory, M|100/100
|move|p2a: Slaking|Double-Edge|p1a: Skarmory
|-resisted|p1a: Skarmory
|-damage|p1a: Skarmory|56/100
|-damage|p2a: Slaking|89/100|[from] Recoil|[of] p1a: Skarmory
|
|-heal|p1a: Skarmory|62/100|[from] item: Leftovers
|upkeep
|turn|2
|inactive|Genoz has 270 seconds left.
|
|t:|1729733060
|switch|p2a: Blastoise|Blastoise, F|100/100
|move|p1a: Skarmory|Roar|p2a: Blastoise
|drag|p2a: Flygon|Flygon, F|100/100
|
|-heal|p1a: Skarmory|68/100|[from] item: Leftovers
|upkeep
|turn|3
|
|t:|1729733073
|switch|p2a: Skarmory|Skarmory, M|100/100
|switch|p1a: Blissey|Blissey, F|100/100
|
|upkeep
|turn|4
|
|t:|1729733081
|switch|p1a: Hariyama|Hariyama, M|100/100
|move|p2a: Skarmory|Spikes|p1a: Hariyama
|-sidestart|p1: singingcrow|Spikes
|
|upkeep
|turn|5
|inactive|Genoz has 270 seconds left.
|inactive|Genoz has 240 seconds left.
|
|t:|1729733122
|switch|p2a: Flygon|Flygon, F|100/100
|move|p1a: Hariyama|Knock Off|p2a: Flygon
|-damage|p2a: Flygon|98/100
|-enditem|p2a: Flygon|Leftovers|[from] move: Knock Off|[of] p1a: Hariyama
|-hint|In Gens 3-4, Knock Off only makes the target's item unusable; it cannot obtain a new item.
|
|upkeep
|turn|6
|inactive|Genoz has 240 seconds left.
|inactive|singingcrow has 270 seconds left.
|
|t:|1729733173
|move|p2a: Flygon|Fire Blast|p1a: Hariyama
|-damage|p1a: Hariyama|84/100
|move|p1a: Hariyama|Whirlwind|p2a: Flygon
|drag|p2a: Blissey|Blissey, F|100/100
|
|-heal|p1a: Hariyama|91/100|[from] item: Leftovers
|upkeep
|turn|7
|inactive|Genoz has 240 seconds left.
|
|t:|1729733185
|switch|p2a: Flygon|Flygon, F|98/100
|move|p1a: Hariyama|Brick Break|p2a: Flygon
|-damage|p2a: Flygon|74/100
|
|-heal|p1a: Hariyama|97/100|[from] item: Leftovers
|upkeep
|turn|8
|inactive|Genoz has 240 seconds left.
|
|t:|1729733197
|switch|p1a: Claydol|Claydol|100/100
|move|p2a: Flygon|Earthquake|p1a: Claydol
|-immune|p1a: Claydol
|
|upkeep
|turn|9
|inactive|singingcrow has 270 seconds left.
|
|t:|1729733203
|move|p2a: Flygon|Protect|p2a: Flygon
|-singleturn|p2a: Flygon|Protect
|move|p1a: Claydol|Rapid Spin|p2a: Flygon
|-activate|p2a: Flygon|Protect
|
|upkeep
|turn|10
|
|t:|1729733209
|move|p2a: Flygon|Toxic|p1a: Claydol
|-status|p1a: Claydol|tox
|move|p1a: Claydol|Rapid Spin|p2a: Flygon
|-damage|p2a: Flygon|69/100
|-sideend|p1: singingcrow|Spikes|[from] move: Rapid Spin|[of] p1a: Claydol
|
|-damage|p1a: Claydol|94/100 tox|[from] psn
|upkeep
|turn|11
|inactive|Genoz has 240 seconds left.
|
|t:|1729733237
|switch|p2a: Skarmory|Skarmory, M|100/100
|move|p1a: Claydol|Refresh|p1a: Claydol
|-curestatus|p1a: Claydol|tox|[msg]
|
|-heal|p1a: Claydol|100/100|[from] item: Leftovers
|upkeep
|turn|12
|
|t:|1729733242
|switch|p1a: Hariyama|Hariyama, M|97/100
|move|p2a: Skarmory|Spikes|p1a: Hariyama
|-sidestart|p1: singingcrow|Spikes
|
|-heal|p1a: Hariyama|100/100|[from] item: Leftovers
|upkeep
|turn|13
|
|t:|1729733257
|switch|p2a: Flygon|Flygon, F|69/100
|move|p1a: Hariyama|Knock Off|p2a: Flygon
|-damage|p2a: Flygon|66/100
|
|upkeep
|turn|14
|
|t:|1729733268
|move|p2a: Flygon|Toxic|p1a: Hariyama
|-status|p1a: Hariyama|tox
|move|p1a: Hariyama|Brick Break|p2a: Flygon
|-damage|p2a: Flygon|26/100
|
|-damage|p1a: Hariyama|94/100 tox|[from] psn
|upkeep
|turn|15
|
|t:|1729733278
|switch|p1a: Claydol|Claydol|100/100
|move|p2a: Flygon|Protect||[still]
|-fail|p2a: Flygon
|
|upkeep
|turn|16
|
|t:|1729733283
|move|p2a: Flygon|Protect|p2a: Flygon
|-singleturn|p2a: Flygon|Protect
|move|p1a: Claydol|Rapid Spin|p2a: Flygon
|-activate|p2a: Flygon|Protect
|
|upkeep
|turn|17
|
|t:|1729733301
|switch|p2a: Slaking|Slaking, F|89/100
|move|p1a: Claydol|Rapid Spin|p2a: Slaking
|-damage|p2a: Slaking|85/100
|-sideend|p1: singingcrow|Spikes|[from] move: Rapid Spin|[of] p1a: Claydol
|
|upkeep
|turn|18
|inactive|singingcrow has 270 seconds left.
|
|t:|1729733343
|-singleturn|p2a: Slaking|move: Focus Punch
|switch|p1a: Skarmory|Skarmory, M|68/100
|move|p2a: Slaking|Focus Punch|p1a: Skarmory
|-damage|p1a: Skarmory|0 fnt
|faint|p1a: Skarmory
|
|t:|1729733347
|switch|p1a: Hariyama|Hariyama, M|94/100 tox
|
|-heal|p1a: Hariyama|100/100 tox|[from] item: Leftovers
|-damage|p1a: Hariyama|94/100 tox|[from] psn
|upkeep
|turn|19
|inactive|Genoz has 240 seconds left.
|
|t:|1729733384
|switch|p2a: Skarmory|Skarmory, M|100/100
|move|p1a: Hariyama|Brick Break|p2a: Skarmory
|-damage|p2a: Skarmory|64/100
|
|-heal|p2a: Skarmory|70/100|[from] item: Leftovers
|-heal|p1a: Hariyama|100/100 tox|[from] item: Leftovers
|-damage|p1a: Hariyama|88/100 tox|[from] psn
|upkeep
|turn|20
|
|t:|1729733389
|move|p2a: Skarmory|Protect|p2a: Skarmory
|-singleturn|p2a: Skarmory|Protect
|move|p1a: Hariyama|Knock Off|p2a: Skarmory
|-activate|p2a: Skarmory|Protect
|
|-heal|p2a: Skarmory|76/100|[from] item: Leftovers
|-heal|p1a: Hariyama|94/100 tox|[from] item: Leftovers
|-damage|p1a: Hariyama|76/100 tox|[from] psn
|upkeep
|turn|21
|inactive|Genoz has 240 seconds left.
|
|t:|1729733404
|switch|p2a: Flygon|Flygon, F|26/100
|move|p1a: Hariyama|Knock Off|p2a: Flygon
|-damage|p2a: Flygon|24/100
|
|-heal|p1a: Hariyama|82/100 tox|[from] item: Leftovers
|-damage|p1a: Hariyama|57/100 tox|[from] psn
|upkeep
|turn|22
|
|t:|1729733412
|move|p2a: Flygon|Protect|p2a: Flygon
|-singleturn|p2a: Flygon|Protect
|move|p1a: Hariyama|Rest|p1a: Hariyama
|-status|p1a: Hariyama|slp|[from] move: Rest
|-heal|p1a: Hariyama|100/100 slp|[silent]
|
|upkeep
|turn|23
|
|t:|1729733425
|switch|p2a: Slaking|Slaking, F|85/100
|switch|p1a: Suicune|Suicune|100/100
|
|upkeep
|turn|24
|
|t:|1729733429
|move|p2a: Slaking|Double-Edge|p1a: Suicune
|-damage|p1a: Suicune|33/100
|-damage|p2a: Slaking|65/100|[from] Recoil|[of] p1a: Suicune
|move|p1a: Suicune|Surf|p2a: Slaking
|-damage|p2a: Slaking|31/100
|
|-heal|p1a: Suicune|39/100|[from] item: Leftovers
|upkeep
|turn|25
|inactive|Genoz has 270 seconds left.
|
|t:|1729733439
|switch|p2a: Blissey|Blissey, F|100/100
|switch|p1a: Dugtrio|Dugtrio, F|100/100
|
|upkeep
|turn|26
|c|☆Genoz|dang hah
|inactive|Genoz has 270 seconds left.
|
|t:|1729733449
|move|p1a: Dugtrio|Earthquake|p2a: Blissey
|-crit|p2a: Blissey
|-damage|p2a: Blissey|0 fnt
|faint|p2a: Blissey
|inactive|Genoz has 270 seconds left.
|c|☆singingcrow|emphasis on the DANG
|inactive|Genoz has 240 seconds left.
|
|t:|1729733494
|switch|p2a: Skarmory|Skarmory, M|76/100
|
|-heal|p2a: Skarmory|82/100|[from] item: Leftovers
|upkeep
|turn|27
|
|t:|1729733497
|switch|p1a: Claydol|Claydol|100/100
|move|p2a: Skarmory|Spikes|p1a: Claydol
|-sidestart|p1: singingcrow|Spikes
|
|-heal|p2a: Skarmory|88/100|[from] item: Leftovers
|upkeep
|turn|28
|
|t:|1729733501
|move|p2a: Skarmory|Protect|p2a: Skarmory
|-singleturn|p2a: Skarmory|Protect
|move|p1a: Claydol|Rapid Spin|p2a: Skarmory
|-activate|p2a: Skarmory|Protect
|
|-heal|p2a: Skarmory|94/100|[from] item: Leftovers
|upkeep
|turn|29
|
|t:|1729733510
|move|p1a: Claydol|Psychic|p2a: Skarmory
|-resisted|p2a: Skarmory
|-damage|p2a: Skarmory|84/100
|move|p2a: Skarmory|Drill Peck|p1a: Claydol
|-damage|p1a: Claydol|78/100
|
|-heal|p1a: Claydol|84/100|[from] item: Leftovers
|-heal|p2a: Skarmory|90/100|[from] item: Leftovers
|upkeep
|turn|30
|
|t:|1729733515
|move|p2a: Skarmory|Protect|p2a: Skarmory
|-singleturn|p2a: Skarmory|Protect
|move|p1a: Claydol|Rapid Spin|p2a: Skarmory
|-activate|p2a: Skarmory|Protect
|
|-heal|p1a: Claydol|91/100|[from] item: Leftovers
|-heal|p2a: Skarmory|96/100|[from] item: Leftovers
|upkeep
|turn|31
|
|t:|1729733522
|move|p1a: Claydol|Rapid Spin|p2a: Skarmory
|-resisted|p2a: Skarmory
|-damage|p2a: Skarmory|94/100
|-sideend|p1: singingcrow|Spikes|[from] move: Rapid Spin|[of] p1a: Claydol
|move|p2a: Skarmory|Drill Peck|p1a: Claydol
|-damage|p1a: Claydol|65/100
|
|-heal|p1a: Claydol|71/100|[from] item: Leftovers
|-heal|p2a: Skarmory|100/100|[from] item: Leftovers
|upkeep
|turn|32
|
|t:|1729733534
|switch|p1a: Blissey|Blissey, F|100/100
|move|p2a: Skarmory|Spikes|p1a: Blissey
|-sidestart|p1: singingcrow|Spikes
|
|upkeep
|turn|33
|
|t:|1729733549
|switch|p2a: Jirachi|Jirachi|100/100
|move|p1a: Blissey|Thunderbolt|p2a: Jirachi
|-damage|p2a: Jirachi|78/100
|
|-heal|p2a: Jirachi|84/100|[from] item: Leftovers
|upkeep
|turn|34
|
|t:|1729733556
|move|p2a: Jirachi|Fire Punch|p1a: Blissey
|-damage|p1a: Blissey|93/100
|move|p1a: Blissey|Aromatherapy|p1a: Blissey
|-cureteam|p1a: Blissey|[from] move: Aromatherapy
|
|-heal|p2a: Jirachi|90/100|[from] item: Leftovers
|-heal|p1a: Blissey|99/100|[from] item: Leftovers
|upkeep
|turn|35
|
|t:|1729733571
|move|p2a: Jirachi|Toxic|p1a: Blissey
|-status|p1a: Blissey|tox
|move|p1a: Blissey|Thunderbolt|p2a: Jirachi
|-damage|p2a: Jirachi|68/100
|
|-heal|p2a: Jirachi|74/100|[from] item: Leftovers
|-heal|p1a: Blissey|100/100 tox|[from] item: Leftovers
|-damage|p1a: Blissey|94/100 tox|[from] psn
|upkeep
|turn|36
|
|t:|1729733578
|-curestatus|p1a: Blissey|tox|[from] ability: Natural Cure
|switch|p1a: Dugtrio|Dugtrio, F|100/100
|-damage|p1a: Dugtrio|88/100|[from] Spikes
|move|p2a: Jirachi|Wish|p2a: Jirachi
|
|-heal|p2a: Jirachi|80/100|[from] item: Leftovers
|upkeep
|turn|37
|
|t:|1729733585
|move|p2a: Jirachi|Protect|p2a: Jirachi
|-singleturn|p2a: Jirachi|Protect
|move|p1a: Dugtrio|Earthquake|p2a: Jirachi
|-activate|p2a: Jirachi|Protect
|
|-heal|p2a: Jirachi|100/100|[from] move: Wish|[wisher] Jirachi
|upkeep
|turn|38
|
|t:|1729733589
|move|p1a: Dugtrio|Earthquake|p2a: Jirachi
|-supereffective|p2a: Jirachi
|-damage|p2a: Jirachi|33/100
|move|p2a: Jirachi|Fire Punch|p1a: Dugtrio
|-damage|p1a: Dugtrio|59/100
|
|-heal|p2a: Jirachi|39/100|[from] item: Leftovers
|upkeep
|turn|39
|
|t:|1729733593
|move|p2a: Jirachi|Protect|p2a: Jirachi
|-singleturn|p2a: Jirachi|Protect
|move|p1a: Dugtrio|Earthquake|p2a: Jirachi
|-activate|p2a: Jirachi|Protect
|
|-heal|p2a: Jirachi|45/100|[from] item: Leftovers
|upkeep
|turn|40
|
|t:|1729733599
|move|p1a: Dugtrio|Earthquake|p2a: Jirachi
|-supereffective|p2a: Jirachi
|-damage|p2a: Jirachi|0 fnt
|faint|p2a: Jirachi
|
|t:|1729733608
|switch|p2a: Skarmory|Skarmory, M|100/100
|
|upkeep
|turn|41
|
|t:|1729733612
|switch|p1a: Claydol|Claydol|71/100
|move|p2a: Skarmory|Drill Peck|p1a: Claydol
|-damage|p1a: Claydol|50/100
|
|-heal|p1a: Claydol|56/100|[from] item: Leftovers
|upkeep
|turn|42
|
|t:|1729733625
|move|p1a: Claydol|Rapid Spin|p2a: Skarmory
|-resisted|p2a: Skarmory
|-damage|p2a: Skarmory|99/100
|-sideend|p1: singingcrow|Spikes|[from] move: Rapid Spin|[of] p1a: Claydol
|move|p2a: Skarmory|Drill Peck|p1a: Claydol
|-crit|p1a: Claydol
|-damage|p1a: Claydol|9/100
|
|-heal|p1a: Claydol|15/100|[from] item: Leftovers
|-heal|p2a: Skarmory|100/100|[from] item: Leftovers
|upkeep
|turn|43
|
|t:|1729733632
|switch|p1a: Suicune|Suicune|39/100
|move|p2a: Skarmory|Spikes|p1a: Suicune
|-sidestart|p1: singingcrow|Spikes
|
|-heal|p1a: Suicune|46/100|[from] item: Leftovers
|upkeep
|turn|44
|
|t:|1729733640
|move|p1a: Suicune|Surf|p2a: Skarmory
|-damage|p2a: Skarmory|71/100
|move|p2a: Skarmory|Drill Peck|p1a: Suicune
|-damage|p1a: Suicune|31/100
|
|-heal|p1a: Suicune|38/100|[from] item: Leftovers
|-heal|p2a: Skarmory|77/100|[from] item: Leftovers
|upkeep
|turn|45
|
|t:|1729733660
|move|p1a: Suicune|Surf|p2a: Skarmory
|-damage|p2a: Skarmory|48/100
|move|p2a: Skarmory|Drill Peck|p1a: Suicune
|-damage|p1a: Suicune|25/100
|
|-heal|p1a: Suicune|31/100|[from] item: Leftovers
|-heal|p2a: Skarmory|54/100|[from] item: Leftovers
|upkeep
|turn|46
|
|t:|1729733674
|switch|p2a: Blastoise|Blastoise, F|100/100
|move|p1a: Suicune|Rest|p1a: Suicune
|-status|p1a: Suicune|slp|[from] move: Rest
|-heal|p1a: Suicune|100/100 slp|[silent]
|
|upkeep
|turn|47
|
|t:|1729733681
|switch|p2a: Slaking|Slaking, F|31/100
|cant|p1a: Suicune|slp
|
|upkeep
|turn|48
|
|t:|1729733691
|-singleturn|p2a: Slaking|move: Focus Punch
|switch|p1a: Claydol|Claydol|15/100
|move|p2a: Slaking|Focus Punch|p1a: Claydol
|-resisted|p1a: Claydol
|-damage|p1a: Claydol|0 fnt
|faint|p1a: Claydol
|
|t:|1729733694
|switch|p1a: Dugtrio|Dugtrio, F|59/100
|-damage|p1a: Dugtrio|47/100|[from] Spikes
|
|upkeep
|turn|49
|
|t:|1729733700
|-singleturn|p2a: Slaking|move: Focus Punch
|move|p1a: Dugtrio|Earthquake|p2a: Slaking
|-damage|p2a: Slaking|0 fnt
|faint|p2a: Slaking
|
|t:|1729733718
|switch|p2a: Skarmory|Skarmory, M|54/100
|
|-heal|p2a: Skarmory|60/100|[from] item: Leftovers
|upkeep
|turn|50
|
|t:|1729733725
|switch|p1a: Hariyama|Hariyama, M|100/100
|-damage|p1a: Hariyama|88/100|[from] Spikes
|move|p2a: Skarmory|Spikes|p1a: Hariyama
|-sidestart|p1: singingcrow|Spikes
|
|-heal|p2a: Skarmory|66/100|[from] item: Leftovers
|-heal|p1a: Hariyama|94/100|[from] item: Leftovers
|upkeep
|turn|51
|
|t:|1729733733
|move|p2a: Skarmory|Protect|p2a: Skarmory
|-singleturn|p2a: Skarmory|Protect
|move|p1a: Hariyama|Knock Off|p2a: Skarmory
|-activate|p2a: Skarmory|Protect
|
|-heal|p2a: Skarmory|72/100|[from] item: Leftovers
|-heal|p1a: Hariyama|100/100|[from] item: Leftovers
|upkeep
|turn|52
|
|t:|1729733758
|switch|p2a: Blastoise|Blastoise, F|100/100
|move|p1a: Hariyama|Knock Off|p2a: Blastoise
|-damage|p2a: Blastoise|99/100
|-enditem|p2a: Blastoise|Leftovers|[from] move: Knock Off|[of] p1a: Hariyama
|
|upkeep
|turn|53
|
|t:|1729733763
|move|p1a: Hariyama|Brick Break|p2a: Blastoise
|-damage|p2a: Blastoise|69/100
|move|p2a: Blastoise|Roar|p1a: Hariyama
|drag|p1a: Blissey|Blissey, F|94/100
|-damage|p1a: Blissey|78/100|[from] Spikes
|
|-heal|p1a: Blissey|84/100|[from] item: Leftovers
|upkeep
|turn|54
|inactive|singingcrow has 270 seconds left.
|
|t:|1729733806
|move|p1a: Blissey|Thunderbolt|p2a: Blastoise
|-supereffective|p2a: Blastoise
|-damage|p2a: Blastoise|30/100
|move|p2a: Blastoise|Roar|p1a: Blissey
|drag|p1a: Suicune|Suicune|100/100 slp
|-damage|p1a: Suicune|84/100 slp|[from] Spikes
|
|-heal|p1a: Suicune|90/100 slp|[from] item: Leftovers
|upkeep
|turn|55
|
|t:|1729733816
|switch|p2a: Skarmory|Skarmory, M|72/100
|cant|p1a: Suicune|slp
|
|-heal|p1a: Suicune|97/100 slp|[from] item: Leftovers
|-heal|p2a: Skarmory|78/100|[from] item: Leftovers
|upkeep
|turn|56
|
|t:|1729733826
|-curestatus|p1a: Suicune|slp|[msg]
|move|p1a: Suicune|Surf|p2a: Skarmory
|-damage|p2a: Skarmory|50/100
|move|p2a: Skarmory|Spikes|p1a: Suicune
|-sidestart|p1: singingcrow|Spikes
|
|-heal|p1a: Suicune|100/100|[from] item: Leftovers
|-heal|p2a: Skarmory|56/100|[from] item: Leftovers
|upkeep
|turn|57
|
|t:|1729733830
|move|p2a: Skarmory|Protect|p2a: Skarmory
|-singleturn|p2a: Skarmory|Protect
|move|p1a: Suicune|Surf|p2a: Skarmory
|-activate|p2a: Skarmory|Protect
|
|-heal|p2a: Skarmory|62/100|[from] item: Leftovers
|upkeep
|turn|58
|
|t:|1729733833
|move|p1a: Suicune|Surf|p2a: Skarmory
|-damage|p2a: Skarmory|34/100
|move|p2a: Skarmory|Roar|p1a: Suicune
|drag|p1a: Dugtrio|Dugtrio, F|47/100
|-damage|p1a: Dugtrio|22/100|[from] Spikes
|
|-heal|p2a: Skarmory|40/100|[from] item: Leftovers
|upkeep
|turn|59
|
|t:|1729733841
|move|p2a: Skarmory|Protect|p2a: Skarmory
|-singleturn|p2a: Skarmory|Protect
|move|p1a: Dugtrio|Rock Slide|p2a: Skarmory|[miss]
|-miss|p1a: Dugtrio|p2a: Skarmory
|
|-heal|p2a: Skarmory|46/100|[from] item: Leftovers
|upkeep
|turn|60
|
|t:|1729733855
|move|p1a: Dugtrio|Rock Slide|p2a: Skarmory|[miss]
|-miss|p1a: Dugtrio|p2a: Skarmory
|move|p2a: Skarmory|Roar|p1a: Dugtrio
|drag|p1a: Hariyama|Hariyama, M|100/100
|-damage|p1a: Hariyama|76/100|[from] Spikes
|
|-heal|p2a: Skarmory|52/100|[from] item: Leftovers
|-heal|p1a: Hariyama|82/100|[from] item: Leftovers
|upkeep
|turn|61
|
|t:|1729733862
|move|p2a: Skarmory|Protect|p2a: Skarmory
|-singleturn|p2a: Skarmory|Protect
|move|p1a: Hariyama|Brick Break|p2a: Skarmory
|-activate|p2a: Skarmory|Protect
|
|-heal|p2a: Skarmory|58/100|[from] item: Leftovers
|-heal|p1a: Hariyama|88/100|[from] item: Leftovers
|upkeep
|turn|62
|
|t:|1729733871
|move|p2a: Skarmory|Drill Peck|p1a: Hariyama
|-supereffective|p1a: Hariyama
|-damage|p1a: Hariyama|48/100
|move|p1a: Hariyama|Knock Off|p2a: Skarmory
|-resisted|p2a: Skarmory
|-damage|p2a: Skarmory|58/100
|-enditem|p2a: Skarmory|Leftovers|[from] move: Knock Off|[of] p1a: Hariyama
|
|-heal|p1a: Hariyama|54/100|[from] item: Leftovers
|upkeep
|turn|63
|
|t:|1729733881
|switch|p1a: Dugtrio|Dugtrio, F|22/100
|-damage|p1a: Dugtrio|0 fnt|[from] Spikes
|faint|p1a: Dugtrio
|
|t:|1729733883
|switch|p1a: Blissey|Blissey, F|84/100
|-damage|p1a: Blissey|59/100|[from] Spikes
|
|-heal|p1a: Blissey|65/100|[from] item: Leftovers
|upkeep
|turn|64
|inactive|Genoz has 270 seconds left.
|
|t:|1729733919
|move|p2a: Skarmory|Drill Peck|p1a: Blissey
|-damage|p1a: Blissey|42/100
|move|p1a: Blissey|Thunderbolt|p2a: Skarmory
|-supereffective|p2a: Skarmory
|-damage|p2a: Skarmory|10/100
|
|-heal|p1a: Blissey|48/100|[from] item: Leftovers
|upkeep
|turn|65
|inactive|Genoz has 270 seconds left.
|
|t:|1729733930
|move|p2a: Skarmory|Drill Peck|p1a: Blissey
|-damage|p1a: Blissey|27/100
|move|p1a: Blissey|Soft-Boiled|p1a: Blissey
|-heal|p1a: Blissey|77/100
|
|-heal|p1a: Blissey|83/100|[from] item: Leftovers
|upkeep
|turn|66
|inactive|Genoz has 270 seconds left.
|-message|Genoz forfeited.
|
|win|singingcrow
|c|☆Genoz|gg
|c|☆singingcrow|gg

</script>
<script type="application/json" class="data" id="replaydata-smogtours-gen3ou-801491">
{"id":"smogtours-gen3ou-801491","format":"[Gen 3] OU","players":["singingcrow","Genoz"],"uploadtime":1729733939,"views":87,"formatid":"gen3ou","rating":null,"private":0,"password":null}
</script>

<script defer src="js/replays.js?9d40a366"></script>
