<!DOCTYPE html>
<meta charset="utf-8" />
<meta name="viewport" content="width=device-width" />

<title>[Gen 3] OU: butterbananataco vs. kydreith33 - Replays - Pok&eacute;mon Showdown!</title>

<meta name="description" content="Watch a replay of a Pok&eacute;mon battle between butterbananataco and kydreith33! Format: [Gen 3] OU; Date: Oct 25, 2024" />
<!--

Hey, you! Looking in the source for the replay log?

You can find them in JSON format, just add `.json` at the end of a replay URL.

https://replay.pokemonshowdown.com/gen7randomdoublesbattle-865046831.json

Or, if you only need the log itself, add `.log` instead:

https://replay.pokemonshowdown.com/gen7randomdoublesbattle-865046831.log

-->

<link rel="stylesheet" href="//pokemonshowdown.com/style/global.css?0.767286132409787" />
<link rel="stylesheet" href="//play.pokemonshowdown.com/style/font-awesome.css?0.9266228007934947" />
<link rel="stylesheet" href="//play.pokemonshowdown.com/style/battle.css?0.7924700842790926" />
<link rel="stylesheet" href="//play.pokemonshowdown.com/style/utilichart.css?0.8777417872839479" />

<!-- Global site tag (gtag.js) - Google Analytics -->
<script async src="https://www.googletagmanager.com/gtag/js?id=UA-26211653-1"></script>
<script>
  window.dataLayer = window.dataLayer || [];
  function gtag(){dataLayer.push(arguments);}
  gtag('js', new Date());

  gtag('config', 'UA-26211653-1');
</script>
<!-- End Google Analytics -->
<!-- Venatus Ad Manager - Install in <HEAD> of page -->
	<script src="https://hb.vntsm.com/v3/live/ad-manager.min.js" type="text/javascript" data-site-id="642aba63ec9a7b11c3c9c1be" data-mode="scan" async></script>
<!-- / Venatus Ad Manager -->

<style>
	@media (max-width:820px) {
		.battle {
			margin: 0 auto;
		}
		.battle-log {
			margin: 7px auto 0;
			max-width: 640px;
			height: 300px;
			position: static;
		}
	}
	.optgroup {
		display: inline-block;
		line-height: 22px;
		font-size: 10pt;
	}
	.optgroup .button {
		height: 25px;
		padding-top: 0;
		padding-bottom: 0;
	}
	.optgroup button.button {
		padding-left: 12px;
		padding-right: 12px;
	}
	.linklist {
		list-style: none;
		margin: 0.5em 0;
		padding: 0;
	}
	.linklist li {
		padding: 2px 0;
	}
	.sidebar {
		float: left;
		width: 320px;
	}
	.bar-wrapper {
		max-width: 1100px;
		margin: 0 auto;
	}
	.bar-wrapper.has-sidebar {
		max-width: 1430px;
	}
	.mainbar {
		margin: 0;
		padding-right: 1px;
	}
	.mainbar.has-sidebar {
		margin-left: 330px;
	}
	@media (min-width: 1511px) {
		.sidebar {
			width: 400px;
		}
		.bar-wrapper.has-sidebar {
			max-width: 1510px;
		}
		.mainbar.has-sidebar {
			margin-left: 410px;
		}
	}
	.section.first-section {
		margin-top: 9px;
	}
	.blocklink small {
		white-space: normal;
	}
	.button {
		vertical-align: middle;
	}
	.replay-controls {
		padding-top: 10px;
	}
	.replay-controls h1 {
		font-size: 16pt;
		font-weight: normal;
		color: #CCC;
	}
	.pagelink {
		text-align: center;
	}
	.pagelink a {
		width: 150px;
	}
	.textbox, .button {
		font-size: 11pt;
		vertical-align: middle;
	}
	@media (max-width: 450px) {
		.button {
			font-size: 9pt;
		}
	}
</style>

<div>

	<header>
		<div class="nav-wrapper"><ul class="nav">
			<li><a class="button nav-first" href="//pokemonshowdown.com/"><img src="//pokemonshowdown.com/images/pokemonshowdownbeta.png" srcset="//pokemonshowdown.com/images/pokemonshowdownbeta.png 1x, //pokemonshowdown.com/images/pokemonshowdownbeta@2x.png 2x" alt="Pok&eacute;mon Showdown" width="146" height="44" /> Home</a></li>
			<li><a class="button" href="//pokemonshowdown.com/dex/">Pok&eacute;dex</a></li>
			<li><a class="button cur" href="/">Replays</a></li>
			<li><a class="button" href="//pokemonshowdown.com/ladder/">Ladder</a></li>
			<li><a class="button nav-last" href="//pokemonshowdown.com/forums/">Forum</a></li>
			<li><a class="button greenbutton nav-first nav-last" href="//play.pokemonshowdown.com/">Play</a></li>
		</ul></div>
	</header>

	<div class="main" id="main">

		<noscript><section class="section">You need to enable JavaScript to use this page; sorry!</section></noscript>

	</div>

</div>

<script defer nomodule src="//play.pokemonshowdown.com/js/lib/ps-polyfill.js"></script>
<script defer src="//play.pokemonshowdown.com/js/lib/preact.min.js"></script>

<script defer src="//play.pokemonshowdown.com/config/config.js?6dec07f6"></script>
<script defer src="//play.pokemonshowdown.com/js/lib/jquery-1.11.0.min.js"></script>
<script defer src="//play.pokemonshowdown.com/js/lib/html-sanitizer-minified.js"></script>
<script defer src="//play.pokemonshowdown.com/js/battle-sound.js"></script>
<script defer src="//play.pokemonshowdown.com/js/battledata.js?0.6315294753075389"></script>
<script defer src="//play.pokemonshowdown.com/data/pokedex-mini.js?0.7603743185311358"></script>
<script defer src="//play.pokemonshowdown.com/data/pokedex-mini-bw.js?0.030888842834281283"></script>
<script defer src="//play.pokemonshowdown.com/data/graphics.js?0.05593094747507488"></script>
<script defer src="//play.pokemonshowdown.com/data/pokedex.js?0.47064822249611904"></script>
<script defer src="//play.pokemonshowdown.com/data/moves.js?0.8583693120512459"></script>
<script defer src="//play.pokemonshowdown.com/data/abilities.js?0.16017181182386842"></script>
<script defer src="//play.pokemonshowdown.com/data/items.js?0.4163379185673943"></script>
<script defer src="//play.pokemonshowdown.com/data/teambuilder-tables.js?0.31075597372830477"></script>
<script defer src="//play.pokemonshowdown.com/js/battle-tooltips.js?0.6536193500708172"></script>
<script defer src="//play.pokemonshowdown.com/js/battle.js?0.1916591943277901"></script>

<script defer src="js/utils.js?e31f9a17"></script>
<script defer src="js/replays-battle.js?7008c182"></script>

<!-- don't scrape this data! just add .json or .log after the URL!
Full API docs: https://github.com/smogon/pokemon-showdown-client/blob/master/WEB-API.md -->
<script type="text/plain" class="log" id="replaylog-smogtours-gen3ou-801977">
|inactive|Battle timer is ON: inactive players will automatically lose when time's up.
|t:|1729899120
|gametype|singles
|player|p1|butterbananataco|102|
|player|p2|kydreith33|clair|
|teamsize|p1|6
|teamsize|p2|6
|gen|3
|tier|[Gen 3] OU
|rule|Sleep Clause Mod: Limit one foe put to sleep
|rule|Switch Priority Clause Mod: Faster Pokémon switch first
|rule|Species Clause: Limit one of each Pokémon
|rule|OHKO Clause: OHKO moves are banned
|rule|Evasion Items Clause: Evasion items are banned
|rule|Evasion Moves Clause: Evasion moves are banned
|rule|Endless Battle Clause: Forcing endless battles is banned
|rule|HP Percentage Mod: HP is shown in percentages
|rule|One Boost Passer Clause: Limit one Baton Passer that has a way to boost its stats
|rule|Freeze Clause Mod: Limit one foe frozen
|
|t:|1729899120
|start
|switch|p1a: Hariyama|Hariyama, M|100/100
|switch|p2a: The Metal|Skarmory, M|100/100
|turn|1
|
|t:|1729899148
|move|p2a: The Metal|Spikes|p1a: Hariyama
|-sidestart|p1: butterbananataco|Spikes
|move|p1a: Hariyama|Knock Off|p2a: The Metal
|-resisted|p2a: The Metal
|-damage|p2a: The Metal|99/100
|-enditem|p2a: The Metal|Leftovers|[from] move: Knock Off|[of] p1a: Hariyama
|-hint|In Gens 3-4, Knock Off only makes the target's item unusable; it cannot obtain a new item.
|
|upkeep
|turn|2
|
|t:|1729899154
|switch|p1a: Starmie|Starmie|100/100
|-damage|p1a: Starmie|88/100|[from] Spikes
|move|p2a: The Metal|Spikes|p1a: Starmie
|-sidestart|p1: butterbananataco|Spikes
|
|-heal|p1a: Starmie|94/100|[from] item: Leftovers
|upkeep
|turn|3
|
|t:|1729899167
|switch|p2a: New Wave Killer|Registeel|100/100
|move|p1a: Starmie|Hydro Pump|p2a: New Wave Killer
|-damage|p2a: New Wave Killer|75/100
|
|-heal|p1a: Starmie|100/100|[from] item: Leftovers
|-heal|p2a: New Wave Killer|81/100|[from] item: Leftovers
|upkeep
|turn|4
|
|t:|1729899189
|switch|p1a: Metagross|Metagross|100/100
|-damage|p1a: Metagross|84/100|[from] Spikes
|move|p2a: New Wave Killer|Toxic|p1a: Metagross
|-immune|p1a: Metagross
|
|-heal|p2a: New Wave Killer|87/100|[from] item: Leftovers
|upkeep
|turn|5
|
|t:|1729899206
|switch|p1a: Starmie|Starmie|100/100
|-damage|p1a: Starmie|84/100|[from] Spikes
|switch|p2a: The Metal|Skarmory, M|99/100
|
|-heal|p1a: Starmie|90/100|[from] item: Leftovers
|upkeep
|turn|6
|
|t:|1729899215
|move|p2a: The Metal|Protect|p2a: The Metal
|-singleturn|p2a: The Metal|Protect
|move|p1a: Starmie|Thunderbolt|p2a: The Metal
|-activate|p2a: The Metal|Protect
|
|-heal|p1a: Starmie|96/100|[from] item: Leftovers
|upkeep
|turn|7
|
|t:|1729899223
|switch|p2a: New Wave Killer|Registeel|87/100
|move|p1a: Starmie|Rapid Spin|p2a: New Wave Killer
|-resisted|p2a: New Wave Killer
|-damage|p2a: New Wave Killer|86/100
|-sideend|p1: butterbananataco|Spikes|[from] move: Rapid Spin|[of] p1a: Starmie
|
|-heal|p1a: Starmie|100/100|[from] item: Leftovers
|-heal|p2a: New Wave Killer|92/100|[from] item: Leftovers
|upkeep
|turn|8
|
|t:|1729899232
|switch|p1a: Hariyama|Hariyama, M|100/100
|move|p2a: New Wave Killer|Seismic Toss|p1a: Hariyama
|-damage|p1a: Hariyama|79/100
|
|-heal|p2a: New Wave Killer|98/100|[from] item: Leftovers
|-heal|p1a: Hariyama|85/100|[from] item: Leftovers
|upkeep
|turn|9
|
|t:|1729899249
|move|p2a: New Wave Killer|Toxic|p1a: Hariyama
|-status|p1a: Hariyama|tox
|move|p1a: Hariyama|Brick Break|p2a: New Wave Killer
|-supereffective|p2a: New Wave Killer
|-damage|p2a: New Wave Killer|56/100
|
|-heal|p2a: New Wave Killer|62/100|[from] item: Leftovers
|-heal|p1a: Hariyama|91/100 tox|[from] item: Leftovers
|-damage|p1a: Hariyama|85/100 tox|[from] psn
|upkeep
|turn|10
|
|t:|1729899263
|move|p2a: New Wave Killer|Rest|p2a: New Wave Killer
|-status|p2a: New Wave Killer|slp|[from] move: Rest
|-heal|p2a: New Wave Killer|100/100 slp|[silent]
|move|p1a: Hariyama|Knock Off|p2a: New Wave Killer
|-resisted|p2a: New Wave Killer
|-damage|p2a: New Wave Killer|99/100 slp
|-enditem|p2a: New Wave Killer|Leftovers|[from] move: Knock Off|[of] p1a: Hariyama
|
|-heal|p1a: Hariyama|91/100 tox|[from] item: Leftovers
|-damage|p1a: Hariyama|79/100 tox|[from] psn
|upkeep
|turn|11
|
|t:|1729899279
|switch|p1a: Metagross|Metagross|84/100
|cant|p2a: New Wave Killer|slp
|move|p2a: New Wave Killer|Sleep Talk|p2a: New Wave Killer
|move|p2a: New Wave Killer|Rest|p2a: New Wave Killer|[from]Sleep Talk
|
|upkeep
|turn|12
|
|t:|1729899297
|move|p1a: Metagross|Agility|p1a: Metagross
|-boost|p1a: Metagross|spe|2
|cant|p2a: New Wave Killer|slp
|move|p2a: New Wave Killer|Sleep Talk|p2a: New Wave Killer
|move|p2a: New Wave Killer|Rest|p2a: New Wave Killer|[from]Sleep Talk
|
|upkeep
|turn|13
|
|t:|1729899306
|move|p1a: Metagross|Meteor Mash|p2a: New Wave Killer
|-resisted|p2a: New Wave Killer
|-damage|p2a: New Wave Killer|81/100 slp
|-curestatus|p2a: New Wave Killer|slp|[msg]
|move|p2a: New Wave Killer|Seismic Toss|p1a: Metagross
|-damage|p1a: Metagross|55/100
|
|upkeep
|turn|14
|
|t:|1729899314
|switch|p2a: The Metal|Skarmory, M|99/100
|move|p1a: Metagross|Earthquake|p2a: The Metal
|-immune|p2a: The Metal
|
|upkeep
|turn|15
|
|t:|1729899319
|switch|p1a: Starmie|Starmie|100/100
|move|p2a: The Metal|Roar|p1a: Starmie
|drag|p1a: Salamence|Salamence, F|100/100
|-ability|p1a: Salamence|Intimidate|boost
|-unboost|p2a: The Metal|atk|1
|
|upkeep
|turn|16
|
|t:|1729899326
|switch|p1a: Starmie|Starmie|100/100
|move|p2a: The Metal|Toxic|p1a: Starmie|[miss]
|-miss|p2a: The Metal|p1a: Starmie
|
|upkeep
|turn|17
|
|t:|1729899332
|switch|p2a: New Wave Killer|Registeel|81/100
|move|p1a: Starmie|Thunderbolt|p2a: New Wave Killer
|-damage|p2a: New Wave Killer|66/100
|
|upkeep
|turn|18
|
|t:|1729899342
|switch|p1a: Hariyama|Hariyama, M|79/100 tox
|move|p2a: New Wave Killer|Seismic Toss|p1a: Hariyama
|-damage|p1a: Hariyama|57/100 tox
|
|-heal|p1a: Hariyama|63/100 tox|[from] item: Leftovers
|-damage|p1a: Hariyama|57/100 tox|[from] psn
|upkeep
|turn|19
|
|t:|1729899349
|move|p2a: New Wave Killer|Seismic Toss|p1a: Hariyama
|-damage|p1a: Hariyama|35/100 tox
|move|p1a: Hariyama|Brick Break|p2a: New Wave Killer
|-supereffective|p2a: New Wave Killer
|-damage|p2a: New Wave Killer|21/100
|
|-heal|p1a: Hariyama|41/100 tox|[from] item: Leftovers
|-damage|p1a: Hariyama|29/100 tox|[from] psn
|upkeep
|turn|20
|
|t:|1729899358
|switch|p1a: Blissey|Blissey, F|100/100
|move|p2a: New Wave Killer|Rest|p2a: New Wave Killer
|-status|p2a: New Wave Killer|slp|[from] move: Rest
|-heal|p2a: New Wave Killer|100/100 slp|[silent]
|
|upkeep
|turn|21
|
|t:|1729899370
|move|p1a: Blissey|Wish|p1a: Blissey
|cant|p2a: New Wave Killer|slp
|move|p2a: New Wave Killer|Sleep Talk|p2a: New Wave Killer
|move|p2a: New Wave Killer|Toxic|p1a: Blissey|[from]Sleep Talk|[miss]
|-miss|p2a: New Wave Killer|p1a: Blissey
|
|upkeep
|turn|22
|
|t:|1729899376
|switch|p1a: Metagross|Metagross|55/100
|cant|p2a: New Wave Killer|slp
|move|p2a: New Wave Killer|Sleep Talk|p2a: New Wave Killer
|move|p2a: New Wave Killer|Rest|p2a: New Wave Killer|[from]Sleep Talk
|
|-heal|p1a: Metagross|100/100|[from] move: Wish|[wisher] Blissey
|upkeep
|turn|23
|
|t:|1729899385
|move|p1a: Metagross|Earthquake|p2a: New Wave Killer
|-supereffective|p2a: New Wave Killer
|-damage|p2a: New Wave Killer|45/100 slp
|-curestatus|p2a: New Wave Killer|slp|[msg]
|move|p2a: New Wave Killer|Seismic Toss|p1a: Metagross
|-damage|p1a: Metagross|71/100
|
|upkeep
|turn|24
|
|t:|1729899394
|switch|p2a: The Metal|Skarmory, M|99/100
|move|p1a: Metagross|Meteor Mash|p2a: The Metal
|-resisted|p2a: The Metal
|-damage|p2a: The Metal|78/100
|
|upkeep
|turn|25
|
|t:|1729899402
|switch|p1a: Starmie|Starmie|100/100
|move|p2a: The Metal|Toxic|p1a: Starmie
|-status|p1a: Starmie|tox
|
|-damage|p1a: Starmie|94/100 tox|[from] psn
|upkeep
|turn|26
|
|t:|1729899415
|move|p2a: The Metal|Protect|p2a: The Metal
|-singleturn|p2a: The Metal|Protect
|move|p1a: Starmie|Thunderbolt|p2a: The Metal
|-activate|p2a: The Metal|Protect
|
|-heal|p1a: Starmie|100/100 tox|[from] item: Leftovers
|-damage|p1a: Starmie|88/100 tox|[from] psn
|upkeep
|turn|27
|
|t:|1729899425
|switch|p2a: New Wave Killer|Registeel|45/100
|move|p1a: Starmie|Hydro Pump|p2a: New Wave Killer
|-damage|p2a: New Wave Killer|16/100
|
|-heal|p1a: Starmie|94/100 tox|[from] item: Leftovers
|-damage|p1a: Starmie|76/100 tox|[from] psn
|upkeep
|turn|28
|
|t:|1729899437
|switch|p2a: No one can destroy|Jirachi|100/100
|move|p1a: Starmie|Hydro Pump|p2a: No one can destroy
|-damage|p2a: No one can destroy|47/100
|
|-heal|p1a: Starmie|82/100 tox|[from] item: Leftovers
|-damage|p1a: Starmie|58/100 tox|[from] psn
|-heal|p2a: No one can destroy|54/100|[from] item: Leftovers
|upkeep
|turn|29
|
|t:|1729899458
|-curestatus|p1a: Starmie|tox|[from] ability: Natural Cure
|switch|p1a: Blissey|Blissey, F|100/100
|move|p2a: No one can destroy|Hidden Power|p1a: Blissey
|-damage|p1a: Blissey|93/100
|
|-heal|p2a: No one can destroy|60/100|[from] item: Leftovers
|-heal|p1a: Blissey|99/100|[from] item: Leftovers
|upkeep
|turn|30
|inactive|butterbananataco has 270 seconds left.
|
|t:|1729899503
|move|p2a: No one can destroy|Calm Mind|p2a: No one can destroy
|-boost|p2a: No one can destroy|spa|1
|-boost|p2a: No one can destroy|spd|1
|move|p1a: Blissey|Wish|p1a: Blissey
|
|-heal|p2a: No one can destroy|66/100|[from] item: Leftovers
|-heal|p1a: Blissey|100/100|[from] item: Leftovers
|upkeep
|turn|31
|
|t:|1729899510
|switch|p1a: Hariyama|Hariyama, M|29/100 tox
|move|p2a: No one can destroy|Calm Mind|p2a: No one can destroy
|-boost|p2a: No one can destroy|spa|1
|-boost|p2a: No one can destroy|spd|1
|
|-heal|p1a: Hariyama|79/100 tox|[from] move: Wish|[wisher] Blissey
|-heal|p2a: No one can destroy|72/100|[from] item: Leftovers
|-heal|p1a: Hariyama|85/100 tox|[from] item: Leftovers
|-damage|p1a: Hariyama|79/100 tox|[from] psn
|upkeep
|turn|32
|
|t:|1729899520
|move|p2a: No one can destroy|Psychic|p1a: Hariyama
|-supereffective|p1a: Hariyama
|-damage|p1a: Hariyama|0 fnt
|faint|p1a: Hariyama
|inactive|butterbananataco has 270 seconds left.
|
|t:|1729899553
|switch|p1a: Salamence|Salamence, F|100/100
|-ability|p1a: Salamence|Intimidate|boost
|-unboost|p2a: No one can destroy|atk|1
|
|-heal|p2a: No one can destroy|78/100|[from] item: Leftovers
|upkeep
|turn|33
|
|t:|1729899564
|switch|p1a: Blissey|Blissey, F|100/100
|move|p2a: No one can destroy|Psychic|p1a: Blissey
|-damage|p1a: Blissey|71/100
|-unboost|p1a: Blissey|spd|1
|
|-heal|p2a: No one can destroy|84/100|[from] item: Leftovers
|-heal|p1a: Blissey|77/100|[from] item: Leftovers
|upkeep
|turn|34
|
|t:|1729899575
|move|p2a: No one can destroy|Psychic|p1a: Blissey
|-damage|p1a: Blissey|30/100
|move|p1a: Blissey|Seismic Toss|p2a: No one can destroy
|-damage|p2a: No one can destroy|55/100
|
|-heal|p2a: No one can destroy|61/100|[from] item: Leftovers
|-heal|p1a: Blissey|36/100|[from] item: Leftovers
|upkeep
|turn|35
|
|t:|1729899584
|switch|p1a: Tyranitar|Tyranitar, M|100/100
|-weather|Sandstorm|[from] ability: Sand Stream|[of] p1a: Tyranitar
|move|p2a: No one can destroy|Psychic|p1a: Tyranitar
|-immune|p1a: Tyranitar
|
|-weather|Sandstorm|[upkeep]
|-heal|p2a: No one can destroy|67/100|[from] item: Leftovers
|upkeep
|turn|36
|inactive|kydreith33 has 270 seconds left.
|
|t:|1729899632
|switch|p1a: Salamence|Salamence, F|100/100
|-ability|p1a: Salamence|Intimidate|boost
|-unboost|p2a: No one can destroy|atk|1
|move|p2a: No one can destroy|Hidden Power|p1a: Salamence
|-resisted|p1a: Salamence
|-damage|p1a: Salamence|87/100
|
|-weather|Sandstorm|[upkeep]
|-damage|p1a: Salamence|81/100|[from] Sandstorm
|-heal|p2a: No one can destroy|74/100|[from] item: Leftovers
|upkeep
|turn|37
|inactive|butterbananataco has 240 seconds left.
|
|t:|1729899676
|move|p2a: No one can destroy|Psychic|p1a: Salamence
|-damage|p1a: Salamence|0 fnt
|faint|p1a: Salamence
|
|t:|1729899683
|switch|p1a: Metagross|Metagross|71/100
|
|-weather|Sandstorm|[upkeep]
|-heal|p2a: No one can destroy|80/100|[from] item: Leftovers
|upkeep
|turn|38
|
|t:|1729899687
|move|p2a: No one can destroy|Fire Punch|p1a: Metagross
|-supereffective|p1a: Metagross
|-damage|p1a: Metagross|0 fnt
|faint|p1a: Metagross
|
|t:|1729899692
|switch|p1a: Starmie|Starmie|58/100
|
|-weather|Sandstorm|[upkeep]
|-damage|p1a: Starmie|52/100|[from] Sandstorm
|-heal|p1a: Starmie|58/100|[from] item: Leftovers
|-heal|p2a: No one can destroy|86/100|[from] item: Leftovers
|upkeep
|turn|39
|
|t:|1729899698
|move|p1a: Starmie|Hydro Pump|p2a: No one can destroy
|-damage|p2a: No one can destroy|60/100
|move|p2a: No one can destroy|Hidden Power|p1a: Starmie
|-supereffective|p1a: Starmie
|-damage|p1a: Starmie|0 fnt
|faint|p1a: Starmie
|
|t:|1729899705
|switch|p1a: Tyranitar|Tyranitar, M|100/100
|
|-weather|Sandstorm|[upkeep]
|-heal|p2a: No one can destroy|66/100|[from] item: Leftovers
|upkeep
|turn|40
|
|t:|1729899709
|move|p2a: No one can destroy|Hidden Power|p1a: Tyranitar
|-supereffective|p1a: Tyranitar
|-damage|p1a: Tyranitar|31/100
|move|p1a: Tyranitar|Fire Blast|p2a: No one can destroy|[miss]
|-miss|p1a: Tyranitar|p2a: No one can destroy
|
|-weather|Sandstorm|[upkeep]
|-heal|p2a: No one can destroy|72/100|[from] item: Leftovers
|-heal|p1a: Tyranitar|37/100|[from] item: Leftovers
|upkeep
|turn|41
|
|t:|1729899718
|move|p2a: No one can destroy|Hidden Power|p1a: Tyranitar
|-supereffective|p1a: Tyranitar
|-damage|p1a: Tyranitar|0 fnt
|faint|p1a: Tyranitar
|
|t:|1729899720
|switch|p1a: Blissey|Blissey, F|36/100
|
|-weather|Sandstorm|[upkeep]
|-damage|p1a: Blissey|30/100|[from] Sandstorm
|-heal|p2a: No one can destroy|79/100|[from] item: Leftovers
|-heal|p1a: Blissey|36/100|[from] item: Leftovers
|upkeep
|turn|42
|
|t:|1729899730
|move|p2a: No one can destroy|Psychic|p1a: Blissey
|-damage|p1a: Blissey|2/100
|move|p1a: Blissey|Soft-Boiled|p1a: Blissey
|-heal|p1a: Blissey|52/100
|
|-weather|Sandstorm|[upkeep]
|-damage|p1a: Blissey|46/100|[from] Sandstorm
|-heal|p2a: No one can destroy|85/100|[from] item: Leftovers
|-heal|p1a: Blissey|52/100|[from] item: Leftovers
|upkeep
|turn|43
|
|t:|1729899739
|move|p2a: No one can destroy|Psychic|p1a: Blissey
|-damage|p1a: Blissey|19/100
|-unboost|p1a: Blissey|spd|1
|move|p1a: Blissey|Soft-Boiled|p1a: Blissey
|-heal|p1a: Blissey|69/100
|
|-weather|Sandstorm|[upkeep]
|-damage|p1a: Blissey|63/100|[from] Sandstorm
|-heal|p2a: No one can destroy|91/100|[from] item: Leftovers
|-heal|p1a: Blissey|69/100|[from] item: Leftovers
|upkeep
|turn|44
|c|☆butterbananataco|gg
|-message|butterbananataco forfeited.
|
|win|kydreith33
|c|☆kydreith33|gg
|player|p1|
|player|p1|butterbananataco|102|

</script>
<script type="application/json" class="data" id="replaydata-smogtours-gen3ou-801977">
{"id":"smogtours-gen3ou-801977","format":"[Gen 3] OU","players":["butterbananataco","kydreith33"],"uploadtime":1729899748,"views":83,"formatid":"gen3ou","rating":null,"private":0,"password":null}
</script>

<script defer src="js/replays.js?9d40a366"></script>
