<!DOCTYPE html>
<meta charset="utf-8" />
<meta name="viewport" content="width=device-width" />

<title>[Gen 3] OU: dunsparce_real vs. brunocoolgamers - Replays - Pok&eacute;mon Showdown!</title>

<meta name="description" content="Watch a replay of a Pok&eacute;mon battle between dunsparce_real and brunocoolgamers! Format: [Gen 3] OU; Date: Oct 7, 2024" />
<!--

Hey, you! Looking in the source for the replay log?

You can find them in JSON format, just add `.json` at the end of a replay URL.

https://replay.pokemonshowdown.com/gen7randomdoublesbattle-865046831.json

Or, if you only need the log itself, add `.log` instead:

https://replay.pokemonshowdown.com/gen7randomdoublesbattle-865046831.log

-->

<link rel="stylesheet" href="//pokemonshowdown.com/style/global.css?0.767286132409787" />
<link rel="stylesheet" href="//play.pokemonshowdown.com/style/font-awesome.css?0.9266228007934947" />
<link rel="stylesheet" href="//play.pokemonshowdown.com/style/battle.css?0.7924700842790926" />
<link rel="stylesheet" href="//play.pokemonshowdown.com/style/utilichart.css?0.8777417872839479" />

<!-- Global site tag (gtag.js) - Google Analytics -->
<script async src="https://www.googletagmanager.com/gtag/js?id=UA-26211653-1"></script>
<script>
  window.dataLayer = window.dataLayer || [];
  function gtag(){dataLayer.push(arguments);}
  gtag('js', new Date());

  gtag('config', 'UA-26211653-1');
</script>
<!-- End Google Analytics -->
<!-- Venatus Ad Manager - Install in <HEAD> of page -->
	<script src="https://hb.vntsm.com/v3/live/ad-manager.min.js" type="text/javascript" data-site-id="642aba63ec9a7b11c3c9c1be" data-mode="scan" async></script>
<!-- / Venatus Ad Manager -->

<style>
	@media (max-width:820px) {
		.battle {
			margin: 0 auto;
		}
		.battle-log {
			margin: 7px auto 0;
			max-width: 640px;
			height: 300px;
			position: static;
		}
	}
	.optgroup {
		display: inline-block;
		line-height: 22px;
		font-size: 10pt;
	}
	.optgroup .button {
		height: 25px;
		padding-top: 0;
		padding-bottom: 0;
	}
	.optgroup button.button {
		padding-left: 12px;
		padding-right: 12px;
	}
	.linklist {
		list-style: none;
		margin: 0.5em 0;
		padding: 0;
	}
	.linklist li {
		padding: 2px 0;
	}
	.sidebar {
		float: left;
		width: 320px;
	}
	.bar-wrapper {
		max-width: 1100px;
		margin: 0 auto;
	}
	.bar-wrapper.has-sidebar {
		max-width: 1430px;
	}
	.mainbar {
		margin: 0;
		padding-right: 1px;
	}
	.mainbar.has-sidebar {
		margin-left: 330px;
	}
	@media (min-width: 1511px) {
		.sidebar {
			width: 400px;
		}
		.bar-wrapper.has-sidebar {
			max-width: 1510px;
		}
		.mainbar.has-sidebar {
			margin-left: 410px;
		}
	}
	.section.first-section {
		margin-top: 9px;
	}
	.blocklink small {
		white-space: normal;
	}
	.button {
		vertical-align: middle;
	}
	.replay-controls {
		padding-top: 10px;
	}
	.replay-controls h1 {
		font-size: 16pt;
		font-weight: normal;
		color: #CCC;
	}
	.pagelink {
		text-align: center;
	}
	.pagelink a {
		width: 150px;
	}
	.textbox, .button {
		font-size: 11pt;
		vertical-align: middle;
	}
	@media (max-width: 450px) {
		.button {
			font-size: 9pt;
		}
	}
</style>

<div>

	<header>
		<div class="nav-wrapper"><ul class="nav">
			<li><a class="button nav-first" href="//pokemonshowdown.com/"><img src="//pokemonshowdown.com/images/pokemonshowdownbeta.png" srcset="//pokemonshowdown.com/images/pokemonshowdownbeta.png 1x, //pokemonshowdown.com/images/pokemonshowdownbeta@2x.png 2x" alt="Pok&eacute;mon Showdown" width="146" height="44" /> Home</a></li>
			<li><a class="button" href="//pokemonshowdown.com/dex/">Pok&eacute;dex</a></li>
			<li><a class="button cur" href="/">Replays</a></li>
			<li><a class="button" href="//pokemonshowdown.com/ladder/">Ladder</a></li>
			<li><a class="button nav-last" href="//pokemonshowdown.com/forums/">Forum</a></li>
			<li><a class="button greenbutton nav-first nav-last" href="//play.pokemonshowdown.com/">Play</a></li>
		</ul></div>
	</header>

	<div class="main" id="main">

		<noscript><section class="section">You need to enable JavaScript to use this page; sorry!</section></noscript>

	</div>

</div>

<script defer nomodule src="//play.pokemonshowdown.com/js/lib/ps-polyfill.js"></script>
<script defer src="//play.pokemonshowdown.com/js/lib/preact.min.js"></script>

<script defer src="//play.pokemonshowdown.com/config/config.js?6dec07f6"></script>
<script defer src="//play.pokemonshowdown.com/js/lib/jquery-1.11.0.min.js"></script>
<script defer src="//play.pokemonshowdown.com/js/lib/html-sanitizer-minified.js"></script>
<script defer src="//play.pokemonshowdown.com/js/battle-sound.js"></script>
<script defer src="//play.pokemonshowdown.com/js/battledata.js?0.6315294753075389"></script>
<script defer src="//play.pokemonshowdown.com/data/pokedex-mini.js?0.7603743185311358"></script>
<script defer src="//play.pokemonshowdown.com/data/pokedex-mini-bw.js?0.030888842834281283"></script>
<script defer src="//play.pokemonshowdown.com/data/graphics.js?0.05593094747507488"></script>
<script defer src="//play.pokemonshowdown.com/data/pokedex.js?0.47064822249611904"></script>
<script defer src="//play.pokemonshowdown.com/data/moves.js?0.8583693120512459"></script>
<script defer src="//play.pokemonshowdown.com/data/abilities.js?0.16017181182386842"></script>
<script defer src="//play.pokemonshowdown.com/data/items.js?0.4163379185673943"></script>
<script defer src="//play.pokemonshowdown.com/data/teambuilder-tables.js?0.31075597372830477"></script>
<script defer src="//play.pokemonshowdown.com/js/battle-tooltips.js?0.6536193500708172"></script>
<script defer src="//play.pokemonshowdown.com/js/battle.js?0.1916591943277901"></script>

<script defer src="js/utils.js?e31f9a17"></script>
<script defer src="js/replays-battle.js?7008c182"></script>

<!-- don't scrape this data! just add .json or .log after the URL!
Full API docs: https://github.com/smogon/pokemon-showdown-client/blob/master/WEB-API.md -->
<script type="text/plain" class="log" id="replaylog-gen3ou-2217467522-093moahs6jk6e75i9tggjqvy41mau9jpw">
|j|☆dunsparce_real
|j|☆brunocoolgamers
|t:|1728263466
|gametype|singles
|player|p1|dunsparce_real|guitarist|
|player|p2|brunocoolgamers|266|
|teamsize|p1|6
|teamsize|p2|6
|gen|3
|tier|[Gen 3] OU
|rule|Sleep Clause Mod: Limit one foe put to sleep
|rule|Switch Priority Clause Mod: Faster Pokémon switch first
|rule|Species Clause: Limit one of each Pokémon
|rule|OHKO Clause: OHKO moves are banned
|rule|Evasion Items Clause: Evasion items are banned
|rule|Evasion Moves Clause: Evasion moves are banned
|rule|Endless Battle Clause: Forcing endless battles is banned
|rule|HP Percentage Mod: HP is shown in percentages
|rule|One Boost Passer Clause: Limit one Baton Passer that has a way to boost its stats
|rule|Freeze Clause Mod: Limit one foe frozen
|
|t:|1728263466
|start
|switch|p1a: Stapler|Skarmory, F|100/100
|switch|p2a: Skarmory|Skarmory, F|100/100
|turn|1
|inactive|Battle timer is ON: inactive players will automatically lose when time's up. (requested by brunocoolgamers)
|c|☆dunsparce_real|glhf
|
|t:|1728263478
|move|p1a: Stapler|Spikes|p2a: Skarmory
|-sidestart|p2: brunocoolgamers|Spikes
|move|p2a: Skarmory|Roar|p1a: Stapler
|drag|p1a: Shrek 2|Swampert, F|100/100
|
|upkeep
|turn|2
|c|☆brunocoolgamers|same
|
|t:|1728263484
|-singleturn|p1a: Shrek 2|move: Focus Punch
|move|p2a: Skarmory|Spikes|p1a: Shrek 2
|-sidestart|p1: dunsparce_real|Spikes
|move|p1a: Shrek 2|Focus Punch|p2a: Skarmory
|-damage|p2a: Skarmory|71/100
|
|-heal|p2a: Skarmory|77/100|[from] item: Leftovers
|upkeep
|turn|3
|
|t:|1728263494
|move|p1a: Shrek 2|Hydro Pump|p2a: Skarmory
|-damage|p2a: Skarmory|29/100
|move|p2a: Skarmory|Toxic|p1a: Shrek 2
|-status|p1a: Shrek 2|tox
|
|-damage|p1a: Shrek 2|94/100 tox|[from] psn
|-heal|p2a: Skarmory|35/100|[from] item: Leftovers
|upkeep
|turn|4
|
|t:|1728263501
|switch|p1a: Stapler|Skarmory, F|100/100
|move|p2a: Skarmory|Protect||[still]
|-fail|p2a: Skarmory
|
|-heal|p2a: Skarmory|41/100|[from] item: Leftovers
|upkeep
|turn|5
|
|t:|1728263510
|switch|p2a: Gengar|Gengar, F|100/100
|move|p1a: Stapler|Spikes|p2a: Gengar
|-sidestart|p2: brunocoolgamers|Spikes
|
|upkeep
|turn|6
|
|t:|1728263521
|move|p1a: Stapler|Protect|p1a: Stapler
|-singleturn|p1a: Stapler|Protect
|move|p2a: Gengar|Thunderbolt|p1a: Stapler
|-activate|p1a: Stapler|Protect
|
|upkeep
|turn|7
|
|t:|1728263539
|move|p2a: Gengar|Will-O-Wisp|p1a: Stapler|[miss]
|-miss|p2a: Gengar|p1a: Stapler
|move|p1a: Stapler|Drill Peck|p2a: Gengar
|-damage|p2a: Gengar|61/100
|
|-heal|p2a: Gengar|67/100|[from] item: Leftovers
|upkeep
|turn|8
|
|t:|1728263553
|move|p2a: Gengar|Thunderbolt|p1a: Stapler
|-supereffective|p1a: Stapler
|-damage|p1a: Stapler|48/100
|move|p1a: Stapler|Spikes|p2a: Gengar
|-sidestart|p2: brunocoolgamers|Spikes
|
|-heal|p2a: Gengar|72/100|[from] item: Leftovers
|-heal|p1a: Stapler|54/100|[from] item: Leftovers
|upkeep
|turn|9
|
|t:|1728263558
|move|p1a: Stapler|Protect|p1a: Stapler
|-singleturn|p1a: Stapler|Protect
|move|p2a: Gengar|Thunderbolt|p1a: Stapler
|-activate|p1a: Stapler|Protect
|
|-heal|p2a: Gengar|78/100|[from] item: Leftovers
|-heal|p1a: Stapler|60/100|[from] item: Leftovers
|upkeep
|turn|10
|
|t:|1728263577
|switch|p1a: Garlic|Jolteon, F|100/100
|-damage|p1a: Garlic|88/100|[from] Spikes
|move|p2a: Gengar|Thunderbolt|p1a: Garlic
|-heal|p1a: Garlic|100/100|[from] ability: Volt Absorb|[of] p2a: Gengar
|
|-heal|p2a: Gengar|84/100|[from] item: Leftovers
|upkeep
|turn|11
|
|t:|1728263586
|switch|p2a: Blissey|Blissey, F, shiny|100/100
|-damage|p2a: Blissey|76/100|[from] Spikes
|move|p1a: Garlic|Roar|p2a: Blissey
|drag|p2a: Skarmory|Skarmory, F|41/100
|
|-heal|p2a: Skarmory|47/100|[from] item: Leftovers
|upkeep
|turn|12
|
|t:|1728263594
|move|p1a: Garlic|Thunderbolt|p2a: Skarmory
|-supereffective|p2a: Skarmory
|-damage|p2a: Skarmory|0 fnt
|faint|p2a: Skarmory
|
|t:|1728263597
|switch|p2a: Blissey|Blissey, F, shiny|76/100
|-damage|p2a: Blissey|51/100|[from] Spikes
|
|-heal|p2a: Blissey|57/100|[from] item: Leftovers
|upkeep
|turn|13
|
|t:|1728263600
|move|p1a: Garlic|Baton Pass|p1a: Garlic
|
|t:|1728263609
|switch|p1a: Stapler|Skarmory, F|60/100|[from] Baton Pass
|move|p2a: Blissey|Soft-Boiled|p2a: Blissey
|-heal|p2a: Blissey|100/100
|
|-heal|p1a: Stapler|66/100|[from] item: Leftovers
|upkeep
|turn|14
|
|t:|1728263616
|move|p1a: Stapler|Toxic|p2a: Blissey
|-status|p2a: Blissey|tox
|move|p2a: Blissey|Fire Blast|p1a: Stapler|[miss]
|-miss|p2a: Blissey|p1a: Stapler
|
|-heal|p1a: Stapler|72/100|[from] item: Leftovers
|-damage|p2a: Blissey|94/100 tox|[from] psn
|upkeep
|turn|15
|
|t:|1728263625
|move|p1a: Stapler|Protect|p1a: Stapler
|-singleturn|p1a: Stapler|Protect
|move|p2a: Blissey|Fire Blast|p1a: Stapler
|-activate|p1a: Stapler|Protect
|
|-heal|p1a: Stapler|78/100|[from] item: Leftovers
|-heal|p2a: Blissey|100/100 tox|[from] item: Leftovers
|-damage|p2a: Blissey|88/100 tox|[from] psn
|upkeep
|turn|16
|
|t:|1728263632
|-curestatus|p2a: Blissey|tox|[from] ability: Natural Cure
|switch|p2a: Gengar|Gengar, F|84/100
|move|p1a: Stapler|Drill Peck|p2a: Gengar
|-damage|p2a: Gengar|44/100
|
|-heal|p2a: Gengar|50/100|[from] item: Leftovers
|-heal|p1a: Stapler|84/100|[from] item: Leftovers
|upkeep
|turn|17
|
|t:|1728263638
|move|p1a: Stapler|Protect|p1a: Stapler
|-singleturn|p1a: Stapler|Protect
|move|p2a: Gengar|Thunderbolt|p1a: Stapler
|-activate|p1a: Stapler|Protect
|
|-heal|p2a: Gengar|56/100|[from] item: Leftovers
|-heal|p1a: Stapler|90/100|[from] item: Leftovers
|upkeep
|turn|18
|
|t:|1728263643
|move|p2a: Gengar|Ice Punch|p1a: Stapler
|-damage|p1a: Stapler|72/100
|move|p1a: Stapler|Drill Peck|p2a: Gengar
|-damage|p2a: Gengar|14/100
|
|-heal|p2a: Gengar|20/100|[from] item: Leftovers
|-heal|p1a: Stapler|78/100|[from] item: Leftovers
|upkeep
|turn|19
|
|t:|1728263655
|move|p2a: Gengar|Thunderbolt|p1a: Stapler
|-supereffective|p1a: Stapler
|-damage|p1a: Stapler|30/100
|move|p1a: Stapler|Drill Peck|p2a: Gengar
|-damage|p2a: Gengar|0 fnt
|faint|p2a: Gengar
|
|t:|1728263663
|switch|p2a: Tyranitar|Tyranitar, F|100/100
|-damage|p2a: Tyranitar|76/100|[from] Spikes
|-weather|Sandstorm|[from] ability: Sand Stream|[of] p2a: Tyranitar
|
|-weather|Sandstorm|[upkeep]
|-heal|p1a: Stapler|36/100|[from] item: Leftovers
|-heal|p2a: Tyranitar|82/100|[from] item: Leftovers
|upkeep
|turn|20
|
|t:|1728263672
|-singleturn|p2a: Tyranitar|move: Focus Punch
|move|p1a: Stapler|Toxic|p2a: Tyranitar
|-status|p2a: Tyranitar|tox
|move|p2a: Tyranitar|Focus Punch|p1a: Stapler
|-damage|p1a: Stapler|0 fnt
|faint|p1a: Stapler
|
|t:|1728263681
|switch|p1a: Shrek 2|Swampert, F|94/100 tox
|-damage|p1a: Shrek 2|82/100 tox|[from] Spikes
|
|-weather|Sandstorm|[upkeep]
|-heal|p1a: Shrek 2|88/100 tox|[from] item: Leftovers
|-damage|p1a: Shrek 2|82/100 tox|[from] psn
|-heal|p2a: Tyranitar|88/100 tox|[from] item: Leftovers
|-damage|p2a: Tyranitar|82/100 tox|[from] psn
|upkeep
|turn|21
|
|t:|1728263693
|-singleturn|p1a: Shrek 2|move: Focus Punch
|move|p2a: Tyranitar|Rock Slide|p1a: Shrek 2
|-resisted|p1a: Shrek 2
|-damage|p1a: Shrek 2|63/100 tox
|move|p1a: Shrek 2|Focus Punch||[still]
|cant|p1a: Shrek 2|Focus Punch|Focus Punch
|
|-weather|Sandstorm|[upkeep]
|-heal|p1a: Shrek 2|69/100 tox|[from] item: Leftovers
|-damage|p1a: Shrek 2|57/100 tox|[from] psn
|-heal|p2a: Tyranitar|88/100 tox|[from] item: Leftovers
|-damage|p2a: Tyranitar|76/100 tox|[from] psn
|upkeep
|turn|22
|inactive|brunocoolgamers has 270 seconds left.
|
|t:|1728263727
|move|p1a: Shrek 2|Hydro Pump|p2a: Tyranitar|[miss]
|-miss|p1a: Shrek 2|p2a: Tyranitar
|move|p2a: Tyranitar|Earthquake|p1a: Shrek 2
|-damage|p1a: Shrek 2|18/100 tox
|
|-weather|Sandstorm|[upkeep]
|-heal|p1a: Shrek 2|24/100 tox|[from] item: Leftovers
|-damage|p1a: Shrek 2|6/100 tox|[from] psn
|-heal|p2a: Tyranitar|82/100 tox|[from] item: Leftovers
|-damage|p2a: Tyranitar|63/100 tox|[from] psn
|upkeep
|turn|23
|
|t:|1728263734
|switch|p2a: Blissey|Blissey, F, shiny|88/100
|-damage|p2a: Blissey|63/100|[from] Spikes
|move|p1a: Shrek 2|Hydro Pump|p2a: Blissey
|-damage|p2a: Blissey|34/100
|
|-weather|Sandstorm|[upkeep]
|-damage|p2a: Blissey|28/100|[from] Sandstorm
|-heal|p1a: Shrek 2|12/100 tox|[from] item: Leftovers
|-damage|p1a: Shrek 2|0 fnt|[from] psn
|faint|p1a: Shrek 2
|-heal|p2a: Blissey|34/100|[from] item: Leftovers
|upkeep
|inactive|dunsparce_real has 270 seconds left.
|
|t:|1728263771
|switch|p1a: SUPERCOMPUTER|Metagross|100/100
|-damage|p1a: SUPERCOMPUTER|88/100|[from] Spikes
|turn|24
|
|t:|1728263778
|move|p1a: SUPERCOMPUTER|Meteor Mash|p2a: Blissey
|-damage|p2a: Blissey|0 fnt
|faint|p2a: Blissey
|
|t:|1728263780
|switch|p2a: Swampert|Swampert, F|100/100
|-damage|p2a: Swampert|76/100|[from] Spikes
|
|-weather|Sandstorm|[upkeep]
|-heal|p1a: SUPERCOMPUTER|94/100|[from] item: Leftovers
|-heal|p2a: Swampert|82/100|[from] item: Leftovers
|upkeep
|turn|25
|
|t:|1728263792
|switch|p1a: The Geng|Gengar, F|100/100
|move|p2a: Swampert|Earthquake|p1a: The Geng
|-immune|p1a: The Geng
|
|-weather|Sandstorm|[upkeep]
|-damage|p1a: The Geng|94/100|[from] Sandstorm
|-heal|p1a: The Geng|100/100|[from] item: Leftovers
|-heal|p2a: Swampert|88/100|[from] item: Leftovers
|upkeep
|turn|26
|
|t:|1728263798
|move|p1a: The Geng|Will-O-Wisp|p2a: Swampert|[miss]
|-miss|p1a: The Geng|p2a: Swampert
|move|p2a: Swampert|Hydro Pump|p1a: The Geng|[miss]
|-miss|p2a: Swampert|p1a: The Geng
|
|-weather|Sandstorm|[upkeep]
|-damage|p1a: The Geng|94/100|[from] Sandstorm
|-heal|p1a: The Geng|100/100|[from] item: Leftovers
|-heal|p2a: Swampert|94/100|[from] item: Leftovers
|upkeep
|turn|27
|
|t:|1728263808
|switch|p2a: Tyranitar|Tyranitar, F|63/100 tox
|-damage|p2a: Tyranitar|38/100 tox|[from] Spikes
|move|p1a: The Geng|Will-O-Wisp|p2a: Tyranitar|[miss]
|-miss|p1a: The Geng|p2a: Tyranitar
|
|-weather|Sandstorm|[upkeep]
|-damage|p1a: The Geng|94/100|[from] Sandstorm
|-heal|p1a: The Geng|100/100|[from] item: Leftovers
|-heal|p2a: Tyranitar|45/100 tox|[from] item: Leftovers
|-damage|p2a: Tyranitar|38/100 tox|[from] psn
|upkeep
|turn|28
|
|t:|1728263817
|move|p1a: The Geng|Thunderbolt|p2a: Tyranitar
|-damage|p2a: Tyranitar|16/100 tox
|move|p2a: Tyranitar|Rock Slide|p1a: The Geng
|-damage|p1a: The Geng|35/100
|
|-weather|Sandstorm|[upkeep]
|-damage|p1a: The Geng|29/100|[from] Sandstorm
|-heal|p1a: The Geng|35/100|[from] item: Leftovers
|-heal|p2a: Tyranitar|22/100 tox|[from] item: Leftovers
|-damage|p2a: Tyranitar|10/100 tox|[from] psn
|upkeep
|turn|29
|
|t:|1728263823
|move|p1a: The Geng|Thunderbolt|p2a: Tyranitar
|-damage|p2a: Tyranitar|0 fnt
|faint|p2a: Tyranitar
|
|t:|1728263829
|switch|p2a: Starmie|Starmie|100/100
|-damage|p2a: Starmie|76/100|[from] Spikes
|
|-weather|Sandstorm|[upkeep]
|-damage|p2a: Starmie|70/100|[from] Sandstorm
|-damage|p1a: The Geng|29/100|[from] Sandstorm
|-heal|p2a: Starmie|76/100|[from] item: Leftovers
|-heal|p1a: The Geng|35/100|[from] item: Leftovers
|upkeep
|turn|30
|
|t:|1728263844
|move|p2a: Starmie|Hydro Pump|p1a: The Geng
|-damage|p1a: The Geng|0 fnt
|faint|p1a: The Geng
|
|t:|1728263848
|switch|p1a: Garlic|Jolteon, F|100/100
|-damage|p1a: Garlic|88/100|[from] Spikes
|
|-weather|Sandstorm|[upkeep]
|-damage|p1a: Garlic|82/100|[from] Sandstorm
|-damage|p2a: Starmie|70/100|[from] Sandstorm
|-heal|p1a: Garlic|88/100|[from] item: Leftovers
|-heal|p2a: Starmie|76/100|[from] item: Leftovers
|upkeep
|turn|31
|
|t:|1728263866
|move|p1a: Garlic|Thunderbolt|p2a: Starmie
|-supereffective|p2a: Starmie
|-damage|p2a: Starmie|0 fnt
|faint|p2a: Starmie
|inactive|brunocoolgamers has 270 seconds left.
|
|t:|1728263902
|switch|p2a: Swampert|Swampert, F|94/100
|-damage|p2a: Swampert|69/100|[from] Spikes
|
|-weather|Sandstorm|[upkeep]
|-damage|p1a: Garlic|82/100|[from] Sandstorm
|-heal|p1a: Garlic|88/100|[from] item: Leftovers
|-heal|p2a: Swampert|76/100|[from] item: Leftovers
|upkeep
|turn|32
|
|t:|1728263918
|move|p1a: Garlic|Hidden Power|p2a: Swampert
|-supereffective|p2a: Swampert
|-damage|p2a: Swampert|2/100
|move|p2a: Swampert|Earthquake|p1a: Garlic
|-supereffective|p1a: Garlic
|-crit|p1a: Garlic
|-damage|p1a: Garlic|0 fnt
|faint|p1a: Garlic
|
|t:|1728263923
|switch|p1a: King the Wildfire|Aerodactyl, F|100/100
|
|-weather|Sandstorm|[upkeep]
|-heal|p2a: Swampert|8/100|[from] item: Leftovers
|upkeep
|turn|33
|
|t:|1728263931
|move|p1a: King the Wildfire|Double-Edge|p2a: Swampert
|-damage|p2a: Swampert|0 fnt
|faint|p2a: Swampert
|
|win|dunsparce_real
|l|☆brunocoolgamers
|player|p2|
|c|☆dunsparce_real|gg
|j|☆brunocoolgamers
|player|p2|brunocoolgamers|266|

</script>
<script type="application/json" class="data" id="replaydata-gen3ou-2217467522-093moahs6jk6e75i9tggjqvy41mau9jpw">
{"id":"gen3ou-2217467522","format":"[Gen 3] OU","players":["dunsparce_real","brunocoolgamers"],"uploadtime":1728263936,"views":87,"formatid":"gen3ou","rating":null,"private":1,"password":"093moahs6jk6e75i9tggjqvy41mau9j"}
</script>

<script defer src="js/replays.js?9d40a366"></script>
