<!DOCTYPE html>
<meta charset="utf-8" />
<meta name="viewport" content="width=device-width" />

<title>[Gen 3] OU: Lemon LC vs. zxgzxg - Replays - Pok&eacute;mon Showdown!</title>

<meta name="description" content="Watch a replay of a Pok&eacute;mon battle between Lemon LC and zxgzxg! Format: [Gen 3] OU; Date: Oct 10, 2024" />
<!--

Hey, you! Looking in the source for the replay log?

You can find them in JSON format, just add `.json` at the end of a replay URL.

https://replay.pokemonshowdown.com/gen7randomdoublesbattle-865046831.json

Or, if you only need the log itself, add `.log` instead:

https://replay.pokemonshowdown.com/gen7randomdoublesbattle-865046831.log

-->

<link rel="stylesheet" href="//pokemonshowdown.com/style/global.css?0.023195364461161105" />
<link rel="stylesheet" href="//play.pokemonshowdown.com/style/font-awesome.css?0.13261647063804238" />
<link rel="stylesheet" href="//play.pokemonshowdown.com/style/battle.css?0.8753245789963631" />
<link rel="stylesheet" href="//play.pokemonshowdown.com/style/utilichart.css?0.8627959624976733" />

<!-- Global site tag (gtag.js) - Google Analytics -->
<script async src="https://www.googletagmanager.com/gtag/js?id=UA-26211653-1"></script>
<script>
  window.dataLayer = window.dataLayer || [];
  function gtag(){dataLayer.push(arguments);}
  gtag('js', new Date());

  gtag('config', 'UA-26211653-1');
</script>
<!-- End Google Analytics -->
<!-- Venatus Ad Manager - Install in <HEAD> of page -->
	<script src="https://hb.vntsm.com/v3/live/ad-manager.min.js" type="text/javascript" data-site-id="642aba63ec9a7b11c3c9c1be" data-mode="scan" async></script>
<!-- / Venatus Ad Manager -->

<style>
	@media (max-width:820px) {
		.battle {
			margin: 0 auto;
		}
		.battle-log {
			margin: 7px auto 0;
			max-width: 640px;
			height: 300px;
			position: static;
		}
	}
	.optgroup {
		display: inline-block;
		line-height: 22px;
		font-size: 10pt;
	}
	.optgroup .button {
		height: 25px;
		padding-top: 0;
		padding-bottom: 0;
	}
	.optgroup button.button {
		padding-left: 12px;
		padding-right: 12px;
	}
	.linklist {
		list-style: none;
		margin: 0.5em 0;
		padding: 0;
	}
	.linklist li {
		padding: 2px 0;
	}
	.sidebar {
		float: left;
		width: 320px;
	}
	.bar-wrapper {
		max-width: 1100px;
		margin: 0 auto;
	}
	.bar-wrapper.has-sidebar {
		max-width: 1430px;
	}
	.mainbar {
		margin: 0;
		padding-right: 1px;
	}
	.mainbar.has-sidebar {
		margin-left: 330px;
	}
	@media (min-width: 1511px) {
		.sidebar {
			width: 400px;
		}
		.bar-wrapper.has-sidebar {
			max-width: 1510px;
		}
		.mainbar.has-sidebar {
			margin-left: 410px;
		}
	}
	.section.first-section {
		margin-top: 9px;
	}
	.blocklink small {
		white-space: normal;
	}
	.button {
		vertical-align: middle;
	}
	.replay-controls {
		padding-top: 10px;
	}
	.replay-controls h1 {
		font-size: 16pt;
		font-weight: normal;
		color: #CCC;
	}
	.pagelink {
		text-align: center;
	}
	.pagelink a {
		width: 150px;
	}
	.textbox, .button {
		font-size: 11pt;
		vertical-align: middle;
	}
	@media (max-width: 450px) {
		.button {
			font-size: 9pt;
		}
	}
</style>

<div>

	<header>
		<div class="nav-wrapper"><ul class="nav">
			<li><a class="button nav-first" href="//pokemonshowdown.com/"><img src="//pokemonshowdown.com/images/pokemonshowdownbeta.png" srcset="//pokemonshowdown.com/images/pokemonshowdownbeta.png 1x, //pokemonshowdown.com/images/pokemonshowdownbeta@2x.png 2x" alt="Pok&eacute;mon Showdown" width="146" height="44" /> Home</a></li>
			<li><a class="button" href="//pokemonshowdown.com/dex/">Pok&eacute;dex</a></li>
			<li><a class="button cur" href="/">Replays</a></li>
			<li><a class="button" href="//pokemonshowdown.com/ladder/">Ladder</a></li>
			<li><a class="button nav-last" href="//pokemonshowdown.com/forums/">Forum</a></li>
			<li><a class="button greenbutton nav-first nav-last" href="//play.pokemonshowdown.com/">Play</a></li>
		</ul></div>
	</header>

	<div class="main" id="main">

		<noscript><section class="section">You need to enable JavaScript to use this page; sorry!</section></noscript>

	</div>

</div>

<script defer nomodule src="//play.pokemonshowdown.com/js/lib/ps-polyfill.js"></script>
<script defer src="//play.pokemonshowdown.com/js/lib/preact.min.js"></script>

<script defer src="//play.pokemonshowdown.com/config/config.js?2bddbc15"></script>
<script defer src="//play.pokemonshowdown.com/js/lib/jquery-1.11.0.min.js"></script>
<script defer src="//play.pokemonshowdown.com/js/lib/html-sanitizer-minified.js"></script>
<script defer src="//play.pokemonshowdown.com/js/battle-sound.js"></script>
<script defer src="//play.pokemonshowdown.com/js/battledata.js?0.7209276989879541"></script>
<script defer src="//play.pokemonshowdown.com/data/pokedex-mini.js?0.6111056340867951"></script>
<script defer src="//play.pokemonshowdown.com/data/pokedex-mini-bw.js?0.3532142036491459"></script>
<script defer src="//play.pokemonshowdown.com/data/graphics.js?0.24223875632456182"></script>
<script defer src="//play.pokemonshowdown.com/data/pokedex.js?0.38839984266356864"></script>
<script defer src="//play.pokemonshowdown.com/data/moves.js?0.21866028504024015"></script>
<script defer src="//play.pokemonshowdown.com/data/abilities.js?0.2005157953846628"></script>
<script defer src="//play.pokemonshowdown.com/data/items.js?0.9894211263848525"></script>
<script defer src="//play.pokemonshowdown.com/data/teambuilder-tables.js?0.6008791140282215"></script>
<script defer src="//play.pokemonshowdown.com/js/battle-tooltips.js?0.7580118955022959"></script>
<script defer src="//play.pokemonshowdown.com/js/battle.js?0.6057722274234274"></script>

<script defer src="js/utils.js?e31f9a17"></script>
<script defer src="js/replays-battle.js?7008c182"></script>

<!-- don't scrape this data! just add .json or .log after the URL!
Full API docs: https://github.com/smogon/pokemon-showdown-client/blob/master/WEB-API.md -->
<script type="text/plain" class="log" id="replaylog-smogtours-gen3ou-796864">
|inactive|Battle timer is ON: inactive players will automatically lose when time's up.
|t:|1728533350
|gametype|singles
|player|p1|Lemon LC|1|
|player|p2|zxgzxg|266|
|teamsize|p1|6
|teamsize|p2|6
|gen|3
|tier|[Gen 3] OU
|rule|Sleep Clause Mod: Limit one foe put to sleep
|rule|Switch Priority Clause Mod: Faster Pokémon switch first
|rule|Species Clause: Limit one of each Pokémon
|rule|OHKO Clause: OHKO moves are banned
|rule|Evasion Items Clause: Evasion items are banned
|rule|Evasion Moves Clause: Evasion moves are banned
|rule|Endless Battle Clause: Forcing endless battles is banned
|rule|HP Percentage Mod: HP is shown in percentages
|rule|One Boost Passer Clause: Limit one Baton Passer that has a way to boost its stats
|rule|Freeze Clause Mod: Limit one foe frozen
|
|t:|1728533350
|start
|switch|p1a: Harry Souttar|Swampert, F|100/100
|switch|p2a: Medicham|Medicham, M|100/100
|turn|1
|
|t:|1728533364
|move|p1a: Harry Souttar|Protect|p1a: Harry Souttar
|-singleturn|p1a: Harry Souttar|Protect
|move|p2a: Medicham|Brick Break|p1a: Harry Souttar
|-activate|p1a: Harry Souttar|Protect
|
|upkeep
|turn|2
|
|t:|1728533375
|move|p2a: Medicham|Brick Break|p1a: Harry Souttar
|-damage|p1a: Harry Souttar|69/100
|move|p1a: Harry Souttar|Surf|p2a: Medicham
|-damage|p2a: Medicham|55/100
|
|-heal|p1a: Harry Souttar|75/100|[from] item: Leftovers
|upkeep
|turn|3
|
|t:|1728533383
|move|p2a: Medicham|Brick Break|p1a: Harry Souttar
|-damage|p1a: Harry Souttar|41/100
|move|p1a: Harry Souttar|Toxic|p2a: Medicham
|-status|p2a: Medicham|tox
|
|-damage|p2a: Medicham|49/100 tox|[from] psn
|-heal|p1a: Harry Souttar|48/100|[from] item: Leftovers
|upkeep
|turn|4
|
|t:|1728533388
|move|p2a: Medicham|Brick Break|p1a: Harry Souttar
|-damage|p1a: Harry Souttar|15/100
|move|p1a: Harry Souttar|Surf|p2a: Medicham
|-damage|p2a: Medicham|0 fnt
|faint|p2a: Medicham
|
|t:|1728533396
|switch|p2a: Suicune|Suicune|100/100
|
|-heal|p1a: Harry Souttar|21/100|[from] item: Leftovers
|upkeep
|turn|5
|
|t:|1728533399
|move|p2a: Suicune|Surf|p1a: Harry Souttar
|-damage|p1a: Harry Souttar|0 fnt
|faint|p1a: Harry Souttar
|
|t:|1728533408
|switch|p1a: Ollie Arblaster|Celebi|100/100
|
|upkeep
|turn|6
|
|t:|1728533412
|switch|p2a: Metagross|Metagross|100/100
|move|p1a: Ollie Arblaster|Leech Seed|p2a: Metagross|[miss]
|-miss|p1a: Ollie Arblaster|p2a: Metagross
|
|upkeep
|turn|7
|
|t:|1728533419
|switch|p1a: Gustavo Hamer|Skarmory, M|100/100
|move|p2a: Metagross|Agility|p2a: Metagross
|-boost|p2a: Metagross|spe|2
|
|upkeep
|turn|8
|
|t:|1728533424
|switch|p2a: Magneton|Magneton|100/100
|move|p1a: Gustavo Hamer|Spikes|p2a: Magneton
|-sidestart|p2: zxgzxg|Spikes
|
|upkeep
|turn|9
|
|t:|1728533428
|move|p2a: Magneton|Thunderbolt|p1a: Gustavo Hamer
|-supereffective|p1a: Gustavo Hamer
|-damage|p1a: Gustavo Hamer|0 fnt
|faint|p1a: Gustavo Hamer
|
|t:|1728533430
|switch|p1a: Rhian Brewster|Dugtrio, M|100/100
|
|upkeep
|turn|10
|
|t:|1728533438
|move|p1a: Rhian Brewster|Earthquake|p2a: Magneton
|-supereffective|p2a: Magneton
|-damage|p2a: Magneton|0 fnt
|faint|p2a: Magneton
|
|t:|1728533441
|switch|p2a: Salamence|Salamence, M|100/100
|-ability|p2a: Salamence|Intimidate|boost
|-unboost|p1a: Rhian Brewster|atk|1
|
|upkeep
|turn|11
|
|t:|1728533452
|switch|p1a: Michael Cooper|Blissey, F|100/100
|switch|p2a: Snorlax|Snorlax, M|100/100
|-damage|p2a: Snorlax|88/100|[from] Spikes
|
|-heal|p2a: Snorlax|94/100|[from] item: Leftovers
|upkeep
|turn|12
|
|t:|1728533458
|switch|p1a: Ollie Arblaster|Celebi|100/100
|move|p2a: Snorlax|Body Slam|p1a: Ollie Arblaster
|-crit|p1a: Ollie Arblaster
|-damage|p1a: Ollie Arblaster|50/100
|
|-heal|p1a: Ollie Arblaster|56/100|[from] item: Leftovers
|-heal|p2a: Snorlax|100/100|[from] item: Leftovers
|upkeep
|turn|13
|
|t:|1728533465
|move|p1a: Ollie Arblaster|Leech Seed|p2a: Snorlax
|-start|p2a: Snorlax|move: Leech Seed
|move|p2a: Snorlax|Body Slam|p1a: Ollie Arblaster
|-damage|p1a: Ollie Arblaster|30/100
|
|-heal|p1a: Ollie Arblaster|36/100|[from] item: Leftovers
|-damage|p2a: Snorlax|88/100|[from] Leech Seed|[of] p1a: Ollie Arblaster
|-heal|p1a: Ollie Arblaster|51/100|[silent]
|upkeep
|turn|14
|
|t:|1728533474
|move|p1a: Ollie Arblaster|Leech Seed||[still]
|-fail|p1a: Ollie Arblaster
|move|p2a: Snorlax|Body Slam|p1a: Ollie Arblaster
|-damage|p1a: Ollie Arblaster|23/100
|
|-heal|p1a: Ollie Arblaster|29/100|[from] item: Leftovers
|-heal|p2a: Snorlax|94/100|[from] item: Leftovers
|-damage|p2a: Snorlax|82/100|[from] Leech Seed|[of] p1a: Ollie Arblaster
|-heal|p1a: Ollie Arblaster|44/100|[silent]
|upkeep
|turn|15
|
|t:|1728533480
|move|p1a: Ollie Arblaster|Recover|p1a: Ollie Arblaster
|-heal|p1a: Ollie Arblaster|94/100
|move|p2a: Snorlax|Body Slam|p1a: Ollie Arblaster
|-damage|p1a: Ollie Arblaster|69/100
|
|-heal|p1a: Ollie Arblaster|75/100|[from] item: Leftovers
|-heal|p2a: Snorlax|88/100|[from] item: Leftovers
|-damage|p2a: Snorlax|76/100|[from] Leech Seed|[of] p1a: Ollie Arblaster
|-heal|p1a: Ollie Arblaster|90/100|[silent]
|upkeep
|turn|16
|
|t:|1728533489
|switch|p2a: Metagross|Metagross|100/100
|-damage|p2a: Metagross|88/100|[from] Spikes
|move|p1a: Ollie Arblaster|Hidden Power|p2a: Metagross
|-supereffective|p2a: Metagross
|-damage|p2a: Metagross|50/100
|
|-heal|p1a: Ollie Arblaster|96/100|[from] item: Leftovers
|-heal|p2a: Metagross|56/100|[from] item: Leftovers
|upkeep
|turn|17
|
|t:|1728533505
|move|p1a: Ollie Arblaster|Leech Seed|p2a: Metagross
|-start|p2a: Metagross|move: Leech Seed
|move|p2a: Metagross|Agility|p2a: Metagross
|-boost|p2a: Metagross|spe|2
|
|-heal|p2a: Metagross|62/100|[from] item: Leftovers
|-damage|p2a: Metagross|50/100|[from] Leech Seed|[of] p1a: Ollie Arblaster
|-heal|p1a: Ollie Arblaster|100/100|[silent]
|upkeep
|turn|18
|
|t:|1728533509
|switch|p1a: Jesuran Rak-Sakyi|Starmie|100/100
|move|p2a: Metagross|Explosion|p1a: Jesuran Rak-Sakyi
|-damage|p1a: Jesuran Rak-Sakyi|0 fnt
|faint|p2a: Metagross
|faint|p1a: Jesuran Rak-Sakyi
|
|t:|1728533525
|switch|p1a: Michael Cooper|Blissey, F|100/100
|switch|p2a: Salamence|Salamence, M|100/100
|-ability|p2a: Salamence|Intimidate|boost
|-unboost|p1a: Michael Cooper|atk|1
|
|upkeep
|turn|19
|
|t:|1728533528
|switch|p2a: Snorlax|Snorlax, M|76/100
|-damage|p2a: Snorlax|63/100|[from] Spikes
|move|p1a: Michael Cooper|Ice Beam|p2a: Snorlax
|-damage|p2a: Snorlax|48/100
|
|-heal|p2a: Snorlax|55/100|[from] item: Leftovers
|upkeep
|turn|20
|
|t:|1728533534
|switch|p1a: Ollie Arblaster|Celebi|100/100
|move|p2a: Snorlax|Body Slam|p1a: Ollie Arblaster
|-damage|p1a: Ollie Arblaster|74/100
|
|-heal|p1a: Ollie Arblaster|80/100|[from] item: Leftovers
|-heal|p2a: Snorlax|61/100|[from] item: Leftovers
|upkeep
|turn|21
|
|t:|1728533539
|move|p1a: Ollie Arblaster|Leech Seed|p2a: Snorlax
|-start|p2a: Snorlax|move: Leech Seed
|move|p2a: Snorlax|Shadow Ball|p1a: Ollie Arblaster
|-supereffective|p1a: Ollie Arblaster
|-damage|p1a: Ollie Arblaster|49/100
|
|-heal|p1a: Ollie Arblaster|55/100|[from] item: Leftovers
|-heal|p2a: Snorlax|67/100|[from] item: Leftovers
|-damage|p2a: Snorlax|55/100|[from] Leech Seed|[of] p1a: Ollie Arblaster
|-heal|p1a: Ollie Arblaster|70/100|[silent]
|upkeep
|turn|22
|
|t:|1728533569
|move|p1a: Ollie Arblaster|Recover|p1a: Ollie Arblaster
|-heal|p1a: Ollie Arblaster|100/100
|move|p2a: Snorlax|Body Slam|p1a: Ollie Arblaster
|-damage|p1a: Ollie Arblaster|75/100
|
|-heal|p1a: Ollie Arblaster|81/100|[from] item: Leftovers
|-heal|p2a: Snorlax|61/100|[from] item: Leftovers
|-damage|p2a: Snorlax|48/100|[from] Leech Seed|[of] p1a: Ollie Arblaster
|-heal|p1a: Ollie Arblaster|96/100|[silent]
|upkeep
|turn|23
|
|t:|1728533580
|move|p1a: Ollie Arblaster|Hidden Power|p2a: Snorlax
|-damage|p2a: Snorlax|39/100
|move|p2a: Snorlax|Self-Destruct|p1a: Ollie Arblaster
|-damage|p1a: Ollie Arblaster|0 fnt
|faint|p2a: Snorlax
|faint|p1a: Ollie Arblaster
|
|t:|1728533588
|switch|p1a: Michael Cooper|Blissey, F|100/100
|switch|p2a: Suicune|Suicune|100/100
|-damage|p2a: Suicune|88/100|[from] Spikes
|
|-heal|p2a: Suicune|94/100|[from] item: Leftovers
|upkeep
|turn|24
|
|t:|1728533593
|move|p2a: Suicune|Calm Mind|p2a: Suicune
|-boost|p2a: Suicune|spa|1
|-boost|p2a: Suicune|spd|1
|move|p1a: Michael Cooper|Thunderbolt|p2a: Suicune
|-supereffective|p2a: Suicune
|-damage|p2a: Suicune|73/100
|
|-heal|p2a: Suicune|79/100|[from] item: Leftovers
|upkeep
|turn|25
|
|t:|1728533598
|switch|p1a: Rhian Brewster|Dugtrio, M|100/100
|move|p2a: Suicune|Calm Mind|p2a: Suicune
|-boost|p2a: Suicune|spa|1
|-boost|p2a: Suicune|spd|1
|
|-heal|p2a: Suicune|85/100|[from] item: Leftovers
|upkeep
|turn|26
|
|t:|1728533602
|move|p1a: Rhian Brewster|Screech|p2a: Suicune
|-unboost|p2a: Suicune|def|2
|move|p2a: Suicune|Surf|p1a: Rhian Brewster
|-supereffective|p1a: Rhian Brewster
|-damage|p1a: Rhian Brewster|0 fnt
|faint|p1a: Rhian Brewster
|
|t:|1728533604
|switch|p1a: Michael Cooper|Blissey, F|100/100
|
|-heal|p2a: Suicune|92/100|[from] item: Leftovers
|upkeep
|turn|27
|
|t:|1728533607
|move|p2a: Suicune|Surf|p1a: Michael Cooper
|-damage|p1a: Michael Cooper|72/100
|move|p1a: Michael Cooper|Calm Mind|p1a: Michael Cooper
|-boost|p1a: Michael Cooper|spa|1
|-boost|p1a: Michael Cooper|spd|1
|
|-heal|p2a: Suicune|98/100|[from] item: Leftovers
|-heal|p1a: Michael Cooper|78/100|[from] item: Leftovers
|upkeep
|turn|28
|
|t:|1728533609
|move|p2a: Suicune|Calm Mind|p2a: Suicune
|-boost|p2a: Suicune|spa|1
|-boost|p2a: Suicune|spd|1
|move|p1a: Michael Cooper|Calm Mind|p1a: Michael Cooper
|-boost|p1a: Michael Cooper|spa|1
|-boost|p1a: Michael Cooper|spd|1
|
|-heal|p2a: Suicune|100/100|[from] item: Leftovers
|-heal|p1a: Michael Cooper|84/100|[from] item: Leftovers
|upkeep
|turn|29
|
|t:|1728533613
|move|p2a: Suicune|Calm Mind|p2a: Suicune
|-boost|p2a: Suicune|spa|1
|-boost|p2a: Suicune|spd|1
|move|p1a: Michael Cooper|Calm Mind|p1a: Michael Cooper
|-boost|p1a: Michael Cooper|spa|1
|-boost|p1a: Michael Cooper|spd|1
|
|-heal|p1a: Michael Cooper|90/100|[from] item: Leftovers
|upkeep
|turn|30
|
|t:|1728533615
|move|p2a: Suicune|Calm Mind|p2a: Suicune
|-boost|p2a: Suicune|spa|1
|-boost|p2a: Suicune|spd|1
|move|p1a: Michael Cooper|Calm Mind|p1a: Michael Cooper
|-boost|p1a: Michael Cooper|spa|1
|-boost|p1a: Michael Cooper|spd|1
|
|-heal|p1a: Michael Cooper|97/100|[from] item: Leftovers
|upkeep
|turn|31
|
|t:|1728533619
|move|p2a: Suicune|Calm Mind|p2a: Suicune
|-boost|p2a: Suicune|spa|1
|-boost|p2a: Suicune|spd|1
|move|p1a: Michael Cooper|Calm Mind|p1a: Michael Cooper
|-boost|p1a: Michael Cooper|spa|1
|-boost|p1a: Michael Cooper|spd|1
|
|-heal|p1a: Michael Cooper|100/100|[from] item: Leftovers
|upkeep
|turn|32
|
|t:|1728533621
|move|p2a: Suicune|Surf|p1a: Michael Cooper
|-damage|p1a: Michael Cooper|85/100
|move|p1a: Michael Cooper|Calm Mind|p1a: Michael Cooper
|-boost|p1a: Michael Cooper|spa|1
|-boost|p1a: Michael Cooper|spd|1
|
|-heal|p1a: Michael Cooper|91/100|[from] item: Leftovers
|upkeep
|turn|33
|
|t:|1728533623
|move|p2a: Suicune|Surf|p1a: Michael Cooper
|-damage|p1a: Michael Cooper|77/100
|move|p1a: Michael Cooper|Thunderbolt|p2a: Suicune
|-supereffective|p2a: Suicune
|-damage|p2a: Suicune|69/100
|
|-heal|p2a: Suicune|75/100|[from] item: Leftovers
|-heal|p1a: Michael Cooper|83/100|[from] item: Leftovers
|upkeep
|turn|34
|
|t:|1728533625
|move|p2a: Suicune|Surf|p1a: Michael Cooper
|-damage|p1a: Michael Cooper|69/100
|move|p1a: Michael Cooper|Thunderbolt|p2a: Suicune
|-supereffective|p2a: Suicune
|-damage|p2a: Suicune|40/100
|
|-heal|p2a: Suicune|46/100|[from] item: Leftovers
|-heal|p1a: Michael Cooper|75/100|[from] item: Leftovers
|upkeep
|turn|35
|
|t:|1728533628
|move|p2a: Suicune|Surf|p1a: Michael Cooper
|-damage|p1a: Michael Cooper|61/100
|move|p1a: Michael Cooper|Thunderbolt|p2a: Suicune
|-supereffective|p2a: Suicune
|-damage|p2a: Suicune|16/100
|
|-heal|p2a: Suicune|22/100|[from] item: Leftovers
|-heal|p1a: Michael Cooper|67/100|[from] item: Leftovers
|upkeep
|turn|36
|
|t:|1728533632
|move|p2a: Suicune|Rest|p2a: Suicune
|-status|p2a: Suicune|slp|[from] move: Rest
|-heal|p2a: Suicune|100/100 slp|[silent]
|move|p1a: Michael Cooper|Soft-Boiled|p1a: Michael Cooper
|-heal|p1a: Michael Cooper|100/100
|
|upkeep
|turn|37
|
|t:|1728533637
|cant|p2a: Suicune|slp
|move|p1a: Michael Cooper|Thunderbolt|p2a: Suicune
|-supereffective|p2a: Suicune
|-damage|p2a: Suicune|65/100 slp
|
|-heal|p2a: Suicune|72/100 slp|[from] item: Leftovers
|upkeep
|turn|38
|
|t:|1728533638
|cant|p2a: Suicune|slp
|move|p1a: Michael Cooper|Thunderbolt|p2a: Suicune
|-supereffective|p2a: Suicune
|-damage|p2a: Suicune|40/100 slp
|
|-heal|p2a: Suicune|46/100 slp|[from] item: Leftovers
|upkeep
|turn|39
|
|t:|1728533640
|-curestatus|p2a: Suicune|slp|[msg]
|move|p2a: Suicune|Surf|p1a: Michael Cooper
|-damage|p1a: Michael Cooper|86/100
|move|p1a: Michael Cooper|Thunderbolt|p2a: Suicune
|-supereffective|p2a: Suicune
|-damage|p2a: Suicune|12/100
|
|-heal|p2a: Suicune|18/100|[from] item: Leftovers
|-heal|p1a: Michael Cooper|92/100|[from] item: Leftovers
|upkeep
|turn|40
|
|t:|1728533643
|move|p2a: Suicune|Rest|p2a: Suicune
|-status|p2a: Suicune|slp|[from] move: Rest
|-heal|p2a: Suicune|100/100 slp|[silent]
|move|p1a: Michael Cooper|Thunderbolt|p2a: Suicune
|-supereffective|p2a: Suicune
|-damage|p2a: Suicune|65/100 slp
|
|-heal|p2a: Suicune|71/100 slp|[from] item: Leftovers
|-heal|p1a: Michael Cooper|99/100|[from] item: Leftovers
|upkeep
|turn|41
|
|t:|1728533649
|cant|p2a: Suicune|slp
|move|p1a: Michael Cooper|Thunderbolt|p2a: Suicune
|-supereffective|p2a: Suicune
|-damage|p2a: Suicune|38/100 slp
|
|-heal|p2a: Suicune|44/100 slp|[from] item: Leftovers
|-heal|p1a: Michael Cooper|100/100|[from] item: Leftovers
|upkeep
|turn|42
|
|t:|1728533655
|cant|p2a: Suicune|slp
|move|p1a: Michael Cooper|Thunderbolt|p2a: Suicune
|-supereffective|p2a: Suicune
|-damage|p2a: Suicune|12/100 slp
|
|-heal|p2a: Suicune|18/100 slp|[from] item: Leftovers
|upkeep
|turn|43
|
|t:|1728533658
|-curestatus|p2a: Suicune|slp|[msg]
|move|p2a: Suicune|Rest|p2a: Suicune
|-status|p2a: Suicune|slp|[from] move: Rest
|-heal|p2a: Suicune|100/100 slp|[silent]
|move|p1a: Michael Cooper|Thunderbolt|p2a: Suicune
|-supereffective|p2a: Suicune
|-crit|p2a: Suicune
|-damage|p2a: Suicune|0 fnt
|faint|p2a: Suicune
|
|t:|1728533680
|switch|p2a: Salamence|Salamence, M|100/100
|-ability|p2a: Salamence|Intimidate|boost
|-unboost|p1a: Michael Cooper|atk|1
|
|upkeep
|turn|44
|
|t:|1728533682
|move|p2a: Salamence|Rock Slide|p1a: Michael Cooper
|-damage|p1a: Michael Cooper|71/100
|cant|p1a: Michael Cooper|flinch
|
|-heal|p1a: Michael Cooper|78/100|[from] item: Leftovers
|upkeep
|turn|45
|
|t:|1728533685
|move|p2a: Salamence|Rock Slide|p1a: Michael Cooper
|-damage|p1a: Michael Cooper|49/100
|cant|p1a: Michael Cooper|flinch
|
|-heal|p1a: Michael Cooper|55/100|[from] item: Leftovers
|upkeep
|turn|46
|inactive|zxgzxg has 270 seconds left.
|
|t:|1728533719
|move|p2a: Salamence|Rock Slide|p1a: Michael Cooper
|-damage|p1a: Michael Cooper|26/100
|move|p1a: Michael Cooper|Ice Beam|p2a: Salamence
|-supereffective|p2a: Salamence
|-damage|p2a: Salamence|0 fnt
|faint|p2a: Salamence
|
|win|Lemon LC
|c|☆Lemon LC|gg
|c|☆zxgzxg|gg

</script>
<script type="application/json" class="data" id="replaydata-smogtours-gen3ou-796864">
{"id":"smogtours-gen3ou-796864","format":"[Gen 3] OU","players":["Lemon LC","zxgzxg"],"uploadtime":1728533719,"views":101,"formatid":"gen3ou","rating":null,"private":0,"password":null}
</script>

<script defer src="js/replays.js?9d40a366"></script>
