<!DOCTYPE html>
<meta charset="utf-8" />
<meta name="viewport" content="width=device-width" />

<title>[Gen 3] OU: Lunarvania vs. azepto - Replays - Pok&eacute;mon Showdown!</title>

<meta name="description" content="Watch a replay of a Pok&eacute;mon battle between Lunarvania and azepto! Format: [Gen 3] OU; Date: Oct 11, 2024" />
<!--

Hey, you! Looking in the source for the replay log?

You can find them in JSON format, just add `.json` at the end of a replay URL.

https://replay.pokemonshowdown.com/gen7randomdoublesbattle-865046831.json

Or, if you only need the log itself, add `.log` instead:

https://replay.pokemonshowdown.com/gen7randomdoublesbattle-865046831.log

-->

<link rel="stylesheet" href="//pokemonshowdown.com/style/global.css?0.023195364461161105" />
<link rel="stylesheet" href="//play.pokemonshowdown.com/style/font-awesome.css?0.13261647063804238" />
<link rel="stylesheet" href="//play.pokemonshowdown.com/style/battle.css?0.8753245789963631" />
<link rel="stylesheet" href="//play.pokemonshowdown.com/style/utilichart.css?0.8627959624976733" />

<!-- Global site tag (gtag.js) - Google Analytics -->
<script async src="https://www.googletagmanager.com/gtag/js?id=UA-26211653-1"></script>
<script>
  window.dataLayer = window.dataLayer || [];
  function gtag(){dataLayer.push(arguments);}
  gtag('js', new Date());

  gtag('config', 'UA-26211653-1');
</script>
<!-- End Google Analytics -->
<!-- Venatus Ad Manager - Install in <HEAD> of page -->
	<script src="https://hb.vntsm.com/v3/live/ad-manager.min.js" type="text/javascript" data-site-id="642aba63ec9a7b11c3c9c1be" data-mode="scan" async></script>
<!-- / Venatus Ad Manager -->

<style>
	@media (max-width:820px) {
		.battle {
			margin: 0 auto;
		}
		.battle-log {
			margin: 7px auto 0;
			max-width: 640px;
			height: 300px;
			position: static;
		}
	}
	.optgroup {
		display: inline-block;
		line-height: 22px;
		font-size: 10pt;
	}
	.optgroup .button {
		height: 25px;
		padding-top: 0;
		padding-bottom: 0;
	}
	.optgroup button.button {
		padding-left: 12px;
		padding-right: 12px;
	}
	.linklist {
		list-style: none;
		margin: 0.5em 0;
		padding: 0;
	}
	.linklist li {
		padding: 2px 0;
	}
	.sidebar {
		float: left;
		width: 320px;
	}
	.bar-wrapper {
		max-width: 1100px;
		margin: 0 auto;
	}
	.bar-wrapper.has-sidebar {
		max-width: 1430px;
	}
	.mainbar {
		margin: 0;
		padding-right: 1px;
	}
	.mainbar.has-sidebar {
		margin-left: 330px;
	}
	@media (min-width: 1511px) {
		.sidebar {
			width: 400px;
		}
		.bar-wrapper.has-sidebar {
			max-width: 1510px;
		}
		.mainbar.has-sidebar {
			margin-left: 410px;
		}
	}
	.section.first-section {
		margin-top: 9px;
	}
	.blocklink small {
		white-space: normal;
	}
	.button {
		vertical-align: middle;
	}
	.replay-controls {
		padding-top: 10px;
	}
	.replay-controls h1 {
		font-size: 16pt;
		font-weight: normal;
		color: #CCC;
	}
	.pagelink {
		text-align: center;
	}
	.pagelink a {
		width: 150px;
	}
	.textbox, .button {
		font-size: 11pt;
		vertical-align: middle;
	}
	@media (max-width: 450px) {
		.button {
			font-size: 9pt;
		}
	}
</style>

<div>

	<header>
		<div class="nav-wrapper"><ul class="nav">
			<li><a class="button nav-first" href="//pokemonshowdown.com/"><img src="//pokemonshowdown.com/images/pokemonshowdownbeta.png" srcset="//pokemonshowdown.com/images/pokemonshowdownbeta.png 1x, //pokemonshowdown.com/images/pokemonshowdownbeta@2x.png 2x" alt="Pok&eacute;mon Showdown" width="146" height="44" /> Home</a></li>
			<li><a class="button" href="//pokemonshowdown.com/dex/">Pok&eacute;dex</a></li>
			<li><a class="button cur" href="/">Replays</a></li>
			<li><a class="button" href="//pokemonshowdown.com/ladder/">Ladder</a></li>
			<li><a class="button nav-last" href="//pokemonshowdown.com/forums/">Forum</a></li>
			<li><a class="button greenbutton nav-first nav-last" href="//play.pokemonshowdown.com/">Play</a></li>
		</ul></div>
	</header>

	<div class="main" id="main">

		<noscript><section class="section">You need to enable JavaScript to use this page; sorry!</section></noscript>

	</div>

</div>

<script defer nomodule src="//play.pokemonshowdown.com/js/lib/ps-polyfill.js"></script>
<script defer src="//play.pokemonshowdown.com/js/lib/preact.min.js"></script>

<script defer src="//play.pokemonshowdown.com/config/config.js?2bddbc15"></script>
<script defer src="//play.pokemonshowdown.com/js/lib/jquery-1.11.0.min.js"></script>
<script defer src="//play.pokemonshowdown.com/js/lib/html-sanitizer-minified.js"></script>
<script defer src="//play.pokemonshowdown.com/js/battle-sound.js"></script>
<script defer src="//play.pokemonshowdown.com/js/battledata.js?0.7209276989879541"></script>
<script defer src="//play.pokemonshowdown.com/data/pokedex-mini.js?0.6111056340867951"></script>
<script defer src="//play.pokemonshowdown.com/data/pokedex-mini-bw.js?0.3532142036491459"></script>
<script defer src="//play.pokemonshowdown.com/data/graphics.js?0.24223875632456182"></script>
<script defer src="//play.pokemonshowdown.com/data/pokedex.js?0.38839984266356864"></script>
<script defer src="//play.pokemonshowdown.com/data/moves.js?0.21866028504024015"></script>
<script defer src="//play.pokemonshowdown.com/data/abilities.js?0.2005157953846628"></script>
<script defer src="//play.pokemonshowdown.com/data/items.js?0.9894211263848525"></script>
<script defer src="//play.pokemonshowdown.com/data/teambuilder-tables.js?0.6008791140282215"></script>
<script defer src="//play.pokemonshowdown.com/js/battle-tooltips.js?0.7580118955022959"></script>
<script defer src="//play.pokemonshowdown.com/js/battle.js?0.6057722274234274"></script>

<script defer src="js/utils.js?e31f9a17"></script>
<script defer src="js/replays-battle.js?7008c182"></script>

<!-- don't scrape this data! just add .json or .log after the URL!
Full API docs: https://github.com/smogon/pokemon-showdown-client/blob/master/WEB-API.md -->
<script type="text/plain" class="log" id="replaylog-smogtours-gen3ou-797090">
|inactive|Battle timer is ON: inactive players will automatically lose when time's up.
|t:|1728606318
|gametype|singles
|player|p1|Lunarvania|sage|
|player|p2|azepto|102|
|teamsize|p1|6
|teamsize|p2|6
|gen|3
|tier|[Gen 3] OU
|rule|Sleep Clause Mod: Limit one foe put to sleep
|rule|Switch Priority Clause Mod: Faster Pokémon switch first
|rule|Species Clause: Limit one of each Pokémon
|rule|OHKO Clause: OHKO moves are banned
|rule|Evasion Items Clause: Evasion items are banned
|rule|Evasion Moves Clause: Evasion moves are banned
|rule|Endless Battle Clause: Forcing endless battles is banned
|rule|HP Percentage Mod: HP is shown in percentages
|rule|One Boost Passer Clause: Limit one Baton Passer that has a way to boost its stats
|rule|Freeze Clause Mod: Limit one foe frozen
|
|t:|1728606318
|start
|switch|p1a: Salamence|Salamence, M|100/100
|switch|p2a: Regirock|Regirock|100/100
|-ability|p1a: Salamence|Intimidate|boost
|-fail|p2a: Regirock|unboost|[from] ability: Clear Body|[of] p2a: Regirock
|turn|1
|
|t:|1728606324
|switch|p1a: Swampert|Swampert, F|100/100
|move|p2a: Regirock|Thunder Wave|p1a: Swampert
|-immune|p1a: Swampert
|
|upkeep
|turn|2
|
|t:|1728606334
|move|p1a: Swampert|Curse|p1a: Swampert
|-unboost|p1a: Swampert|spe|1
|-boost|p1a: Swampert|atk|1
|-boost|p1a: Swampert|def|1
|move|p2a: Regirock|Earthquake|p1a: Swampert
|-damage|p1a: Swampert|82/100
|
|-heal|p1a: Swampert|88/100|[from] item: Leftovers
|upkeep
|turn|3
|
|t:|1728606339
|move|p2a: Regirock|Explosion|p1a: Swampert
|-damage|p1a: Swampert|2/100
|faint|p2a: Regirock
|
|t:|1728606352
|switch|p2a: Blissey|Blissey, F|100/100
|
|-heal|p1a: Swampert|8/100|[from] item: Leftovers
|upkeep
|turn|4
|
|t:|1728606359
|switch|p1a: Celebi|Celebi|100/100
|move|p2a: Blissey|Seismic Toss|p1a: Celebi
|-damage|p1a: Celebi|75/100
|
|-heal|p1a: Celebi|81/100|[from] item: Leftovers
|upkeep
|turn|5
|
|t:|1728606368
|switch|p2a: Salamence|Salamence, M|100/100
|-ability|p2a: Salamence|Intimidate|boost
|-unboost|p1a: Celebi|atk|1
|move|p1a: Celebi|Leech Seed|p2a: Salamence
|-start|p2a: Salamence|move: Leech Seed
|
|-damage|p2a: Salamence|88/100|[from] Leech Seed|[of] p1a: Celebi
|-heal|p1a: Celebi|92/100|[silent]
|-heal|p1a: Celebi|98/100|[from] item: Leftovers
|upkeep
|turn|6
|
|t:|1728606375
|switch|p1a: Swampert|Swampert, F|8/100
|move|p2a: Salamence|Hidden Power|p1a: Swampert
|-damage|p1a: Swampert|0 fnt
|faint|p1a: Swampert
|
|t:|1728606392
|switch|p1a: Aerodactyl|Aerodactyl, F|100/100
|
|-damage|p2a: Salamence|76/100|[from] Leech Seed|[of] p1a: Aerodactyl
|upkeep
|turn|7
|
|t:|1728606395
|switch|p2a: Starmie|Starmie|100/100
|move|p1a: Aerodactyl|Rock Slide|p2a: Starmie
|-damage|p2a: Starmie|52/100
|
|-heal|p2a: Starmie|58/100|[from] item: Leftovers
|upkeep
|turn|8
|
|t:|1728606411
|switch|p1a: Celebi|Celebi|98/100
|move|p2a: Starmie|Thunder Wave|p1a: Celebi
|-status|p1a: Celebi|par
|
|-heal|p2a: Starmie|64/100|[from] item: Leftovers
|-heal|p1a: Celebi|100/100 par|[from] item: Leftovers
|upkeep
|turn|9
|
|t:|1728606426
|switch|p2a: Salamence|Salamence, M|76/100
|-ability|p2a: Salamence|Intimidate|boost
|-unboost|p1a: Celebi|atk|1
|move|p1a: Celebi|Leech Seed|p2a: Salamence
|-start|p2a: Salamence|move: Leech Seed
|
|-damage|p2a: Salamence|64/100|[from] Leech Seed|[of] p1a: Celebi
|upkeep
|turn|10
|
|t:|1728606438
|-curestatus|p1a: Celebi|par|[from] ability: Natural Cure
|switch|p1a: Tyranitar|Tyranitar, M|100/100
|-weather|Sandstorm|[from] ability: Sand Stream|[of] p1a: Tyranitar
|move|p2a: Salamence|Rock Slide|p1a: Tyranitar
|-damage|p1a: Tyranitar|65/100
|
|-weather|Sandstorm|[upkeep]
|-damage|p2a: Salamence|57/100|[from] Sandstorm
|-damage|p2a: Salamence|45/100|[from] Leech Seed|[of] p1a: Tyranitar
|-heal|p1a: Tyranitar|75/100|[silent]
|-heal|p1a: Tyranitar|82/100|[from] item: Leftovers
|upkeep
|turn|11
|inactive|azepto has 270 seconds left.
|
|t:|1728606493
|switch|p2a: Blissey|Blissey, F|100/100
|move|p1a: Tyranitar|Hidden Power|p2a: Blissey
|-damage|p2a: Blissey|77/100
|
|-weather|Sandstorm|[upkeep]
|-damage|p2a: Blissey|71/100|[from] Sandstorm
|-heal|p1a: Tyranitar|88/100|[from] item: Leftovers
|-heal|p2a: Blissey|77/100|[from] item: Leftovers
|upkeep
|turn|12
|
|t:|1728606502
|switch|p1a: Celebi|Celebi|100/100
|move|p2a: Blissey|Thunder Wave|p1a: Celebi
|-status|p1a: Celebi|par
|
|-weather|Sandstorm|[upkeep]
|-damage|p2a: Blissey|71/100|[from] Sandstorm
|-damage|p1a: Celebi|94/100 par|[from] Sandstorm
|-heal|p2a: Blissey|77/100|[from] item: Leftovers
|-heal|p1a: Celebi|100/100 par|[from] item: Leftovers
|upkeep
|turn|13
|inactive|azepto has 240 seconds left.
|
|t:|1728606543
|switch|p2a: Starmie|Starmie|64/100
|cant|p1a: Celebi|par
|
|-weather|Sandstorm|[upkeep]
|-damage|p2a: Starmie|58/100|[from] Sandstorm
|-damage|p1a: Celebi|94/100 par|[from] Sandstorm
|-heal|p2a: Starmie|64/100|[from] item: Leftovers
|-heal|p1a: Celebi|100/100 par|[from] item: Leftovers
|upkeep
|turn|14
|
|t:|1728606560
|move|p2a: Starmie|Recover|p2a: Starmie
|-heal|p2a: Starmie|100/100
|move|p1a: Celebi|Giga Drain|p2a: Starmie
|-supereffective|p2a: Starmie
|-damage|p2a: Starmie|30/100
|
|-weather|Sandstorm|[upkeep]
|-damage|p2a: Starmie|23/100|[from] Sandstorm
|-damage|p1a: Celebi|94/100 par|[from] Sandstorm
|-heal|p2a: Starmie|30/100|[from] item: Leftovers
|-heal|p1a: Celebi|100/100 par|[from] item: Leftovers
|upkeep
|turn|15
|inactive|azepto has 210 seconds left.
|
|t:|1728606599
|switch|p2a: Salamence|Salamence, M|45/100
|-ability|p2a: Salamence|Intimidate|boost
|-unboost|p1a: Celebi|atk|1
|move|p1a: Celebi|Psychic|p2a: Salamence
|-damage|p2a: Salamence|0 fnt
|faint|p2a: Salamence
|inactive|azepto has 180 seconds left.
|
|t:|1728606652
|switch|p2a: Aerodactyl|Aerodactyl, M|100/100
|
|-weather|Sandstorm|[upkeep]
|-damage|p1a: Celebi|94/100 par|[from] Sandstorm
|-heal|p1a: Celebi|100/100 par|[from] item: Leftovers
|upkeep
|turn|16
|
|t:|1728606657
|-curestatus|p1a: Celebi|par|[from] ability: Natural Cure
|switch|p1a: Skarmory|Skarmory, F|100/100
|move|p2a: Aerodactyl|Substitute|p2a: Aerodactyl
|-start|p2a: Aerodactyl|Substitute
|-damage|p2a: Aerodactyl|75/100
|
|-weather|Sandstorm|[upkeep]
|upkeep
|turn|17
|
|t:|1728606662
|move|p2a: Aerodactyl|Rock Slide|p1a: Skarmory
|-damage|p1a: Skarmory|74/100
|cant|p1a: Skarmory|flinch
|
|-weather|Sandstorm|[upkeep]
|-heal|p1a: Skarmory|80/100|[from] item: Leftovers
|upkeep
|turn|18
|
|t:|1728606666
|move|p2a: Aerodactyl|Rock Slide|p1a: Skarmory
|-damage|p1a: Skarmory|56/100
|move|p1a: Skarmory|Roar|p2a: Aerodactyl
|drag|p2a: Tyranitar|Tyranitar, M|100/100
|
|-weather|Sandstorm|[upkeep]
|-heal|p1a: Skarmory|62/100|[from] item: Leftovers
|upkeep
|turn|19
|
|t:|1728606671
|switch|p2a: Starmie|Starmie|30/100
|move|p1a: Skarmory|Toxic|p2a: Starmie
|-status|p2a: Starmie|tox
|
|-weather|Sandstorm|[upkeep]
|-damage|p2a: Starmie|23/100 tox|[from] Sandstorm
|-heal|p2a: Starmie|30/100 tox|[from] item: Leftovers
|-damage|p2a: Starmie|23/100 tox|[from] psn
|-heal|p1a: Skarmory|68/100|[from] item: Leftovers
|upkeep
|turn|20
|
|t:|1728606677
|switch|p1a: Celebi|Celebi|100/100
|move|p2a: Starmie|Recover|p2a: Starmie
|-heal|p2a: Starmie|73/100 tox
|
|-weather|Sandstorm|[upkeep]
|-damage|p2a: Starmie|67/100 tox|[from] Sandstorm
|-damage|p1a: Celebi|94/100|[from] Sandstorm
|-heal|p2a: Starmie|73/100 tox|[from] item: Leftovers
|-damage|p2a: Starmie|61/100 tox|[from] psn
|-heal|p1a: Celebi|100/100|[from] item: Leftovers
|upkeep
|turn|21
|
|t:|1728606685
|-curestatus|p2a: Starmie|tox|[from] ability: Natural Cure
|switch|p2a: Blissey|Blissey, F|77/100
|move|p1a: Celebi|Leech Seed|p2a: Blissey
|-start|p2a: Blissey|move: Leech Seed
|
|-weather|Sandstorm|[upkeep]
|-damage|p1a: Celebi|94/100|[from] Sandstorm
|-damage|p2a: Blissey|71/100|[from] Sandstorm
|-heal|p1a: Celebi|100/100|[from] item: Leftovers
|-heal|p2a: Blissey|77/100|[from] item: Leftovers
|-damage|p2a: Blissey|64/100|[from] Leech Seed|[of] p1a: Celebi
|upkeep
|turn|22
|inactive|azepto has 210 seconds left.
|
|t:|1728606699
|switch|p1a: Skarmory|Skarmory, F|68/100
|move|p2a: Blissey|Thunder Wave|p1a: Skarmory
|-status|p1a: Skarmory|par
|
|-weather|Sandstorm|[upkeep]
|-damage|p2a: Blissey|58/100|[from] Sandstorm
|-heal|p2a: Blissey|64/100|[from] item: Leftovers
|-damage|p2a: Blissey|52/100|[from] Leech Seed|[of] p1a: Skarmory
|-heal|p1a: Skarmory|95/100 par|[silent]
|-heal|p1a: Skarmory|100/100 par|[from] item: Leftovers
|upkeep
|turn|23
|
|t:|1728606706
|switch|p2a: Starmie|Starmie|61/100
|cant|p1a: Skarmory|par
|
|-weather|Sandstorm|[upkeep]
|-damage|p2a: Starmie|55/100|[from] Sandstorm
|-heal|p2a: Starmie|61/100|[from] item: Leftovers
|upkeep
|turn|24
|inactive|azepto has 210 seconds left.
|
|t:|1728606726
|switch|p1a: Celebi|Celebi|100/100
|move|p2a: Starmie|Recover|p2a: Starmie
|-heal|p2a: Starmie|100/100
|
|-weather|Sandstorm|[upkeep]
|-damage|p2a: Starmie|94/100|[from] Sandstorm
|-damage|p1a: Celebi|94/100|[from] Sandstorm
|-heal|p2a: Starmie|100/100|[from] item: Leftovers
|-heal|p1a: Celebi|100/100|[from] item: Leftovers
|upkeep
|turn|25
|
|t:|1728606736
|switch|p1a: Aerodactyl|Aerodactyl, F|100/100
|move|p2a: Starmie|Thunder Wave|p1a: Aerodactyl
|-status|p1a: Aerodactyl|par
|
|-weather|Sandstorm|[upkeep]
|-damage|p2a: Starmie|94/100|[from] Sandstorm
|-heal|p2a: Starmie|100/100|[from] item: Leftovers
|upkeep
|turn|26
|
|t:|1728606741
|move|p2a: Starmie|Thunderbolt|p1a: Aerodactyl
|-supereffective|p1a: Aerodactyl
|-damage|p1a: Aerodactyl|36/100 par
|move|p1a: Aerodactyl|Hidden Power|p2a: Starmie
|-supereffective|p2a: Starmie
|-damage|p2a: Starmie|47/100
|
|-weather|Sandstorm|[upkeep]
|-damage|p2a: Starmie|41/100|[from] Sandstorm
|-heal|p2a: Starmie|47/100|[from] item: Leftovers
|upkeep
|turn|27
|
|t:|1728606746
|move|p2a: Starmie|Thunderbolt|p1a: Aerodactyl
|-supereffective|p1a: Aerodactyl
|-damage|p1a: Aerodactyl|0 fnt
|faint|p1a: Aerodactyl
|
|t:|1728606749
|switch|p1a: Celebi|Celebi|100/100
|
|-weather|Sandstorm|[upkeep]
|-damage|p2a: Starmie|41/100|[from] Sandstorm
|-damage|p1a: Celebi|94/100|[from] Sandstorm
|-heal|p2a: Starmie|47/100|[from] item: Leftovers
|-heal|p1a: Celebi|100/100|[from] item: Leftovers
|upkeep
|turn|28
|
|t:|1728606752
|switch|p2a: Blissey|Blissey, F|52/100
|move|p1a: Celebi|Giga Drain|p2a: Blissey
|-damage|p2a: Blissey|41/100
|
|-weather|Sandstorm|[upkeep]
|-damage|p1a: Celebi|94/100|[from] Sandstorm
|-damage|p2a: Blissey|35/100|[from] Sandstorm
|-heal|p1a: Celebi|100/100|[from] item: Leftovers
|-heal|p2a: Blissey|41/100|[from] item: Leftovers
|upkeep
|turn|29
|
|t:|1728606758
|move|p1a: Celebi|Leech Seed|p2a: Blissey|[miss]
|-miss|p1a: Celebi|p2a: Blissey
|move|p2a: Blissey|Thunder Wave|p1a: Celebi
|-status|p1a: Celebi|par
|
|-weather|Sandstorm|[upkeep]
|-damage|p2a: Blissey|35/100|[from] Sandstorm
|-damage|p1a: Celebi|94/100 par|[from] Sandstorm
|-heal|p2a: Blissey|41/100|[from] item: Leftovers
|-heal|p1a: Celebi|100/100 par|[from] item: Leftovers
|upkeep
|turn|30
|
|t:|1728606760
|move|p2a: Blissey|Soft-Boiled|p2a: Blissey
|-heal|p2a: Blissey|91/100
|move|p1a: Celebi|Leech Seed|p2a: Blissey
|-start|p2a: Blissey|move: Leech Seed
|
|-weather|Sandstorm|[upkeep]
|-damage|p2a: Blissey|85/100|[from] Sandstorm
|-damage|p1a: Celebi|94/100 par|[from] Sandstorm
|-heal|p2a: Blissey|91/100|[from] item: Leftovers
|-damage|p2a: Blissey|78/100|[from] Leech Seed|[of] p1a: Celebi
|-heal|p1a: Celebi|100/100 par|[silent]
|upkeep
|turn|31
|inactive|azepto has 270 seconds left.
|
|t:|1728606779
|move|p2a: Blissey|Soft-Boiled|p2a: Blissey
|-heal|p2a: Blissey|100/100
|cant|p1a: Celebi|par
|
|-weather|Sandstorm|[upkeep]
|-damage|p2a: Blissey|94/100|[from] Sandstorm
|-damage|p1a: Celebi|94/100 par|[from] Sandstorm
|-heal|p2a: Blissey|100/100|[from] item: Leftovers
|-damage|p2a: Blissey|88/100|[from] Leech Seed|[of] p1a: Celebi
|-heal|p1a: Celebi|100/100 par|[silent]
|upkeep
|turn|32
|
|t:|1728606792
|switch|p2a: Aerodactyl|Aerodactyl, M|75/100
|move|p1a: Celebi|Psychic|p2a: Aerodactyl
|-damage|p2a: Aerodactyl|10/100
|
|-weather|Sandstorm|[upkeep]
|-damage|p1a: Celebi|94/100 par|[from] Sandstorm
|-enditem|p2a: Aerodactyl|Liechi Berry|[eat]
|-boost|p2a: Aerodactyl|atk|1|[from] item: Liechi Berry
|-heal|p1a: Celebi|100/100 par|[from] item: Leftovers
|upkeep
|turn|33
|
|t:|1728606800
|-curestatus|p1a: Celebi|par|[from] ability: Natural Cure
|switch|p1a: Skarmory|Skarmory, F|100/100 par
|move|p2a: Aerodactyl|Rock Slide|p1a: Skarmory
|-damage|p1a: Skarmory|64/100 par
|
|-weather|Sandstorm|[upkeep]
|-heal|p1a: Skarmory|70/100 par|[from] item: Leftovers
|upkeep
|turn|34
|
|t:|1728606806
|move|p2a: Aerodactyl|Rock Slide|p1a: Skarmory
|-damage|p1a: Skarmory|33/100 par
|cant|p1a: Skarmory|par
|
|-weather|Sandstorm|[upkeep]
|-heal|p1a: Skarmory|39/100 par|[from] item: Leftovers
|upkeep
|turn|35
|
|t:|1728606808
|move|p2a: Aerodactyl|Rock Slide|p1a: Skarmory
|-damage|p1a: Skarmory|2/100 par
|cant|p1a: Skarmory|par
|
|-weather|Sandstorm|[upkeep]
|-heal|p1a: Skarmory|8/100 par|[from] item: Leftovers
|upkeep
|turn|36
|
|t:|1728606815
|move|p2a: Aerodactyl|Double-Edge|p1a: Skarmory
|-resisted|p1a: Skarmory
|-crit|p1a: Skarmory
|-damage|p1a: Skarmory|0 fnt
|faint|p1a: Skarmory
|
|t:|1728606820
|switch|p1a: Salamence|Salamence, M|100/100
|-ability|p1a: Salamence|Intimidate|boost
|-unboost|p2a: Aerodactyl|atk|1
|
|-weather|Sandstorm|[upkeep]
|-damage|p1a: Salamence|94/100|[from] Sandstorm
|-heal|p1a: Salamence|100/100|[from] item: Leftovers
|upkeep
|turn|37
|
|t:|1728606825
|move|p2a: Aerodactyl|Rock Slide|p1a: Salamence
|-supereffective|p1a: Salamence
|-damage|p1a: Salamence|7/100
|move|p1a: Salamence|Dragon Claw|p2a: Aerodactyl
|-damage|p2a: Aerodactyl|0 fnt
|faint|p2a: Aerodactyl
|
|t:|1728606846
|switch|p2a: Starmie|Starmie|47/100
|
|-weather|Sandstorm|[upkeep]
|-damage|p1a: Salamence|1/100|[from] Sandstorm
|-damage|p2a: Starmie|41/100|[from] Sandstorm
|-heal|p1a: Salamence|7/100|[from] item: Leftovers
|-heal|p2a: Starmie|47/100|[from] item: Leftovers
|upkeep
|turn|38
|
|t:|1728606858
|switch|p1a: Celebi|Celebi|100/100
|move|p2a: Starmie|Thunderbolt|p1a: Celebi
|-resisted|p1a: Celebi
|-damage|p1a: Celebi|90/100
|
|-weather|Sandstorm|[upkeep]
|-damage|p2a: Starmie|41/100|[from] Sandstorm
|-damage|p1a: Celebi|84/100|[from] Sandstorm
|-heal|p2a: Starmie|47/100|[from] item: Leftovers
|-heal|p1a: Celebi|90/100|[from] item: Leftovers
|upkeep
|turn|39
|
|t:|1728606864
|switch|p2a: Blissey|Blissey, F|88/100
|move|p1a: Celebi|Leech Seed|p2a: Blissey
|-start|p2a: Blissey|move: Leech Seed
|
|-weather|Sandstorm|[upkeep]
|-damage|p1a: Celebi|84/100|[from] Sandstorm
|-damage|p2a: Blissey|82/100|[from] Sandstorm
|-heal|p1a: Celebi|90/100|[from] item: Leftovers
|-heal|p2a: Blissey|88/100|[from] item: Leftovers
|-damage|p2a: Blissey|76/100|[from] Leech Seed|[of] p1a: Celebi
|-heal|p1a: Celebi|100/100|[silent]
|upkeep
|turn|40
|
|t:|1728606869
|move|p1a: Celebi|Psychic|p2a: Blissey
|-damage|p2a: Blissey|60/100
|move|p2a: Blissey|Thunder Wave|p1a: Celebi
|-status|p1a: Celebi|par
|
|-weather|Sandstorm|[upkeep]
|-damage|p2a: Blissey|54/100|[from] Sandstorm
|-damage|p1a: Celebi|94/100 par|[from] Sandstorm
|-heal|p2a: Blissey|60/100|[from] item: Leftovers
|-damage|p2a: Blissey|47/100|[from] Leech Seed|[of] p1a: Celebi
|-heal|p1a: Celebi|100/100 par|[silent]
|upkeep
|turn|41
|
|t:|1728606888
|switch|p2a: Starmie|Starmie|47/100
|move|p1a: Celebi|Psychic|p2a: Starmie
|-resisted|p2a: Starmie
|-crit|p2a: Starmie
|-damage|p2a: Starmie|0 fnt
|faint|p2a: Starmie
|
|t:|1728606897
|switch|p2a: Tyranitar|Tyranitar, M|100/100
|
|-weather|Sandstorm|[upkeep]
|-damage|p1a: Celebi|94/100 par|[from] Sandstorm
|-heal|p1a: Celebi|100/100 par|[from] item: Leftovers
|upkeep
|turn|42
|
|t:|1728606906
|-curestatus|p1a: Celebi|par|[from] ability: Natural Cure
|switch|p1a: Tyranitar|Tyranitar, M|88/100
|move|p2a: Tyranitar|Dragon Dance|p2a: Tyranitar
|-boost|p2a: Tyranitar|atk|1
|-boost|p2a: Tyranitar|spe|1
|
|-weather|Sandstorm|[upkeep]
|-heal|p1a: Tyranitar|94/100|[from] item: Leftovers
|upkeep
|turn|43
|
|t:|1728606932
|move|p2a: Tyranitar|Dragon Dance|p2a: Tyranitar
|-boost|p2a: Tyranitar|atk|1
|-boost|p2a: Tyranitar|spe|1
|move|p1a: Tyranitar|Earthquake|p2a: Tyranitar
|-supereffective|p2a: Tyranitar
|-damage|p2a: Tyranitar|26/100
|
|-weather|Sandstorm|[upkeep]
|-heal|p1a: Tyranitar|99/100|[from] item: Leftovers
|upkeep
|turn|44
|
|t:|1728606940
|switch|p1a: Salamence|Salamence, M|7/100
|-ability|p1a: Salamence|Intimidate|boost
|-unboost|p2a: Tyranitar|atk|1
|move|p2a: Tyranitar|Earthquake|p1a: Salamence
|-immune|p1a: Salamence
|
|-weather|Sandstorm|[upkeep]
|-damage|p1a: Salamence|1/100|[from] Sandstorm
|-heal|p1a: Salamence|7/100|[from] item: Leftovers
|upkeep
|turn|45
|
|t:|1728606957
|move|p2a: Tyranitar|Hidden Power|p1a: Salamence
|-resisted|p1a: Salamence
|-damage|p1a: Salamence|0 fnt
|faint|p1a: Salamence
|
|t:|1728606960
|switch|p1a: Tyranitar|Tyranitar, M|99/100
|
|-weather|Sandstorm|[upkeep]
|-heal|p1a: Tyranitar|100/100|[from] item: Leftovers
|upkeep
|turn|46
|inactive|azepto has 270 seconds left.
|
|t:|1728607004
|move|p2a: Tyranitar|Rock Slide|p1a: Tyranitar
|-damage|p1a: Tyranitar|53/100
|move|p1a: Tyranitar|Earthquake|p2a: Tyranitar
|-supereffective|p2a: Tyranitar
|-damage|p2a: Tyranitar|0 fnt
|faint|p2a: Tyranitar
|
|t:|1728607006
|switch|p2a: Blissey|Blissey, F|47/100
|
|-weather|Sandstorm|[upkeep]
|-damage|p2a: Blissey|41/100|[from] Sandstorm
|-heal|p1a: Tyranitar|59/100|[from] item: Leftovers
|-heal|p2a: Blissey|47/100|[from] item: Leftovers
|upkeep
|turn|47
|inactive|azepto has 270 seconds left.
|
|t:|1728607019
|move|p1a: Tyranitar|Rock Slide|p2a: Blissey
|-damage|p2a: Blissey|10/100
|cant|p2a: Blissey|flinch
|
|-weather|Sandstorm|[upkeep]
|-damage|p2a: Blissey|4/100|[from] Sandstorm
|-heal|p1a: Tyranitar|65/100|[from] item: Leftovers
|-heal|p2a: Blissey|10/100|[from] item: Leftovers
|upkeep
|turn|48
|inactive|azepto has 270 seconds left.
|
|t:|1728607025
|move|p1a: Tyranitar|Earthquake|p2a: Blissey
|-damage|p2a: Blissey|0 fnt
|faint|p2a: Blissey
|
|win|Lunarvania
|c|☆azepto|gg
|c|☆Lunarvania|gg

</script>
<script type="application/json" class="data" id="replaydata-smogtours-gen3ou-797090">
{"id":"smogtours-gen3ou-797090","format":"[Gen 3] OU","players":["Lunarvania","azepto"],"uploadtime":1728607025,"views":91,"formatid":"gen3ou","rating":null,"private":0,"password":null}
</script>

<script defer src="js/replays.js?9d40a366"></script>
