<!DOCTYPE html>
<meta charset="utf-8" />
<meta name="viewport" content="width=device-width" />

<title>[Gen 3] OU: TheLargestLad vs. Pak - Replays - Pok&eacute;mon Showdown!</title>

<meta name="description" content="Watch a replay of a Pok&eacute;mon battle between TheLargestLad and Pak! Format: [Gen 3] OU; Date: Oct 27, 2024" />
<!--

Hey, you! Looking in the source for the replay log?

You can find them in JSON format, just add `.json` at the end of a replay URL.

https://replay.pokemonshowdown.com/gen7randomdoublesbattle-865046831.json

Or, if you only need the log itself, add `.log` instead:

https://replay.pokemonshowdown.com/gen7randomdoublesbattle-865046831.log

-->

<link rel="stylesheet" href="//pokemonshowdown.com/style/global.css?0.023195364461161105" />
<link rel="stylesheet" href="//play.pokemonshowdown.com/style/font-awesome.css?0.13261647063804238" />
<link rel="stylesheet" href="//play.pokemonshowdown.com/style/battle.css?0.8753245789963631" />
<link rel="stylesheet" href="//play.pokemonshowdown.com/style/utilichart.css?0.8627959624976733" />

<!-- Global site tag (gtag.js) - Google Analytics -->
<script async src="https://www.googletagmanager.com/gtag/js?id=UA-26211653-1"></script>
<script>
  window.dataLayer = window.dataLayer || [];
  function gtag(){dataLayer.push(arguments);}
  gtag('js', new Date());

  gtag('config', 'UA-26211653-1');
</script>
<!-- End Google Analytics -->
<!-- Venatus Ad Manager - Install in <HEAD> of page -->
	<script src="https://hb.vntsm.com/v3/live/ad-manager.min.js" type="text/javascript" data-site-id="642aba63ec9a7b11c3c9c1be" data-mode="scan" async></script>
<!-- / Venatus Ad Manager -->

<style>
	@media (max-width:820px) {
		.battle {
			margin: 0 auto;
		}
		.battle-log {
			margin: 7px auto 0;
			max-width: 640px;
			height: 300px;
			position: static;
		}
	}
	.optgroup {
		display: inline-block;
		line-height: 22px;
		font-size: 10pt;
	}
	.optgroup .button {
		height: 25px;
		padding-top: 0;
		padding-bottom: 0;
	}
	.optgroup button.button {
		padding-left: 12px;
		padding-right: 12px;
	}
	.linklist {
		list-style: none;
		margin: 0.5em 0;
		padding: 0;
	}
	.linklist li {
		padding: 2px 0;
	}
	.sidebar {
		float: left;
		width: 320px;
	}
	.bar-wrapper {
		max-width: 1100px;
		margin: 0 auto;
	}
	.bar-wrapper.has-sidebar {
		max-width: 1430px;
	}
	.mainbar {
		margin: 0;
		padding-right: 1px;
	}
	.mainbar.has-sidebar {
		margin-left: 330px;
	}
	@media (min-width: 1511px) {
		.sidebar {
			width: 400px;
		}
		.bar-wrapper.has-sidebar {
			max-width: 1510px;
		}
		.mainbar.has-sidebar {
			margin-left: 410px;
		}
	}
	.section.first-section {
		margin-top: 9px;
	}
	.blocklink small {
		white-space: normal;
	}
	.button {
		vertical-align: middle;
	}
	.replay-controls {
		padding-top: 10px;
	}
	.replay-controls h1 {
		font-size: 16pt;
		font-weight: normal;
		color: #CCC;
	}
	.pagelink {
		text-align: center;
	}
	.pagelink a {
		width: 150px;
	}
	.textbox, .button {
		font-size: 11pt;
		vertical-align: middle;
	}
	@media (max-width: 450px) {
		.button {
			font-size: 9pt;
		}
	}
</style>

<div>

	<header>
		<div class="nav-wrapper"><ul class="nav">
			<li><a class="button nav-first" href="//pokemonshowdown.com/"><img src="//pokemonshowdown.com/images/pokemonshowdownbeta.png" srcset="//pokemonshowdown.com/images/pokemonshowdownbeta.png 1x, //pokemonshowdown.com/images/pokemonshowdownbeta@2x.png 2x" alt="Pok&eacute;mon Showdown" width="146" height="44" /> Home</a></li>
			<li><a class="button" href="//pokemonshowdown.com/dex/">Pok&eacute;dex</a></li>
			<li><a class="button cur" href="/">Replays</a></li>
			<li><a class="button" href="//pokemonshowdown.com/ladder/">Ladder</a></li>
			<li><a class="button nav-last" href="//pokemonshowdown.com/forums/">Forum</a></li>
			<li><a class="button greenbutton nav-first nav-last" href="//play.pokemonshowdown.com/">Play</a></li>
		</ul></div>
	</header>

	<div class="main" id="main">

		<noscript><section class="section">You need to enable JavaScript to use this page; sorry!</section></noscript>

	</div>

</div>

<script defer nomodule src="//play.pokemonshowdown.com/js/lib/ps-polyfill.js"></script>
<script defer src="//play.pokemonshowdown.com/js/lib/preact.min.js"></script>

<script defer src="//play.pokemonshowdown.com/config/config.js?2bddbc15"></script>
<script defer src="//play.pokemonshowdown.com/js/lib/jquery-1.11.0.min.js"></script>
<script defer src="//play.pokemonshowdown.com/js/lib/html-sanitizer-minified.js"></script>
<script defer src="//play.pokemonshowdown.com/js/battle-sound.js"></script>
<script defer src="//play.pokemonshowdown.com/js/battledata.js?0.7209276989879541"></script>
<script defer src="//play.pokemonshowdown.com/data/pokedex-mini.js?0.6111056340867951"></script>
<script defer src="//play.pokemonshowdown.com/data/pokedex-mini-bw.js?0.3532142036491459"></script>
<script defer src="//play.pokemonshowdown.com/data/graphics.js?0.24223875632456182"></script>
<script defer src="//play.pokemonshowdown.com/data/pokedex.js?0.38839984266356864"></script>
<script defer src="//play.pokemonshowdown.com/data/moves.js?0.21866028504024015"></script>
<script defer src="//play.pokemonshowdown.com/data/abilities.js?0.2005157953846628"></script>
<script defer src="//play.pokemonshowdown.com/data/items.js?0.9894211263848525"></script>
<script defer src="//play.pokemonshowdown.com/data/teambuilder-tables.js?0.6008791140282215"></script>
<script defer src="//play.pokemonshowdown.com/js/battle-tooltips.js?0.7580118955022959"></script>
<script defer src="//play.pokemonshowdown.com/js/battle.js?0.6057722274234274"></script>

<script defer src="js/utils.js?e31f9a17"></script>
<script defer src="js/replays-battle.js?7008c182"></script>

<!-- don't scrape this data! just add .json or .log after the URL!
Full API docs: https://github.com/smogon/pokemon-showdown-client/blob/master/WEB-API.md -->
<script type="text/plain" class="log" id="replaylog-smogtours-gen3ou-802569">
|inactive|Battle timer is ON: inactive players will automatically lose when time's up.
|t:|1730052491
|gametype|singles
|player|p1|TheLargestLad|wattson|
|player|p2|Pak|#pak|
|teamsize|p1|6
|teamsize|p2|6
|gen|3
|tier|[Gen 3] OU
|rule|Sleep Clause Mod: Limit one foe put to sleep
|rule|Switch Priority Clause Mod: Faster Pokémon switch first
|rule|Species Clause: Limit one of each Pokémon
|rule|OHKO Clause: OHKO moves are banned
|rule|Evasion Items Clause: Evasion items are banned
|rule|Evasion Moves Clause: Evasion moves are banned
|rule|Endless Battle Clause: Forcing endless battles is banned
|rule|HP Percentage Mod: HP is shown in percentages
|rule|One Boost Passer Clause: Limit one Baton Passer that has a way to boost its stats
|rule|Freeze Clause Mod: Limit one foe frozen
|
|t:|1730052491
|start
|switch|p1a: Soil Enthusiast|Tyranitar, M|100/100
|switch|p2a: Salamence|Salamence, F|100/100
|-ability|p2a: Salamence|Intimidate|boost
|-unboost|p1a: Soil Enthusiast|atk|1
|-weather|Sandstorm|[from] ability: Sand Stream|[of] p1a: Soil Enthusiast
|turn|1
|c|☆Pak|hf
|
|t:|1730052509
|switch|p2a: Skarmory|Skarmory, M|100/100
|move|p1a: Soil Enthusiast|Ice Beam|p2a: Skarmory
|-damage|p2a: Skarmory|74/100
|
|-weather|Sandstorm|[upkeep]
|-heal|p2a: Skarmory|80/100|[from] item: Leftovers
|upkeep
|turn|2
|
|t:|1730052515
|switch|p2a: Blissey|Blissey, F|100/100
|switch|p1a: Bucket|Moltres|100/100
|
|-weather|Sandstorm|[upkeep]
|-damage|p1a: Bucket|94/100|[from] Sandstorm
|-damage|p2a: Blissey|94/100|[from] Sandstorm
|-heal|p1a: Bucket|100/100|[from] item: Leftovers
|-heal|p2a: Blissey|100/100|[from] item: Leftovers
|upkeep
|turn|3
|
|t:|1730052521
|switch|p1a: Dashie Games|Skarmory, F|100/100
|move|p2a: Blissey|Sing|p1a: Dashie Games
|-status|p1a: Dashie Games|slp|[from] move: Sing
|
|-weather|Sandstorm|[upkeep]
|-damage|p2a: Blissey|94/100|[from] Sandstorm
|-heal|p2a: Blissey|100/100|[from] item: Leftovers
|upkeep
|turn|4
|inactive|Pak has 270 seconds left.
|
|t:|1730052568
|switch|p2a: Salamence|Salamence, F|100/100
|-ability|p2a: Salamence|Intimidate|boost
|-unboost|p1a: Dashie Games|atk|1
|cant|p1a: Dashie Games|slp
|
|-weather|Sandstorm|[upkeep]
|-damage|p2a: Salamence|94/100|[from] Sandstorm
|-heal|p2a: Salamence|100/100|[from] item: Leftovers
|upkeep
|turn|5
|
|t:|1730052587
|switch|p1a: Bucket|Moltres|100/100
|move|p2a: Salamence|Fire Blast|p1a: Bucket|[miss]
|-miss|p2a: Salamence|p1a: Bucket
|
|-weather|Sandstorm|[upkeep]
|-damage|p2a: Salamence|94/100|[from] Sandstorm
|-damage|p1a: Bucket|94/100|[from] Sandstorm
|-heal|p2a: Salamence|100/100|[from] item: Leftovers
|-heal|p1a: Bucket|100/100|[from] item: Leftovers
|upkeep
|turn|6
|inactive|Pak has 270 seconds left.
|
|t:|1730052592
|move|p2a: Salamence|Rock Slide|p1a: Bucket
|-supereffective|p1a: Bucket
|-damage|p1a: Bucket|0 fnt
|faint|p1a: Bucket
|
|t:|1730052604
|switch|p1a: Lead Poisoning|Gengar, M|100/100
|
|-weather|Sandstorm|[upkeep]
|-damage|p2a: Salamence|94/100|[from] Sandstorm
|-damage|p1a: Lead Poisoning|94/100|[from] Sandstorm
|-heal|p2a: Salamence|100/100|[from] item: Leftovers
|-heal|p1a: Lead Poisoning|100/100|[from] item: Leftovers
|upkeep
|turn|7
|
|t:|1730052610
|switch|p2a: Tyranitar|Tyranitar, M|100/100
|move|p1a: Lead Poisoning|Ice Punch|p2a: Tyranitar
|-damage|p2a: Tyranitar|82/100
|
|-weather|Sandstorm|[upkeep]
|-damage|p1a: Lead Poisoning|94/100|[from] Sandstorm
|-heal|p1a: Lead Poisoning|100/100|[from] item: Leftovers
|-heal|p2a: Tyranitar|88/100|[from] item: Leftovers
|upkeep
|turn|8
|
|t:|1730052614
|move|p1a: Lead Poisoning|Will-O-Wisp|p2a: Tyranitar
|-status|p2a: Tyranitar|brn
|move|p2a: Tyranitar|Pursuit|p1a: Lead Poisoning
|-supereffective|p1a: Lead Poisoning
|-damage|p1a: Lead Poisoning|56/100
|
|-weather|Sandstorm|[upkeep]
|-damage|p1a: Lead Poisoning|50/100|[from] Sandstorm
|-heal|p1a: Lead Poisoning|56/100|[from] item: Leftovers
|-heal|p2a: Tyranitar|94/100 brn|[from] item: Leftovers
|-damage|p2a: Tyranitar|82/100 brn|[from] brn
|upkeep
|turn|9
|
|t:|1730052620
|move|p1a: Lead Poisoning|Thunderbolt|p2a: Tyranitar
|-damage|p2a: Tyranitar|59/100 brn
|move|p2a: Tyranitar|Pursuit|p1a: Lead Poisoning
|-supereffective|p1a: Lead Poisoning
|-damage|p1a: Lead Poisoning|16/100
|
|-weather|Sandstorm|[upkeep]
|-damage|p1a: Lead Poisoning|10/100|[from] Sandstorm
|-heal|p1a: Lead Poisoning|16/100|[from] item: Leftovers
|-heal|p2a: Tyranitar|65/100 brn|[from] item: Leftovers
|-damage|p2a: Tyranitar|53/100 brn|[from] brn
|upkeep
|turn|10
|
|t:|1730052624
|move|p1a: Lead Poisoning|Thunderbolt|p2a: Tyranitar
|-damage|p2a: Tyranitar|29/100 brn
|move|p2a: Tyranitar|Pursuit|p1a: Lead Poisoning
|-supereffective|p1a: Lead Poisoning
|-damage|p1a: Lead Poisoning|0 fnt
|faint|p1a: Lead Poisoning
|
|t:|1730052635
|switch|p1a: Green.|Flygon, F|100/100
|
|-weather|Sandstorm|[upkeep]
|-heal|p2a: Tyranitar|35/100 brn|[from] item: Leftovers
|-damage|p2a: Tyranitar|23/100 brn|[from] brn
|upkeep
|turn|11
|
|t:|1730052644
|switch|p2a: Skarmory|Skarmory, M|80/100
|move|p1a: Green.|Rock Slide|p2a: Skarmory
|-damage|p2a: Skarmory|67/100
|
|-weather|Sandstorm|[upkeep]
|-heal|p2a: Skarmory|73/100|[from] item: Leftovers
|upkeep
|turn|12
|
|t:|1730052651
|switch|p1a: Starbaby|Jirachi|100/100
|move|p2a: Skarmory|Spikes|p1a: Starbaby
|-sidestart|p1: TheLargestLad|Spikes
|
|-weather|Sandstorm|[upkeep]
|-heal|p2a: Skarmory|79/100|[from] item: Leftovers
|upkeep
|turn|13
|
|t:|1730052658
|move|p2a: Skarmory|Protect|p2a: Skarmory
|-singleturn|p2a: Skarmory|Protect
|move|p1a: Starbaby|Fire Punch|p2a: Skarmory
|-activate|p2a: Skarmory|Protect
|
|-weather|Sandstorm|[upkeep]
|-heal|p2a: Skarmory|85/100|[from] item: Leftovers
|upkeep
|turn|14
|
|t:|1730052676
|move|p1a: Starbaby|Body Slam|p2a: Skarmory
|-resisted|p2a: Skarmory
|-damage|p2a: Skarmory|79/100
|-status|p2a: Skarmory|par
|cant|p2a: Skarmory|par
|
|-weather|Sandstorm|[upkeep]
|-heal|p2a: Skarmory|85/100 par|[from] item: Leftovers
|upkeep
|turn|15
|
|t:|1730052683
|switch|p1a: Dashie Games|Skarmory, F|100/100 slp
|move|p2a: Skarmory|Spikes|p1a: Dashie Games
|-sidestart|p1: TheLargestLad|Spikes
|
|-weather|Sandstorm|[upkeep]
|-heal|p2a: Skarmory|91/100 par|[from] item: Leftovers
|upkeep
|turn|16
|
|t:|1730052694
|cant|p1a: Dashie Games|slp
|move|p2a: Skarmory|Spikes|p1a: Dashie Games
|-sidestart|p1: TheLargestLad|Spikes
|
|-weather|Sandstorm|[upkeep]
|-heal|p2a: Skarmory|97/100 par|[from] item: Leftovers
|upkeep
|turn|17
|
|t:|1730052701
|switch|p2a: Salamence|Salamence, F|100/100
|-ability|p2a: Salamence|Intimidate|boost
|-unboost|p1a: Dashie Games|atk|1
|-curestatus|p1a: Dashie Games|slp|[msg]
|move|p1a: Dashie Games|Spikes|p2a: Salamence
|-sidestart|p2: Pak|Spikes
|
|-weather|Sandstorm|[upkeep]
|-damage|p2a: Salamence|94/100|[from] Sandstorm
|-heal|p2a: Salamence|100/100|[from] item: Leftovers
|upkeep
|turn|18
|
|t:|1730052706
|switch|p1a: Soil Enthusiast|Tyranitar, M|100/100
|-damage|p1a: Soil Enthusiast|75/100|[from] Spikes
|move|p2a: Salamence|Fire Blast|p1a: Soil Enthusiast
|-resisted|p1a: Soil Enthusiast
|-damage|p1a: Soil Enthusiast|63/100
|
|-weather|Sandstorm|[upkeep]
|-damage|p2a: Salamence|94/100|[from] Sandstorm
|-heal|p2a: Salamence|100/100|[from] item: Leftovers
|-heal|p1a: Soil Enthusiast|69/100|[from] item: Leftovers
|upkeep
|turn|19
|
|t:|1730052710
|move|p2a: Salamence|Brick Break|p1a: Soil Enthusiast
|-supereffective|p1a: Soil Enthusiast
|-damage|p1a: Soil Enthusiast|0 fnt
|faint|p1a: Soil Enthusiast
|
|t:|1730052713
|switch|p1a: Green.|Flygon, F|100/100
|
|-weather|Sandstorm|[upkeep]
|-damage|p2a: Salamence|94/100|[from] Sandstorm
|-heal|p2a: Salamence|100/100|[from] item: Leftovers
|upkeep
|turn|20
|
|t:|1730052716
|switch|p2a: Skarmory|Skarmory, M|97/100 par
|move|p1a: Green.|Rock Slide|p2a: Skarmory
|-damage|p2a: Skarmory|83/100 par
|
|-weather|Sandstorm|[upkeep]
|-heal|p2a: Skarmory|89/100 par|[from] item: Leftovers
|upkeep
|turn|21
|
|t:|1730052720
|move|p1a: Green.|Rock Slide|p2a: Skarmory
|-damage|p2a: Skarmory|76/100 par
|cant|p2a: Skarmory|par
|
|-weather|Sandstorm|[upkeep]
|-heal|p2a: Skarmory|82/100 par|[from] item: Leftovers
|upkeep
|turn|22
|
|t:|1730052722
|move|p1a: Green.|Rock Slide|p2a: Skarmory
|-damage|p2a: Skarmory|69/100 par
|cant|p2a: Skarmory|flinch
|
|-weather|Sandstorm|[upkeep]
|-heal|p2a: Skarmory|75/100 par|[from] item: Leftovers
|upkeep
|turn|23
|
|t:|1730052725
|move|p1a: Green.|Rock Slide|p2a: Skarmory
|-damage|p2a: Skarmory|62/100 par
|cant|p2a: Skarmory|par
|
|-weather|Sandstorm|[upkeep]
|-heal|p2a: Skarmory|68/100 par|[from] item: Leftovers
|upkeep
|turn|24
|
|t:|1730052728
|move|p1a: Green.|Rock Slide|p2a: Skarmory
|-crit|p2a: Skarmory
|-damage|p2a: Skarmory|40/100 par
|move|p2a: Skarmory|Toxic|p1a: Green.
|-status|p1a: Green.|tox
|
|-weather|Sandstorm|[upkeep]
|-damage|p1a: Green.|94/100 tox|[from] psn
|-heal|p2a: Skarmory|46/100 par|[from] item: Leftovers
|upkeep
|turn|25
|
|t:|1730052738
|switch|p1a: Starbaby|Jirachi|100/100
|-damage|p1a: Starbaby|76/100|[from] Spikes
|move|p2a: Skarmory|Roar|p1a: Starbaby
|drag|p1a: Green.|Flygon, F|94/100 tox
|
|-weather|Sandstorm|[upkeep]
|-heal|p1a: Green.|100/100 tox|[from] item: Leftovers
|-damage|p1a: Green.|94/100 tox|[from] psn
|-heal|p2a: Skarmory|52/100 par|[from] item: Leftovers
|upkeep
|turn|26
|
|t:|1730052746
|move|p2a: Skarmory|Protect|p2a: Skarmory
|-singleturn|p2a: Skarmory|Protect
|move|p1a: Green.|Rock Slide|p2a: Skarmory
|-activate|p2a: Skarmory|Protect
|
|-weather|Sandstorm|[upkeep]
|-heal|p1a: Green.|100/100 tox|[from] item: Leftovers
|-damage|p1a: Green.|88/100 tox|[from] psn
|-heal|p2a: Skarmory|58/100 par|[from] item: Leftovers
|upkeep
|turn|27
|
|t:|1730052750
|switch|p1a: Dashie Games|Skarmory, F|100/100
|switch|p2a: Claydol|Claydol|100/100
|
|-weather|Sandstorm|[upkeep]
|upkeep
|turn|28
|
|t:|1730052755
|switch|p2a: Metagross|Metagross|100/100
|-damage|p2a: Metagross|88/100|[from] Spikes
|move|p1a: Dashie Games|Toxic|p2a: Metagross
|-immune|p2a: Metagross
|
|-weather|Sandstorm|[upkeep]
|-heal|p2a: Metagross|94/100|[from] item: Leftovers
|upkeep
|turn|29
|
|t:|1730052759
|move|p1a: Dashie Games|Protect|p1a: Dashie Games
|-singleturn|p1a: Dashie Games|Protect
|move|p2a: Metagross|Meteor Mash|p1a: Dashie Games
|-activate|p1a: Dashie Games|Protect
|
|-weather|Sandstorm|[upkeep]
|-heal|p2a: Metagross|100/100|[from] item: Leftovers
|upkeep
|turn|30
|
|t:|1730052765
|move|p2a: Metagross|Meteor Mash|p1a: Dashie Games
|-resisted|p1a: Dashie Games
|-damage|p1a: Dashie Games|78/100
|-boost|p2a: Metagross|atk|1
|move|p1a: Dashie Games|Roar|p2a: Metagross
|drag|p2a: Blissey|Blissey, F|100/100
|-damage|p2a: Blissey|88/100|[from] Spikes
|
|-weather|Sandstorm|[upkeep]
|-damage|p2a: Blissey|82/100|[from] Sandstorm
|-heal|p2a: Blissey|88/100|[from] item: Leftovers
|-heal|p1a: Dashie Games|84/100|[from] item: Leftovers
|upkeep
|turn|31
|
|t:|1730052770
|move|p2a: Blissey|Seismic Toss|p1a: Dashie Games
|-damage|p1a: Dashie Games|54/100
|move|p1a: Dashie Games|Toxic|p2a: Blissey
|-status|p2a: Blissey|tox
|
|-weather|Sandstorm|[upkeep]
|-damage|p2a: Blissey|82/100 tox|[from] Sandstorm
|-heal|p2a: Blissey|88/100 tox|[from] item: Leftovers
|-damage|p2a: Blissey|82/100 tox|[from] psn
|-heal|p1a: Dashie Games|60/100|[from] item: Leftovers
|upkeep
|turn|32
|
|t:|1730052775
|-curestatus|p2a: Blissey|tox|[from] ability: Natural Cure
|switch|p2a: Metagross|Metagross|100/100
|-damage|p2a: Metagross|88/100|[from] Spikes
|move|p1a: Dashie Games|Protect||[still]
|-fail|p1a: Dashie Games
|
|-weather|Sandstorm|[upkeep]
|-heal|p2a: Metagross|94/100|[from] item: Leftovers
|-heal|p1a: Dashie Games|66/100|[from] item: Leftovers
|upkeep
|turn|33
|
|t:|1730052779
|move|p1a: Dashie Games|Protect|p1a: Dashie Games
|-singleturn|p1a: Dashie Games|Protect
|move|p2a: Metagross|Meteor Mash|p1a: Dashie Games
|-activate|p1a: Dashie Games|Protect
|
|-weather|Sandstorm|[upkeep]
|-heal|p2a: Metagross|100/100|[from] item: Leftovers
|-heal|p1a: Dashie Games|72/100|[from] item: Leftovers
|upkeep
|turn|34
|
|t:|1730052782
|switch|p1a: Starbaby|Jirachi|76/100
|-damage|p1a: Starbaby|51/100|[from] Spikes
|move|p2a: Metagross|Rock Slide|p1a: Starbaby
|-resisted|p1a: Starbaby
|-damage|p1a: Starbaby|39/100
|
|-weather|Sandstorm|[upkeep]
|-heal|p1a: Starbaby|45/100|[from] item: Leftovers
|upkeep
|turn|35
|
|t:|1730052787
|move|p1a: Starbaby|Protect|p1a: Starbaby
|-singleturn|p1a: Starbaby|Protect
|move|p2a: Metagross|Earthquake|p1a: Starbaby
|-activate|p1a: Starbaby|Protect
|
|-weather|Sandstorm|[upkeep]
|-heal|p1a: Starbaby|52/100|[from] item: Leftovers
|upkeep
|turn|36
|
|t:|1730052791
|switch|p1a: Dashie Games|Skarmory, F|72/100
|move|p2a: Metagross|Earthquake|p1a: Dashie Games
|-immune|p1a: Dashie Games
|
|-weather|Sandstorm|[upkeep]
|-heal|p1a: Dashie Games|78/100|[from] item: Leftovers
|upkeep
|turn|37
|
|t:|1730052795
|move|p2a: Metagross|Rock Slide|p1a: Dashie Games
|-damage|p1a: Dashie Games|57/100
|move|p1a: Dashie Games|Spikes|p2a: Metagross
|-sidestart|p2: Pak|Spikes
|
|-weather|Sandstorm|[upkeep]
|-heal|p1a: Dashie Games|63/100|[from] item: Leftovers
|upkeep
|turn|38
|
|t:|1730052799
|move|p1a: Dashie Games|Protect|p1a: Dashie Games
|-singleturn|p1a: Dashie Games|Protect
|move|p2a: Metagross|Rock Slide|p1a: Dashie Games
|-activate|p1a: Dashie Games|Protect
|
|-weather|Sandstorm|[upkeep]
|-heal|p1a: Dashie Games|69/100|[from] item: Leftovers
|upkeep
|turn|39
|
|t:|1730052801
|move|p2a: Metagross|Rock Slide|p1a: Dashie Games
|-damage|p1a: Dashie Games|46/100
|cant|p1a: Dashie Games|flinch
|
|-weather|Sandstorm|[upkeep]
|-heal|p1a: Dashie Games|52/100|[from] item: Leftovers
|upkeep
|turn|40
|
|t:|1730052805
|move|p1a: Dashie Games|Protect|p1a: Dashie Games
|-singleturn|p1a: Dashie Games|Protect
|move|p2a: Metagross|Meteor Mash|p1a: Dashie Games
|-activate|p1a: Dashie Games|Protect
|
|-weather|Sandstorm|[upkeep]
|-heal|p1a: Dashie Games|58/100|[from] item: Leftovers
|upkeep
|turn|41
|
|t:|1730052807
|move|p2a: Metagross|Rock Slide|p1a: Dashie Games
|-damage|p1a: Dashie Games|35/100
|cant|p1a: Dashie Games|flinch
|
|-weather|Sandstorm|[upkeep]
|-heal|p1a: Dashie Games|41/100|[from] item: Leftovers
|upkeep
|turn|42
|
|t:|1730052811
|move|p1a: Dashie Games|Protect|p1a: Dashie Games
|-singleturn|p1a: Dashie Games|Protect
|move|p2a: Metagross|Meteor Mash|p1a: Dashie Games
|-activate|p1a: Dashie Games|Protect
|
|-weather|Sandstorm|[upkeep]
|-heal|p1a: Dashie Games|47/100|[from] item: Leftovers
|upkeep
|turn|43
|
|t:|1730052813
|move|p2a: Metagross|Rock Slide|p1a: Dashie Games
|-damage|p1a: Dashie Games|26/100
|move|p1a: Dashie Games|Roar|p2a: Metagross
|drag|p2a: Salamence|Salamence, F|100/100
|-ability|p2a: Salamence|Intimidate|boost
|-unboost|p1a: Dashie Games|atk|1
|
|-weather|Sandstorm|[upkeep]
|-damage|p2a: Salamence|94/100|[from] Sandstorm
|-heal|p2a: Salamence|100/100|[from] item: Leftovers
|-heal|p1a: Dashie Games|32/100|[from] item: Leftovers
|upkeep
|turn|44
|
|t:|1730052818
|move|p1a: Dashie Games|Protect|p1a: Dashie Games
|-singleturn|p1a: Dashie Games|Protect
|move|p2a: Salamence|Fire Blast|p1a: Dashie Games
|-activate|p1a: Dashie Games|Protect
|
|-weather|Sandstorm|[upkeep]
|-damage|p2a: Salamence|94/100|[from] Sandstorm
|-heal|p2a: Salamence|100/100|[from] item: Leftovers
|-heal|p1a: Dashie Games|38/100|[from] item: Leftovers
|upkeep
|turn|45
|
|t:|1730052823
|switch|p1a: Green.|Flygon, F|88/100 tox
|move|p2a: Salamence|Fire Blast|p1a: Green.|[miss]
|-miss|p2a: Salamence|p1a: Green.
|
|-weather|Sandstorm|[upkeep]
|-damage|p2a: Salamence|94/100|[from] Sandstorm
|-heal|p2a: Salamence|100/100|[from] item: Leftovers
|-heal|p1a: Green.|94/100 tox|[from] item: Leftovers
|-damage|p1a: Green.|88/100 tox|[from] psn
|upkeep
|turn|46
|
|t:|1730052827
|switch|p2a: Skarmory|Skarmory, M|58/100 par
|move|p1a: Green.|Protect||[still]
|-fail|p1a: Green.
|
|-weather|Sandstorm|[upkeep]
|-heal|p1a: Green.|94/100 tox|[from] item: Leftovers
|-damage|p1a: Green.|82/100 tox|[from] psn
|-heal|p2a: Skarmory|64/100 par|[from] item: Leftovers
|upkeep
|turn|47
|
|t:|1730052830
|switch|p1a: Starbaby|Jirachi|52/100
|-damage|p1a: Starbaby|27/100|[from] Spikes
|switch|p2a: Claydol|Claydol|100/100
|
|-weather|Sandstorm|[upkeep]
|-heal|p1a: Starbaby|33/100|[from] item: Leftovers
|upkeep
|turn|48
|
|t:|1730052833
|move|p1a: Starbaby|Protect|p1a: Starbaby
|-singleturn|p1a: Starbaby|Protect
|move|p2a: Claydol|Earthquake|p1a: Starbaby
|-activate|p1a: Starbaby|Protect
|
|-weather|Sandstorm|[upkeep]
|-heal|p1a: Starbaby|39/100|[from] item: Leftovers
|upkeep
|turn|49
|
|t:|1730052835
|switch|p1a: Dashie Games|Skarmory, F|38/100
|move|p2a: Claydol|Earthquake|p1a: Dashie Games
|-immune|p1a: Dashie Games
|
|-weather|Sandstorm|[upkeep]
|-heal|p1a: Dashie Games|44/100|[from] item: Leftovers
|upkeep
|turn|50
|
|t:|1730052848
|move|p1a: Dashie Games|Toxic|p2a: Claydol
|-status|p2a: Claydol|tox
|move|p2a: Claydol|Ice Beam|p1a: Dashie Games
|-damage|p1a: Dashie Games|27/100
|
|-weather|Sandstorm|[upkeep]
|-heal|p1a: Dashie Games|33/100|[from] item: Leftovers
|-damage|p2a: Claydol|94/100 tox|[from] psn
|upkeep
|turn|51
|
|t:|1730052852
|move|p1a: Dashie Games|Protect|p1a: Dashie Games
|-singleturn|p1a: Dashie Games|Protect
|move|p2a: Claydol|Rapid Spin|p1a: Dashie Games
|-activate|p1a: Dashie Games|Protect
|
|-weather|Sandstorm|[upkeep]
|-heal|p1a: Dashie Games|39/100|[from] item: Leftovers
|-heal|p2a: Claydol|100/100 tox|[from] item: Leftovers
|-damage|p2a: Claydol|88/100 tox|[from] psn
|upkeep
|turn|52
|
|t:|1730052856
|move|p2a: Claydol|Explosion|p1a: Dashie Games
|-resisted|p1a: Dashie Games
|-damage|p1a: Dashie Games|0 fnt
|faint|p2a: Claydol
|faint|p1a: Dashie Games
|
|t:|1730052866
|switch|p1a: Starbaby|Jirachi|39/100
|switch|p2a: Metagross|Metagross|100/100
|-damage|p1a: Starbaby|14/100|[from] Spikes
|-damage|p2a: Metagross|84/100|[from] Spikes
|
|-weather|Sandstorm|[upkeep]
|-heal|p1a: Starbaby|21/100|[from] item: Leftovers
|-heal|p2a: Metagross|90/100|[from] item: Leftovers
|upkeep
|turn|53
|
|t:|1730052871
|move|p1a: Starbaby|Fire Punch|p2a: Metagross
|-supereffective|p2a: Metagross
|-damage|p2a: Metagross|51/100
|-status|p2a: Metagross|brn
|move|p2a: Metagross|Earthquake|p1a: Starbaby
|-supereffective|p1a: Starbaby
|-damage|p1a: Starbaby|0 fnt
|faint|p1a: Starbaby
|
|t:|1730052874
|switch|p1a: Green.|Flygon, F|82/100 tox
|
|-weather|Sandstorm|[upkeep]
|-heal|p1a: Green.|88/100 tox|[from] item: Leftovers
|-damage|p1a: Green.|82/100 tox|[from] psn
|-heal|p2a: Metagross|57/100 brn|[from] item: Leftovers
|-damage|p2a: Metagross|45/100 brn|[from] brn
|upkeep
|turn|54
|
|t:|1730052876
|switch|p2a: Salamence|Salamence, F|100/100
|-ability|p2a: Salamence|Intimidate|boost
|-unboost|p1a: Green.|atk|1
|move|p1a: Green.|Rock Slide|p2a: Salamence
|-supereffective|p2a: Salamence
|-damage|p2a: Salamence|71/100
|
|-weather|Sandstorm|[upkeep]
|-damage|p2a: Salamence|65/100|[from] Sandstorm
|-heal|p2a: Salamence|71/100|[from] item: Leftovers
|-heal|p1a: Green.|88/100 tox|[from] item: Leftovers
|-damage|p1a: Green.|76/100 tox|[from] psn
|upkeep
|turn|55
|
|t:|1730052880
|switch|p2a: Metagross|Metagross|45/100 brn
|-damage|p2a: Metagross|28/100 brn|[from] Spikes
|move|p1a: Green.|Rock Slide|p2a: Metagross
|-resisted|p2a: Metagross
|-crit|p2a: Metagross
|-damage|p2a: Metagross|14/100 brn
|
|-weather|Sandstorm|[upkeep]
|-heal|p1a: Green.|82/100 tox|[from] item: Leftovers
|-damage|p1a: Green.|64/100 tox|[from] psn
|-heal|p2a: Metagross|21/100 brn|[from] item: Leftovers
|-damage|p2a: Metagross|8/100 brn|[from] brn
|upkeep
|turn|56
|
|t:|1730052883
|move|p1a: Green.|Rock Slide|p2a: Metagross
|-resisted|p2a: Metagross
|-damage|p2a: Metagross|4/100 brn
|move|p2a: Metagross|Meteor Mash|p1a: Green.
|-damage|p1a: Green.|39/100 tox
|-boost|p2a: Metagross|atk|1
|
|-weather|Sandstorm|[upkeep]
|-heal|p1a: Green.|45/100 tox|[from] item: Leftovers
|-damage|p1a: Green.|21/100 tox|[from] psn
|-heal|p2a: Metagross|10/100 brn|[from] item: Leftovers
|-damage|p2a: Metagross|0 fnt|[from] brn
|faint|p2a: Metagross
|upkeep
|
|t:|1730052887
|switch|p2a: Salamence|Salamence, F|71/100
|-ability|p2a: Salamence|Intimidate|boost
|-unboost|p1a: Green.|atk|1
|turn|57
|
|t:|1730052888
|move|p2a: Salamence|Brick Break|p1a: Green.
|-damage|p1a: Green.|1/100 tox
|move|p1a: Green.|Rock Slide|p2a: Salamence
|-supereffective|p2a: Salamence
|-damage|p2a: Salamence|50/100
|
|-weather|Sandstorm|[upkeep]
|-damage|p2a: Salamence|44/100|[from] Sandstorm
|-heal|p2a: Salamence|50/100|[from] item: Leftovers
|-heal|p1a: Green.|7/100 tox|[from] item: Leftovers
|-damage|p1a: Green.|0 fnt|[from] psn
|faint|p1a: Green.
|
|win|Pak
|upkeep

</script>
<script type="application/json" class="data" id="replaydata-smogtours-gen3ou-802569">
{"id":"smogtours-gen3ou-802569","format":"[Gen 3] OU","players":["TheLargestLad","Pak"],"uploadtime":1730052888,"views":80,"formatid":"gen3ou","rating":null,"private":0,"password":null}
</script>

<script defer src="js/replays.js?9d40a366"></script>
