<!DOCTYPE html>
<meta charset="utf-8" />
<meta name="viewport" content="width=device-width" />

<title>[Gen 3] OU: triangles vs. Depres_ionCher_y - Replays - Pok&eacute;mon Showdown!</title>

<meta name="description" content="Watch a replay of a Pok&eacute;mon battle between triangles and Depres_ionCher_y! Format: [Gen 3] OU; Date: Oct 21, 2024" />
<!--

Hey, you! Looking in the source for the replay log?

You can find them in JSON format, just add `.json` at the end of a replay URL.

https://replay.pokemonshowdown.com/gen7randomdoublesbattle-865046831.json

Or, if you only need the log itself, add `.log` instead:

https://replay.pokemonshowdown.com/gen7randomdoublesbattle-865046831.log

-->

<link rel="stylesheet" href="//pokemonshowdown.com/style/global.css?0.023195364461161105" />
<link rel="stylesheet" href="//play.pokemonshowdown.com/style/font-awesome.css?0.13261647063804238" />
<link rel="stylesheet" href="//play.pokemonshowdown.com/style/battle.css?0.8753245789963631" />
<link rel="stylesheet" href="//play.pokemonshowdown.com/style/utilichart.css?0.8627959624976733" />

<!-- Global site tag (gtag.js) - Google Analytics -->
<script async src="https://www.googletagmanager.com/gtag/js?id=UA-26211653-1"></script>
<script>
  window.dataLayer = window.dataLayer || [];
  function gtag(){dataLayer.push(arguments);}
  gtag('js', new Date());

  gtag('config', 'UA-26211653-1');
</script>
<!-- End Google Analytics -->
<!-- Venatus Ad Manager - Install in <HEAD> of page -->
	<script src="https://hb.vntsm.com/v3/live/ad-manager.min.js" type="text/javascript" data-site-id="642aba63ec9a7b11c3c9c1be" data-mode="scan" async></script>
<!-- / Venatus Ad Manager -->

<style>
	@media (max-width:820px) {
		.battle {
			margin: 0 auto;
		}
		.battle-log {
			margin: 7px auto 0;
			max-width: 640px;
			height: 300px;
			position: static;
		}
	}
	.optgroup {
		display: inline-block;
		line-height: 22px;
		font-size: 10pt;
	}
	.optgroup .button {
		height: 25px;
		padding-top: 0;
		padding-bottom: 0;
	}
	.optgroup button.button {
		padding-left: 12px;
		padding-right: 12px;
	}
	.linklist {
		list-style: none;
		margin: 0.5em 0;
		padding: 0;
	}
	.linklist li {
		padding: 2px 0;
	}
	.sidebar {
		float: left;
		width: 320px;
	}
	.bar-wrapper {
		max-width: 1100px;
		margin: 0 auto;
	}
	.bar-wrapper.has-sidebar {
		max-width: 1430px;
	}
	.mainbar {
		margin: 0;
		padding-right: 1px;
	}
	.mainbar.has-sidebar {
		margin-left: 330px;
	}
	@media (min-width: 1511px) {
		.sidebar {
			width: 400px;
		}
		.bar-wrapper.has-sidebar {
			max-width: 1510px;
		}
		.mainbar.has-sidebar {
			margin-left: 410px;
		}
	}
	.section.first-section {
		margin-top: 9px;
	}
	.blocklink small {
		white-space: normal;
	}
	.button {
		vertical-align: middle;
	}
	.replay-controls {
		padding-top: 10px;
	}
	.replay-controls h1 {
		font-size: 16pt;
		font-weight: normal;
		color: #CCC;
	}
	.pagelink {
		text-align: center;
	}
	.pagelink a {
		width: 150px;
	}
	.textbox, .button {
		font-size: 11pt;
		vertical-align: middle;
	}
	@media (max-width: 450px) {
		.button {
			font-size: 9pt;
		}
	}
</style>

<div>

	<header>
		<div class="nav-wrapper"><ul class="nav">
			<li><a class="button nav-first" href="//pokemonshowdown.com/"><img src="//pokemonshowdown.com/images/pokemonshowdownbeta.png" srcset="//pokemonshowdown.com/images/pokemonshowdownbeta.png 1x, //pokemonshowdown.com/images/pokemonshowdownbeta@2x.png 2x" alt="Pok&eacute;mon Showdown" width="146" height="44" /> Home</a></li>
			<li><a class="button" href="//pokemonshowdown.com/dex/">Pok&eacute;dex</a></li>
			<li><a class="button cur" href="/">Replays</a></li>
			<li><a class="button" href="//pokemonshowdown.com/ladder/">Ladder</a></li>
			<li><a class="button nav-last" href="//pokemonshowdown.com/forums/">Forum</a></li>
			<li><a class="button greenbutton nav-first nav-last" href="//play.pokemonshowdown.com/">Play</a></li>
		</ul></div>
	</header>

	<div class="main" id="main">

		<noscript><section class="section">You need to enable JavaScript to use this page; sorry!</section></noscript>

	</div>

</div>

<script defer nomodule src="//play.pokemonshowdown.com/js/lib/ps-polyfill.js"></script>
<script defer src="//play.pokemonshowdown.com/js/lib/preact.min.js"></script>

<script defer src="//play.pokemonshowdown.com/config/config.js?2bddbc15"></script>
<script defer src="//play.pokemonshowdown.com/js/lib/jquery-1.11.0.min.js"></script>
<script defer src="//play.pokemonshowdown.com/js/lib/html-sanitizer-minified.js"></script>
<script defer src="//play.pokemonshowdown.com/js/battle-sound.js"></script>
<script defer src="//play.pokemonshowdown.com/js/battledata.js?0.7209276989879541"></script>
<script defer src="//play.pokemonshowdown.com/data/pokedex-mini.js?0.6111056340867951"></script>
<script defer src="//play.pokemonshowdown.com/data/pokedex-mini-bw.js?0.3532142036491459"></script>
<script defer src="//play.pokemonshowdown.com/data/graphics.js?0.24223875632456182"></script>
<script defer src="//play.pokemonshowdown.com/data/pokedex.js?0.38839984266356864"></script>
<script defer src="//play.pokemonshowdown.com/data/moves.js?0.21866028504024015"></script>
<script defer src="//play.pokemonshowdown.com/data/abilities.js?0.2005157953846628"></script>
<script defer src="//play.pokemonshowdown.com/data/items.js?0.9894211263848525"></script>
<script defer src="//play.pokemonshowdown.com/data/teambuilder-tables.js?0.6008791140282215"></script>
<script defer src="//play.pokemonshowdown.com/js/battle-tooltips.js?0.7580118955022959"></script>
<script defer src="//play.pokemonshowdown.com/js/battle.js?0.6057722274234274"></script>

<script defer src="js/utils.js?e31f9a17"></script>
<script defer src="js/replays-battle.js?7008c182"></script>

<!-- don't scrape this data! just add .json or .log after the URL!
Full API docs: https://github.com/smogon/pokemon-showdown-client/blob/master/WEB-API.md -->
<script type="text/plain" class="log" id="replaylog-smogtours-gen3ou-801044">
|inactive|Battle timer is ON: inactive players will automatically lose when time's up.
|t:|1729516695
|gametype|singles
|player|p1|triangles|lucas|
|player|p2|Depres_ionCher_y|waitress-gen4|
|teamsize|p1|6
|teamsize|p2|6
|gen|3
|tier|[Gen 3] OU
|rule|Sleep Clause Mod: Limit one foe put to sleep
|rule|Switch Priority Clause Mod: Faster Pokémon switch first
|rule|Species Clause: Limit one of each Pokémon
|rule|OHKO Clause: OHKO moves are banned
|rule|Evasion Items Clause: Evasion items are banned
|rule|Evasion Moves Clause: Evasion moves are banned
|rule|Endless Battle Clause: Forcing endless battles is banned
|rule|HP Percentage Mod: HP is shown in percentages
|rule|One Boost Passer Clause: Limit one Baton Passer that has a way to boost its stats
|rule|Freeze Clause Mod: Limit one foe frozen
|
|t:|1729516695
|start
|switch|p1a: Hariyama|Hariyama, F, shiny|100/100
|switch|p2a: Tyranitar|Tyranitar, F|100/100
|-weather|Sandstorm|[from] ability: Sand Stream|[of] p2a: Tyranitar
|turn|1
|c|☆Depres_ionCher_y|glhf
|c|☆triangles|hf
|
|t:|1729516720
|switch|p2a: Metagross|Metagross|100/100
|move|p1a: Hariyama|Knock Off|p2a: Metagross
|-damage|p2a: Metagross|98/100
|-enditem|p2a: Metagross|Leftovers|[from] move: Knock Off|[of] p1a: Hariyama
|-hint|In Gens 3-4, Knock Off only makes the target's item unusable; it cannot obtain a new item.
|
|-weather|Sandstorm|[upkeep]
|-damage|p1a: Hariyama|94/100|[from] Sandstorm
|-heal|p1a: Hariyama|100/100|[from] item: Leftovers
|upkeep
|turn|2
|
|t:|1729516740
|switch|p1a: Jirachi|Jirachi|100/100
|move|p2a: Metagross|Meteor Mash|p1a: Jirachi
|-resisted|p1a: Jirachi
|-damage|p1a: Jirachi|80/100
|
|-weather|Sandstorm|[upkeep]
|-heal|p1a: Jirachi|86/100|[from] item: Leftovers
|upkeep
|turn|3
|inactive|triangles has 270 seconds left.
|inactive|Depres_ionCher_y has 270 seconds left.
|
|t:|1729516792
|switch|p1a: Salamence|Salamence, F, shiny|100/100
|-ability|p1a: Salamence|Intimidate|boost
|-fail|p2a: Metagross|unboost|[from] ability: Clear Body|[of] p2a: Metagross
|switch|p2a: Milotic|Milotic, F|100/100
|
|-weather|Sandstorm|[upkeep]
|-damage|p1a: Salamence|94/100|[from] Sandstorm
|-damage|p2a: Milotic|94/100|[from] Sandstorm
|-heal|p1a: Salamence|100/100|[from] item: Leftovers
|-heal|p2a: Milotic|100/100|[from] item: Leftovers
|upkeep
|turn|4
|inactive|triangles has 270 seconds left.
|
|t:|1729516806
|switch|p1a: Jirachi|Jirachi|86/100
|switch|p2a: Forretress|Forretress, F|100/100
|
|-weather|Sandstorm|[upkeep]
|-heal|p1a: Jirachi|92/100|[from] item: Leftovers
|upkeep
|turn|5
|inactive|triangles has 270 seconds left.
|
|t:|1729516825
|switch|p2a: Milotic|Milotic, F|100/100
|move|p1a: Jirachi|Fire Punch|p2a: Milotic
|-resisted|p2a: Milotic
|-damage|p2a: Milotic|94/100
|-status|p2a: Milotic|brn
|
|-weather|Sandstorm|[upkeep]
|-damage|p2a: Milotic|88/100 brn|[from] Sandstorm
|-heal|p1a: Jirachi|98/100|[from] item: Leftovers
|-heal|p2a: Milotic|94/100 brn|[from] item: Leftovers
|-damage|p2a: Milotic|81/100 brn|[from] brn
|upkeep
|turn|6
|inactive|triangles has 270 seconds left.
|
|t:|1729516834
|move|p1a: Jirachi|Wish|p1a: Jirachi
|move|p2a: Milotic|Toxic|p1a: Jirachi
|-immune|p1a: Jirachi
|
|-weather|Sandstorm|[upkeep]
|-damage|p2a: Milotic|75/100 brn|[from] Sandstorm
|-heal|p1a: Jirachi|100/100|[from] item: Leftovers
|-heal|p2a: Milotic|81/100 brn|[from] item: Leftovers
|-damage|p2a: Milotic|69/100 brn|[from] brn
|upkeep
|turn|7
|
|t:|1729516838
|switch|p1a: Hariyama|Hariyama, F, shiny|100/100
|move|p2a: Milotic|Refresh|p2a: Milotic
|-curestatus|p2a: Milotic|brn|[msg]
|
|-weather|Sandstorm|[upkeep]
|-damage|p2a: Milotic|63/100|[from] Sandstorm
|-damage|p1a: Hariyama|94/100|[from] Sandstorm
|-heal|p2a: Milotic|69/100|[from] item: Leftovers
|-heal|p1a: Hariyama|100/100|[from] item: Leftovers
|upkeep
|turn|8
|
|t:|1729516846
|move|p2a: Milotic|Toxic|p1a: Hariyama
|-status|p1a: Hariyama|tox
|move|p1a: Hariyama|Brick Break|p2a: Milotic
|-damage|p2a: Milotic|31/100
|
|-weather|Sandstorm|[upkeep]
|-damage|p2a: Milotic|25/100|[from] Sandstorm
|-damage|p1a: Hariyama|94/100 tox|[from] Sandstorm
|-heal|p2a: Milotic|31/100|[from] item: Leftovers
|-heal|p1a: Hariyama|100/100 tox|[from] item: Leftovers
|-damage|p1a: Hariyama|94/100 tox|[from] psn
|upkeep
|turn|9
|
|t:|1729516850
|switch|p2a: Metagross|Metagross|98/100
|move|p1a: Hariyama|Knock Off|p2a: Metagross
|-damage|p2a: Metagross|96/100
|
|-weather|Sandstorm|[upkeep]
|-damage|p1a: Hariyama|88/100 tox|[from] Sandstorm
|-heal|p1a: Hariyama|94/100 tox|[from] item: Leftovers
|-damage|p1a: Hariyama|82/100 tox|[from] psn
|upkeep
|turn|10
|
|t:|1729516865
|switch|p1a: Starmie|Starmie, shiny|100/100
|move|p2a: Metagross|Meteor Mash|p1a: Starmie|[miss]
|-miss|p2a: Metagross|p1a: Starmie
|
|-weather|Sandstorm|[upkeep]
|-damage|p1a: Starmie|94/100|[from] Sandstorm
|-heal|p1a: Starmie|100/100|[from] item: Leftovers
|upkeep
|turn|11
|
|t:|1729516875
|switch|p1a: Celebi|Celebi|100/100
|switch|p2a: Milotic|Milotic, F|31/100
|
|-weather|Sandstorm|[upkeep]
|-damage|p1a: Celebi|94/100|[from] Sandstorm
|-damage|p2a: Milotic|25/100|[from] Sandstorm
|-heal|p1a: Celebi|100/100|[from] item: Leftovers
|-heal|p2a: Milotic|31/100|[from] item: Leftovers
|upkeep
|turn|12
|
|t:|1729516886
|switch|p2a: Forretress|Forretress, F|100/100
|move|p1a: Celebi|Hidden Power|p2a: Forretress
|-resisted|p2a: Forretress
|-damage|p2a: Forretress|94/100
|
|-weather|Sandstorm|[upkeep]
|-damage|p1a: Celebi|94/100|[from] Sandstorm
|-heal|p1a: Celebi|100/100|[from] item: Leftovers
|-heal|p2a: Forretress|99/100|[from] item: Leftovers
|upkeep
|turn|13
|
|t:|1729516892
|switch|p1a: Salamence|Salamence, F, shiny|100/100
|-ability|p1a: Salamence|Intimidate|boost
|-unboost|p2a: Forretress|atk|1
|move|p2a: Forretress|Spikes|p1a: Salamence
|-sidestart|p1: triangles|Spikes
|
|-weather|Sandstorm|[upkeep]
|-damage|p1a: Salamence|94/100|[from] Sandstorm
|-heal|p1a: Salamence|100/100|[from] item: Leftovers
|-heal|p2a: Forretress|100/100|[from] item: Leftovers
|upkeep
|turn|14
|
|t:|1729516902
|switch|p2a: Milotic|Milotic, F|31/100
|move|p1a: Salamence|Brick Break|p2a: Milotic
|-damage|p2a: Milotic|14/100
|
|-weather|Sandstorm|[upkeep]
|-damage|p1a: Salamence|94/100|[from] Sandstorm
|-damage|p2a: Milotic|8/100|[from] Sandstorm
|-heal|p1a: Salamence|100/100|[from] item: Leftovers
|-heal|p2a: Milotic|14/100|[from] item: Leftovers
|upkeep
|turn|15
|
|t:|1729516916
|switch|p2a: Blissey|Blissey, F|100/100
|move|p1a: Salamence|Dragon Claw|p2a: Blissey
|-damage|p2a: Blissey|85/100
|
|-weather|Sandstorm|[upkeep]
|-damage|p1a: Salamence|94/100|[from] Sandstorm
|-damage|p2a: Blissey|79/100|[from] Sandstorm
|-heal|p1a: Salamence|100/100|[from] item: Leftovers
|-heal|p2a: Blissey|85/100|[from] item: Leftovers
|upkeep
|turn|16
|
|t:|1729516933
|switch|p1a: Jirachi|Jirachi|100/100
|-damage|p1a: Jirachi|88/100|[from] Spikes
|move|p2a: Blissey|Ice Beam|p1a: Jirachi
|-resisted|p1a: Jirachi
|-damage|p1a: Jirachi|80/100
|
|-weather|Sandstorm|[upkeep]
|-damage|p2a: Blissey|79/100|[from] Sandstorm
|-heal|p1a: Jirachi|86/100|[from] item: Leftovers
|-heal|p2a: Blissey|85/100|[from] item: Leftovers
|upkeep
|turn|17
|
|t:|1729516940
|switch|p2a: Charizard|Charizard, M|100/100
|move|p1a: Jirachi|Body Slam|p2a: Charizard
|-damage|p2a: Charizard|70/100
|
|-weather|Sandstorm|[upkeep]
|-damage|p2a: Charizard|64/100|[from] Sandstorm
|-heal|p2a: Charizard|70/100|[from] item: Leftovers
|-heal|p1a: Jirachi|92/100|[from] item: Leftovers
|upkeep
|turn|18
|
|t:|1729516964
|move|p2a: Charizard|Flamethrower|p1a: Jirachi
|-supereffective|p1a: Jirachi
|-damage|p1a: Jirachi|38/100
|-status|p1a: Jirachi|brn
|move|p1a: Jirachi|Body Slam|p2a: Charizard
|-damage|p2a: Charizard|54/100
|
|-weather|Sandstorm|[upkeep]
|-damage|p2a: Charizard|47/100|[from] Sandstorm
|-heal|p2a: Charizard|54/100|[from] item: Leftovers
|-heal|p1a: Jirachi|44/100 brn|[from] item: Leftovers
|-damage|p1a: Jirachi|32/100 brn|[from] brn
|upkeep
|turn|19
|
|t:|1729516977
|switch|p1a: Salamence|Salamence, F, shiny|100/100
|-ability|p1a: Salamence|Intimidate|boost
|-unboost|p2a: Charizard|atk|1
|move|p2a: Charizard|Flamethrower|p1a: Salamence
|-resisted|p1a: Salamence
|-damage|p1a: Salamence|74/100
|
|-weather|Sandstorm|[upkeep]
|-damage|p2a: Charizard|47/100|[from] Sandstorm
|-damage|p1a: Salamence|68/100|[from] Sandstorm
|-heal|p2a: Charizard|54/100|[from] item: Leftovers
|-heal|p1a: Salamence|74/100|[from] item: Leftovers
|upkeep
|turn|20
|
|t:|1729517005
|switch|p2a: Metagross|Metagross|96/100
|move|p1a: Salamence|Wish|p1a: Salamence
|
|-weather|Sandstorm|[upkeep]
|-damage|p1a: Salamence|68/100|[from] Sandstorm
|-heal|p1a: Salamence|74/100|[from] item: Leftovers
|upkeep
|turn|21
|
|t:|1729517021
|move|p1a: Salamence|Flamethrower|p2a: Metagross
|-supereffective|p2a: Metagross
|-damage|p2a: Metagross|38/100
|move|p2a: Metagross|Meteor Mash|p1a: Salamence
|-damage|p1a: Salamence|14/100
|
|-heal|p1a: Salamence|64/100|[from] move: Wish|[wisher] Salamence
|-weather|Sandstorm|[upkeep]
|-damage|p1a: Salamence|57/100|[from] Sandstorm
|-heal|p1a: Salamence|64/100|[from] item: Leftovers
|upkeep
|turn|22
|inactive|triangles has 270 seconds left.
|
|t:|1729517051
|switch|p2a: Blissey|Blissey, F|85/100
|move|p1a: Salamence|Flamethrower|p2a: Blissey
|-damage|p2a: Blissey|74/100
|
|-weather|Sandstorm|[upkeep]
|-damage|p1a: Salamence|57/100|[from] Sandstorm
|-damage|p2a: Blissey|68/100|[from] Sandstorm
|-heal|p1a: Salamence|64/100|[from] item: Leftovers
|-heal|p2a: Blissey|74/100|[from] item: Leftovers
|upkeep
|turn|23
|
|t:|1729517067
|switch|p1a: Starmie|Starmie, shiny|100/100
|-damage|p1a: Starmie|88/100|[from] Spikes
|switch|p2a: Milotic|Milotic, F|14/100
|
|-weather|Sandstorm|[upkeep]
|-damage|p1a: Starmie|82/100|[from] Sandstorm
|-damage|p2a: Milotic|8/100|[from] Sandstorm
|-heal|p1a: Starmie|88/100|[from] item: Leftovers
|-heal|p2a: Milotic|14/100|[from] item: Leftovers
|upkeep
|turn|24
|
|t:|1729517078
|move|p1a: Starmie|Rapid Spin|p2a: Milotic
|-damage|p2a: Milotic|12/100
|-sideend|p1: triangles|Spikes|[from] move: Rapid Spin|[of] p1a: Starmie
|move|p2a: Milotic|Recover|p2a: Milotic
|-heal|p2a: Milotic|62/100
|
|-weather|Sandstorm|[upkeep]
|-damage|p1a: Starmie|82/100|[from] Sandstorm
|-damage|p2a: Milotic|56/100|[from] Sandstorm
|-heal|p1a: Starmie|88/100|[from] item: Leftovers
|-heal|p2a: Milotic|62/100|[from] item: Leftovers
|upkeep
|turn|25
|
|t:|1729517091
|switch|p1a: Hariyama|Hariyama, F, shiny|82/100 tox
|move|p2a: Milotic|Surf|p1a: Hariyama
|-damage|p1a: Hariyama|53/100 tox
|
|-weather|Sandstorm|[upkeep]
|-damage|p2a: Milotic|56/100|[from] Sandstorm
|-damage|p1a: Hariyama|47/100 tox|[from] Sandstorm
|-heal|p2a: Milotic|62/100|[from] item: Leftovers
|-heal|p1a: Hariyama|53/100 tox|[from] item: Leftovers
|-damage|p1a: Hariyama|47/100 tox|[from] psn
|upkeep
|turn|26
|
|t:|1729517100
|switch|p2a: Metagross|Metagross|38/100
|move|p1a: Hariyama|Brick Break|p2a: Metagross
|-damage|p2a: Metagross|4/100
|
|-weather|Sandstorm|[upkeep]
|-damage|p1a: Hariyama|41/100 tox|[from] Sandstorm
|-heal|p1a: Hariyama|47/100 tox|[from] item: Leftovers
|-damage|p1a: Hariyama|34/100 tox|[from] psn
|upkeep
|turn|27
|
|t:|1729517108
|switch|p1a: Jirachi|Jirachi|32/100 brn
|move|p2a: Metagross|Explosion|p1a: Jirachi
|-resisted|p1a: Jirachi
|-damage|p1a: Jirachi|0 fnt
|faint|p2a: Metagross
|faint|p1a: Jirachi
|
|t:|1729517135
|switch|p1a: Tyranitar|Tyranitar, M, shiny|100/100
|switch|p2a: Forretress|Forretress, F|100/100
|
|-weather|Sandstorm|[upkeep]
|upkeep
|turn|28
|
|t:|1729517144
|-singleturn|p1a: Tyranitar|move: Focus Punch
|move|p2a: Forretress|Hidden Power|p1a: Tyranitar
|-supereffective|p1a: Tyranitar
|-damage|p1a: Tyranitar|65/100
|move|p1a: Tyranitar|Focus Punch||[still]
|cant|p1a: Tyranitar|Focus Punch|Focus Punch
|
|-weather|Sandstorm|[upkeep]
|-heal|p1a: Tyranitar|71/100|[from] item: Leftovers
|upkeep
|turn|29
|
|t:|1729517149
|-singleturn|p1a: Tyranitar|move: Focus Punch
|switch|p2a: Milotic|Milotic, F|62/100
|move|p1a: Tyranitar|Focus Punch|p2a: Milotic
|-damage|p2a: Milotic|20/100
|
|-weather|Sandstorm|[upkeep]
|-damage|p2a: Milotic|14/100|[from] Sandstorm
|-heal|p2a: Milotic|20/100|[from] item: Leftovers
|-heal|p1a: Tyranitar|78/100|[from] item: Leftovers
|upkeep
|turn|30
|inactive|triangles has 270 seconds left.
|
|t:|1729517158
|-singleturn|p1a: Tyranitar|move: Focus Punch
|move|p2a: Milotic|Recover|p2a: Milotic
|-heal|p2a: Milotic|70/100
|move|p1a: Tyranitar|Focus Punch|p2a: Milotic
|-damage|p2a: Milotic|29/100
|
|-weather|Sandstorm|[upkeep]
|-damage|p2a: Milotic|23/100|[from] Sandstorm
|-heal|p2a: Milotic|29/100|[from] item: Leftovers
|-heal|p1a: Tyranitar|84/100|[from] item: Leftovers
|upkeep
|turn|31
|
|t:|1729517165
|switch|p1a: Celebi|Celebi|100/100
|move|p2a: Milotic|Recover|p2a: Milotic
|-heal|p2a: Milotic|79/100
|
|-weather|Sandstorm|[upkeep]
|-damage|p1a: Celebi|94/100|[from] Sandstorm
|-damage|p2a: Milotic|73/100|[from] Sandstorm
|-heal|p1a: Celebi|100/100|[from] item: Leftovers
|-heal|p2a: Milotic|79/100|[from] item: Leftovers
|upkeep
|turn|32
|
|t:|1729517172
|switch|p2a: Forretress|Forretress, F|100/100
|move|p1a: Celebi|Leech Seed|p2a: Forretress
|-start|p2a: Forretress|move: Leech Seed
|
|-weather|Sandstorm|[upkeep]
|-damage|p1a: Celebi|94/100|[from] Sandstorm
|-heal|p1a: Celebi|100/100|[from] item: Leftovers
|-damage|p2a: Forretress|88/100|[from] Leech Seed|[of] p1a: Celebi
|upkeep
|turn|33
|
|t:|1729517178
|switch|p1a: Salamence|Salamence, F, shiny|64/100
|-ability|p1a: Salamence|Intimidate|boost
|-unboost|p2a: Forretress|atk|1
|move|p2a: Forretress|Spikes|p1a: Salamence
|-sidestart|p1: triangles|Spikes
|
|-weather|Sandstorm|[upkeep]
|-damage|p1a: Salamence|57/100|[from] Sandstorm
|-heal|p1a: Salamence|64/100|[from] item: Leftovers
|-heal|p2a: Forretress|94/100|[from] item: Leftovers
|-damage|p2a: Forretress|82/100|[from] Leech Seed|[of] p1a: Salamence
|-heal|p1a: Salamence|76/100|[silent]
|upkeep
|turn|34
|
|t:|1729517190
|switch|p2a: Milotic|Milotic, F|79/100
|move|p1a: Salamence|Dragon Claw|p2a: Milotic
|-damage|p2a: Milotic|50/100
|
|-weather|Sandstorm|[upkeep]
|-damage|p1a: Salamence|69/100|[from] Sandstorm
|-damage|p2a: Milotic|44/100|[from] Sandstorm
|-heal|p1a: Salamence|76/100|[from] item: Leftovers
|-heal|p2a: Milotic|50/100|[from] item: Leftovers
|upkeep
|turn|35
|
|t:|1729517196
|switch|p1a: Starmie|Starmie, shiny|88/100
|-damage|p1a: Starmie|76/100|[from] Spikes
|move|p2a: Milotic|Recover|p2a: Milotic
|-heal|p2a: Milotic|100/100
|
|-weather|Sandstorm|[upkeep]
|-damage|p1a: Starmie|70/100|[from] Sandstorm
|-damage|p2a: Milotic|94/100|[from] Sandstorm
|-heal|p1a: Starmie|76/100|[from] item: Leftovers
|-heal|p2a: Milotic|100/100|[from] item: Leftovers
|upkeep
|turn|36
|
|t:|1729517200
|move|p1a: Starmie|Surf|p2a: Milotic
|-resisted|p2a: Milotic
|-damage|p2a: Milotic|88/100
|move|p2a: Milotic|Toxic|p1a: Starmie
|-status|p1a: Starmie|tox
|
|-weather|Sandstorm|[upkeep]
|-damage|p1a: Starmie|70/100 tox|[from] Sandstorm
|-damage|p2a: Milotic|82/100|[from] Sandstorm
|-heal|p1a: Starmie|76/100 tox|[from] item: Leftovers
|-damage|p1a: Starmie|70/100 tox|[from] psn
|-heal|p2a: Milotic|88/100|[from] item: Leftovers
|upkeep
|turn|37
|
|t:|1729517215
|-curestatus|p1a: Starmie|tox|[from] ability: Natural Cure
|switch|p1a: Celebi|Celebi|100/100
|-damage|p1a: Celebi|88/100|[from] Spikes
|switch|p2a: Tyranitar|Tyranitar, F|100/100
|
|-weather|Sandstorm|[upkeep]
|-damage|p1a: Celebi|82/100|[from] Sandstorm
|-heal|p1a: Celebi|88/100|[from] item: Leftovers
|upkeep
|turn|38
|
|t:|1729517221
|switch|p2a: Forretress|Forretress, F|82/100
|move|p1a: Celebi|Hidden Power|p2a: Forretress
|-resisted|p2a: Forretress
|-damage|p2a: Forretress|76/100
|
|-weather|Sandstorm|[upkeep]
|-damage|p1a: Celebi|82/100|[from] Sandstorm
|-heal|p1a: Celebi|88/100|[from] item: Leftovers
|-heal|p2a: Forretress|82/100|[from] item: Leftovers
|upkeep
|turn|39
|
|t:|1729517226
|switch|p1a: Salamence|Salamence, F, shiny|76/100
|-ability|p1a: Salamence|Intimidate|boost
|-unboost|p2a: Forretress|atk|1
|move|p2a: Forretress|Hidden Power|p1a: Salamence
|-resisted|p1a: Salamence
|-damage|p1a: Salamence|68/100
|
|-weather|Sandstorm|[upkeep]
|-damage|p1a: Salamence|61/100|[from] Sandstorm
|-heal|p1a: Salamence|68/100|[from] item: Leftovers
|-heal|p2a: Forretress|89/100|[from] item: Leftovers
|upkeep
|turn|40
|
|t:|1729517231
|switch|p2a: Milotic|Milotic, F|88/100
|move|p1a: Salamence|Wish|p1a: Salamence
|
|-weather|Sandstorm|[upkeep]
|-damage|p1a: Salamence|61/100|[from] Sandstorm
|-damage|p2a: Milotic|82/100|[from] Sandstorm
|-heal|p1a: Salamence|68/100|[from] item: Leftovers
|-heal|p2a: Milotic|88/100|[from] item: Leftovers
|upkeep
|turn|41
|
|t:|1729517235
|switch|p1a: Starmie|Starmie, shiny|70/100
|-damage|p1a: Starmie|57/100|[from] Spikes
|move|p2a: Milotic|Surf|p1a: Starmie
|-resisted|p1a: Starmie
|-damage|p1a: Starmie|39/100
|
|-heal|p1a: Starmie|89/100|[from] move: Wish|[wisher] Salamence
|-weather|Sandstorm|[upkeep]
|-damage|p1a: Starmie|83/100|[from] Sandstorm
|-damage|p2a: Milotic|82/100|[from] Sandstorm
|-heal|p1a: Starmie|89/100|[from] item: Leftovers
|-heal|p2a: Milotic|88/100|[from] item: Leftovers
|upkeep
|turn|42
|
|t:|1729517239
|move|p1a: Starmie|Rapid Spin|p2a: Milotic
|-damage|p2a: Milotic|86/100
|-sideend|p1: triangles|Spikes|[from] move: Rapid Spin|[of] p1a: Starmie
|move|p2a: Milotic|Toxic|p1a: Starmie|[miss]
|-miss|p2a: Milotic|p1a: Starmie
|
|-weather|Sandstorm|[upkeep]
|-damage|p1a: Starmie|83/100|[from] Sandstorm
|-damage|p2a: Milotic|80/100|[from] Sandstorm
|-heal|p1a: Starmie|89/100|[from] item: Leftovers
|-heal|p2a: Milotic|86/100|[from] item: Leftovers
|upkeep
|turn|43
|
|t:|1729517248
|switch|p1a: Celebi|Celebi|88/100
|move|p2a: Milotic|Toxic|p1a: Celebi
|-status|p1a: Celebi|tox
|
|-weather|Sandstorm|[upkeep]
|-damage|p1a: Celebi|82/100 tox|[from] Sandstorm
|-damage|p2a: Milotic|80/100|[from] Sandstorm
|-heal|p1a: Celebi|88/100 tox|[from] item: Leftovers
|-damage|p1a: Celebi|82/100 tox|[from] psn
|-heal|p2a: Milotic|86/100|[from] item: Leftovers
|upkeep
|turn|44
|
|t:|1729517259
|-curestatus|p1a: Celebi|tox|[from] ability: Natural Cure
|switch|p1a: Starmie|Starmie, shiny|89/100
|switch|p2a: Forretress|Forretress, F|89/100
|
|-weather|Sandstorm|[upkeep]
|-damage|p1a: Starmie|83/100|[from] Sandstorm
|-heal|p1a: Starmie|89/100|[from] item: Leftovers
|-heal|p2a: Forretress|95/100|[from] item: Leftovers
|upkeep
|turn|45
|
|t:|1729517263
|move|p1a: Starmie|Thunder Wave|p2a: Forretress
|-status|p2a: Forretress|par
|move|p2a: Forretress|Hidden Power|p1a: Starmie
|-supereffective|p1a: Starmie
|-damage|p1a: Starmie|41/100
|
|-weather|Sandstorm|[upkeep]
|-damage|p1a: Starmie|34/100|[from] Sandstorm
|-heal|p1a: Starmie|41/100|[from] item: Leftovers
|-heal|p2a: Forretress|100/100 par|[from] item: Leftovers
|upkeep
|turn|46
|
|t:|1729517267
|move|p1a: Starmie|Recover|p1a: Starmie
|-heal|p1a: Starmie|91/100
|move|p2a: Forretress|Spikes|p1a: Starmie
|-sidestart|p1: triangles|Spikes
|
|-weather|Sandstorm|[upkeep]
|-damage|p1a: Starmie|84/100|[from] Sandstorm
|-heal|p1a: Starmie|91/100|[from] item: Leftovers
|upkeep
|turn|47
|
|t:|1729517272
|move|p1a: Starmie|Rapid Spin|p2a: Forretress
|-resisted|p2a: Forretress
|-damage|p2a: Forretress|99/100 par
|-sideend|p1: triangles|Spikes|[from] move: Rapid Spin|[of] p1a: Starmie
|move|p2a: Forretress|Hidden Power|p1a: Starmie
|-supereffective|p1a: Starmie
|-damage|p1a: Starmie|42/100
|
|-weather|Sandstorm|[upkeep]
|-damage|p1a: Starmie|36/100|[from] Sandstorm
|-heal|p1a: Starmie|42/100|[from] item: Leftovers
|-heal|p2a: Forretress|100/100 par|[from] item: Leftovers
|upkeep
|turn|48
|
|t:|1729517275
|move|p1a: Starmie|Recover|p1a: Starmie
|-heal|p1a: Starmie|92/100
|move|p2a: Forretress|Spikes|p1a: Starmie
|-sidestart|p1: triangles|Spikes
|
|-weather|Sandstorm|[upkeep]
|-damage|p1a: Starmie|86/100|[from] Sandstorm
|-heal|p1a: Starmie|92/100|[from] item: Leftovers
|upkeep
|turn|49
|
|t:|1729517285
|switch|p2a: Tyranitar|Tyranitar, F|100/100
|move|p1a: Starmie|Rapid Spin|p2a: Tyranitar
|-resisted|p2a: Tyranitar
|-crit|p2a: Tyranitar
|-damage|p2a: Tyranitar|98/100
|-sideend|p1: triangles|Spikes|[from] move: Rapid Spin|[of] p1a: Starmie
|
|-weather|Sandstorm|[upkeep]
|-damage|p1a: Starmie|86/100|[from] Sandstorm
|-heal|p1a: Starmie|92/100|[from] item: Leftovers
|-heal|p2a: Tyranitar|100/100|[from] item: Leftovers
|upkeep
|turn|50
|
|t:|1729517289
|switch|p1a: Tyranitar|Tyranitar, M, shiny|84/100
|move|p2a: Tyranitar|Crunch|p1a: Tyranitar
|-resisted|p1a: Tyranitar
|-damage|p1a: Tyranitar|68/100
|
|-weather|Sandstorm|[upkeep]
|-heal|p1a: Tyranitar|74/100|[from] item: Leftovers
|upkeep
|turn|51
|
|t:|1729517304
|switch|p2a: Milotic|Milotic, F|86/100
|move|p1a: Tyranitar|Earthquake|p2a: Milotic
|-damage|p2a: Milotic|55/100
|
|-weather|Sandstorm|[upkeep]
|-damage|p2a: Milotic|49/100|[from] Sandstorm
|-heal|p2a: Milotic|55/100|[from] item: Leftovers
|-heal|p1a: Tyranitar|80/100|[from] item: Leftovers
|upkeep
|turn|52
|
|t:|1729517310
|switch|p1a: Celebi|Celebi|82/100
|move|p2a: Milotic|Recover|p2a: Milotic
|-heal|p2a: Milotic|100/100
|
|-weather|Sandstorm|[upkeep]
|-damage|p1a: Celebi|76/100|[from] Sandstorm
|-damage|p2a: Milotic|94/100|[from] Sandstorm
|-heal|p1a: Celebi|82/100|[from] item: Leftovers
|-heal|p2a: Milotic|100/100|[from] item: Leftovers
|upkeep
|turn|53
|
|t:|1729517321
|switch|p1a: Hariyama|Hariyama, F, shiny|34/100 tox
|move|p2a: Milotic|Toxic|p1a: Hariyama|[miss]
|-miss|p2a: Milotic|p1a: Hariyama
|
|-weather|Sandstorm|[upkeep]
|-damage|p2a: Milotic|94/100|[from] Sandstorm
|-damage|p1a: Hariyama|28/100 tox|[from] Sandstorm
|-heal|p2a: Milotic|100/100|[from] item: Leftovers
|-heal|p1a: Hariyama|34/100 tox|[from] item: Leftovers
|-damage|p1a: Hariyama|28/100 tox|[from] psn
|upkeep
|turn|54
|
|t:|1729517333
|switch|p1a: Celebi|Celebi|82/100
|move|p2a: Milotic|Surf|p1a: Celebi
|-resisted|p1a: Celebi
|-damage|p1a: Celebi|68/100
|
|-weather|Sandstorm|[upkeep]
|-damage|p1a: Celebi|62/100|[from] Sandstorm
|-damage|p2a: Milotic|94/100|[from] Sandstorm
|-heal|p1a: Celebi|68/100|[from] item: Leftovers
|-heal|p2a: Milotic|100/100|[from] item: Leftovers
|upkeep
|turn|55
|
|t:|1729517337
|switch|p2a: Forretress|Forretress, F|100/100 par
|move|p1a: Celebi|Leech Seed|p2a: Forretress
|-start|p2a: Forretress|move: Leech Seed
|
|-weather|Sandstorm|[upkeep]
|-damage|p1a: Celebi|62/100|[from] Sandstorm
|-heal|p1a: Celebi|68/100|[from] item: Leftovers
|-damage|p2a: Forretress|88/100 par|[from] Leech Seed|[of] p1a: Celebi
|-heal|p1a: Celebi|79/100|[silent]
|upkeep
|turn|56
|
|t:|1729517344
|switch|p1a: Hariyama|Hariyama, F, shiny|28/100 tox
|switch|p2a: Charizard|Charizard, M|54/100
|
|-weather|Sandstorm|[upkeep]
|-damage|p2a: Charizard|47/100|[from] Sandstorm
|-damage|p1a: Hariyama|22/100 tox|[from] Sandstorm
|-heal|p2a: Charizard|54/100|[from] item: Leftovers
|-heal|p1a: Hariyama|28/100 tox|[from] item: Leftovers
|-damage|p1a: Hariyama|22/100 tox|[from] psn
|upkeep
|turn|57
|
|t:|1729517351
|switch|p1a: Starmie|Starmie, shiny|92/100
|move|p2a: Charizard|Flamethrower|p1a: Starmie
|-resisted|p1a: Starmie
|-damage|p1a: Starmie|69/100
|
|-weather|Sandstorm|[upkeep]
|-damage|p1a: Starmie|63/100|[from] Sandstorm
|-damage|p2a: Charizard|47/100|[from] Sandstorm
|-heal|p1a: Starmie|69/100|[from] item: Leftovers
|-heal|p2a: Charizard|54/100|[from] item: Leftovers
|upkeep
|turn|58
|
|t:|1729517359
|move|p1a: Starmie|Recover|p1a: Starmie
|-heal|p1a: Starmie|100/100
|move|p2a: Charizard|Hidden Power|p1a: Starmie
|-supereffective|p1a: Starmie
|-crit|p1a: Starmie
|-damage|p1a: Starmie|0 fnt
|faint|p1a: Starmie
|
|t:|1729517370
|switch|p1a: Tyranitar|Tyranitar, M, shiny|80/100
|
|-weather|Sandstorm|[upkeep]
|-damage|p2a: Charizard|47/100|[from] Sandstorm
|-heal|p2a: Charizard|54/100|[from] item: Leftovers
|-heal|p1a: Tyranitar|87/100|[from] item: Leftovers
|upkeep
|turn|59
|c|☆Depres_ionCher_y|oof sry
|
|t:|1729517375
|-singleturn|p1a: Tyranitar|move: Focus Punch
|move|p2a: Charizard|Brick Break|p1a: Tyranitar
|-supereffective|p1a: Tyranitar
|-damage|p1a: Tyranitar|42/100
|move|p1a: Tyranitar|Focus Punch||[still]
|cant|p1a: Tyranitar|Focus Punch|Focus Punch
|
|-weather|Sandstorm|[upkeep]
|-damage|p2a: Charizard|47/100|[from] Sandstorm
|-heal|p2a: Charizard|54/100|[from] item: Leftovers
|-heal|p1a: Tyranitar|48/100|[from] item: Leftovers
|upkeep
|turn|60
|
|t:|1729517380
|switch|p2a: Milotic|Milotic, F|100/100
|move|p1a: Tyranitar|Rock Slide|p2a: Milotic
|-damage|p2a: Milotic|69/100
|
|-weather|Sandstorm|[upkeep]
|-damage|p2a: Milotic|63/100|[from] Sandstorm
|-heal|p2a: Milotic|69/100|[from] item: Leftovers
|-heal|p1a: Tyranitar|55/100|[from] item: Leftovers
|upkeep
|turn|61
|
|t:|1729517387
|switch|p1a: Celebi|Celebi|79/100
|move|p2a: Milotic|Surf|p1a: Celebi
|-resisted|p1a: Celebi
|-damage|p1a: Celebi|65/100
|
|-weather|Sandstorm|[upkeep]
|-damage|p1a: Celebi|59/100|[from] Sandstorm
|-damage|p2a: Milotic|63/100|[from] Sandstorm
|-heal|p1a: Celebi|65/100|[from] item: Leftovers
|-heal|p2a: Milotic|69/100|[from] item: Leftovers
|upkeep
|turn|62
|
|t:|1729517397
|switch|p1a: Tyranitar|Tyranitar, M, shiny|55/100
|move|p2a: Milotic|Recover|p2a: Milotic
|-heal|p2a: Milotic|100/100
|
|-weather|Sandstorm|[upkeep]
|-damage|p2a: Milotic|94/100|[from] Sandstorm
|-heal|p2a: Milotic|100/100|[from] item: Leftovers
|-heal|p1a: Tyranitar|61/100|[from] item: Leftovers
|upkeep
|turn|63
|
|t:|1729517401
|switch|p1a: Celebi|Celebi|65/100
|move|p2a: Milotic|Surf|p1a: Celebi
|-resisted|p1a: Celebi
|-damage|p1a: Celebi|51/100
|
|-weather|Sandstorm|[upkeep]
|-damage|p1a: Celebi|45/100|[from] Sandstorm
|-damage|p2a: Milotic|94/100|[from] Sandstorm
|-heal|p1a: Celebi|51/100|[from] item: Leftovers
|-heal|p2a: Milotic|100/100|[from] item: Leftovers
|upkeep
|turn|64
|
|t:|1729517408
|switch|p2a: Forretress|Forretress, F|88/100 par
|move|p1a: Celebi|Recover|p1a: Celebi
|-heal|p1a: Celebi|100/100
|
|-weather|Sandstorm|[upkeep]
|-damage|p1a: Celebi|94/100|[from] Sandstorm
|-heal|p1a: Celebi|100/100|[from] item: Leftovers
|-heal|p2a: Forretress|94/100 par|[from] item: Leftovers
|upkeep
|turn|65
|
|t:|1729517412
|switch|p1a: Hariyama|Hariyama, F, shiny|22/100 tox
|move|p2a: Forretress|Spikes|p1a: Hariyama
|-sidestart|p1: triangles|Spikes
|
|-weather|Sandstorm|[upkeep]
|-damage|p1a: Hariyama|16/100 tox|[from] Sandstorm
|-heal|p1a: Hariyama|22/100 tox|[from] item: Leftovers
|-damage|p1a: Hariyama|16/100 tox|[from] psn
|-heal|p2a: Forretress|100/100 par|[from] item: Leftovers
|upkeep
|turn|66
|
|t:|1729517426
|move|p1a: Hariyama|Rock Slide|p2a: Forretress|[miss]
|-miss|p1a: Hariyama|p2a: Forretress
|cant|p2a: Forretress|par
|
|-weather|Sandstorm|[upkeep]
|-damage|p1a: Hariyama|9/100 tox|[from] Sandstorm
|-heal|p1a: Hariyama|16/100 tox|[from] item: Leftovers
|-damage|p1a: Hariyama|3/100 tox|[from] psn
|upkeep
|turn|67
|
|t:|1729517430
|move|p1a: Hariyama|Knock Off|p2a: Forretress
|-resisted|p2a: Forretress
|-damage|p2a: Forretress|99/100 par
|-enditem|p2a: Forretress|Leftovers|[from] move: Knock Off|[of] p1a: Hariyama
|cant|p2a: Forretress|par
|
|-weather|Sandstorm|[upkeep]
|-damage|p1a: Hariyama|0 fnt|[from] Sandstorm
|faint|p1a: Hariyama
|upkeep
|
|t:|1729517433
|switch|p1a: Salamence|Salamence, F, shiny|68/100
|-ability|p1a: Salamence|Intimidate|boost
|-unboost|p2a: Forretress|atk|1
|turn|68
|
|t:|1729517439
|switch|p2a: Milotic|Milotic, F|100/100
|move|p1a: Salamence|Wish|p1a: Salamence
|
|-weather|Sandstorm|[upkeep]
|-damage|p1a: Salamence|61/100|[from] Sandstorm
|-damage|p2a: Milotic|94/100|[from] Sandstorm
|-heal|p1a: Salamence|68/100|[from] item: Leftovers
|-heal|p2a: Milotic|100/100|[from] item: Leftovers
|upkeep
|turn|69
|
|t:|1729517446
|switch|p1a: Celebi|Celebi|100/100
|-damage|p1a: Celebi|88/100|[from] Spikes
|move|p2a: Milotic|Surf|p1a: Celebi
|-resisted|p1a: Celebi
|-damage|p1a: Celebi|74/100
|
|-heal|p1a: Celebi|100/100|[from] move: Wish|[wisher] Salamence
|-weather|Sandstorm|[upkeep]
|-damage|p1a: Celebi|94/100|[from] Sandstorm
|-damage|p2a: Milotic|94/100|[from] Sandstorm
|-heal|p1a: Celebi|100/100|[from] item: Leftovers
|-heal|p2a: Milotic|100/100|[from] item: Leftovers
|upkeep
|turn|70
|
|t:|1729517454
|move|p1a: Celebi|Leech Seed|p2a: Milotic
|-start|p2a: Milotic|move: Leech Seed
|move|p2a: Milotic|Toxic|p1a: Celebi
|-status|p1a: Celebi|tox
|
|-weather|Sandstorm|[upkeep]
|-damage|p1a: Celebi|94/100 tox|[from] Sandstorm
|-damage|p2a: Milotic|94/100|[from] Sandstorm
|-heal|p1a: Celebi|100/100 tox|[from] item: Leftovers
|-damage|p1a: Celebi|94/100 tox|[from] psn
|-heal|p2a: Milotic|100/100|[from] item: Leftovers
|-damage|p2a: Milotic|88/100|[from] Leech Seed|[of] p1a: Celebi
|-heal|p1a: Celebi|100/100 tox|[silent]
|upkeep
|turn|71
|
|t:|1729517460
|-curestatus|p1a: Celebi|tox|[from] ability: Natural Cure
|switch|p1a: Tyranitar|Tyranitar, M, shiny|61/100
|-damage|p1a: Tyranitar|48/100|[from] Spikes
|switch|p2a: Blissey|Blissey, F|74/100
|
|-weather|Sandstorm|[upkeep]
|-damage|p2a: Blissey|68/100|[from] Sandstorm
|-heal|p1a: Tyranitar|55/100|[from] item: Leftovers
|-heal|p2a: Blissey|74/100|[from] item: Leftovers
|upkeep
|turn|72
|
|t:|1729517464
|-singleturn|p1a: Tyranitar|move: Focus Punch
|switch|p2a: Milotic|Milotic, F|88/100
|move|p1a: Tyranitar|Focus Punch|p2a: Milotic
|-damage|p2a: Milotic|46/100
|
|-weather|Sandstorm|[upkeep]
|-damage|p2a: Milotic|40/100|[from] Sandstorm
|-heal|p2a: Milotic|46/100|[from] item: Leftovers
|-heal|p1a: Tyranitar|61/100|[from] item: Leftovers
|upkeep
|turn|73
|
|t:|1729517470
|switch|p1a: Celebi|Celebi|100/100
|-damage|p1a: Celebi|88/100|[from] Spikes
|move|p2a: Milotic|Recover|p2a: Milotic
|-heal|p2a: Milotic|96/100
|
|-weather|Sandstorm|[upkeep]
|-damage|p1a: Celebi|82/100|[from] Sandstorm
|-damage|p2a: Milotic|90/100|[from] Sandstorm
|-heal|p1a: Celebi|88/100|[from] item: Leftovers
|-heal|p2a: Milotic|96/100|[from] item: Leftovers
|upkeep
|turn|74
|
|t:|1729517474
|switch|p2a: Forretress|Forretress, F|99/100 par
|move|p1a: Celebi|Leech Seed|p2a: Forretress
|-start|p2a: Forretress|move: Leech Seed
|
|-weather|Sandstorm|[upkeep]
|-damage|p1a: Celebi|82/100|[from] Sandstorm
|-heal|p1a: Celebi|88/100|[from] item: Leftovers
|-damage|p2a: Forretress|87/100 par|[from] Leech Seed|[of] p1a: Celebi
|-heal|p1a: Celebi|99/100|[silent]
|upkeep
|turn|75
|
|t:|1729517480
|switch|p1a: Tyranitar|Tyranitar, M, shiny|61/100
|-damage|p1a: Tyranitar|48/100|[from] Spikes
|move|p2a: Forretress|Spikes|p1a: Tyranitar
|-sidestart|p1: triangles|Spikes
|
|-weather|Sandstorm|[upkeep]
|-heal|p1a: Tyranitar|55/100|[from] item: Leftovers
|-damage|p2a: Forretress|75/100 par|[from] Leech Seed|[of] p1a: Tyranitar
|-heal|p1a: Tyranitar|66/100|[silent]
|upkeep
|turn|76
|
|t:|1729517484
|switch|p2a: Milotic|Milotic, F|96/100
|move|p1a: Tyranitar|Rock Slide|p2a: Milotic
|-damage|p2a: Milotic|66/100
|
|-weather|Sandstorm|[upkeep]
|-damage|p2a: Milotic|60/100|[from] Sandstorm
|-heal|p2a: Milotic|66/100|[from] item: Leftovers
|-heal|p1a: Tyranitar|72/100|[from] item: Leftovers
|upkeep
|turn|77
|
|t:|1729517491
|switch|p1a: Celebi|Celebi|99/100
|-damage|p1a: Celebi|82/100|[from] Spikes
|move|p2a: Milotic|Recover|p2a: Milotic
|-heal|p2a: Milotic|100/100
|
|-weather|Sandstorm|[upkeep]
|-damage|p1a: Celebi|76/100|[from] Sandstorm
|-damage|p2a: Milotic|94/100|[from] Sandstorm
|-heal|p1a: Celebi|82/100|[from] item: Leftovers
|-heal|p2a: Milotic|100/100|[from] item: Leftovers
|upkeep
|turn|78
|
|t:|1729517503
|switch|p2a: Forretress|Forretress, F|75/100 par
|move|p1a: Celebi|Hidden Power|p2a: Forretress
|-resisted|p2a: Forretress
|-crit|p2a: Forretress
|-damage|p2a: Forretress|62/100 par
|
|-weather|Sandstorm|[upkeep]
|-damage|p1a: Celebi|76/100|[from] Sandstorm
|-heal|p1a: Celebi|82/100|[from] item: Leftovers
|upkeep
|turn|79
|
|t:|1729517506
|switch|p1a: Salamence|Salamence, F, shiny|68/100
|-ability|p1a: Salamence|Intimidate|boost
|-unboost|p2a: Forretress|atk|1
|move|p2a: Forretress|Spikes|p1a: Salamence
|-sidestart|p1: triangles|Spikes
|
|-weather|Sandstorm|[upkeep]
|-damage|p1a: Salamence|61/100|[from] Sandstorm
|-heal|p1a: Salamence|68/100|[from] item: Leftovers
|upkeep
|turn|80
|
|t:|1729517512
|switch|p2a: Milotic|Milotic, F|100/100
|move|p1a: Salamence|Dragon Claw|p2a: Milotic
|-damage|p2a: Milotic|74/100
|
|-weather|Sandstorm|[upkeep]
|-damage|p1a: Salamence|61/100|[from] Sandstorm
|-damage|p2a: Milotic|68/100|[from] Sandstorm
|-heal|p1a: Salamence|68/100|[from] item: Leftovers
|-heal|p2a: Milotic|74/100|[from] item: Leftovers
|upkeep
|turn|81
|
|t:|1729517517
|switch|p1a: Celebi|Celebi|82/100
|-damage|p1a: Celebi|57/100|[from] Spikes
|move|p2a: Milotic|Recover|p2a: Milotic
|-heal|p2a: Milotic|100/100
|
|-weather|Sandstorm|[upkeep]
|-damage|p1a: Celebi|51/100|[from] Sandstorm
|-damage|p2a: Milotic|94/100|[from] Sandstorm
|-heal|p1a: Celebi|57/100|[from] item: Leftovers
|-heal|p2a: Milotic|100/100|[from] item: Leftovers
|upkeep
|turn|82
|
|t:|1729517522
|switch|p2a: Charizard|Charizard, M|54/100
|move|p1a: Celebi|Recover|p1a: Celebi
|-heal|p1a: Celebi|100/100
|
|-weather|Sandstorm|[upkeep]
|-damage|p2a: Charizard|47/100|[from] Sandstorm
|-damage|p1a: Celebi|94/100|[from] Sandstorm
|-heal|p2a: Charizard|54/100|[from] item: Leftovers
|-heal|p1a: Celebi|100/100|[from] item: Leftovers
|upkeep
|turn|83
|
|t:|1729517525
|move|p2a: Charizard|Flamethrower|p1a: Celebi
|-supereffective|p1a: Celebi
|-damage|p1a: Celebi|32/100
|move|p1a: Celebi|Psychic|p2a: Charizard
|-damage|p2a: Charizard|8/100
|
|-weather|Sandstorm|[upkeep]
|-damage|p2a: Charizard|2/100|[from] Sandstorm
|-damage|p1a: Celebi|25/100|[from] Sandstorm
|-heal|p2a: Charizard|8/100|[from] item: Leftovers
|-heal|p1a: Celebi|32/100|[from] item: Leftovers
|upkeep
|turn|84
|
|t:|1729517528
|move|p2a: Charizard|Flamethrower|p1a: Celebi
|-supereffective|p1a: Celebi
|-crit|p1a: Celebi
|-damage|p1a: Celebi|0 fnt
|faint|p1a: Celebi
|c|☆triangles|gg
|-message|triangles forfeited.
|
|win|Depres_ionCher_y
|player|p1|
|c|☆Depres_ionCher_y|gg

</script>
<script type="application/json" class="data" id="replaydata-smogtours-gen3ou-801044">
{"id":"smogtours-gen3ou-801044","format":"[Gen 3] OU","players":["triangles","Depres_ionCher_y"],"uploadtime":1729517534,"views":163,"formatid":"gen3ou","rating":null,"private":0,"password":null}
</script>

<script defer src="js/replays.js?9d40a366"></script>
