<!DOCTYPE html>
<meta charset="utf-8" />
<meta name="viewport" content="width=device-width" />

<title>[Gen 3] OU: denizzz vs. EG Sato - Replays - Pok&eacute;mon Showdown!</title>

<meta name="description" content="Watch a replay of a Pok&eacute;mon battle between denizzz and EG Sato! Format: [Gen 3] OU; Date: Oct 19, 2024" />
<!--

Hey, you! Looking in the source for the replay log?

You can find them in JSON format, just add `.json` at the end of a replay URL.

https://replay.pokemonshowdown.com/gen7randomdoublesbattle-865046831.json

Or, if you only need the log itself, add `.log` instead:

https://replay.pokemonshowdown.com/gen7randomdoublesbattle-865046831.log

-->

<link rel="stylesheet" href="//pokemonshowdown.com/style/global.css?0.023195364461161105" />
<link rel="stylesheet" href="//play.pokemonshowdown.com/style/font-awesome.css?0.13261647063804238" />
<link rel="stylesheet" href="//play.pokemonshowdown.com/style/battle.css?0.8753245789963631" />
<link rel="stylesheet" href="//play.pokemonshowdown.com/style/utilichart.css?0.8627959624976733" />

<!-- Global site tag (gtag.js) - Google Analytics -->
<script async src="https://www.googletagmanager.com/gtag/js?id=UA-26211653-1"></script>
<script>
  window.dataLayer = window.dataLayer || [];
  function gtag(){dataLayer.push(arguments);}
  gtag('js', new Date());

  gtag('config', 'UA-26211653-1');
</script>
<!-- End Google Analytics -->
<!-- Venatus Ad Manager - Install in <HEAD> of page -->
	<script src="https://hb.vntsm.com/v3/live/ad-manager.min.js" type="text/javascript" data-site-id="642aba63ec9a7b11c3c9c1be" data-mode="scan" async></script>
<!-- / Venatus Ad Manager -->

<style>
	@media (max-width:820px) {
		.battle {
			margin: 0 auto;
		}
		.battle-log {
			margin: 7px auto 0;
			max-width: 640px;
			height: 300px;
			position: static;
		}
	}
	.optgroup {
		display: inline-block;
		line-height: 22px;
		font-size: 10pt;
	}
	.optgroup .button {
		height: 25px;
		padding-top: 0;
		padding-bottom: 0;
	}
	.optgroup button.button {
		padding-left: 12px;
		padding-right: 12px;
	}
	.linklist {
		list-style: none;
		margin: 0.5em 0;
		padding: 0;
	}
	.linklist li {
		padding: 2px 0;
	}
	.sidebar {
		float: left;
		width: 320px;
	}
	.bar-wrapper {
		max-width: 1100px;
		margin: 0 auto;
	}
	.bar-wrapper.has-sidebar {
		max-width: 1430px;
	}
	.mainbar {
		margin: 0;
		padding-right: 1px;
	}
	.mainbar.has-sidebar {
		margin-left: 330px;
	}
	@media (min-width: 1511px) {
		.sidebar {
			width: 400px;
		}
		.bar-wrapper.has-sidebar {
			max-width: 1510px;
		}
		.mainbar.has-sidebar {
			margin-left: 410px;
		}
	}
	.section.first-section {
		margin-top: 9px;
	}
	.blocklink small {
		white-space: normal;
	}
	.button {
		vertical-align: middle;
	}
	.replay-controls {
		padding-top: 10px;
	}
	.replay-controls h1 {
		font-size: 16pt;
		font-weight: normal;
		color: #CCC;
	}
	.pagelink {
		text-align: center;
	}
	.pagelink a {
		width: 150px;
	}
	.textbox, .button {
		font-size: 11pt;
		vertical-align: middle;
	}
	@media (max-width: 450px) {
		.button {
			font-size: 9pt;
		}
	}
</style>

<div>

	<header>
		<div class="nav-wrapper"><ul class="nav">
			<li><a class="button nav-first" href="//pokemonshowdown.com/"><img src="//pokemonshowdown.com/images/pokemonshowdownbeta.png" srcset="//pokemonshowdown.com/images/pokemonshowdownbeta.png 1x, //pokemonshowdown.com/images/pokemonshowdownbeta@2x.png 2x" alt="Pok&eacute;mon Showdown" width="146" height="44" /> Home</a></li>
			<li><a class="button" href="//pokemonshowdown.com/dex/">Pok&eacute;dex</a></li>
			<li><a class="button cur" href="/">Replays</a></li>
			<li><a class="button" href="//pokemonshowdown.com/ladder/">Ladder</a></li>
			<li><a class="button nav-last" href="//pokemonshowdown.com/forums/">Forum</a></li>
			<li><a class="button greenbutton nav-first nav-last" href="//play.pokemonshowdown.com/">Play</a></li>
		</ul></div>
	</header>

	<div class="main" id="main">

		<noscript><section class="section">You need to enable JavaScript to use this page; sorry!</section></noscript>

	</div>

</div>

<script defer nomodule src="//play.pokemonshowdown.com/js/lib/ps-polyfill.js"></script>
<script defer src="//play.pokemonshowdown.com/js/lib/preact.min.js"></script>

<script defer src="//play.pokemonshowdown.com/config/config.js?2bddbc15"></script>
<script defer src="//play.pokemonshowdown.com/js/lib/jquery-1.11.0.min.js"></script>
<script defer src="//play.pokemonshowdown.com/js/lib/html-sanitizer-minified.js"></script>
<script defer src="//play.pokemonshowdown.com/js/battle-sound.js"></script>
<script defer src="//play.pokemonshowdown.com/js/battledata.js?0.7209276989879541"></script>
<script defer src="//play.pokemonshowdown.com/data/pokedex-mini.js?0.6111056340867951"></script>
<script defer src="//play.pokemonshowdown.com/data/pokedex-mini-bw.js?0.3532142036491459"></script>
<script defer src="//play.pokemonshowdown.com/data/graphics.js?0.24223875632456182"></script>
<script defer src="//play.pokemonshowdown.com/data/pokedex.js?0.38839984266356864"></script>
<script defer src="//play.pokemonshowdown.com/data/moves.js?0.21866028504024015"></script>
<script defer src="//play.pokemonshowdown.com/data/abilities.js?0.2005157953846628"></script>
<script defer src="//play.pokemonshowdown.com/data/items.js?0.9894211263848525"></script>
<script defer src="//play.pokemonshowdown.com/data/teambuilder-tables.js?0.6008791140282215"></script>
<script defer src="//play.pokemonshowdown.com/js/battle-tooltips.js?0.7580118955022959"></script>
<script defer src="//play.pokemonshowdown.com/js/battle.js?0.6057722274234274"></script>

<script defer src="js/utils.js?e31f9a17"></script>
<script defer src="js/replays-battle.js?7008c182"></script>

<!-- don't scrape this data! just add .json or .log after the URL!
Full API docs: https://github.com/smogon/pokemon-showdown-client/blob/master/WEB-API.md -->
<script type="text/plain" class="log" id="replaylog-smogtours-gen3ou-799990">
|inactive|Battle timer is ON: inactive players will automatically lose when time's up.
|t:|1729361343
|gametype|singles
|player|p1|denizzz|265|
|player|p2|EG Sato|silver|
|teamsize|p1|6
|teamsize|p2|6
|gen|3
|tier|[Gen 3] OU
|rule|Sleep Clause Mod: Limit one foe put to sleep
|rule|Switch Priority Clause Mod: Faster Pokémon switch first
|rule|Species Clause: Limit one of each Pokémon
|rule|OHKO Clause: OHKO moves are banned
|rule|Evasion Items Clause: Evasion items are banned
|rule|Evasion Moves Clause: Evasion moves are banned
|rule|Endless Battle Clause: Forcing endless battles is banned
|rule|HP Percentage Mod: HP is shown in percentages
|rule|One Boost Passer Clause: Limit one Baton Passer that has a way to boost its stats
|rule|Freeze Clause Mod: Limit one foe frozen
|
|t:|1729361343
|start
|switch|p1a: Blissey|Blissey, F|100/100
|switch|p2a: Tyranitar|Tyranitar, M|100/100
|-weather|Sandstorm|[from] ability: Sand Stream|[of] p2a: Tyranitar
|turn|1
|inactive|EG Sato also wants the timer to be on.
|
|t:|1729361353
|switch|p2a: Blissey|Blissey, F|100/100
|switch|p1a: Suicune|Suicune|100/100
|
|-weather|Sandstorm|[upkeep]
|-damage|p1a: Suicune|94/100|[from] Sandstorm
|-damage|p2a: Blissey|94/100|[from] Sandstorm
|-heal|p1a: Suicune|100/100|[from] item: Leftovers
|-heal|p2a: Blissey|100/100|[from] item: Leftovers
|upkeep
|turn|2
|
|t:|1729361358
|move|p1a: Suicune|Calm Mind|p1a: Suicune
|-boost|p1a: Suicune|spa|1
|-boost|p1a: Suicune|spd|1
|move|p2a: Blissey|Calm Mind|p2a: Blissey
|-boost|p2a: Blissey|spa|1
|-boost|p2a: Blissey|spd|1
|
|-weather|Sandstorm|[upkeep]
|-damage|p1a: Suicune|94/100|[from] Sandstorm
|-damage|p2a: Blissey|94/100|[from] Sandstorm
|-heal|p1a: Suicune|100/100|[from] item: Leftovers
|-heal|p2a: Blissey|100/100|[from] item: Leftovers
|upkeep
|turn|3
|
|t:|1729361361
|move|p2a: Blissey|Thunderbolt|p1a: Suicune
|-supereffective|p1a: Suicune
|-damage|p1a: Suicune|59/100
|move|p1a: Suicune|Roar|p2a: Blissey
|drag|p2a: Tyranitar|Tyranitar, M|100/100
|
|-weather|Sandstorm|[upkeep]
|-damage|p1a: Suicune|53/100|[from] Sandstorm
|-heal|p1a: Suicune|59/100|[from] item: Leftovers
|upkeep
|turn|4
|
|t:|1729361367
|switch|p2a: Blissey|Blissey, F|100/100
|move|p1a: Suicune|Surf|p2a: Blissey
|-damage|p2a: Blissey|84/100
|
|-weather|Sandstorm|[upkeep]
|-damage|p1a: Suicune|53/100|[from] Sandstorm
|-damage|p2a: Blissey|78/100|[from] Sandstorm
|-heal|p1a: Suicune|59/100|[from] item: Leftovers
|-heal|p2a: Blissey|84/100|[from] item: Leftovers
|upkeep
|turn|5
|
|t:|1729361376
|move|p2a: Blissey|Calm Mind|p2a: Blissey
|-boost|p2a: Blissey|spa|1
|-boost|p2a: Blissey|spd|1
|move|p1a: Suicune|Roar|p2a: Blissey
|drag|p2a: Swampert|Swampert, F|100/100
|
|-weather|Sandstorm|[upkeep]
|-damage|p1a: Suicune|53/100|[from] Sandstorm
|-heal|p1a: Suicune|59/100|[from] item: Leftovers
|upkeep
|turn|6
|
|t:|1729361382
|move|p1a: Suicune|Surf|p2a: Swampert
|-damage|p2a: Swampert|62/100
|move|p2a: Swampert|Roar|p1a: Suicune
|drag|p1a: Dugtrio|Dugtrio, F|100/100
|
|-weather|Sandstorm|[upkeep]
|-heal|p2a: Swampert|69/100|[from] item: Leftovers
|upkeep
|turn|7
|
|t:|1729361388
|switch|p1a: Milotic|Milotic, M|100/100
|move|p2a: Swampert|Protect||[still]
|-fail|p2a: Swampert
|
|-weather|Sandstorm|[upkeep]
|-damage|p1a: Milotic|94/100|[from] Sandstorm
|-heal|p1a: Milotic|100/100|[from] item: Leftovers
|-heal|p2a: Swampert|75/100|[from] item: Leftovers
|upkeep
|turn|8
|
|t:|1729361392
|move|p2a: Swampert|Protect|p2a: Swampert
|-singleturn|p2a: Swampert|Protect
|move|p1a: Milotic|Surf|p2a: Swampert
|-activate|p2a: Swampert|Protect
|
|-weather|Sandstorm|[upkeep]
|-damage|p1a: Milotic|94/100|[from] Sandstorm
|-heal|p1a: Milotic|100/100|[from] item: Leftovers
|-heal|p2a: Swampert|81/100|[from] item: Leftovers
|upkeep
|turn|9
|
|t:|1729361398
|switch|p2a: Forretress|Forretress, M|100/100
|move|p1a: Milotic|Toxic|p2a: Forretress
|-immune|p2a: Forretress
|
|-weather|Sandstorm|[upkeep]
|-damage|p1a: Milotic|94/100|[from] Sandstorm
|-heal|p1a: Milotic|100/100|[from] item: Leftovers
|upkeep
|turn|10
|
|t:|1729361401
|move|p1a: Milotic|Surf|p2a: Forretress
|-damage|p2a: Forretress|69/100
|move|p2a: Forretress|Spikes|p1a: Milotic
|-sidestart|p1: denizzz|Spikes
|
|-weather|Sandstorm|[upkeep]
|-damage|p1a: Milotic|94/100|[from] Sandstorm
|-heal|p1a: Milotic|100/100|[from] item: Leftovers
|-heal|p2a: Forretress|75/100|[from] item: Leftovers
|upkeep
|turn|11
|
|t:|1729361405
|switch|p2a: Blissey|Blissey, F|84/100
|move|p1a: Milotic|Surf|p2a: Blissey
|-damage|p2a: Blissey|69/100
|
|-weather|Sandstorm|[upkeep]
|-damage|p1a: Milotic|94/100|[from] Sandstorm
|-damage|p2a: Blissey|63/100|[from] Sandstorm
|-heal|p1a: Milotic|100/100|[from] item: Leftovers
|-heal|p2a: Blissey|69/100|[from] item: Leftovers
|upkeep
|turn|12
|
|t:|1729361410
|move|p1a: Milotic|Toxic|p2a: Blissey
|-status|p2a: Blissey|tox
|move|p2a: Blissey|Thunderbolt|p1a: Milotic
|-supereffective|p1a: Milotic
|-damage|p1a: Milotic|65/100
|
|-weather|Sandstorm|[upkeep]
|-damage|p1a: Milotic|59/100|[from] Sandstorm
|-damage|p2a: Blissey|63/100 tox|[from] Sandstorm
|-heal|p1a: Milotic|65/100|[from] item: Leftovers
|-heal|p2a: Blissey|69/100 tox|[from] item: Leftovers
|-damage|p2a: Blissey|63/100 tox|[from] psn
|upkeep
|turn|13
|
|t:|1729361417
|move|p1a: Milotic|Recover|p1a: Milotic
|-heal|p1a: Milotic|100/100
|move|p2a: Blissey|Soft-Boiled|p2a: Blissey
|-heal|p2a: Blissey|100/100 tox
|
|-weather|Sandstorm|[upkeep]
|-damage|p1a: Milotic|94/100|[from] Sandstorm
|-damage|p2a: Blissey|94/100 tox|[from] Sandstorm
|-heal|p1a: Milotic|100/100|[from] item: Leftovers
|-heal|p2a: Blissey|100/100 tox|[from] item: Leftovers
|-damage|p2a: Blissey|88/100 tox|[from] psn
|upkeep
|turn|14
|
|t:|1729361428
|switch|p1a: Claydol|Claydol|100/100
|move|p2a: Blissey|Thunderbolt|p1a: Claydol
|-immune|p1a: Claydol
|
|-weather|Sandstorm|[upkeep]
|-damage|p2a: Blissey|82/100 tox|[from] Sandstorm
|-heal|p2a: Blissey|88/100 tox|[from] item: Leftovers
|-damage|p2a: Blissey|70/100 tox|[from] psn
|upkeep
|turn|15
|
|t:|1729361433
|-curestatus|p2a: Blissey|tox|[from] ability: Natural Cure
|switch|p2a: Forretress|Forretress, M|75/100
|move|p1a: Claydol|Rapid Spin|p2a: Forretress
|-resisted|p2a: Forretress
|-crit|p2a: Forretress
|-damage|p2a: Forretress|73/100
|-sideend|p1: denizzz|Spikes|[from] move: Rapid Spin|[of] p1a: Claydol
|
|-weather|Sandstorm|[upkeep]
|-heal|p2a: Forretress|79/100|[from] item: Leftovers
|upkeep
|turn|16
|
|t:|1729361439
|switch|p1a: Milotic|Milotic, M|100/100
|move|p2a: Forretress|Spikes|p1a: Milotic
|-sidestart|p1: denizzz|Spikes
|
|-weather|Sandstorm|[upkeep]
|-damage|p1a: Milotic|94/100|[from] Sandstorm
|-heal|p1a: Milotic|100/100|[from] item: Leftovers
|-heal|p2a: Forretress|85/100|[from] item: Leftovers
|upkeep
|turn|17
|
|t:|1729361448
|switch|p2a: Blissey|Blissey, F|70/100
|move|p1a: Milotic|Surf|p2a: Blissey
|-damage|p2a: Blissey|56/100
|
|-weather|Sandstorm|[upkeep]
|-damage|p1a: Milotic|94/100|[from] Sandstorm
|-damage|p2a: Blissey|50/100|[from] Sandstorm
|-heal|p1a: Milotic|100/100|[from] item: Leftovers
|-heal|p2a: Blissey|56/100|[from] item: Leftovers
|upkeep
|turn|18
|
|t:|1729361454
|move|p1a: Milotic|Toxic|p2a: Blissey
|-status|p2a: Blissey|tox
|move|p2a: Blissey|Thunderbolt|p1a: Milotic
|-supereffective|p1a: Milotic
|-damage|p1a: Milotic|62/100
|
|-weather|Sandstorm|[upkeep]
|-damage|p1a: Milotic|56/100|[from] Sandstorm
|-damage|p2a: Blissey|50/100 tox|[from] Sandstorm
|-heal|p1a: Milotic|62/100|[from] item: Leftovers
|-heal|p2a: Blissey|56/100 tox|[from] item: Leftovers
|-damage|p2a: Blissey|50/100 tox|[from] psn
|upkeep
|turn|19
|
|t:|1729361457
|move|p1a: Milotic|Recover|p1a: Milotic
|-heal|p1a: Milotic|100/100
|move|p2a: Blissey|Soft-Boiled|p2a: Blissey
|-heal|p2a: Blissey|99/100 tox
|
|-weather|Sandstorm|[upkeep]
|-damage|p1a: Milotic|94/100|[from] Sandstorm
|-damage|p2a: Blissey|93/100 tox|[from] Sandstorm
|-heal|p1a: Milotic|100/100|[from] item: Leftovers
|-heal|p2a: Blissey|99/100 tox|[from] item: Leftovers
|-damage|p2a: Blissey|87/100 tox|[from] psn
|upkeep
|turn|20
|
|t:|1729361460
|move|p1a: Milotic|Surf|p2a: Blissey
|-damage|p2a: Blissey|73/100 tox
|move|p2a: Blissey|Thunderbolt|p1a: Milotic
|-supereffective|p1a: Milotic
|-damage|p1a: Milotic|65/100
|
|-weather|Sandstorm|[upkeep]
|-damage|p1a: Milotic|59/100|[from] Sandstorm
|-damage|p2a: Blissey|67/100 tox|[from] Sandstorm
|-heal|p1a: Milotic|65/100|[from] item: Leftovers
|-heal|p2a: Blissey|73/100 tox|[from] item: Leftovers
|-damage|p2a: Blissey|55/100 tox|[from] psn
|upkeep
|turn|21
|
|t:|1729361464
|-curestatus|p2a: Blissey|tox|[from] ability: Natural Cure
|switch|p2a: Gengar|Gengar, M, shiny|100/100
|move|p1a: Milotic|Recover|p1a: Milotic
|-heal|p1a: Milotic|100/100
|
|-weather|Sandstorm|[upkeep]
|-damage|p2a: Gengar|95/100|[from] Sandstorm
|-damage|p1a: Milotic|94/100|[from] Sandstorm
|-heal|p2a: Gengar|100/100|[from] item: Leftovers
|-heal|p1a: Milotic|100/100|[from] item: Leftovers
|upkeep
|turn|22
|
|t:|1729361469
|move|p2a: Gengar|Thunderbolt|p1a: Milotic
|-supereffective|p1a: Milotic
|-damage|p1a: Milotic|59/100
|-status|p1a: Milotic|par
|move|p1a: Milotic|Surf|p2a: Gengar
|-damage|p2a: Gengar|64/100
|
|-weather|Sandstorm|[upkeep]
|-damage|p2a: Gengar|58/100|[from] Sandstorm
|-damage|p1a: Milotic|53/100 par|[from] Sandstorm
|-heal|p2a: Gengar|64/100|[from] item: Leftovers
|-heal|p1a: Milotic|59/100 par|[from] item: Leftovers
|upkeep
|turn|23
|
|t:|1729361475
|switch|p1a: Claydol|Claydol|100/100
|move|p2a: Gengar|Thunderbolt|p1a: Claydol
|-immune|p1a: Claydol
|
|-weather|Sandstorm|[upkeep]
|-damage|p2a: Gengar|58/100|[from] Sandstorm
|-heal|p2a: Gengar|64/100|[from] item: Leftovers
|upkeep
|turn|24
|
|t:|1729361479
|switch|p2a: Tyranitar|Tyranitar, M|100/100
|move|p1a: Claydol|Psychic|p2a: Tyranitar
|-immune|p2a: Tyranitar
|
|-weather|Sandstorm|[upkeep]
|upkeep
|turn|25
|
|t:|1729361485
|switch|p1a: Suicune|Suicune|59/100
|-damage|p1a: Suicune|47/100|[from] Spikes
|move|p2a: Tyranitar|Crunch|p1a: Suicune
|-damage|p1a: Suicune|24/100
|
|-weather|Sandstorm|[upkeep]
|-damage|p1a: Suicune|17/100|[from] Sandstorm
|-heal|p1a: Suicune|24/100|[from] item: Leftovers
|upkeep
|turn|26
|
|t:|1729361498
|switch|p2a: Salamence|Salamence, F|100/100
|-ability|p2a: Salamence|Intimidate|boost
|-unboost|p1a: Suicune|atk|1
|move|p1a: Suicune|Rest|p1a: Suicune
|-status|p1a: Suicune|slp|[from] move: Rest
|-heal|p1a: Suicune|100/100 slp|[silent]
|
|-weather|Sandstorm|[upkeep]
|-damage|p2a: Salamence|94/100|[from] Sandstorm
|-damage|p1a: Suicune|94/100 slp|[from] Sandstorm
|-heal|p2a: Salamence|100/100|[from] item: Leftovers
|-heal|p1a: Suicune|100/100 slp|[from] item: Leftovers
|upkeep
|turn|27
|
|t:|1729361503
|move|p2a: Salamence|Hidden Power|p1a: Suicune
|-supereffective|p1a: Suicune
|-damage|p1a: Suicune|63/100 slp
|cant|p1a: Suicune|slp
|
|-weather|Sandstorm|[upkeep]
|-damage|p2a: Salamence|94/100|[from] Sandstorm
|-damage|p1a: Suicune|57/100 slp|[from] Sandstorm
|-heal|p2a: Salamence|100/100|[from] item: Leftovers
|-heal|p1a: Suicune|63/100 slp|[from] item: Leftovers
|upkeep
|turn|28
|
|t:|1729361510
|switch|p1a: Blissey|Blissey, F|100/100
|-damage|p1a: Blissey|88/100|[from] Spikes
|move|p2a: Salamence|Brick Break|p1a: Blissey
|-supereffective|p1a: Blissey
|-damage|p1a: Blissey|44/100
|
|-weather|Sandstorm|[upkeep]
|-damage|p2a: Salamence|94/100|[from] Sandstorm
|-damage|p1a: Blissey|38/100|[from] Sandstorm
|-heal|p2a: Salamence|100/100|[from] item: Leftovers
|-heal|p1a: Blissey|44/100|[from] item: Leftovers
|upkeep
|turn|29
|
|t:|1729361514
|move|p2a: Salamence|Brick Break|p1a: Blissey
|-supereffective|p1a: Blissey
|-damage|p1a: Blissey|4/100
|move|p1a: Blissey|Ice Beam|p2a: Salamence
|-supereffective|p2a: Salamence
|-damage|p2a: Salamence|0 fnt
|faint|p2a: Salamence
|
|t:|1729361528
|switch|p2a: Gengar|Gengar, M, shiny|64/100
|
|-weather|Sandstorm|[upkeep]
|-damage|p2a: Gengar|58/100|[from] Sandstorm
|-damage|p1a: Blissey|0 fnt|[from] Sandstorm
|faint|p1a: Blissey
|-heal|p2a: Gengar|64/100|[from] item: Leftovers
|upkeep
|
|t:|1729361531
|switch|p1a: Claydol|Claydol|100/100
|turn|30
|
|t:|1729361535
|switch|p2a: Tyranitar|Tyranitar, M|100/100
|move|p1a: Claydol|Psychic|p2a: Tyranitar
|-immune|p2a: Tyranitar
|
|-weather|Sandstorm|[upkeep]
|upkeep
|turn|31
|
|t:|1729361543
|switch|p1a: Milotic|Milotic, M|59/100 par
|-damage|p1a: Milotic|46/100 par|[from] Spikes
|move|p2a: Tyranitar|Crunch|p1a: Milotic
|-crit|p1a: Milotic
|-damage|p1a: Milotic|2/100 par
|
|-weather|Sandstorm|[upkeep]
|-damage|p1a: Milotic|0 fnt|[from] Sandstorm
|faint|p1a: Milotic
|upkeep
|
|t:|1729361546
|switch|p1a: Dugtrio|Dugtrio, F|100/100
|-damage|p1a: Dugtrio|88/100|[from] Spikes
|turn|32
|
|t:|1729361551
|move|p1a: Dugtrio|Earthquake|p2a: Tyranitar
|-supereffective|p2a: Tyranitar
|-damage|p2a: Tyranitar|4/100
|move|p2a: Tyranitar|Crunch|p1a: Dugtrio
|-damage|p1a: Dugtrio|16/100
|
|-weather|Sandstorm|[upkeep]
|-heal|p2a: Tyranitar|11/100|[from] item: Leftovers
|upkeep
|turn|33
|
|t:|1729361555
|move|p1a: Dugtrio|Earthquake|p2a: Tyranitar
|-supereffective|p2a: Tyranitar
|-damage|p2a: Tyranitar|0 fnt
|faint|p2a: Tyranitar
|
|t:|1729361558
|switch|p2a: Gengar|Gengar, M, shiny|64/100
|
|-weather|Sandstorm|[upkeep]
|-damage|p2a: Gengar|58/100|[from] Sandstorm
|-heal|p2a: Gengar|64/100|[from] item: Leftovers
|upkeep
|turn|34
|
|t:|1729361561
|switch|p1a: Claydol|Claydol|100/100
|move|p2a: Gengar|Ice Punch|p1a: Claydol
|-supereffective|p1a: Claydol
|-damage|p1a: Claydol|65/100
|
|-weather|Sandstorm|[upkeep]
|-damage|p2a: Gengar|58/100|[from] Sandstorm
|-heal|p2a: Gengar|64/100|[from] item: Leftovers
|-heal|p1a: Claydol|71/100|[from] item: Leftovers
|upkeep
|turn|35
|
|t:|1729361565
|switch|p2a: Forretress|Forretress, M|85/100
|move|p1a: Claydol|Psychic|p2a: Forretress
|-resisted|p2a: Forretress
|-damage|p2a: Forretress|74/100
|
|-weather|Sandstorm|[upkeep]
|-heal|p1a: Claydol|78/100|[from] item: Leftovers
|-heal|p2a: Forretress|80/100|[from] item: Leftovers
|upkeep
|turn|36
|
|t:|1729361568
|move|p1a: Claydol|Rapid Spin|p2a: Forretress
|-resisted|p2a: Forretress
|-crit|p2a: Forretress
|-damage|p2a: Forretress|78/100
|-sideend|p1: denizzz|Spikes|[from] move: Rapid Spin|[of] p1a: Claydol
|move|p2a: Forretress|Hidden Power|p1a: Claydol
|-supereffective|p1a: Claydol
|-damage|p1a: Claydol|36/100
|
|-weather|Sandstorm|[upkeep]
|-heal|p1a: Claydol|42/100|[from] item: Leftovers
|-heal|p2a: Forretress|84/100|[from] item: Leftovers
|upkeep
|turn|37
|
|t:|1729361571
|switch|p1a: Skarmory|Skarmory, F|100/100
|move|p2a: Forretress|Spikes|p1a: Skarmory
|-sidestart|p1: denizzz|Spikes
|
|-weather|Sandstorm|[upkeep]
|-heal|p2a: Forretress|90/100|[from] item: Leftovers
|upkeep
|turn|38
|
|t:|1729361577
|switch|p2a: Blissey|Blissey, F|55/100
|move|p1a: Skarmory|Drill Peck|p2a: Blissey
|-damage|p2a: Blissey|33/100
|
|-weather|Sandstorm|[upkeep]
|-damage|p2a: Blissey|27/100|[from] Sandstorm
|-heal|p2a: Blissey|33/100|[from] item: Leftovers
|upkeep
|turn|39
|
|t:|1729361583
|switch|p1a: Dugtrio|Dugtrio, F|16/100
|-damage|p1a: Dugtrio|4/100|[from] Spikes
|move|p2a: Blissey|Soft-Boiled|p2a: Blissey
|-heal|p2a: Blissey|83/100
|
|-weather|Sandstorm|[upkeep]
|-damage|p2a: Blissey|77/100|[from] Sandstorm
|-heal|p2a: Blissey|83/100|[from] item: Leftovers
|upkeep
|turn|40
|
|t:|1729361587
|move|p1a: Dugtrio|Earthquake|p2a: Blissey
|-damage|p2a: Blissey|23/100
|move|p2a: Blissey|Ice Beam|p1a: Dugtrio
|-supereffective|p1a: Dugtrio
|-damage|p1a: Dugtrio|0 fnt
|faint|p1a: Dugtrio
|
|t:|1729361589
|switch|p1a: Skarmory|Skarmory, F|100/100
|
|-weather|Sandstorm|[upkeep]
|-damage|p2a: Blissey|17/100|[from] Sandstorm
|-heal|p2a: Blissey|23/100|[from] item: Leftovers
|upkeep
|turn|41
|
|t:|1729361593
|switch|p2a: Forretress|Forretress, M|90/100
|move|p1a: Skarmory|Spikes|p2a: Forretress
|-sidestart|p2: EG Sato|Spikes
|
|-weather|Sandstorm|[upkeep]
|-heal|p2a: Forretress|96/100|[from] item: Leftovers
|upkeep
|turn|42
|
|t:|1729361597
|move|p1a: Skarmory|Spikes|p2a: Forretress
|-sidestart|p2: EG Sato|Spikes
|move|p2a: Forretress|Rapid Spin|p1a: Skarmory
|-resisted|p1a: Skarmory
|-damage|p1a: Skarmory|99/100
|-sideend|p2: EG Sato|Spikes|[from] move: Rapid Spin|[of] p2a: Forretress
|
|-weather|Sandstorm|[upkeep]
|-heal|p1a: Skarmory|100/100|[from] item: Leftovers
|-heal|p2a: Forretress|100/100|[from] item: Leftovers
|upkeep
|turn|43
|
|t:|1729361607
|move|p1a: Skarmory|Drill Peck|p2a: Forretress
|-damage|p2a: Forretress|82/100
|move|p2a: Forretress|Spikes|p1a: Skarmory
|-sidestart|p1: denizzz|Spikes
|
|-weather|Sandstorm|[upkeep]
|-heal|p2a: Forretress|89/100|[from] item: Leftovers
|upkeep
|turn|44
|
|t:|1729361610
|move|p1a: Skarmory|Drill Peck|p2a: Forretress
|-damage|p2a: Forretress|72/100
|move|p2a: Forretress|Spikes|p1a: Skarmory
|-sidestart|p1: denizzz|Spikes
|
|-weather|Sandstorm|[upkeep]
|-heal|p2a: Forretress|78/100|[from] item: Leftovers
|upkeep
|turn|45
|
|t:|1729361620
|switch|p2a: Swampert|Swampert, F|81/100
|move|p1a: Skarmory|Spikes|p2a: Swampert
|-sidestart|p2: EG Sato|Spikes
|
|-weather|Sandstorm|[upkeep]
|-heal|p2a: Swampert|87/100|[from] item: Leftovers
|upkeep
|turn|46
|
|t:|1729361623
|move|p1a: Skarmory|Spikes|p2a: Swampert
|-sidestart|p2: EG Sato|Spikes
|move|p2a: Swampert|Roar|p1a: Skarmory
|drag|p1a: Suicune|Suicune|63/100 slp
|-damage|p1a: Suicune|38/100 slp|[from] Spikes
|
|-weather|Sandstorm|[upkeep]
|-damage|p1a: Suicune|32/100 slp|[from] Sandstorm
|-heal|p1a: Suicune|38/100 slp|[from] item: Leftovers
|-heal|p2a: Swampert|94/100|[from] item: Leftovers
|upkeep
|turn|47
|
|t:|1729361629
|switch|p2a: Gengar|Gengar, M, shiny|64/100
|cant|p1a: Suicune|slp
|
|-weather|Sandstorm|[upkeep]
|-damage|p2a: Gengar|58/100|[from] Sandstorm
|-damage|p1a: Suicune|32/100 slp|[from] Sandstorm
|-heal|p2a: Gengar|64/100|[from] item: Leftovers
|-heal|p1a: Suicune|38/100 slp|[from] item: Leftovers
|upkeep
|turn|48
|
|t:|1729361652
|move|p2a: Gengar|Ice Punch|p1a: Suicune
|-resisted|p1a: Suicune
|-damage|p1a: Suicune|31/100 slp
|-curestatus|p1a: Suicune|slp|[msg]
|move|p1a: Suicune|Rest|p1a: Suicune
|-status|p1a: Suicune|slp|[from] move: Rest
|-heal|p1a: Suicune|100/100 slp|[silent]
|
|-weather|Sandstorm|[upkeep]
|-damage|p2a: Gengar|58/100|[from] Sandstorm
|-damage|p1a: Suicune|94/100 slp|[from] Sandstorm
|-heal|p2a: Gengar|64/100|[from] item: Leftovers
|-heal|p1a: Suicune|100/100 slp|[from] item: Leftovers
|upkeep
|turn|49
|
|t:|1729361658
|move|p2a: Gengar|Ice Punch|p1a: Suicune
|-resisted|p1a: Suicune
|-damage|p1a: Suicune|92/100 slp
|cant|p1a: Suicune|slp
|
|-weather|Sandstorm|[upkeep]
|-damage|p2a: Gengar|58/100|[from] Sandstorm
|-damage|p1a: Suicune|86/100 slp|[from] Sandstorm
|-heal|p2a: Gengar|64/100|[from] item: Leftovers
|-heal|p1a: Suicune|92/100 slp|[from] item: Leftovers
|upkeep
|turn|50
|
|t:|1729361661
|switch|p1a: Claydol|Claydol|42/100
|move|p2a: Gengar|Thunderbolt|p1a: Claydol
|-immune|p1a: Claydol
|
|-weather|Sandstorm|[upkeep]
|-damage|p2a: Gengar|58/100|[from] Sandstorm
|-heal|p2a: Gengar|64/100|[from] item: Leftovers
|-heal|p1a: Claydol|48/100|[from] item: Leftovers
|upkeep
|turn|51
|
|t:|1729361670
|switch|p2a: Forretress|Forretress, M|78/100
|-damage|p2a: Forretress|62/100|[from] Spikes
|move|p1a: Claydol|Rapid Spin|p2a: Forretress
|-resisted|p2a: Forretress
|-damage|p2a: Forretress|61/100
|-sideend|p1: denizzz|Spikes|[from] move: Rapid Spin|[of] p1a: Claydol
|
|-weather|Sandstorm|[upkeep]
|-heal|p1a: Claydol|54/100|[from] item: Leftovers
|-heal|p2a: Forretress|67/100|[from] item: Leftovers
|upkeep
|turn|52
|
|t:|1729361674
|switch|p1a: Skarmory|Skarmory, F|100/100
|move|p2a: Forretress|Spikes|p1a: Skarmory
|-sidestart|p1: denizzz|Spikes
|
|-weather|Sandstorm|[upkeep]
|-heal|p2a: Forretress|73/100|[from] item: Leftovers
|upkeep
|turn|53
|
|t:|1729361678
|move|p1a: Skarmory|Drill Peck|p2a: Forretress
|-damage|p2a: Forretress|56/100
|move|p2a: Forretress|Spikes|p1a: Skarmory
|-sidestart|p1: denizzz|Spikes
|
|-weather|Sandstorm|[upkeep]
|-heal|p2a: Forretress|62/100|[from] item: Leftovers
|upkeep
|turn|54
|
|t:|1729361683
|move|p1a: Skarmory|Drill Peck|p2a: Forretress
|-damage|p2a: Forretress|46/100
|move|p2a: Forretress|Rapid Spin|p1a: Skarmory
|-resisted|p1a: Skarmory
|-damage|p1a: Skarmory|99/100
|-sideend|p2: EG Sato|Spikes|[from] move: Rapid Spin|[of] p2a: Forretress
|
|-weather|Sandstorm|[upkeep]
|-heal|p1a: Skarmory|100/100|[from] item: Leftovers
|-heal|p2a: Forretress|52/100|[from] item: Leftovers
|upkeep
|turn|55
|
|t:|1729361687
|move|p1a: Skarmory|Drill Peck|p2a: Forretress
|-damage|p2a: Forretress|37/100
|move|p2a: Forretress|Spikes|p1a: Skarmory
|-sidestart|p1: denizzz|Spikes
|
|-weather|Sandstorm|[upkeep]
|-heal|p2a: Forretress|43/100|[from] item: Leftovers
|upkeep
|turn|56
|
|t:|1729361690
|switch|p2a: Swampert|Swampert, F|94/100
|move|p1a: Skarmory|Drill Peck|p2a: Swampert
|-damage|p2a: Swampert|77/100
|
|-weather|Sandstorm|[upkeep]
|-heal|p2a: Swampert|83/100|[from] item: Leftovers
|upkeep
|turn|57
|
|t:|1729361694
|move|p1a: Skarmory|Spikes|p2a: Swampert
|-sidestart|p2: EG Sato|Spikes
|move|p2a: Swampert|Roar|p1a: Skarmory
|drag|p1a: Suicune|Suicune|92/100 slp
|-damage|p1a: Suicune|67/100 slp|[from] Spikes
|
|-weather|Sandstorm|[upkeep]
|-damage|p1a: Suicune|61/100 slp|[from] Sandstorm
|-heal|p1a: Suicune|67/100 slp|[from] item: Leftovers
|-heal|p2a: Swampert|90/100|[from] item: Leftovers
|upkeep
|turn|58
|
|t:|1729361699
|cant|p1a: Suicune|slp
|move|p2a: Swampert|Roar|p1a: Suicune
|drag|p1a: Skarmory|Skarmory, F|100/100
|
|-weather|Sandstorm|[upkeep]
|-heal|p2a: Swampert|96/100|[from] item: Leftovers
|upkeep
|turn|59
|
|t:|1729361703
|move|p1a: Skarmory|Spikes|p2a: Swampert
|-sidestart|p2: EG Sato|Spikes
|move|p2a: Swampert|Roar|p1a: Skarmory
|drag|p1a: Claydol|Claydol|54/100
|
|-weather|Sandstorm|[upkeep]
|-heal|p1a: Claydol|60/100|[from] item: Leftovers
|-heal|p2a: Swampert|100/100|[from] item: Leftovers
|upkeep
|turn|60
|
|t:|1729361707
|switch|p1a: Skarmory|Skarmory, F|100/100
|move|p2a: Swampert|Ice Beam|p1a: Skarmory
|-damage|p1a: Skarmory|83/100
|
|-weather|Sandstorm|[upkeep]
|-heal|p1a: Skarmory|89/100|[from] item: Leftovers
|upkeep
|turn|61
|
|t:|1729361711
|move|p1a: Skarmory|Protect|p1a: Skarmory
|-singleturn|p1a: Skarmory|Protect
|move|p2a: Swampert|Roar|p1a: Skarmory
|-activate|p1a: Skarmory|Protect
|
|-weather|Sandstorm|[upkeep]
|-heal|p1a: Skarmory|95/100|[from] item: Leftovers
|upkeep
|turn|62
|
|t:|1729361715
|move|p1a: Skarmory|Spikes|p2a: Swampert
|-sidestart|p2: EG Sato|Spikes
|move|p2a: Swampert|Roar|p1a: Skarmory
|drag|p1a: Suicune|Suicune|67/100 slp
|-damage|p1a: Suicune|42/100 slp|[from] Spikes
|
|-weather|Sandstorm|[upkeep]
|-damage|p1a: Suicune|36/100 slp|[from] Sandstorm
|-heal|p1a: Suicune|42/100 slp|[from] item: Leftovers
|upkeep
|turn|63
|
|t:|1729361732
|-curestatus|p1a: Suicune|slp|[msg]
|move|p1a: Suicune|Calm Mind|p1a: Suicune
|-boost|p1a: Suicune|spa|1
|-boost|p1a: Suicune|spd|1
|move|p2a: Swampert|Earthquake|p1a: Suicune
|-damage|p1a: Suicune|21/100
|
|-weather|Sandstorm|[upkeep]
|-damage|p1a: Suicune|14/100|[from] Sandstorm
|-heal|p1a: Suicune|21/100|[from] item: Leftovers
|upkeep
|turn|64
|
|t:|1729361736
|move|p1a: Suicune|Rest|p1a: Suicune
|-status|p1a: Suicune|slp|[from] move: Rest
|-heal|p1a: Suicune|100/100 slp|[silent]
|move|p2a: Swampert|Roar|p1a: Suicune
|drag|p1a: Claydol|Claydol|60/100
|
|-weather|Sandstorm|[upkeep]
|-heal|p1a: Claydol|67/100|[from] item: Leftovers
|upkeep
|turn|65
|
|t:|1729361739
|switch|p1a: Skarmory|Skarmory, F|95/100
|move|p2a: Swampert|Ice Beam|p1a: Skarmory
|-damage|p1a: Skarmory|76/100
|-status|p1a: Skarmory|frz
|
|-weather|Sandstorm|[upkeep]
|-heal|p1a: Skarmory|82/100 frz|[from] item: Leftovers
|upkeep
|turn|66
|
|t:|1729361744
|switch|p1a: Claydol|Claydol|67/100
|switch|p2a: Forretress|Forretress, M|43/100
|-damage|p2a: Forretress|18/100|[from] Spikes
|
|-weather|Sandstorm|[upkeep]
|-heal|p1a: Claydol|73/100|[from] item: Leftovers
|-heal|p2a: Forretress|24/100|[from] item: Leftovers
|upkeep
|turn|67
|
|t:|1729361747
|move|p1a: Claydol|Earthquake|p2a: Forretress
|-damage|p2a: Forretress|6/100
|move|p2a: Forretress|Rapid Spin|p1a: Claydol
|-damage|p1a: Claydol|68/100
|-sideend|p2: EG Sato|Spikes|[from] move: Rapid Spin|[of] p2a: Forretress
|
|-weather|Sandstorm|[upkeep]
|-heal|p1a: Claydol|75/100|[from] item: Leftovers
|-heal|p2a: Forretress|12/100|[from] item: Leftovers
|upkeep
|turn|68
|
|t:|1729361751
|switch|p2a: Swampert|Swampert, F|100/100
|move|p1a: Claydol|Earthquake|p2a: Swampert
|-damage|p2a: Swampert|85/100
|
|-weather|Sandstorm|[upkeep]
|-heal|p1a: Claydol|81/100|[from] item: Leftovers
|-heal|p2a: Swampert|91/100|[from] item: Leftovers
|upkeep
|turn|69
|
|t:|1729361755
|switch|p1a: Suicune|Suicune|100/100 slp
|-damage|p1a: Suicune|75/100 slp|[from] Spikes
|move|p2a: Swampert|Ice Beam|p1a: Suicune
|-resisted|p1a: Suicune
|-damage|p1a: Suicune|68/100 slp
|
|-weather|Sandstorm|[upkeep]
|-damage|p1a: Suicune|62/100 slp|[from] Sandstorm
|-heal|p1a: Suicune|68/100 slp|[from] item: Leftovers
|-heal|p2a: Swampert|97/100|[from] item: Leftovers
|upkeep
|turn|70
|
|t:|1729361760
|switch|p1a: Claydol|Claydol|81/100
|switch|p2a: Gengar|Gengar, M, shiny|64/100
|
|-weather|Sandstorm|[upkeep]
|-damage|p2a: Gengar|58/100|[from] Sandstorm
|-heal|p2a: Gengar|64/100|[from] item: Leftovers
|-heal|p1a: Claydol|87/100|[from] item: Leftovers
|upkeep
|turn|71
|
|t:|1729361763
|switch|p2a: Swampert|Swampert, F|97/100
|move|p1a: Claydol|Psychic|p2a: Swampert
|-crit|p2a: Swampert
|-damage|p2a: Swampert|54/100
|
|-weather|Sandstorm|[upkeep]
|-heal|p1a: Claydol|93/100|[from] item: Leftovers
|-heal|p2a: Swampert|60/100|[from] item: Leftovers
|upkeep
|turn|72
|
|t:|1729361778
|switch|p1a: Suicune|Suicune|68/100 slp
|-damage|p1a: Suicune|43/100 slp|[from] Spikes
|move|p2a: Swampert|Ice Beam|p1a: Suicune
|-resisted|p1a: Suicune
|-damage|p1a: Suicune|36/100 slp
|
|-weather|Sandstorm|[upkeep]
|-damage|p1a: Suicune|30/100 slp|[from] Sandstorm
|-heal|p1a: Suicune|36/100 slp|[from] item: Leftovers
|-heal|p2a: Swampert|67/100|[from] item: Leftovers
|upkeep
|turn|73
|
|t:|1729361786
|cant|p1a: Suicune|slp
|move|p2a: Swampert|Earthquake|p1a: Suicune
|-damage|p1a: Suicune|15/100 slp
|
|-weather|Sandstorm|[upkeep]
|-damage|p1a: Suicune|8/100 slp|[from] Sandstorm
|-heal|p1a: Suicune|15/100 slp|[from] item: Leftovers
|-heal|p2a: Swampert|73/100|[from] item: Leftovers
|upkeep
|turn|74
|
|t:|1729361790
|cant|p1a: Suicune|slp
|move|p2a: Swampert|Earthquake|p1a: Suicune
|-damage|p1a: Suicune|0 fnt
|faint|p1a: Suicune
|
|t:|1729361791
|switch|p1a: Skarmory|Skarmory, F|82/100 frz
|
|-weather|Sandstorm|[upkeep]
|-heal|p1a: Skarmory|88/100 frz|[from] item: Leftovers
|-heal|p2a: Swampert|79/100|[from] item: Leftovers
|upkeep
|turn|75
|
|t:|1729361802
|switch|p2a: Forretress|Forretress, M|12/100
|cant|p1a: Skarmory|frz
|
|-weather|Sandstorm|[upkeep]
|-heal|p1a: Skarmory|94/100 frz|[from] item: Leftovers
|-heal|p2a: Forretress|19/100|[from] item: Leftovers
|upkeep
|turn|76
|
|t:|1729361806
|cant|p1a: Skarmory|frz
|move|p2a: Forretress|Explosion|p1a: Skarmory
|-resisted|p1a: Skarmory
|-damage|p1a: Skarmory|53/100 frz
|faint|p2a: Forretress
|
|t:|1729361819
|switch|p2a: Gengar|Gengar, M, shiny|64/100
|
|-weather|Sandstorm|[upkeep]
|-damage|p2a: Gengar|58/100|[from] Sandstorm
|-heal|p2a: Gengar|64/100|[from] item: Leftovers
|-heal|p1a: Skarmory|59/100 frz|[from] item: Leftovers
|upkeep
|turn|77
|
|t:|1729361822
|switch|p1a: Claydol|Claydol|93/100
|move|p2a: Gengar|Thunderbolt|p1a: Claydol
|-immune|p1a: Claydol
|
|-weather|Sandstorm|[upkeep]
|-damage|p2a: Gengar|58/100|[from] Sandstorm
|-heal|p2a: Gengar|64/100|[from] item: Leftovers
|-heal|p1a: Claydol|99/100|[from] item: Leftovers
|upkeep
|turn|78
|
|t:|1729361825
|switch|p2a: Swampert|Swampert, F|79/100
|move|p1a: Claydol|Psychic|p2a: Swampert
|-damage|p2a: Swampert|58/100
|
|-weather|Sandstorm|[upkeep]
|-heal|p1a: Claydol|100/100|[from] item: Leftovers
|-heal|p2a: Swampert|64/100|[from] item: Leftovers
|upkeep
|turn|79
|
|t:|1729361829
|switch|p1a: Skarmory|Skarmory, F|59/100 frz
|move|p2a: Swampert|Ice Beam|p1a: Skarmory
|-damage|p1a: Skarmory|41/100 frz
|
|-weather|Sandstorm|[upkeep]
|-heal|p1a: Skarmory|47/100 frz|[from] item: Leftovers
|-heal|p2a: Swampert|70/100|[from] item: Leftovers
|upkeep
|turn|80
|
|t:|1729361833
|switch|p2a: Gengar|Gengar, M, shiny|64/100
|-curestatus|p1a: Skarmory|frz|[msg]
|move|p1a: Skarmory|Drill Peck|p2a: Gengar
|-damage|p2a: Gengar|28/100
|
|-weather|Sandstorm|[upkeep]
|-damage|p2a: Gengar|22/100|[from] Sandstorm
|-heal|p2a: Gengar|28/100|[from] item: Leftovers
|-heal|p1a: Skarmory|53/100|[from] item: Leftovers
|upkeep
|turn|81
|
|t:|1729361838
|move|p1a: Skarmory|Protect|p1a: Skarmory
|-singleturn|p1a: Skarmory|Protect
|move|p2a: Gengar|Will-O-Wisp|p1a: Skarmory
|-activate|p1a: Skarmory|Protect
|
|-weather|Sandstorm|[upkeep]
|-damage|p2a: Gengar|22/100|[from] Sandstorm
|-heal|p2a: Gengar|28/100|[from] item: Leftovers
|-heal|p1a: Skarmory|59/100|[from] item: Leftovers
|upkeep
|turn|82
|
|t:|1729361842
|switch|p1a: Claydol|Claydol|100/100
|move|p2a: Gengar|Will-O-Wisp|p1a: Claydol|[miss]
|-miss|p2a: Gengar|p1a: Claydol
|
|-weather|Sandstorm|[upkeep]
|-damage|p2a: Gengar|22/100|[from] Sandstorm
|-heal|p2a: Gengar|28/100|[from] item: Leftovers
|upkeep
|turn|83
|
|t:|1729361846
|switch|p2a: Swampert|Swampert, F|70/100
|move|p1a: Claydol|Psychic|p2a: Swampert
|-damage|p2a: Swampert|49/100
|
|-weather|Sandstorm|[upkeep]
|-heal|p2a: Swampert|55/100|[from] item: Leftovers
|upkeep
|turn|84
|
|t:|1729361853
|switch|p1a: Skarmory|Skarmory, F|59/100
|switch|p2a: Gengar|Gengar, M, shiny|28/100
|
|-weather|Sandstorm|[upkeep]
|-damage|p2a: Gengar|22/100|[from] Sandstorm
|-heal|p2a: Gengar|28/100|[from] item: Leftovers
|-heal|p1a: Skarmory|65/100|[from] item: Leftovers
|upkeep
|turn|85
|
|t:|1729361856
|move|p1a: Skarmory|Protect|p1a: Skarmory
|-singleturn|p1a: Skarmory|Protect
|move|p2a: Gengar|Will-O-Wisp|p1a: Skarmory
|-activate|p1a: Skarmory|Protect
|
|-weather|Sandstorm|[upkeep]
|-damage|p2a: Gengar|22/100|[from] Sandstorm
|-heal|p2a: Gengar|28/100|[from] item: Leftovers
|-heal|p1a: Skarmory|71/100|[from] item: Leftovers
|upkeep
|turn|86
|
|t:|1729361859
|switch|p1a: Claydol|Claydol|100/100
|move|p2a: Gengar|Will-O-Wisp|p1a: Claydol|[miss]
|-miss|p2a: Gengar|p1a: Claydol
|
|-weather|Sandstorm|[upkeep]
|-damage|p2a: Gengar|22/100|[from] Sandstorm
|-heal|p2a: Gengar|28/100|[from] item: Leftovers
|upkeep
|turn|87
|
|t:|1729361863
|switch|p2a: Swampert|Swampert, F|55/100
|move|p1a: Claydol|Psychic|p2a: Swampert
|-damage|p2a: Swampert|31/100
|
|-weather|Sandstorm|[upkeep]
|-heal|p2a: Swampert|37/100|[from] item: Leftovers
|upkeep
|turn|88
|
|t:|1729361866
|switch|p1a: Skarmory|Skarmory, F|71/100
|move|p2a: Swampert|Ice Beam|p1a: Skarmory
|-damage|p1a: Skarmory|53/100
|
|-weather|Sandstorm|[upkeep]
|-heal|p1a: Skarmory|59/100|[from] item: Leftovers
|-heal|p2a: Swampert|43/100|[from] item: Leftovers
|upkeep
|turn|89
|
|t:|1729361874
|move|p1a: Skarmory|Spikes|p2a: Swampert
|-sidestart|p2: EG Sato|Spikes
|move|p2a: Swampert|Ice Beam|p1a: Skarmory
|-damage|p1a: Skarmory|41/100
|
|-weather|Sandstorm|[upkeep]
|-heal|p1a: Skarmory|47/100|[from] item: Leftovers
|-heal|p2a: Swampert|50/100|[from] item: Leftovers
|upkeep
|turn|90
|
|t:|1729361877
|move|p1a: Skarmory|Protect|p1a: Skarmory
|-singleturn|p1a: Skarmory|Protect
|move|p2a: Swampert|Ice Beam|p1a: Skarmory
|-activate|p1a: Skarmory|Protect
|
|-weather|Sandstorm|[upkeep]
|-heal|p1a: Skarmory|53/100|[from] item: Leftovers
|-heal|p2a: Swampert|56/100|[from] item: Leftovers
|upkeep
|turn|91
|
|t:|1729361879
|move|p2a: Swampert|Ice Beam|p1a: Skarmory
|-damage|p1a: Skarmory|37/100
|move|p1a: Skarmory|Roar|p2a: Swampert
|drag|p2a: Gengar|Gengar, M, shiny|28/100
|
|-weather|Sandstorm|[upkeep]
|-damage|p2a: Gengar|22/100|[from] Sandstorm
|-heal|p2a: Gengar|28/100|[from] item: Leftovers
|-heal|p1a: Skarmory|43/100|[from] item: Leftovers
|upkeep
|turn|92
|
|t:|1729361884
|move|p1a: Skarmory|Protect|p1a: Skarmory
|-singleturn|p1a: Skarmory|Protect
|move|p2a: Gengar|Will-O-Wisp|p1a: Skarmory
|-activate|p1a: Skarmory|Protect
|
|-weather|Sandstorm|[upkeep]
|-damage|p2a: Gengar|22/100|[from] Sandstorm
|-heal|p2a: Gengar|28/100|[from] item: Leftovers
|-heal|p1a: Skarmory|49/100|[from] item: Leftovers
|upkeep
|turn|93
|
|t:|1729361886
|switch|p1a: Claydol|Claydol|100/100
|move|p2a: Gengar|Will-O-Wisp|p1a: Claydol|[miss]
|-miss|p2a: Gengar|p1a: Claydol
|
|-weather|Sandstorm|[upkeep]
|-damage|p2a: Gengar|22/100|[from] Sandstorm
|-heal|p2a: Gengar|28/100|[from] item: Leftovers
|upkeep
|turn|94
|
|t:|1729361893
|switch|p2a: Swampert|Swampert, F|56/100
|-damage|p2a: Swampert|43/100|[from] Spikes
|move|p1a: Claydol|Psychic|p2a: Swampert
|-crit|p2a: Swampert
|-damage|p2a: Swampert|0 fnt
|faint|p2a: Swampert
|-message|EG Sato forfeited.
|
|win|denizzz
|c|☆denizzz|gg

</script>
<script type="application/json" class="data" id="replaydata-smogtours-gen3ou-799990">
{"id":"smogtours-gen3ou-799990","format":"[Gen 3] OU","players":["denizzz","EG Sato"],"uploadtime":1729361898,"views":113,"formatid":"gen3ou","rating":null,"private":0,"password":null}
</script>

<script defer src="js/replays.js?9d40a366"></script>
