<!DOCTYPE html>
<meta charset="utf-8" />
<meta name="viewport" content="width=device-width" />

<title>[Gen 3] OU: Alecss vs. herold_man - Replays - Pok&eacute;mon Showdown!</title>

<meta name="description" content="Watch a replay of a Pok&eacute;mon battle between Alecss and herold_man! Format: [Gen 3] OU; Date: Oct 16, 2024" />
<!--

Hey, you! Looking in the source for the replay log?

You can find them in JSON format, just add `.json` at the end of a replay URL.

https://replay.pokemonshowdown.com/gen7randomdoublesbattle-865046831.json

Or, if you only need the log itself, add `.log` instead:

https://replay.pokemonshowdown.com/gen7randomdoublesbattle-865046831.log

-->

<link rel="stylesheet" href="//pokemonshowdown.com/style/global.css?0.767286132409787" />
<link rel="stylesheet" href="//play.pokemonshowdown.com/style/font-awesome.css?0.9266228007934947" />
<link rel="stylesheet" href="//play.pokemonshowdown.com/style/battle.css?0.7924700842790926" />
<link rel="stylesheet" href="//play.pokemonshowdown.com/style/utilichart.css?0.8777417872839479" />

<!-- Global site tag (gtag.js) - Google Analytics -->
<script async src="https://www.googletagmanager.com/gtag/js?id=UA-26211653-1"></script>
<script>
  window.dataLayer = window.dataLayer || [];
  function gtag(){dataLayer.push(arguments);}
  gtag('js', new Date());

  gtag('config', 'UA-26211653-1');
</script>
<!-- End Google Analytics -->
<!-- Venatus Ad Manager - Install in <HEAD> of page -->
	<script src="https://hb.vntsm.com/v3/live/ad-manager.min.js" type="text/javascript" data-site-id="642aba63ec9a7b11c3c9c1be" data-mode="scan" async></script>
<!-- / Venatus Ad Manager -->

<style>
	@media (max-width:820px) {
		.battle {
			margin: 0 auto;
		}
		.battle-log {
			margin: 7px auto 0;
			max-width: 640px;
			height: 300px;
			position: static;
		}
	}
	.optgroup {
		display: inline-block;
		line-height: 22px;
		font-size: 10pt;
	}
	.optgroup .button {
		height: 25px;
		padding-top: 0;
		padding-bottom: 0;
	}
	.optgroup button.button {
		padding-left: 12px;
		padding-right: 12px;
	}
	.linklist {
		list-style: none;
		margin: 0.5em 0;
		padding: 0;
	}
	.linklist li {
		padding: 2px 0;
	}
	.sidebar {
		float: left;
		width: 320px;
	}
	.bar-wrapper {
		max-width: 1100px;
		margin: 0 auto;
	}
	.bar-wrapper.has-sidebar {
		max-width: 1430px;
	}
	.mainbar {
		margin: 0;
		padding-right: 1px;
	}
	.mainbar.has-sidebar {
		margin-left: 330px;
	}
	@media (min-width: 1511px) {
		.sidebar {
			width: 400px;
		}
		.bar-wrapper.has-sidebar {
			max-width: 1510px;
		}
		.mainbar.has-sidebar {
			margin-left: 410px;
		}
	}
	.section.first-section {
		margin-top: 9px;
	}
	.blocklink small {
		white-space: normal;
	}
	.button {
		vertical-align: middle;
	}
	.replay-controls {
		padding-top: 10px;
	}
	.replay-controls h1 {
		font-size: 16pt;
		font-weight: normal;
		color: #CCC;
	}
	.pagelink {
		text-align: center;
	}
	.pagelink a {
		width: 150px;
	}
	.textbox, .button {
		font-size: 11pt;
		vertical-align: middle;
	}
	@media (max-width: 450px) {
		.button {
			font-size: 9pt;
		}
	}
</style>

<div>

	<header>
		<div class="nav-wrapper"><ul class="nav">
			<li><a class="button nav-first" href="//pokemonshowdown.com/"><img src="//pokemonshowdown.com/images/pokemonshowdownbeta.png" srcset="//pokemonshowdown.com/images/pokemonshowdownbeta.png 1x, //pokemonshowdown.com/images/pokemonshowdownbeta@2x.png 2x" alt="Pok&eacute;mon Showdown" width="146" height="44" /> Home</a></li>
			<li><a class="button" href="//pokemonshowdown.com/dex/">Pok&eacute;dex</a></li>
			<li><a class="button cur" href="/">Replays</a></li>
			<li><a class="button" href="//pokemonshowdown.com/ladder/">Ladder</a></li>
			<li><a class="button nav-last" href="//pokemonshowdown.com/forums/">Forum</a></li>
			<li><a class="button greenbutton nav-first nav-last" href="//play.pokemonshowdown.com/">Play</a></li>
		</ul></div>
	</header>

	<div class="main" id="main">

		<noscript><section class="section">You need to enable JavaScript to use this page; sorry!</section></noscript>

	</div>

</div>

<script defer nomodule src="//play.pokemonshowdown.com/js/lib/ps-polyfill.js"></script>
<script defer src="//play.pokemonshowdown.com/js/lib/preact.min.js"></script>

<script defer src="//play.pokemonshowdown.com/config/config.js?6dec07f6"></script>
<script defer src="//play.pokemonshowdown.com/js/lib/jquery-1.11.0.min.js"></script>
<script defer src="//play.pokemonshowdown.com/js/lib/html-sanitizer-minified.js"></script>
<script defer src="//play.pokemonshowdown.com/js/battle-sound.js"></script>
<script defer src="//play.pokemonshowdown.com/js/battledata.js?0.6315294753075389"></script>
<script defer src="//play.pokemonshowdown.com/data/pokedex-mini.js?0.7603743185311358"></script>
<script defer src="//play.pokemonshowdown.com/data/pokedex-mini-bw.js?0.030888842834281283"></script>
<script defer src="//play.pokemonshowdown.com/data/graphics.js?0.05593094747507488"></script>
<script defer src="//play.pokemonshowdown.com/data/pokedex.js?0.47064822249611904"></script>
<script defer src="//play.pokemonshowdown.com/data/moves.js?0.8583693120512459"></script>
<script defer src="//play.pokemonshowdown.com/data/abilities.js?0.16017181182386842"></script>
<script defer src="//play.pokemonshowdown.com/data/items.js?0.4163379185673943"></script>
<script defer src="//play.pokemonshowdown.com/data/teambuilder-tables.js?0.31075597372830477"></script>
<script defer src="//play.pokemonshowdown.com/js/battle-tooltips.js?0.6536193500708172"></script>
<script defer src="//play.pokemonshowdown.com/js/battle.js?0.1916591943277901"></script>

<script defer src="js/utils.js?e31f9a17"></script>
<script defer src="js/replays-battle.js?7008c182"></script>

<!-- don't scrape this data! just add .json or .log after the URL!
Full API docs: https://github.com/smogon/pokemon-showdown-client/blob/master/WEB-API.md -->
<script type="text/plain" class="log" id="replaylog-smogtours-gen3ou-799174">
|inactive|Battle timer is ON: inactive players will automatically lose when time's up.
|t:|1729115113
|gametype|singles
|player|p1|Alecss|red-gen1|
|player|p2|herold_man|janitor|
|teamsize|p1|6
|teamsize|p2|6
|gen|3
|tier|[Gen 3] OU
|rule|Sleep Clause Mod: Limit one foe put to sleep
|rule|Switch Priority Clause Mod: Faster Pokémon switch first
|rule|Species Clause: Limit one of each Pokémon
|rule|OHKO Clause: OHKO moves are banned
|rule|Evasion Items Clause: Evasion items are banned
|rule|Evasion Moves Clause: Evasion moves are banned
|rule|Endless Battle Clause: Forcing endless battles is banned
|rule|HP Percentage Mod: HP is shown in percentages
|rule|One Boost Passer Clause: Limit one Baton Passer that has a way to boost its stats
|rule|Freeze Clause Mod: Limit one foe frozen
|
|t:|1729115113
|start
|switch|p1a: Tyranitar|Tyranitar, M|100/100
|switch|p2a: Reginald Rockwell|Regirock|100/100
|-weather|Sandstorm|[from] ability: Sand Stream|[of] p1a: Tyranitar
|turn|1
|c|☆herold_man|Glhf
|inactive|Alecss has 270 seconds left.
|c|☆Alecss|u2
|
|t:|1729115156
|move|p1a: Tyranitar|Earthquake|p2a: Reginald Rockwell
|-supereffective|p2a: Reginald Rockwell
|-damage|p2a: Reginald Rockwell|61/100
|move|p2a: Reginald Rockwell|Earthquake|p1a: Tyranitar
|-supereffective|p1a: Tyranitar
|-damage|p1a: Tyranitar|46/100
|
|-weather|Sandstorm|[upkeep]
|-heal|p1a: Tyranitar|53/100|[from] item: Leftovers
|-heal|p2a: Reginald Rockwell|67/100|[from] item: Leftovers
|upkeep
|turn|2
|
|t:|1729115170
|move|p1a: Tyranitar|Dragon Dance|p1a: Tyranitar
|-boost|p1a: Tyranitar|atk|1
|-boost|p1a: Tyranitar|spe|1
|move|p2a: Reginald Rockwell|Thunder Wave|p1a: Tyranitar
|-status|p1a: Tyranitar|par
|
|-weather|Sandstorm|[upkeep]
|-heal|p2a: Reginald Rockwell|73/100|[from] item: Leftovers
|-heal|p1a: Tyranitar|59/100 par|[from] item: Leftovers
|upkeep
|turn|3
|
|t:|1729115174
|move|p2a: Reginald Rockwell|Earthquake|p1a: Tyranitar
|-supereffective|p1a: Tyranitar
|-damage|p1a: Tyranitar|6/100 par
|move|p1a: Tyranitar|Earthquake|p2a: Reginald Rockwell
|-supereffective|p2a: Reginald Rockwell
|-damage|p2a: Reginald Rockwell|13/100
|
|-weather|Sandstorm|[upkeep]
|-heal|p2a: Reginald Rockwell|19/100|[from] item: Leftovers
|-heal|p1a: Tyranitar|12/100 par|[from] item: Leftovers
|upkeep
|turn|4
|
|t:|1729115184
|move|p2a: Reginald Rockwell|Earthquake|p1a: Tyranitar
|-supereffective|p1a: Tyranitar
|-damage|p1a: Tyranitar|0 fnt
|faint|p1a: Tyranitar
|
|t:|1729115192
|switch|p1a: Metagross|Metagross|100/100
|
|-weather|Sandstorm|[upkeep]
|-heal|p2a: Reginald Rockwell|25/100|[from] item: Leftovers
|upkeep
|turn|5
|
|t:|1729115214
|switch|p2a: Suicune|Suicune|100/100
|move|p1a: Metagross|Earthquake|p2a: Suicune
|-crit|p2a: Suicune
|-damage|p2a: Suicune|9/100
|
|-weather|Sandstorm|[upkeep]
|-damage|p2a: Suicune|3/100|[from] Sandstorm
|-heal|p2a: Suicune|9/100|[from] item: Leftovers
|upkeep
|turn|6
|c|☆Alecss|sorry bud
|
|t:|1729115234
|switch|p2a: Salamence|Salamence, F|100/100
|-ability|p2a: Salamence|Intimidate|boost
|-fail|p1a: Metagross|unboost|[from] ability: Clear Body|[of] p1a: Metagross
|move|p1a: Metagross|Earthquake|p2a: Salamence
|-immune|p2a: Salamence
|
|-weather|Sandstorm|[upkeep]
|-damage|p2a: Salamence|94/100|[from] Sandstorm
|-heal|p2a: Salamence|100/100|[from] item: Leftovers
|upkeep
|turn|7
|inactive|herold_man has 270 seconds left.
|
|t:|1729115277
|switch|p1a: Skarmory|Skarmory, M|100/100
|move|p2a: Salamence|Earthquake|p1a: Skarmory
|-immune|p1a: Skarmory
|
|-weather|Sandstorm|[upkeep]
|-damage|p2a: Salamence|94/100|[from] Sandstorm
|-heal|p2a: Salamence|100/100|[from] item: Leftovers
|upkeep
|turn|8
|
|t:|1729115281
|switch|p2a: Magneton|Magneton|100/100
|switch|p1a: Celebi|Celebi|100/100
|
|-weather|Sandstorm|[upkeep]
|-damage|p1a: Celebi|94/100|[from] Sandstorm
|-heal|p1a: Celebi|100/100|[from] item: Leftovers
|upkeep
|turn|9
|
|t:|1729115285
|move|p1a: Celebi|Calm Mind|p1a: Celebi
|-boost|p1a: Celebi|spa|1
|-boost|p1a: Celebi|spd|1
|move|p2a: Magneton|Hidden Power|p1a: Celebi
|-supereffective|p1a: Celebi
|-damage|p1a: Celebi|67/100
|
|-weather|Sandstorm|[upkeep]
|-damage|p1a: Celebi|61/100|[from] Sandstorm
|-heal|p1a: Celebi|67/100|[from] item: Leftovers
|upkeep
|turn|10
|
|t:|1729115294
|move|p1a: Celebi|Psychic|p2a: Magneton
|-resisted|p2a: Magneton
|-crit|p2a: Magneton
|-damage|p2a: Magneton|0 fnt
|faint|p2a: Magneton
|inactive|herold_man has 270 seconds left.
|
|t:|1729115311
|switch|p2a: Snorlax|Snorlax, F|100/100
|
|-weather|Sandstorm|[upkeep]
|-damage|p1a: Celebi|61/100|[from] Sandstorm
|-damage|p2a: Snorlax|94/100|[from] Sandstorm
|-heal|p1a: Celebi|67/100|[from] item: Leftovers
|-heal|p2a: Snorlax|100/100|[from] item: Leftovers
|upkeep
|turn|11
|
|t:|1729115318
|switch|p1a: Skarmory|Skarmory, M|100/100
|move|p2a: Snorlax|Shadow Ball|p1a: Skarmory
|-resisted|p1a: Skarmory
|-damage|p1a: Skarmory|90/100
|
|-weather|Sandstorm|[upkeep]
|-damage|p2a: Snorlax|94/100|[from] Sandstorm
|-heal|p1a: Skarmory|96/100|[from] item: Leftovers
|-heal|p2a: Snorlax|100/100|[from] item: Leftovers
|upkeep
|turn|12
|
|t:|1729115330
|switch|p2a: Reginald Rockwell|Regirock|25/100
|move|p1a: Skarmory|Spikes|p2a: Reginald Rockwell
|-sidestart|p2: herold_man|Spikes
|
|-weather|Sandstorm|[upkeep]
|-heal|p1a: Skarmory|100/100|[from] item: Leftovers
|-heal|p2a: Reginald Rockwell|31/100|[from] item: Leftovers
|upkeep
|turn|13
|
|t:|1729115338
|move|p1a: Skarmory|Taunt|p2a: Reginald Rockwell
|-start|p2a: Reginald Rockwell|move: Taunt
|move|p2a: Reginald Rockwell|Rock Slide|p1a: Skarmory
|-damage|p1a: Skarmory|75/100
|
|-weather|Sandstorm|[upkeep]
|-heal|p1a: Skarmory|81/100|[from] item: Leftovers
|-heal|p2a: Reginald Rockwell|37/100|[from] item: Leftovers
|upkeep
|turn|14
|
|t:|1729115344
|move|p1a: Skarmory|Spikes|p2a: Reginald Rockwell
|-sidestart|p2: herold_man|Spikes
|move|p2a: Reginald Rockwell|Rock Slide|p1a: Skarmory|[miss]
|-miss|p2a: Reginald Rockwell|p1a: Skarmory
|
|-weather|Sandstorm|[upkeep]
|-heal|p1a: Skarmory|87/100|[from] item: Leftovers
|-heal|p2a: Reginald Rockwell|43/100|[from] item: Leftovers
|-end|p2a: Reginald Rockwell|move: Taunt|[silent]
|upkeep
|turn|15
|
|t:|1729115350
|switch|p2a: Salamence|Salamence, F|100/100
|-ability|p2a: Salamence|Intimidate|boost
|-unboost|p1a: Skarmory|atk|1
|move|p1a: Skarmory|Spikes|p2a: Salamence
|-sidestart|p2: herold_man|Spikes
|
|-weather|Sandstorm|[upkeep]
|-damage|p2a: Salamence|94/100|[from] Sandstorm
|-heal|p2a: Salamence|100/100|[from] item: Leftovers
|-heal|p1a: Skarmory|93/100|[from] item: Leftovers
|upkeep
|turn|16
|
|t:|1729115354
|move|p2a: Salamence|Dragon Dance|p2a: Salamence
|-boost|p2a: Salamence|atk|1
|-boost|p2a: Salamence|spe|1
|move|p1a: Skarmory|Roar|p2a: Salamence
|drag|p2a: Reginald Rockwell|Regirock|43/100
|-damage|p2a: Reginald Rockwell|18/100|[from] Spikes
|
|-weather|Sandstorm|[upkeep]
|-heal|p1a: Skarmory|99/100|[from] item: Leftovers
|-heal|p2a: Reginald Rockwell|24/100|[from] item: Leftovers
|upkeep
|turn|17
|
|t:|1729115368
|switch|p1a: Gengar|Gengar, F|100/100
|move|p2a: Reginald Rockwell|Rock Slide|p1a: Gengar
|-damage|p1a: Gengar|32/100
|
|-weather|Sandstorm|[upkeep]
|-damage|p1a: Gengar|26/100|[from] Sandstorm
|-heal|p1a: Gengar|32/100|[from] item: Leftovers
|-heal|p2a: Reginald Rockwell|30/100|[from] item: Leftovers
|upkeep
|turn|18
|
|t:|1729115377
|move|p1a: Gengar|Hidden Power|p2a: Reginald Rockwell
|-supereffective|p2a: Reginald Rockwell
|-crit|p2a: Reginald Rockwell
|-damage|p2a: Reginald Rockwell|0 fnt
|faint|p2a: Reginald Rockwell
|
|t:|1729115379
|switch|p2a: Snorlax|Snorlax, F|100/100
|-damage|p2a: Snorlax|76/100|[from] Spikes
|
|-weather|Sandstorm|[upkeep]
|-damage|p1a: Gengar|26/100|[from] Sandstorm
|-damage|p2a: Snorlax|69/100|[from] Sandstorm
|-heal|p1a: Gengar|32/100|[from] item: Leftovers
|-heal|p2a: Snorlax|76/100|[from] item: Leftovers
|upkeep
|turn|19
|
|t:|1729115382
|switch|p1a: Skarmory|Skarmory, M|99/100
|move|p2a: Snorlax|Shadow Ball|p1a: Skarmory
|-resisted|p1a: Skarmory
|-damage|p1a: Skarmory|88/100
|
|-weather|Sandstorm|[upkeep]
|-damage|p2a: Snorlax|69/100|[from] Sandstorm
|-heal|p1a: Skarmory|94/100|[from] item: Leftovers
|-heal|p2a: Snorlax|76/100|[from] item: Leftovers
|upkeep
|turn|20
|
|t:|1729115395
|switch|p2a: Salamence|Salamence, F|100/100
|-ability|p2a: Salamence|Intimidate|boost
|-unboost|p1a: Skarmory|atk|1
|move|p1a: Skarmory|Roar|p2a: Salamence
|drag|p2a: Metagross|Metagross|100/100
|-damage|p2a: Metagross|76/100|[from] Spikes
|
|-weather|Sandstorm|[upkeep]
|-heal|p2a: Metagross|82/100|[from] item: Leftovers
|-heal|p1a: Skarmory|100/100|[from] item: Leftovers
|upkeep
|turn|21
|
|t:|1729115402
|move|p2a: Metagross|Rock Slide|p1a: Skarmory
|-damage|p1a: Skarmory|78/100
|move|p1a: Skarmory|Roar|p2a: Metagross
|drag|p2a: Suicune|Suicune|9/100
|-damage|p2a: Suicune|0 fnt|[from] Spikes
|faint|p2a: Suicune
|
|t:|1729115409
|switch|p2a: Salamence|Salamence, F|100/100
|-ability|p2a: Salamence|Intimidate|boost
|-unboost|p1a: Skarmory|atk|1
|
|-weather|Sandstorm|[upkeep]
|-damage|p2a: Salamence|94/100|[from] Sandstorm
|-heal|p2a: Salamence|100/100|[from] item: Leftovers
|-heal|p1a: Skarmory|84/100|[from] item: Leftovers
|upkeep
|turn|22
|
|t:|1729115412
|move|p2a: Salamence|Rock Slide|p1a: Skarmory
|-damage|p1a: Skarmory|63/100
|move|p1a: Skarmory|Roar|p2a: Salamence
|drag|p2a: Snorlax|Snorlax, F|76/100
|-damage|p2a: Snorlax|51/100|[from] Spikes
|
|-weather|Sandstorm|[upkeep]
|-damage|p2a: Snorlax|45/100|[from] Sandstorm
|-heal|p1a: Skarmory|69/100|[from] item: Leftovers
|-heal|p2a: Snorlax|51/100|[from] item: Leftovers
|upkeep
|turn|23
|
|t:|1729115422
|move|p2a: Snorlax|Self-Destruct|p1a: Skarmory
|-resisted|p1a: Skarmory
|-damage|p1a: Skarmory|0 fnt
|faint|p2a: Snorlax
|faint|p1a: Skarmory
|
|t:|1729115430
|switch|p1a: Gengar|Gengar, F|32/100
|switch|p2a: Salamence|Salamence, F|100/100
|-ability|p2a: Salamence|Intimidate|boost
|-unboost|p1a: Gengar|atk|1
|
|-weather|Sandstorm|[upkeep]
|-damage|p1a: Gengar|26/100|[from] Sandstorm
|-damage|p2a: Salamence|94/100|[from] Sandstorm
|-heal|p1a: Gengar|32/100|[from] item: Leftovers
|-heal|p2a: Salamence|100/100|[from] item: Leftovers
|upkeep
|turn|24
|
|t:|1729115435
|switch|p2a: Metagross|Metagross|82/100
|-damage|p2a: Metagross|57/100|[from] Spikes
|move|p1a: Gengar|Ice Punch|p2a: Metagross
|-resisted|p2a: Metagross
|-damage|p2a: Metagross|43/100
|
|-weather|Sandstorm|[upkeep]
|-damage|p1a: Gengar|26/100|[from] Sandstorm
|-heal|p1a: Gengar|32/100|[from] item: Leftovers
|-heal|p2a: Metagross|49/100|[from] item: Leftovers
|upkeep
|turn|25
|
|t:|1729115443
|switch|p1a: Celebi|Celebi|67/100
|move|p2a: Metagross|Meteor Mash|p1a: Celebi
|-damage|p1a: Celebi|7/100
|
|-weather|Sandstorm|[upkeep]
|-damage|p1a: Celebi|0 fnt|[from] Sandstorm
|faint|p1a: Celebi
|-heal|p2a: Metagross|55/100|[from] item: Leftovers
|upkeep
|
|t:|1729115449
|switch|p1a: Metagross|Metagross|100/100
|turn|26
|
|t:|1729115452
|move|p2a: Metagross|Explosion|p1a: Metagross
|-resisted|p1a: Metagross
|-damage|p1a: Metagross|19/100
|faint|p2a: Metagross
|
|t:|1729115454
|switch|p2a: Salamence|Salamence, F|100/100
|-ability|p2a: Salamence|Intimidate|boost
|-fail|p1a: Metagross|unboost|[from] ability: Clear Body|[of] p1a: Metagross
|
|-weather|Sandstorm|[upkeep]
|-damage|p2a: Salamence|94/100|[from] Sandstorm
|-heal|p2a: Salamence|100/100|[from] item: Leftovers
|upkeep
|turn|27
|
|t:|1729115467
|move|p2a: Salamence|Earthquake|p1a: Metagross
|-supereffective|p1a: Metagross
|-crit|p1a: Metagross
|-damage|p1a: Metagross|0 fnt
|faint|p1a: Metagross
|
|t:|1729115470
|switch|p1a: Gengar|Gengar, F|32/100
|
|-weather|Sandstorm|[upkeep]
|-damage|p1a: Gengar|26/100|[from] Sandstorm
|-damage|p2a: Salamence|94/100|[from] Sandstorm
|-heal|p1a: Gengar|32/100|[from] item: Leftovers
|-heal|p2a: Salamence|100/100|[from] item: Leftovers
|upkeep
|turn|28
|
|t:|1729115474
|move|p1a: Gengar|Ice Punch|p2a: Salamence
|-supereffective|p2a: Salamence
|-damage|p2a: Salamence|0 fnt
|faint|p2a: Salamence
|
|win|Alecss
|player|p2|

</script>
<script type="application/json" class="data" id="replaydata-smogtours-gen3ou-799174">
{"id":"smogtours-gen3ou-799174","format":"[Gen 3] OU","players":["Alecss","herold_man"],"uploadtime":1729115474,"views":96,"formatid":"gen3ou","rating":null,"private":0,"password":null}
</script>

<script defer src="js/replays.js?9d40a366"></script>
