<!DOCTYPE html>
<meta charset="utf-8" />
<meta name="viewport" content="width=device-width" />

<title>[Gen 3] OU: Spreek vs. bluesenergy00 - Replays - Pok&eacute;mon Showdown!</title>

<meta name="description" content="Watch a replay of a Pok&eacute;mon battle between Spreek and bluesenergy00! Format: [Gen 3] OU; Date: Nov 14, 2024" />
<!--

Hey, you! Looking in the source for the replay log?

You can find them in JSON format, just add `.json` at the end of a replay URL.

https://replay.pokemonshowdown.com/gen7randomdoublesbattle-865046831.json

Or, if you only need the log itself, add `.log` instead:

https://replay.pokemonshowdown.com/gen7randomdoublesbattle-865046831.log

-->

<link rel="stylesheet" href="//pokemonshowdown.com/style/global.css?0.767286132409787" />
<link rel="stylesheet" href="//play.pokemonshowdown.com/style/font-awesome.css?0.9266228007934947" />
<link rel="stylesheet" href="//play.pokemonshowdown.com/style/battle.css?0.7924700842790926" />
<link rel="stylesheet" href="//play.pokemonshowdown.com/style/utilichart.css?0.8777417872839479" />

<!-- Global site tag (gtag.js) - Google Analytics -->
<script async src="https://www.googletagmanager.com/gtag/js?id=UA-26211653-1"></script>
<script>
  window.dataLayer = window.dataLayer || [];
  function gtag(){dataLayer.push(arguments);}
  gtag('js', new Date());

  gtag('config', 'UA-26211653-1');
</script>
<!-- End Google Analytics -->
<!-- Venatus Ad Manager - Install in <HEAD> of page -->
	<script src="https://hb.vntsm.com/v3/live/ad-manager.min.js" type="text/javascript" data-site-id="642aba63ec9a7b11c3c9c1be" data-mode="scan" async></script>
<!-- / Venatus Ad Manager -->

<style>
	@media (max-width:820px) {
		.battle {
			margin: 0 auto;
		}
		.battle-log {
			margin: 7px auto 0;
			max-width: 640px;
			height: 300px;
			position: static;
		}
	}
	.optgroup {
		display: inline-block;
		line-height: 22px;
		font-size: 10pt;
	}
	.optgroup .button {
		height: 25px;
		padding-top: 0;
		padding-bottom: 0;
	}
	.optgroup button.button {
		padding-left: 12px;
		padding-right: 12px;
	}
	.linklist {
		list-style: none;
		margin: 0.5em 0;
		padding: 0;
	}
	.linklist li {
		padding: 2px 0;
	}
	.sidebar {
		float: left;
		width: 320px;
	}
	.bar-wrapper {
		max-width: 1100px;
		margin: 0 auto;
	}
	.bar-wrapper.has-sidebar {
		max-width: 1430px;
	}
	.mainbar {
		margin: 0;
		padding-right: 1px;
	}
	.mainbar.has-sidebar {
		margin-left: 330px;
	}
	@media (min-width: 1511px) {
		.sidebar {
			width: 400px;
		}
		.bar-wrapper.has-sidebar {
			max-width: 1510px;
		}
		.mainbar.has-sidebar {
			margin-left: 410px;
		}
	}
	.section.first-section {
		margin-top: 9px;
	}
	.blocklink small {
		white-space: normal;
	}
	.button {
		vertical-align: middle;
	}
	.replay-controls {
		padding-top: 10px;
	}
	.replay-controls h1 {
		font-size: 16pt;
		font-weight: normal;
		color: #CCC;
	}
	.pagelink {
		text-align: center;
	}
	.pagelink a {
		width: 150px;
	}
	.textbox, .button {
		font-size: 11pt;
		vertical-align: middle;
	}
	@media (max-width: 450px) {
		.button {
			font-size: 9pt;
		}
	}
</style>

<div>

	<header>
		<div class="nav-wrapper"><ul class="nav">
			<li><a class="button nav-first" href="//pokemonshowdown.com/"><img src="//pokemonshowdown.com/images/pokemonshowdownbeta.png" srcset="//pokemonshowdown.com/images/pokemonshowdownbeta.png 1x, //pokemonshowdown.com/images/pokemonshowdownbeta@2x.png 2x" alt="Pok&eacute;mon Showdown" width="146" height="44" /> Home</a></li>
			<li><a class="button" href="//pokemonshowdown.com/dex/">Pok&eacute;dex</a></li>
			<li><a class="button cur" href="/">Replays</a></li>
			<li><a class="button" href="//pokemonshowdown.com/ladder/">Ladder</a></li>
			<li><a class="button nav-last" href="//pokemonshowdown.com/forums/">Forum</a></li>
			<li><a class="button greenbutton nav-first nav-last" href="//play.pokemonshowdown.com/">Play</a></li>
		</ul></div>
	</header>

	<div class="main" id="main">

		<noscript><section class="section">You need to enable JavaScript to use this page; sorry!</section></noscript>

	</div>

</div>

<script defer nomodule src="//play.pokemonshowdown.com/js/lib/ps-polyfill.js"></script>
<script defer src="//play.pokemonshowdown.com/js/lib/preact.min.js"></script>

<script defer src="//play.pokemonshowdown.com/config/config.js?6dec07f6"></script>
<script defer src="//play.pokemonshowdown.com/js/lib/jquery-1.11.0.min.js"></script>
<script defer src="//play.pokemonshowdown.com/js/lib/html-sanitizer-minified.js"></script>
<script defer src="//play.pokemonshowdown.com/js/battle-sound.js"></script>
<script defer src="//play.pokemonshowdown.com/js/battledata.js?0.6315294753075389"></script>
<script defer src="//play.pokemonshowdown.com/data/pokedex-mini.js?0.7603743185311358"></script>
<script defer src="//play.pokemonshowdown.com/data/pokedex-mini-bw.js?0.030888842834281283"></script>
<script defer src="//play.pokemonshowdown.com/data/graphics.js?0.05593094747507488"></script>
<script defer src="//play.pokemonshowdown.com/data/pokedex.js?0.47064822249611904"></script>
<script defer src="//play.pokemonshowdown.com/data/moves.js?0.8583693120512459"></script>
<script defer src="//play.pokemonshowdown.com/data/abilities.js?0.16017181182386842"></script>
<script defer src="//play.pokemonshowdown.com/data/items.js?0.4163379185673943"></script>
<script defer src="//play.pokemonshowdown.com/data/teambuilder-tables.js?0.31075597372830477"></script>
<script defer src="//play.pokemonshowdown.com/js/battle-tooltips.js?0.6536193500708172"></script>
<script defer src="//play.pokemonshowdown.com/js/battle.js?0.1916591943277901"></script>

<script defer src="js/utils.js?e31f9a17"></script>
<script defer src="js/replays-battle.js?7008c182"></script>

<!-- don't scrape this data! just add .json or .log after the URL!
Full API docs: https://github.com/smogon/pokemon-showdown-client/blob/master/WEB-API.md -->
<script type="text/plain" class="log" id="replaylog-smogtours-gen3ou-806284">
|inactive|Battle timer is ON: inactive players will automatically lose when time's up.
|t:|1731621826
|gametype|singles
|player|p1|Spreek|266|
|player|p2|bluesenergy00|red|
|teamsize|p1|6
|teamsize|p2|6
|gen|3
|tier|[Gen 3] OU
|rule|Sleep Clause Mod: Limit one foe put to sleep
|rule|Switch Priority Clause Mod: Faster Pokémon switch first
|rule|Species Clause: Limit one of each Pokémon
|rule|OHKO Clause: OHKO moves are banned
|rule|Evasion Items Clause: Evasion items are banned
|rule|Evasion Moves Clause: Evasion moves are banned
|rule|Endless Battle Clause: Forcing endless battles is banned
|rule|HP Percentage Mod: HP is shown in percentages
|rule|One Boost Passer Clause: Limit one Baton Passer that has a way to boost its stats
|rule|Freeze Clause Mod: Limit one foe frozen
|
|t:|1731621826
|start
|switch|p1a: Dugtrio|Dugtrio, F|100/100
|switch|p2a: Pepsibaaat|Crobat, M|100/100
|turn|1
|c|☆Spreek|hf
|c|☆bluesenergy00|Hf
|inactive|Spreek has 270 seconds left.
|inactive|Spreek has 240 seconds left.
|
|t:|1731621891
|switch|p1a: Skarmory|Skarmory, F|100/100
|move|p2a: Pepsibaaat|Mean Look|p1a: Skarmory
|-activate|p1a: Skarmory|trapped
|
|upkeep
|turn|2
|
|t:|1731621901
|move|p2a: Pepsibaaat|Taunt|p1a: Skarmory
|-start|p1a: Skarmory|move: Taunt
|move|p1a: Skarmory|Drill Peck|p2a: Pepsibaaat
|-damage|p2a: Pepsibaaat|77/100
|
|-heal|p2a: Pepsibaaat|83/100|[from] item: Leftovers
|upkeep
|turn|3
|
|t:|1731621907
|move|p2a: Pepsibaaat|Curse|p2a: Pepsibaaat
|-unboost|p2a: Pepsibaaat|spe|1
|-boost|p2a: Pepsibaaat|atk|1
|-boost|p2a: Pepsibaaat|def|1
|move|p1a: Skarmory|Drill Peck|p2a: Pepsibaaat
|-damage|p2a: Pepsibaaat|69/100
|
|-heal|p2a: Pepsibaaat|75/100|[from] item: Leftovers
|-end|p1a: Skarmory|move: Taunt|[silent]
|upkeep
|turn|4
|c|+allce|what the fuck LMAO
|
|t:|1731621930
|move|p2a: Pepsibaaat|Taunt|p1a: Skarmory
|-start|p1a: Skarmory|move: Taunt
|move|p1a: Skarmory|Drill Peck|p2a: Pepsibaaat
|-damage|p2a: Pepsibaaat|59/100
|
|-heal|p2a: Pepsibaaat|65/100|[from] item: Leftovers
|upkeep
|turn|5
|
|t:|1731621936
|move|p2a: Pepsibaaat|Curse|p2a: Pepsibaaat
|-unboost|p2a: Pepsibaaat|spe|1
|-boost|p2a: Pepsibaaat|atk|1
|-boost|p2a: Pepsibaaat|def|1
|move|p1a: Skarmory|Drill Peck|p2a: Pepsibaaat
|-damage|p2a: Pepsibaaat|54/100
|
|-end|p1a: Skarmory|move: Taunt|[silent]
|-heal|p2a: Pepsibaaat|60/100|[from] item: Leftovers
|upkeep
|turn|6
|
|t:|1731621942
|move|p1a: Skarmory|Drill Peck|p2a: Pepsibaaat
|-damage|p2a: Pepsibaaat|48/100
|move|p2a: Pepsibaaat|Taunt|p1a: Skarmory
|-start|p1a: Skarmory|move: Taunt
|
|-heal|p2a: Pepsibaaat|54/100|[from] item: Leftovers
|upkeep
|turn|7
|
|t:|1731621947
|move|p1a: Skarmory|Drill Peck|p2a: Pepsibaaat
|-crit|p2a: Pepsibaaat
|-damage|p2a: Pepsibaaat|5/100
|move|p2a: Pepsibaaat|Curse|p2a: Pepsibaaat
|-unboost|p2a: Pepsibaaat|spe|1
|-boost|p2a: Pepsibaaat|atk|1
|-boost|p2a: Pepsibaaat|def|1
|
|-end|p1a: Skarmory|move: Taunt|[silent]
|-heal|p2a: Pepsibaaat|11/100|[from] item: Leftovers
|upkeep
|turn|8
|
|t:|1731621954
|move|p1a: Skarmory|Drill Peck|p2a: Pepsibaaat
|-damage|p2a: Pepsibaaat|2/100
|move|p2a: Pepsibaaat|Hidden Power|p1a: Skarmory
|-crit|p1a: Skarmory
|-damage|p1a: Skarmory|29/100
|
|-heal|p1a: Skarmory|35/100|[from] item: Leftovers
|-heal|p2a: Pepsibaaat|8/100|[from] item: Leftovers
|upkeep
|turn|9
|
|t:|1731621963
|move|p1a: Skarmory|Drill Peck|p2a: Pepsibaaat
|-damage|p2a: Pepsibaaat|0 fnt
|faint|p2a: Pepsibaaat
|c|☆Spreek|idk what is happening
|c|☆Spreek|LOL
|
|t:|1731621967
|switch|p2a: Pepsibiiird|Moltres|100/100
|
|-heal|p1a: Skarmory|41/100|[from] item: Leftovers
|upkeep
|turn|10
|c|+allce|i expected that to bp 
|c|+allce|or smth
|
|t:|1731621985
|switch|p1a: Suicune|Suicune|100/100
|move|p2a: Pepsibiiird|Fire Blast|p1a: Suicune
|-resisted|p1a: Suicune
|-damage|p1a: Suicune|77/100
|-status|p1a: Suicune|brn
|
|-heal|p1a: Suicune|83/100 brn|[from] item: Leftovers
|-damage|p1a: Suicune|71/100 brn|[from] brn
|upkeep
|turn|11
|inactive|Spreek has 270 seconds left.
|
|t:|1731622013
|switch|p2a: Pepsidawg|Suicune|100/100
|switch|p1a: Gengar|Gengar, F|100/100
|
|upkeep
|turn|12
|inactive|bluesenergy00 has 270 seconds left.
|
|t:|1731622032
|switch|p2a: Mentos Reaction|Claydol|100/100
|move|p1a: Gengar|Mean Look|p2a: Mentos Reaction
|-activate|p2a: Mentos Reaction|trapped
|
|upkeep
|turn|13
|inactive|bluesenergy00 has 270 seconds left.
|inactive|Spreek has 270 seconds left.
|
|t:|1731622057
|switch|p1a: Skarmory|Skarmory, F|41/100
|move|p2a: Mentos Reaction|Psychic|p1a: Skarmory
|-resisted|p1a: Skarmory
|-damage|p1a: Skarmory|30/100
|
|-heal|p1a: Skarmory|36/100|[from] item: Leftovers
|upkeep
|turn|14
|inactive|bluesenergy00 has 270 seconds left.
|
|t:|1731622070
|switch|p2a: Pepsibiiird|Moltres|100/100
|move|p1a: Skarmory|Spikes|p2a: Pepsibiiird
|-sidestart|p2: bluesenergy00|Spikes
|
|-heal|p1a: Skarmory|42/100|[from] item: Leftovers
|upkeep
|turn|15
|inactive|Spreek has 270 seconds left.
|inactive|bluesenergy00 has 270 seconds left.
|
|t:|1731622100
|move|p1a: Skarmory|Protect|p1a: Skarmory
|-singleturn|p1a: Skarmory|Protect
|move|p2a: Pepsibiiird|Fire Blast|p1a: Skarmory|[miss]
|-miss|p2a: Pepsibiiird|p1a: Skarmory
|
|-heal|p1a: Skarmory|48/100|[from] item: Leftovers
|upkeep
|turn|16
|
|t:|1731622113
|switch|p1a: Suicune|Suicune|71/100 brn
|move|p2a: Pepsibiiird|Hidden Power|p1a: Suicune
|-supereffective|p1a: Suicune
|-damage|p1a: Suicune|36/100 brn
|
|-heal|p1a: Suicune|42/100 brn|[from] item: Leftovers
|-damage|p1a: Suicune|30/100 brn|[from] brn
|upkeep
|turn|17
|
|t:|1731622123
|switch|p1a: Raikou|Raikou|100/100
|move|p2a: Pepsibiiird|Hidden Power|p1a: Raikou
|-damage|p1a: Raikou|78/100
|
|-heal|p1a: Raikou|84/100|[from] item: Leftovers
|upkeep
|turn|18
|inactive|Spreek has 270 seconds left.
|
|t:|1731622134
|switch|p2a: Mentos Reaction|Claydol|100/100
|move|p1a: Raikou|Substitute|p1a: Raikou
|-start|p1a: Raikou|Substitute
|-damage|p1a: Raikou|59/100
|
|-heal|p1a: Raikou|65/100|[from] item: Leftovers
|upkeep
|turn|19
|
|t:|1731622138
|move|p1a: Raikou|Hidden Power|p2a: Mentos Reaction
|-supereffective|p2a: Mentos Reaction
|-damage|p2a: Mentos Reaction|67/100
|move|p2a: Mentos Reaction|Earthquake|p1a: Raikou
|-supereffective|p1a: Raikou
|-end|p1a: Raikou|Substitute
|
|-heal|p1a: Raikou|71/100|[from] item: Leftovers
|-heal|p2a: Mentos Reaction|73/100|[from] item: Leftovers
|upkeep
|turn|20
|inactive|Spreek has 270 seconds left.
|
|t:|1731622166
|switch|p1a: Suicune|Suicune|30/100 brn
|move|p2a: Mentos Reaction|Rapid Spin|p1a: Suicune
|-damage|p1a: Suicune|26/100 brn
|-sideend|p2: bluesenergy00|Spikes|[from] move: Rapid Spin|[of] p2a: Mentos Reaction
|
|-heal|p1a: Suicune|33/100 brn|[from] item: Leftovers
|-damage|p1a: Suicune|20/100 brn|[from] brn
|-heal|p2a: Mentos Reaction|79/100|[from] item: Leftovers
|upkeep
|turn|21
|inactive|bluesenergy00 has 270 seconds left.
|
|t:|1731622201
|switch|p2a: Pepsidawg|Suicune|100/100
|move|p1a: Suicune|Rest|p1a: Suicune
|-status|p1a: Suicune|slp|[from] move: Rest
|-heal|p1a: Suicune|100/100 slp|[silent]
|
|upkeep
|turn|22
|inactive|Spreek has 270 seconds left.
|
|t:|1731622216
|cant|p1a: Suicune|slp
|move|p2a: Pepsidawg|Calm Mind|p2a: Pepsidawg
|-boost|p2a: Pepsidawg|spa|1
|-boost|p2a: Pepsidawg|spd|1
|
|upkeep
|turn|23
|
|t:|1731622220
|move|p2a: Pepsidawg|Calm Mind|p2a: Pepsidawg
|-boost|p2a: Pepsidawg|spa|1
|-boost|p2a: Pepsidawg|spd|1
|cant|p1a: Suicune|slp
|
|upkeep
|turn|24
|
|t:|1731622231
|-curestatus|p1a: Suicune|slp|[msg]
|move|p1a: Suicune|Calm Mind|p1a: Suicune
|-boost|p1a: Suicune|spa|1
|-boost|p1a: Suicune|spd|1
|move|p2a: Pepsidawg|Roar|p1a: Suicune
|drag|p1a: Dugtrio|Dugtrio, F|100/100
|
|upkeep
|turn|25
|
|t:|1731622235
|switch|p1a: Suicune|Suicune|100/100
|move|p2a: Pepsidawg|Surf|p1a: Suicune
|-resisted|p1a: Suicune
|-damage|p1a: Suicune|81/100
|
|-heal|p1a: Suicune|87/100|[from] item: Leftovers
|upkeep
|turn|26
|
|t:|1731622240
|move|p1a: Suicune|Roar|p2a: Pepsidawg
|drag|p2a: Toomuchpepsiii|Snorlax, F|100/100
|
|-heal|p1a: Suicune|93/100|[from] item: Leftovers
|upkeep
|turn|27
|
|t:|1731622251
|switch|p1a: Skarmory|Skarmory, F|48/100
|move|p2a: Toomuchpepsiii|Curse|p2a: Toomuchpepsiii
|-unboost|p2a: Toomuchpepsiii|spe|1
|-boost|p2a: Toomuchpepsiii|atk|1
|-boost|p2a: Toomuchpepsiii|def|1
|
|-heal|p1a: Skarmory|54/100|[from] item: Leftovers
|upkeep
|turn|28
|
|t:|1731622264
|move|p2a: Toomuchpepsiii|Return|p1a: Skarmory
|-resisted|p1a: Skarmory
|-damage|p1a: Skarmory|30/100
|move|p1a: Skarmory|Roar|p2a: Toomuchpepsiii
|drag|p2a: Pepsidawg|Suicune|100/100
|
|-heal|p1a: Skarmory|36/100|[from] item: Leftovers
|upkeep
|turn|29
|
|t:|1731622283
|switch|p1a: Gengar|Gengar, F|100/100
|move|p2a: Pepsidawg|Calm Mind|p2a: Pepsidawg
|-boost|p2a: Pepsidawg|spa|1
|-boost|p2a: Pepsidawg|spd|1
|
|upkeep
|turn|30
|
|t:|1731622295
|switch|p1a: Suicune|Suicune|93/100
|move|p2a: Pepsidawg|Surf|p1a: Suicune
|-resisted|p1a: Suicune
|-damage|p1a: Suicune|77/100
|
|-heal|p1a: Suicune|83/100|[from] item: Leftovers
|upkeep
|turn|31
|
|t:|1731622299
|move|p1a: Suicune|Roar|p2a: Pepsidawg
|drag|p2a: Pepsicoookes|Dugtrio, F|100/100
|
|-heal|p1a: Suicune|89/100|[from] item: Leftovers
|upkeep
|turn|32
|
|t:|1731622314
|switch|p2a: Pepsidawg|Suicune|100/100
|move|p1a: Suicune|Surf|p2a: Pepsidawg
|-resisted|p2a: Pepsidawg
|-damage|p2a: Pepsidawg|89/100
|
|-heal|p1a: Suicune|95/100|[from] item: Leftovers
|-heal|p2a: Pepsidawg|95/100|[from] item: Leftovers
|upkeep
|turn|33
|
|t:|1731622328
|switch|p2a: Toomuchpepsiii|Snorlax, F|100/100
|move|p1a: Suicune|Calm Mind|p1a: Suicune
|-boost|p1a: Suicune|spa|1
|-boost|p1a: Suicune|spd|1
|
|-heal|p1a: Suicune|100/100|[from] item: Leftovers
|upkeep
|turn|34
|
|t:|1731622335
|move|p1a: Suicune|Calm Mind|p1a: Suicune
|-boost|p1a: Suicune|spa|1
|-boost|p1a: Suicune|spd|1
|move|p2a: Toomuchpepsiii|Curse|p2a: Toomuchpepsiii
|-unboost|p2a: Toomuchpepsiii|spe|1
|-boost|p2a: Toomuchpepsiii|atk|1
|-boost|p2a: Toomuchpepsiii|def|1
|
|upkeep
|turn|35
|
|t:|1731622345
|move|p2a: Toomuchpepsiii|Curse|p2a: Toomuchpepsiii
|-unboost|p2a: Toomuchpepsiii|spe|1
|-boost|p2a: Toomuchpepsiii|atk|1
|-boost|p2a: Toomuchpepsiii|def|1
|move|p1a: Suicune|Roar|p2a: Toomuchpepsiii
|drag|p2a: Pepsicoookes|Dugtrio, F|100/100
|
|upkeep
|turn|36
|
|t:|1731622355
|switch|p2a: Pepsidawg|Suicune|95/100
|move|p1a: Suicune|Calm Mind|p1a: Suicune
|-boost|p1a: Suicune|spa|1
|-boost|p1a: Suicune|spd|1
|
|-heal|p2a: Pepsidawg|100/100|[from] item: Leftovers
|upkeep
|turn|37
|
|t:|1731622359
|move|p1a: Suicune|Roar|p2a: Pepsidawg
|drag|p2a: Pepsicoookes|Dugtrio, F|100/100
|
|upkeep
|turn|38
|
|t:|1731622363
|switch|p2a: Pepsidawg|Suicune|100/100
|move|p1a: Suicune|Surf|p2a: Pepsidawg
|-resisted|p2a: Pepsidawg
|-damage|p2a: Pepsidawg|72/100
|
|-heal|p2a: Pepsidawg|78/100|[from] item: Leftovers
|upkeep
|turn|39
|inactive|bluesenergy00 has 270 seconds left.
|
|t:|1731622393
|switch|p2a: Pepsibiiird|Moltres|100/100
|move|p1a: Suicune|Roar|p2a: Pepsibiiird
|drag|p2a: Toomuchpepsiii|Snorlax, F|100/100
|
|upkeep
|turn|40
|inactive|bluesenergy00 has 270 seconds left.
|
|t:|1731622418
|switch|p2a: Pepsidawg|Suicune|78/100
|move|p1a: Suicune|Surf|p2a: Pepsidawg
|-resisted|p2a: Pepsidawg
|-damage|p2a: Pepsidawg|49/100
|
|-heal|p2a: Pepsidawg|55/100|[from] item: Leftovers
|upkeep
|turn|41
|inactive|bluesenergy00 has 270 seconds left.
|
|t:|1731622425
|move|p2a: Pepsidawg|Calm Mind|p2a: Pepsidawg
|-boost|p2a: Pepsidawg|spa|1
|-boost|p2a: Pepsidawg|spd|1
|move|p1a: Suicune|Roar|p2a: Pepsidawg
|drag|p2a: Toomuchpepsiii|Snorlax, F|100/100
|
|upkeep
|turn|42
|inactive|bluesenergy00 has 270 seconds left.
|
|t:|1731622449
|switch|p2a: Pepsidawg|Suicune|55/100
|move|p1a: Suicune|Calm Mind|p1a: Suicune
|-boost|p1a: Suicune|spa|1
|-boost|p1a: Suicune|spd|1
|
|-heal|p2a: Pepsidawg|61/100|[from] item: Leftovers
|upkeep
|turn|43
|
|t:|1731622457
|move|p2a: Pepsidawg|Rest|p2a: Pepsidawg
|-status|p2a: Pepsidawg|slp|[from] move: Rest
|-heal|p2a: Pepsidawg|100/100 slp|[silent]
|move|p1a: Suicune|Roar|p2a: Pepsidawg
|drag|p2a: Pepsicoookes|Dugtrio, F|100/100
|
|upkeep
|turn|44
|inactive|bluesenergy00 has 270 seconds left.
|
|t:|1731622469
|move|p2a: Pepsicoookes|Earthquake|p1a: Suicune
|-damage|p1a: Suicune|67/100
|move|p1a: Suicune|Surf|p2a: Pepsicoookes
|-supereffective|p2a: Pepsicoookes
|-damage|p2a: Pepsicoookes|0 fnt
|faint|p2a: Pepsicoookes
|inactive|bluesenergy00 has 270 seconds left.
|
|t:|1731622476
|switch|p2a: Pepsibiiird|Moltres|100/100
|
|-heal|p1a: Suicune|73/100|[from] item: Leftovers
|upkeep
|turn|45
|
|t:|1731622479
|move|p2a: Pepsibiiird|Will-O-Wisp|p1a: Suicune
|-status|p1a: Suicune|brn
|move|p1a: Suicune|Surf|p2a: Pepsibiiird
|-supereffective|p2a: Pepsibiiird
|-damage|p2a: Pepsibiiird|0 fnt
|faint|p2a: Pepsibiiird
|inactive|bluesenergy00 has 270 seconds left.
|
|t:|1731622509
|switch|p2a: Toomuchpepsiii|Snorlax, F|100/100
|
|-heal|p1a: Suicune|79/100 brn|[from] item: Leftovers
|-damage|p1a: Suicune|67/100 brn|[from] brn
|upkeep
|turn|46
|inactive|Spreek has 270 seconds left.
|
|t:|1731622543
|move|p1a: Suicune|Surf|p2a: Toomuchpepsiii
|-damage|p2a: Toomuchpepsiii|52/100
|move|p2a: Toomuchpepsiii|Curse|p2a: Toomuchpepsiii
|-unboost|p2a: Toomuchpepsiii|spe|1
|-boost|p2a: Toomuchpepsiii|atk|1
|-boost|p2a: Toomuchpepsiii|def|1
|
|-heal|p1a: Suicune|73/100 brn|[from] item: Leftovers
|-damage|p1a: Suicune|61/100 brn|[from] brn
|-heal|p2a: Toomuchpepsiii|58/100|[from] item: Leftovers
|upkeep
|turn|47
|
|t:|1731622552
|move|p1a: Suicune|Surf|p2a: Toomuchpepsiii
|-damage|p2a: Toomuchpepsiii|11/100
|move|p2a: Toomuchpepsiii|Rest|p2a: Toomuchpepsiii
|-status|p2a: Toomuchpepsiii|slp|[from] move: Rest
|-heal|p2a: Toomuchpepsiii|100/100 slp|[silent]
|
|-heal|p1a: Suicune|67/100 brn|[from] item: Leftovers
|-damage|p1a: Suicune|54/100 brn|[from] brn
|upkeep
|turn|48
|inactive|bluesenergy00 has 270 seconds left.
|inactive|Spreek has 270 seconds left.
|
|t:|1731622585
|move|p1a: Suicune|Calm Mind|p1a: Suicune
|-boost|p1a: Suicune|spa|1
|-boost|p1a: Suicune|spd|1
|cant|p2a: Toomuchpepsiii|slp
|
|-heal|p1a: Suicune|61/100 brn|[from] item: Leftovers
|-damage|p1a: Suicune|48/100 brn|[from] brn
|upkeep
|turn|49
|
|t:|1731622599
|move|p1a: Suicune|Surf|p2a: Toomuchpepsiii
|-damage|p2a: Toomuchpepsiii|47/100 slp
|cant|p2a: Toomuchpepsiii|slp
|
|-heal|p1a: Suicune|54/100 brn|[from] item: Leftovers
|-damage|p1a: Suicune|42/100 brn|[from] brn
|-heal|p2a: Toomuchpepsiii|53/100 slp|[from] item: Leftovers
|upkeep
|turn|50
|
|t:|1731622614
|switch|p2a: Pepsidawg|Suicune|100/100 slp
|move|p1a: Suicune|Surf|p2a: Pepsidawg
|-resisted|p2a: Pepsidawg
|-damage|p2a: Pepsidawg|61/100 slp
|
|-heal|p1a: Suicune|48/100 brn|[from] item: Leftovers
|-damage|p1a: Suicune|36/100 brn|[from] brn
|-heal|p2a: Pepsidawg|68/100 slp|[from] item: Leftovers
|upkeep
|turn|51
|inactive|Spreek has 270 seconds left.
|
|t:|1731622637
|move|p1a: Suicune|Calm Mind|p1a: Suicune
|-boost|p1a: Suicune|spa|1
|-boost|p1a: Suicune|spd|1
|cant|p2a: Pepsidawg|slp
|
|-heal|p1a: Suicune|42/100 brn|[from] item: Leftovers
|-damage|p1a: Suicune|30/100 brn|[from] brn
|-heal|p2a: Pepsidawg|74/100 slp|[from] item: Leftovers
|upkeep
|turn|52
|inactive|bluesenergy00 has 270 seconds left.
|
|t:|1731622649
|move|p1a: Suicune|Surf|p2a: Pepsidawg
|-resisted|p2a: Pepsidawg
|-crit|p2a: Pepsidawg
|-damage|p2a: Pepsidawg|0 fnt
|faint|p2a: Pepsidawg
|
|t:|1731622654
|switch|p2a: Toomuchpepsiii|Snorlax, F|53/100 slp
|
|-heal|p1a: Suicune|36/100 brn|[from] item: Leftovers
|-damage|p1a: Suicune|24/100 brn|[from] brn
|-heal|p2a: Toomuchpepsiii|59/100 slp|[from] item: Leftovers
|upkeep
|turn|53
|inactive|bluesenergy00 has 270 seconds left.
|
|t:|1731622678
|move|p1a: Suicune|Surf|p2a: Toomuchpepsiii
|-damage|p2a: Toomuchpepsiii|0 fnt
|faint|p2a: Toomuchpepsiii
|
|t:|1731622680
|switch|p2a: Mentos Reaction|Claydol|79/100
|
|-heal|p1a: Suicune|30/100 brn|[from] item: Leftovers
|-damage|p1a: Suicune|17/100 brn|[from] brn
|-heal|p2a: Mentos Reaction|85/100|[from] item: Leftovers
|upkeep
|turn|54
|
|t:|1731622682
|move|p1a: Suicune|Surf|p2a: Mentos Reaction
|-supereffective|p2a: Mentos Reaction
|-damage|p2a: Mentos Reaction|0 fnt
|faint|p2a: Mentos Reaction
|
|win|Spreek
|c|☆Spreek|gg
|c|☆bluesenergy00|Gg
|player|p1|

</script>
<script type="application/json" class="data" id="replaydata-smogtours-gen3ou-806284">
{"id":"smogtours-gen3ou-806284","format":"[Gen 3] OU","players":["Spreek","bluesenergy00"],"uploadtime":1731622682,"views":19,"formatid":"gen3ou","rating":null,"private":0,"password":null}
</script>

<script defer src="js/replays.js?9d40a366"></script>
