<!DOCTYPE html>
<meta charset="utf-8" />
<meta name="viewport" content="width=device-width" />

<title>[Gen 3] OU: EG Sato vs. TheDHope - Replays - Pok&eacute;mon Showdown!</title>

<meta name="description" content="Watch a replay of a Pok&eacute;mon battle between EG Sato and TheDHope! Format: [Gen 3] OU; Date: Oct 14, 2024" />
<!--

Hey, you! Looking in the source for the replay log?

You can find them in JSON format, just add `.json` at the end of a replay URL.

https://replay.pokemonshowdown.com/gen7randomdoublesbattle-865046831.json

Or, if you only need the log itself, add `.log` instead:

https://replay.pokemonshowdown.com/gen7randomdoublesbattle-865046831.log

-->

<link rel="stylesheet" href="//pokemonshowdown.com/style/global.css?0.023195364461161105" />
<link rel="stylesheet" href="//play.pokemonshowdown.com/style/font-awesome.css?0.13261647063804238" />
<link rel="stylesheet" href="//play.pokemonshowdown.com/style/battle.css?0.8753245789963631" />
<link rel="stylesheet" href="//play.pokemonshowdown.com/style/utilichart.css?0.8627959624976733" />

<!-- Global site tag (gtag.js) - Google Analytics -->
<script async src="https://www.googletagmanager.com/gtag/js?id=UA-26211653-1"></script>
<script>
  window.dataLayer = window.dataLayer || [];
  function gtag(){dataLayer.push(arguments);}
  gtag('js', new Date());

  gtag('config', 'UA-26211653-1');
</script>
<!-- End Google Analytics -->
<!-- Venatus Ad Manager - Install in <HEAD> of page -->
	<script src="https://hb.vntsm.com/v3/live/ad-manager.min.js" type="text/javascript" data-site-id="642aba63ec9a7b11c3c9c1be" data-mode="scan" async></script>
<!-- / Venatus Ad Manager -->

<style>
	@media (max-width:820px) {
		.battle {
			margin: 0 auto;
		}
		.battle-log {
			margin: 7px auto 0;
			max-width: 640px;
			height: 300px;
			position: static;
		}
	}
	.optgroup {
		display: inline-block;
		line-height: 22px;
		font-size: 10pt;
	}
	.optgroup .button {
		height: 25px;
		padding-top: 0;
		padding-bottom: 0;
	}
	.optgroup button.button {
		padding-left: 12px;
		padding-right: 12px;
	}
	.linklist {
		list-style: none;
		margin: 0.5em 0;
		padding: 0;
	}
	.linklist li {
		padding: 2px 0;
	}
	.sidebar {
		float: left;
		width: 320px;
	}
	.bar-wrapper {
		max-width: 1100px;
		margin: 0 auto;
	}
	.bar-wrapper.has-sidebar {
		max-width: 1430px;
	}
	.mainbar {
		margin: 0;
		padding-right: 1px;
	}
	.mainbar.has-sidebar {
		margin-left: 330px;
	}
	@media (min-width: 1511px) {
		.sidebar {
			width: 400px;
		}
		.bar-wrapper.has-sidebar {
			max-width: 1510px;
		}
		.mainbar.has-sidebar {
			margin-left: 410px;
		}
	}
	.section.first-section {
		margin-top: 9px;
	}
	.blocklink small {
		white-space: normal;
	}
	.button {
		vertical-align: middle;
	}
	.replay-controls {
		padding-top: 10px;
	}
	.replay-controls h1 {
		font-size: 16pt;
		font-weight: normal;
		color: #CCC;
	}
	.pagelink {
		text-align: center;
	}
	.pagelink a {
		width: 150px;
	}
	.textbox, .button {
		font-size: 11pt;
		vertical-align: middle;
	}
	@media (max-width: 450px) {
		.button {
			font-size: 9pt;
		}
	}
</style>

<div>

	<header>
		<div class="nav-wrapper"><ul class="nav">
			<li><a class="button nav-first" href="//pokemonshowdown.com/"><img src="//pokemonshowdown.com/images/pokemonshowdownbeta.png" srcset="//pokemonshowdown.com/images/pokemonshowdownbeta.png 1x, //pokemonshowdown.com/images/pokemonshowdownbeta@2x.png 2x" alt="Pok&eacute;mon Showdown" width="146" height="44" /> Home</a></li>
			<li><a class="button" href="//pokemonshowdown.com/dex/">Pok&eacute;dex</a></li>
			<li><a class="button cur" href="/">Replays</a></li>
			<li><a class="button" href="//pokemonshowdown.com/ladder/">Ladder</a></li>
			<li><a class="button nav-last" href="//pokemonshowdown.com/forums/">Forum</a></li>
			<li><a class="button greenbutton nav-first nav-last" href="//play.pokemonshowdown.com/">Play</a></li>
		</ul></div>
	</header>

	<div class="main" id="main">

		<noscript><section class="section">You need to enable JavaScript to use this page; sorry!</section></noscript>

	</div>

</div>

<script defer nomodule src="//play.pokemonshowdown.com/js/lib/ps-polyfill.js"></script>
<script defer src="//play.pokemonshowdown.com/js/lib/preact.min.js"></script>

<script defer src="//play.pokemonshowdown.com/config/config.js?2bddbc15"></script>
<script defer src="//play.pokemonshowdown.com/js/lib/jquery-1.11.0.min.js"></script>
<script defer src="//play.pokemonshowdown.com/js/lib/html-sanitizer-minified.js"></script>
<script defer src="//play.pokemonshowdown.com/js/battle-sound.js"></script>
<script defer src="//play.pokemonshowdown.com/js/battledata.js?0.7209276989879541"></script>
<script defer src="//play.pokemonshowdown.com/data/pokedex-mini.js?0.6111056340867951"></script>
<script defer src="//play.pokemonshowdown.com/data/pokedex-mini-bw.js?0.3532142036491459"></script>
<script defer src="//play.pokemonshowdown.com/data/graphics.js?0.24223875632456182"></script>
<script defer src="//play.pokemonshowdown.com/data/pokedex.js?0.38839984266356864"></script>
<script defer src="//play.pokemonshowdown.com/data/moves.js?0.21866028504024015"></script>
<script defer src="//play.pokemonshowdown.com/data/abilities.js?0.2005157953846628"></script>
<script defer src="//play.pokemonshowdown.com/data/items.js?0.9894211263848525"></script>
<script defer src="//play.pokemonshowdown.com/data/teambuilder-tables.js?0.6008791140282215"></script>
<script defer src="//play.pokemonshowdown.com/js/battle-tooltips.js?0.7580118955022959"></script>
<script defer src="//play.pokemonshowdown.com/js/battle.js?0.6057722274234274"></script>

<script defer src="js/utils.js?e31f9a17"></script>
<script defer src="js/replays-battle.js?7008c182"></script>

<!-- don't scrape this data! just add .json or .log after the URL!
Full API docs: https://github.com/smogon/pokemon-showdown-client/blob/master/WEB-API.md -->
<script type="text/plain" class="log" id="replaylog-smogtours-gen3ou-798827">
|inactive|Battle timer is ON: inactive players will automatically lose when time's up.
|t:|1728948233
|gametype|singles
|player|p1|EG Sato|veteran|
|player|p2|TheDHope|drayden|
|teamsize|p1|6
|teamsize|p2|6
|gen|3
|tier|[Gen 3] OU
|rule|Sleep Clause Mod: Limit one foe put to sleep
|rule|Switch Priority Clause Mod: Faster Pokémon switch first
|rule|Species Clause: Limit one of each Pokémon
|rule|OHKO Clause: OHKO moves are banned
|rule|Evasion Items Clause: Evasion items are banned
|rule|Evasion Moves Clause: Evasion moves are banned
|rule|Endless Battle Clause: Forcing endless battles is banned
|rule|HP Percentage Mod: HP is shown in percentages
|rule|One Boost Passer Clause: Limit one Baton Passer that has a way to boost its stats
|rule|Freeze Clause Mod: Limit one foe frozen
|
|t:|1728948233
|start
|switch|p1a: Earthquake|Tyranitar, M|100/100
|switch|p2a: Blissey|Blissey, F|100/100
|-weather|Sandstorm|[from] ability: Sand Stream|[of] p1a: Earthquake
|turn|1
|inactive|EG Sato also wants the timer to be on.
|c|+Sheik|Otro team de mcmeghan
|inactive|EG Sato has 270 seconds left.
|
|t:|1728948265
|switch|p1a: Ylang Ylang|Blissey, F|100/100
|switch|p2a: Claydol|Claydol|100/100
|
|-weather|Sandstorm|[upkeep]
|-damage|p1a: Ylang Ylang|94/100|[from] Sandstorm
|-heal|p1a: Ylang Ylang|100/100|[from] item: Leftovers
|upkeep
|turn|2
|
|t:|1728948272
|switch|p1a: Risk|Forretress, M|100/100
|move|p2a: Claydol|Earthquake|p1a: Risk
|-damage|p1a: Risk|74/100
|
|-weather|Sandstorm|[upkeep]
|-heal|p1a: Risk|80/100|[from] item: Leftovers
|upkeep
|turn|3
|
|t:|1728948279
|switch|p2a: Jirachi|Jirachi|100/100
|move|p1a: Risk|Spikes|p2a: Jirachi
|-sidestart|p2: TheDHope|Spikes
|
|-weather|Sandstorm|[upkeep]
|-heal|p1a: Risk|86/100|[from] item: Leftovers
|upkeep
|turn|4
|
|t:|1728948283
|switch|p1a: Ylang Ylang|Blissey, F|100/100
|move|p2a: Jirachi|Fire Punch|p1a: Ylang Ylang
|-damage|p1a: Ylang Ylang|93/100
|-status|p1a: Ylang Ylang|brn
|
|-weather|Sandstorm|[upkeep]
|-damage|p1a: Ylang Ylang|87/100 brn|[from] Sandstorm
|-heal|p1a: Ylang Ylang|93/100 brn|[from] item: Leftovers
|-damage|p1a: Ylang Ylang|81/100 brn|[from] brn
|upkeep
|turn|5
|
|t:|1728948291
|switch|p2a: Claydol|Claydol|100/100
|-curestatus|p1a: Ylang Ylang|brn|[from] ability: Natural Cure
|switch|p1a: 10 Years Ago|Gengar, M|100/100
|
|-weather|Sandstorm|[upkeep]
|-damage|p1a: 10 Years Ago|94/100|[from] Sandstorm
|-heal|p1a: 10 Years Ago|100/100|[from] item: Leftovers
|upkeep
|turn|6
|
|t:|1728948296
|switch|p1a: Risk|Forretress, M|86/100
|move|p2a: Claydol|Psychic|p1a: Risk
|-resisted|p1a: Risk
|-damage|p1a: Risk|76/100
|
|-weather|Sandstorm|[upkeep]
|-heal|p1a: Risk|82/100|[from] item: Leftovers
|upkeep
|turn|7
|
|t:|1728948300
|move|p2a: Claydol|Rapid Spin|p1a: Risk
|-resisted|p1a: Risk
|-damage|p1a: Risk|80/100
|-sideend|p2: TheDHope|Spikes|[from] move: Rapid Spin|[of] p2a: Claydol
|move|p1a: Risk|Hidden Power|p2a: Claydol
|-supereffective|p2a: Claydol
|-damage|p2a: Claydol|52/100
|
|-weather|Sandstorm|[upkeep]
|-heal|p2a: Claydol|58/100|[from] item: Leftovers
|-heal|p1a: Risk|86/100|[from] item: Leftovers
|upkeep
|turn|8
|
|t:|1728948308
|switch|p2a: Jirachi|Jirachi|100/100
|move|p1a: Risk|Spikes|p2a: Jirachi
|-sidestart|p2: TheDHope|Spikes
|
|-weather|Sandstorm|[upkeep]
|-heal|p1a: Risk|92/100|[from] item: Leftovers
|upkeep
|turn|9
|
|t:|1728948312
|switch|p1a: Ylang Ylang|Blissey, F|81/100
|move|p2a: Jirachi|Fire Punch|p1a: Ylang Ylang
|-damage|p1a: Ylang Ylang|74/100
|-status|p1a: Ylang Ylang|brn
|
|-weather|Sandstorm|[upkeep]
|-damage|p1a: Ylang Ylang|67/100 brn|[from] Sandstorm
|-heal|p1a: Ylang Ylang|74/100 brn|[from] item: Leftovers
|-damage|p1a: Ylang Ylang|61/100 brn|[from] brn
|upkeep
|turn|10
|
|t:|1728948316
|move|p2a: Jirachi|Wish|p2a: Jirachi
|move|p1a: Ylang Ylang|Soft-Boiled|p1a: Ylang Ylang
|-heal|p1a: Ylang Ylang|100/100 brn
|
|-weather|Sandstorm|[upkeep]
|-damage|p1a: Ylang Ylang|94/100 brn|[from] Sandstorm
|-heal|p1a: Ylang Ylang|100/100 brn|[from] item: Leftovers
|-damage|p1a: Ylang Ylang|88/100 brn|[from] brn
|upkeep
|turn|11
|
|t:|1728948322
|switch|p2a: Claydol|Claydol|58/100
|move|p1a: Ylang Ylang|Ice Beam|p2a: Claydol
|-supereffective|p2a: Claydol
|-damage|p2a: Claydol|13/100
|
|-heal|p2a: Claydol|63/100|[from] move: Wish|[wisher] Jirachi
|-weather|Sandstorm|[upkeep]
|-damage|p1a: Ylang Ylang|82/100 brn|[from] Sandstorm
|-heal|p2a: Claydol|69/100|[from] item: Leftovers
|-heal|p1a: Ylang Ylang|88/100 brn|[from] item: Leftovers
|-damage|p1a: Ylang Ylang|76/100 brn|[from] brn
|upkeep
|turn|12
|
|t:|1728948329
|-curestatus|p1a: Ylang Ylang|brn|[from] ability: Natural Cure
|switch|p1a: Risk|Forretress, M|92/100
|move|p2a: Claydol|Psychic|p1a: Risk
|-resisted|p1a: Risk
|-damage|p1a: Risk|81/100
|
|-weather|Sandstorm|[upkeep]
|-heal|p2a: Claydol|75/100|[from] item: Leftovers
|-heal|p1a: Risk|88/100|[from] item: Leftovers
|upkeep
|turn|13
|
|t:|1728948336
|switch|p2a: Jirachi|Jirachi|100/100
|-damage|p2a: Jirachi|88/100|[from] Spikes
|move|p1a: Risk|Hidden Power|p2a: Jirachi
|-damage|p2a: Jirachi|75/100
|
|-weather|Sandstorm|[upkeep]
|-heal|p2a: Jirachi|81/100|[from] item: Leftovers
|-heal|p1a: Risk|94/100|[from] item: Leftovers
|upkeep
|turn|14
|
|t:|1728948342
|switch|p1a: Ylang Ylang|Blissey, F|76/100
|move|p2a: Jirachi|Fire Punch|p1a: Ylang Ylang
|-damage|p1a: Ylang Ylang|69/100
|
|-weather|Sandstorm|[upkeep]
|-damage|p1a: Ylang Ylang|62/100|[from] Sandstorm
|-heal|p2a: Jirachi|87/100|[from] item: Leftovers
|-heal|p1a: Ylang Ylang|69/100|[from] item: Leftovers
|upkeep
|turn|15
|
|t:|1728948346
|move|p2a: Jirachi|Toxic|p1a: Ylang Ylang
|-status|p1a: Ylang Ylang|tox
|move|p1a: Ylang Ylang|Soft-Boiled|p1a: Ylang Ylang
|-heal|p1a: Ylang Ylang|100/100 tox
|
|-weather|Sandstorm|[upkeep]
|-damage|p1a: Ylang Ylang|94/100 tox|[from] Sandstorm
|-heal|p2a: Jirachi|94/100|[from] item: Leftovers
|-heal|p1a: Ylang Ylang|100/100 tox|[from] item: Leftovers
|-damage|p1a: Ylang Ylang|94/100 tox|[from] psn
|upkeep
|turn|16
|
|t:|1728948351
|-curestatus|p1a: Ylang Ylang|tox|[from] ability: Natural Cure
|switch|p1a: 10 Years Ago|Gengar, M|100/100
|move|p2a: Jirachi|Wish|p2a: Jirachi
|
|-weather|Sandstorm|[upkeep]
|-damage|p1a: 10 Years Ago|94/100|[from] Sandstorm
|-heal|p1a: 10 Years Ago|100/100|[from] item: Leftovers
|-heal|p2a: Jirachi|99/100|[from] item: Leftovers
|upkeep
|turn|17
|
|t:|1728948358
|switch|p2a: Blissey|Blissey, F|100/100
|-damage|p2a: Blissey|88/100|[from] Spikes
|move|p1a: 10 Years Ago|Will-O-Wisp|p2a: Blissey
|-status|p2a: Blissey|brn
|
|-heal|p2a: Blissey|100/100 brn|[from] move: Wish|[wisher] Jirachi
|-weather|Sandstorm|[upkeep]
|-damage|p1a: 10 Years Ago|94/100|[from] Sandstorm
|-damage|p2a: Blissey|94/100 brn|[from] Sandstorm
|-heal|p1a: 10 Years Ago|100/100|[from] item: Leftovers
|-heal|p2a: Blissey|100/100 brn|[from] item: Leftovers
|-damage|p2a: Blissey|88/100 brn|[from] brn
|upkeep
|turn|18
|
|t:|1728948362
|switch|p1a: Ylang Ylang|Blissey, F|94/100
|move|p2a: Blissey|Ice Beam|p1a: Ylang Ylang
|-damage|p1a: Ylang Ylang|85/100
|
|-weather|Sandstorm|[upkeep]
|-damage|p1a: Ylang Ylang|79/100|[from] Sandstorm
|-damage|p2a: Blissey|82/100 brn|[from] Sandstorm
|-heal|p1a: Ylang Ylang|85/100|[from] item: Leftovers
|-heal|p2a: Blissey|88/100 brn|[from] item: Leftovers
|-damage|p2a: Blissey|76/100 brn|[from] brn
|upkeep
|turn|19
|
|t:|1728948369
|switch|p1a: 10 Years Ago|Gengar, M|100/100
|-curestatus|p2a: Blissey|brn|[from] ability: Natural Cure
|switch|p2a: Jirachi|Jirachi|99/100
|-damage|p2a: Jirachi|87/100|[from] Spikes
|
|-weather|Sandstorm|[upkeep]
|-damage|p1a: 10 Years Ago|94/100|[from] Sandstorm
|-heal|p1a: 10 Years Ago|100/100|[from] item: Leftovers
|-heal|p2a: Jirachi|94/100|[from] item: Leftovers
|upkeep
|turn|20
|
|t:|1728948374
|move|p2a: Jirachi|Protect|p2a: Jirachi
|-singleturn|p2a: Jirachi|Protect
|move|p1a: 10 Years Ago|Will-O-Wisp|p2a: Jirachi
|-activate|p2a: Jirachi|Protect
|
|-weather|Sandstorm|[upkeep]
|-damage|p1a: 10 Years Ago|94/100|[from] Sandstorm
|-heal|p1a: 10 Years Ago|100/100|[from] item: Leftovers
|-heal|p2a: Jirachi|99/100|[from] item: Leftovers
|upkeep
|turn|21
|
|t:|1728948380
|switch|p2a: Blissey|Blissey, F|76/100
|-damage|p2a: Blissey|63/100|[from] Spikes
|move|p1a: 10 Years Ago|Will-O-Wisp|p2a: Blissey|[miss]
|-miss|p1a: 10 Years Ago|p2a: Blissey
|
|-weather|Sandstorm|[upkeep]
|-damage|p1a: 10 Years Ago|94/100|[from] Sandstorm
|-damage|p2a: Blissey|57/100|[from] Sandstorm
|-heal|p1a: 10 Years Ago|100/100|[from] item: Leftovers
|-heal|p2a: Blissey|63/100|[from] item: Leftovers
|upkeep
|turn|22
|
|t:|1728948389
|switch|p1a: Ylang Ylang|Blissey, F|85/100
|move|p2a: Blissey|Soft-Boiled|p2a: Blissey
|-heal|p2a: Blissey|100/100
|
|-weather|Sandstorm|[upkeep]
|-damage|p1a: Ylang Ylang|79/100|[from] Sandstorm
|-damage|p2a: Blissey|94/100|[from] Sandstorm
|-heal|p1a: Ylang Ylang|85/100|[from] item: Leftovers
|-heal|p2a: Blissey|100/100|[from] item: Leftovers
|upkeep
|turn|23
|
|t:|1728948393
|switch|p2a: Jirachi|Jirachi|99/100
|-damage|p2a: Jirachi|87/100|[from] Spikes
|move|p1a: Ylang Ylang|Seismic Toss|p2a: Jirachi
|-damage|p2a: Jirachi|63/100
|
|-weather|Sandstorm|[upkeep]
|-damage|p1a: Ylang Ylang|79/100|[from] Sandstorm
|-heal|p2a: Jirachi|69/100|[from] item: Leftovers
|-heal|p1a: Ylang Ylang|85/100|[from] item: Leftovers
|upkeep
|turn|24
|
|t:|1728948399
|move|p2a: Jirachi|Wish|p2a: Jirachi
|move|p1a: Ylang Ylang|Seismic Toss|p2a: Jirachi
|-damage|p2a: Jirachi|44/100
|
|-weather|Sandstorm|[upkeep]
|-damage|p1a: Ylang Ylang|79/100|[from] Sandstorm
|-heal|p2a: Jirachi|50/100|[from] item: Leftovers
|-heal|p1a: Ylang Ylang|85/100|[from] item: Leftovers
|upkeep
|turn|25
|
|t:|1728948402
|switch|p1a: 10 Years Ago|Gengar, M|100/100
|move|p2a: Jirachi|Fire Punch|p1a: 10 Years Ago
|-damage|p1a: 10 Years Ago|79/100
|-status|p1a: 10 Years Ago|brn
|
|-heal|p2a: Jirachi|99/100|[from] move: Wish|[wisher] Jirachi
|-weather|Sandstorm|[upkeep]
|-damage|p1a: 10 Years Ago|73/100 brn|[from] Sandstorm
|-heal|p1a: 10 Years Ago|79/100 brn|[from] item: Leftovers
|-damage|p1a: 10 Years Ago|67/100 brn|[from] brn
|-heal|p2a: Jirachi|100/100|[from] item: Leftovers
|upkeep
|turn|26
|
|t:|1728948415
|move|p2a: Jirachi|Protect|p2a: Jirachi
|-singleturn|p2a: Jirachi|Protect
|move|p1a: 10 Years Ago|Will-O-Wisp|p2a: Jirachi
|-activate|p2a: Jirachi|Protect
|
|-weather|Sandstorm|[upkeep]
|-damage|p1a: 10 Years Ago|61/100 brn|[from] Sandstorm
|-heal|p1a: 10 Years Ago|67/100 brn|[from] item: Leftovers
|-damage|p1a: 10 Years Ago|54/100 brn|[from] brn
|upkeep
|turn|27
|
|t:|1728948419
|switch|p2a: Blissey|Blissey, F|100/100
|-damage|p2a: Blissey|88/100|[from] Spikes
|move|p1a: 10 Years Ago|Will-O-Wisp|p2a: Blissey
|-status|p2a: Blissey|brn
|
|-weather|Sandstorm|[upkeep]
|-damage|p1a: 10 Years Ago|48/100 brn|[from] Sandstorm
|-damage|p2a: Blissey|82/100 brn|[from] Sandstorm
|-heal|p1a: 10 Years Ago|54/100 brn|[from] item: Leftovers
|-damage|p1a: 10 Years Ago|42/100 brn|[from] brn
|-heal|p2a: Blissey|88/100 brn|[from] item: Leftovers
|-damage|p2a: Blissey|76/100 brn|[from] brn
|upkeep
|turn|28
|
|t:|1728948434
|-curestatus|p2a: Blissey|brn|[from] ability: Natural Cure
|switch|p2a: Jirachi|Jirachi|100/100
|-damage|p2a: Jirachi|88/100|[from] Spikes
|move|p1a: 10 Years Ago|Taunt|p2a: Jirachi
|-start|p2a: Jirachi|move: Taunt
|
|-weather|Sandstorm|[upkeep]
|-damage|p1a: 10 Years Ago|36/100 brn|[from] Sandstorm
|-heal|p1a: 10 Years Ago|42/100 brn|[from] item: Leftovers
|-damage|p1a: 10 Years Ago|30/100 brn|[from] brn
|-heal|p2a: Jirachi|94/100|[from] item: Leftovers
|upkeep
|turn|29
|
|t:|1728948443
|switch|p1a: 100 Roses|Moltres|100/100
|move|p2a: Jirachi|Fire Punch|p1a: 100 Roses
|-resisted|p1a: 100 Roses
|-damage|p1a: 100 Roses|91/100
|
|-weather|Sandstorm|[upkeep]
|-damage|p1a: 100 Roses|85/100|[from] Sandstorm
|-heal|p1a: 100 Roses|91/100|[from] item: Leftovers
|-heal|p2a: Jirachi|100/100|[from] item: Leftovers
|-end|p2a: Jirachi|move: Taunt|[silent]
|upkeep
|turn|30
|
|t:|1728948449
|switch|p2a: Blissey|Blissey, F|76/100
|-damage|p2a: Blissey|63/100|[from] Spikes
|move|p1a: 100 Roses|Flamethrower|p2a: Blissey
|-damage|p2a: Blissey|41/100
|
|-weather|Sandstorm|[upkeep]
|-damage|p1a: 100 Roses|85/100|[from] Sandstorm
|-damage|p2a: Blissey|35/100|[from] Sandstorm
|-heal|p1a: 100 Roses|91/100|[from] item: Leftovers
|-heal|p2a: Blissey|41/100|[from] item: Leftovers
|upkeep
|turn|31
|
|t:|1728948454
|switch|p1a: Risk|Forretress, M|94/100
|move|p2a: Blissey|Soft-Boiled|p2a: Blissey
|-heal|p2a: Blissey|91/100
|
|-weather|Sandstorm|[upkeep]
|-damage|p2a: Blissey|85/100|[from] Sandstorm
|-heal|p2a: Blissey|91/100|[from] item: Leftovers
|-heal|p1a: Risk|99/100|[from] item: Leftovers
|upkeep
|turn|32
|
|t:|1728948458
|switch|p2a: Jirachi|Jirachi|100/100
|-damage|p2a: Jirachi|88/100|[from] Spikes
|move|p1a: Risk|Spikes|p2a: Jirachi
|-sidestart|p2: TheDHope|Spikes
|
|-weather|Sandstorm|[upkeep]
|-heal|p2a: Jirachi|94/100|[from] item: Leftovers
|-heal|p1a: Risk|100/100|[from] item: Leftovers
|upkeep
|turn|33
|
|t:|1728948462
|switch|p1a: Ylang Ylang|Blissey, F|85/100
|move|p2a: Jirachi|Toxic|p1a: Ylang Ylang
|-status|p1a: Ylang Ylang|tox
|
|-weather|Sandstorm|[upkeep]
|-damage|p1a: Ylang Ylang|79/100 tox|[from] Sandstorm
|-heal|p2a: Jirachi|100/100|[from] item: Leftovers
|-heal|p1a: Ylang Ylang|85/100 tox|[from] item: Leftovers
|-damage|p1a: Ylang Ylang|79/100 tox|[from] psn
|upkeep
|turn|34
|
|t:|1728948468
|move|p2a: Jirachi|Toxic|p1a: Ylang Ylang|[miss]
|-miss|p2a: Jirachi|p1a: Ylang Ylang
|move|p1a: Ylang Ylang|Wish|p1a: Ylang Ylang
|
|-weather|Sandstorm|[upkeep]
|-damage|p1a: Ylang Ylang|72/100 tox|[from] Sandstorm
|-heal|p1a: Ylang Ylang|79/100 tox|[from] item: Leftovers
|-damage|p1a: Ylang Ylang|66/100 tox|[from] psn
|upkeep
|turn|35
|
|t:|1728948476
|-curestatus|p1a: Ylang Ylang|tox|[from] ability: Natural Cure
|switch|p1a: 100 Roses|Moltres|91/100
|move|p2a: Jirachi|Fire Punch|p1a: 100 Roses
|-resisted|p1a: 100 Roses
|-damage|p1a: 100 Roses|81/100
|
|-heal|p1a: 100 Roses|100/100|[from] move: Wish|[wisher] Ylang Ylang
|-weather|Sandstorm|[upkeep]
|-damage|p1a: 100 Roses|94/100|[from] Sandstorm
|-heal|p1a: 100 Roses|100/100|[from] item: Leftovers
|upkeep
|turn|36
|
|t:|1728948481
|switch|p2a: Blissey|Blissey, F|91/100
|-damage|p2a: Blissey|74/100|[from] Spikes
|move|p1a: 100 Roses|Flamethrower|p2a: Blissey
|-damage|p2a: Blissey|52/100
|
|-weather|Sandstorm|[upkeep]
|-damage|p1a: 100 Roses|94/100|[from] Sandstorm
|-damage|p2a: Blissey|46/100|[from] Sandstorm
|-heal|p1a: 100 Roses|100/100|[from] item: Leftovers
|-heal|p2a: Blissey|52/100|[from] item: Leftovers
|upkeep
|turn|37
|
|t:|1728948487
|switch|p1a: Ylang Ylang|Blissey, F|66/100
|move|p2a: Blissey|Soft-Boiled|p2a: Blissey
|-heal|p2a: Blissey|100/100
|
|-weather|Sandstorm|[upkeep]
|-damage|p1a: Ylang Ylang|60/100|[from] Sandstorm
|-damage|p2a: Blissey|94/100|[from] Sandstorm
|-heal|p1a: Ylang Ylang|66/100|[from] item: Leftovers
|-heal|p2a: Blissey|100/100|[from] item: Leftovers
|upkeep
|turn|38
|
|t:|1728948491
|switch|p2a: Jirachi|Jirachi|100/100
|-damage|p2a: Jirachi|84/100|[from] Spikes
|move|p1a: Ylang Ylang|Seismic Toss|p2a: Jirachi
|-damage|p2a: Jirachi|59/100
|
|-weather|Sandstorm|[upkeep]
|-damage|p1a: Ylang Ylang|60/100|[from] Sandstorm
|-heal|p2a: Jirachi|65/100|[from] item: Leftovers
|-heal|p1a: Ylang Ylang|66/100|[from] item: Leftovers
|upkeep
|turn|39
|
|t:|1728948496
|move|p2a: Jirachi|Wish|p2a: Jirachi
|move|p1a: Ylang Ylang|Soft-Boiled|p1a: Ylang Ylang
|-heal|p1a: Ylang Ylang|100/100
|
|-weather|Sandstorm|[upkeep]
|-damage|p1a: Ylang Ylang|94/100|[from] Sandstorm
|-heal|p2a: Jirachi|71/100|[from] item: Leftovers
|-heal|p1a: Ylang Ylang|100/100|[from] item: Leftovers
|upkeep
|turn|40
|
|t:|1728948499
|move|p2a: Jirachi|Toxic|p1a: Ylang Ylang
|-status|p1a: Ylang Ylang|tox
|move|p1a: Ylang Ylang|Seismic Toss|p2a: Jirachi
|-damage|p2a: Jirachi|47/100
|
|-heal|p2a: Jirachi|97/100|[from] move: Wish|[wisher] Jirachi
|-weather|Sandstorm|[upkeep]
|-damage|p1a: Ylang Ylang|94/100 tox|[from] Sandstorm
|-heal|p2a: Jirachi|100/100|[from] item: Leftovers
|-heal|p1a: Ylang Ylang|100/100 tox|[from] item: Leftovers
|-damage|p1a: Ylang Ylang|94/100 tox|[from] psn
|upkeep
|turn|41
|
|t:|1728948505
|move|p2a: Jirachi|Toxic|p1a: Ylang Ylang
|-fail|p1a: Ylang Ylang|tox
|move|p1a: Ylang Ylang|Wish|p1a: Ylang Ylang
|
|-weather|Sandstorm|[upkeep]
|-damage|p1a: Ylang Ylang|88/100 tox|[from] Sandstorm
|-heal|p1a: Ylang Ylang|94/100 tox|[from] item: Leftovers
|-damage|p1a: Ylang Ylang|82/100 tox|[from] psn
|upkeep
|turn|42
|
|t:|1728948509
|-curestatus|p1a: Ylang Ylang|tox|[from] ability: Natural Cure
|switch|p1a: 10 Years Ago|Gengar, M|30/100 brn
|move|p2a: Jirachi|Toxic||[still]
|-fail|p2a: Jirachi
|
|-heal|p1a: 10 Years Ago|79/100 brn|[from] move: Wish|[wisher] Ylang Ylang
|-weather|Sandstorm|[upkeep]
|-damage|p1a: 10 Years Ago|73/100 brn|[from] Sandstorm
|-heal|p1a: 10 Years Ago|79/100 brn|[from] item: Leftovers
|-damage|p1a: 10 Years Ago|67/100 brn|[from] brn
|upkeep
|turn|43
|
|t:|1728948519
|switch|p2a: Blissey|Blissey, F|100/100
|-damage|p2a: Blissey|84/100|[from] Spikes
|move|p1a: 10 Years Ago|Will-O-Wisp|p2a: Blissey
|-status|p2a: Blissey|brn
|
|-weather|Sandstorm|[upkeep]
|-damage|p1a: 10 Years Ago|61/100 brn|[from] Sandstorm
|-damage|p2a: Blissey|78/100 brn|[from] Sandstorm
|-heal|p1a: 10 Years Ago|67/100 brn|[from] item: Leftovers
|-damage|p1a: 10 Years Ago|55/100 brn|[from] brn
|-heal|p2a: Blissey|84/100 brn|[from] item: Leftovers
|-damage|p2a: Blissey|72/100 brn|[from] brn
|upkeep
|turn|44
|
|t:|1728948524
|switch|p1a: Risk|Forretress, M|100/100
|move|p2a: Blissey|Ice Beam|p1a: Risk
|-resisted|p1a: Risk
|-damage|p1a: Risk|90/100
|
|-weather|Sandstorm|[upkeep]
|-damage|p2a: Blissey|65/100 brn|[from] Sandstorm
|-heal|p2a: Blissey|72/100 brn|[from] item: Leftovers
|-damage|p2a: Blissey|59/100 brn|[from] brn
|-heal|p1a: Risk|96/100|[from] item: Leftovers
|upkeep
|turn|45
|
|t:|1728948527
|-curestatus|p2a: Blissey|brn|[from] ability: Natural Cure
|switch|p2a: Jirachi|Jirachi|100/100
|-damage|p2a: Jirachi|84/100|[from] Spikes
|move|p1a: Risk|Spikes|p2a: Jirachi
|-sidestart|p2: TheDHope|Spikes
|
|-weather|Sandstorm|[upkeep]
|-heal|p2a: Jirachi|90/100|[from] item: Leftovers
|-heal|p1a: Risk|100/100|[from] item: Leftovers
|upkeep
|turn|46
|
|t:|1728948532
|switch|p1a: Ylang Ylang|Blissey, F|82/100
|move|p2a: Jirachi|Fire Punch|p1a: Ylang Ylang
|-damage|p1a: Ylang Ylang|74/100
|
|-weather|Sandstorm|[upkeep]
|-damage|p1a: Ylang Ylang|68/100|[from] Sandstorm
|-heal|p2a: Jirachi|96/100|[from] item: Leftovers
|-heal|p1a: Ylang Ylang|74/100|[from] item: Leftovers
|upkeep
|turn|47
|
|t:|1728948539
|move|p2a: Jirachi|Wish|p2a: Jirachi
|move|p1a: Ylang Ylang|Seismic Toss|p2a: Jirachi
|-damage|p2a: Jirachi|71/100
|
|-weather|Sandstorm|[upkeep]
|-damage|p1a: Ylang Ylang|68/100|[from] Sandstorm
|-heal|p2a: Jirachi|78/100|[from] item: Leftovers
|-heal|p1a: Ylang Ylang|74/100|[from] item: Leftovers
|upkeep
|turn|48
|
|t:|1728948548
|switch|p2a: Claydol|Claydol|75/100
|move|p1a: Ylang Ylang|Ice Beam|p2a: Claydol
|-supereffective|p2a: Claydol
|-damage|p2a: Claydol|31/100
|
|-heal|p2a: Claydol|81/100|[from] move: Wish|[wisher] Jirachi
|-weather|Sandstorm|[upkeep]
|-damage|p1a: Ylang Ylang|68/100|[from] Sandstorm
|-heal|p2a: Claydol|87/100|[from] item: Leftovers
|-heal|p1a: Ylang Ylang|74/100|[from] item: Leftovers
|upkeep
|turn|49
|
|t:|1728948575
|switch|p1a: Risk|Forretress, M|100/100
|move|p2a: Claydol|Rapid Spin|p1a: Risk
|-resisted|p1a: Risk
|-damage|p1a: Risk|99/100
|-sideend|p2: TheDHope|Spikes|[from] move: Rapid Spin|[of] p2a: Claydol
|
|-weather|Sandstorm|[upkeep]
|-heal|p2a: Claydol|93/100|[from] item: Leftovers
|-heal|p1a: Risk|100/100|[from] item: Leftovers
|upkeep
|turn|50
|
|t:|1728948582
|switch|p2a: Jirachi|Jirachi|78/100
|move|p1a: Risk|Spikes|p2a: Jirachi
|-sidestart|p2: TheDHope|Spikes
|
|-weather|Sandstorm|[upkeep]
|-heal|p2a: Jirachi|84/100|[from] item: Leftovers
|upkeep
|turn|51
|
|t:|1728948586
|switch|p1a: Ylang Ylang|Blissey, F|74/100
|move|p2a: Jirachi|Toxic|p1a: Ylang Ylang
|-status|p1a: Ylang Ylang|tox
|
|-weather|Sandstorm|[upkeep]
|-damage|p1a: Ylang Ylang|68/100 tox|[from] Sandstorm
|-heal|p2a: Jirachi|90/100|[from] item: Leftovers
|-heal|p1a: Ylang Ylang|74/100 tox|[from] item: Leftovers
|-damage|p1a: Ylang Ylang|68/100 tox|[from] psn
|upkeep
|turn|52
|
|t:|1728948591
|-curestatus|p1a: Ylang Ylang|tox|[from] ability: Natural Cure
|switch|p1a: 10 Years Ago|Gengar, M|55/100 brn
|move|p2a: Jirachi|Wish|p2a: Jirachi
|
|-weather|Sandstorm|[upkeep]
|-damage|p1a: 10 Years Ago|48/100 brn|[from] Sandstorm
|-heal|p1a: 10 Years Ago|55/100 brn|[from] item: Leftovers
|-damage|p1a: 10 Years Ago|42/100 brn|[from] brn
|-heal|p2a: Jirachi|96/100|[from] item: Leftovers
|upkeep
|turn|53
|
|t:|1728948595
|move|p1a: 10 Years Ago|Will-O-Wisp|p2a: Jirachi
|-status|p2a: Jirachi|brn
|move|p2a: Jirachi|Fire Punch|p1a: 10 Years Ago
|-damage|p1a: 10 Years Ago|23/100 brn
|
|-heal|p2a: Jirachi|100/100 brn|[from] move: Wish|[wisher] Jirachi
|-weather|Sandstorm|[upkeep]
|-damage|p1a: 10 Years Ago|17/100 brn|[from] Sandstorm
|-heal|p1a: 10 Years Ago|23/100 brn|[from] item: Leftovers
|-damage|p1a: 10 Years Ago|10/100 brn|[from] brn
|-damage|p2a: Jirachi|88/100 brn|[from] brn
|upkeep
|turn|54
|
|t:|1728948601
|switch|p1a: Ylang Ylang|Blissey, F|68/100
|switch|p2a: Blissey|Blissey, F|59/100
|-damage|p2a: Blissey|47/100|[from] Spikes
|
|-weather|Sandstorm|[upkeep]
|-damage|p1a: Ylang Ylang|62/100|[from] Sandstorm
|-damage|p2a: Blissey|41/100|[from] Sandstorm
|-heal|p1a: Ylang Ylang|68/100|[from] item: Leftovers
|-heal|p2a: Blissey|47/100|[from] item: Leftovers
|upkeep
|turn|55
|
|t:|1728948605
|switch|p1a: Risk|Forretress, M|100/100
|move|p2a: Blissey|Soft-Boiled|p2a: Blissey
|-heal|p2a: Blissey|97/100
|
|-weather|Sandstorm|[upkeep]
|-damage|p2a: Blissey|91/100|[from] Sandstorm
|-heal|p2a: Blissey|97/100|[from] item: Leftovers
|upkeep
|turn|56
|
|t:|1728948610
|move|p2a: Blissey|Aromatherapy|p2a: Blissey
|-cureteam|p2a: Blissey|[from] move: Aromatherapy
|move|p1a: Risk|Spikes|p2a: Blissey
|-sidestart|p2: TheDHope|Spikes
|
|-weather|Sandstorm|[upkeep]
|-damage|p2a: Blissey|91/100|[from] Sandstorm
|-heal|p2a: Blissey|97/100|[from] item: Leftovers
|upkeep
|turn|57
|
|t:|1728948624
|switch|p2a: Jirachi|Jirachi|88/100
|-damage|p2a: Jirachi|71/100|[from] Spikes
|move|p1a: Risk|Spikes|p2a: Jirachi
|-sidestart|p2: TheDHope|Spikes
|
|-weather|Sandstorm|[upkeep]
|-heal|p2a: Jirachi|78/100|[from] item: Leftovers
|upkeep
|turn|58
|
|t:|1728948631
|switch|p1a: Ylang Ylang|Blissey, F|68/100
|move|p2a: Jirachi|Wish|p2a: Jirachi
|
|-weather|Sandstorm|[upkeep]
|-damage|p1a: Ylang Ylang|62/100|[from] Sandstorm
|-heal|p2a: Jirachi|84/100|[from] item: Leftovers
|-heal|p1a: Ylang Ylang|68/100|[from] item: Leftovers
|upkeep
|turn|59
|
|t:|1728948636
|switch|p2a: Claydol|Claydol|93/100
|move|p1a: Ylang Ylang|Ice Beam|p2a: Claydol
|-supereffective|p2a: Claydol
|-damage|p2a: Claydol|44/100
|
|-heal|p2a: Claydol|94/100|[from] move: Wish|[wisher] Jirachi
|-weather|Sandstorm|[upkeep]
|-damage|p1a: Ylang Ylang|62/100|[from] Sandstorm
|-heal|p2a: Claydol|99/100|[from] item: Leftovers
|-heal|p1a: Ylang Ylang|68/100|[from] item: Leftovers
|upkeep
|turn|60
|
|t:|1728948641
|switch|p1a: 10 Years Ago|Gengar, M|10/100 brn
|move|p2a: Claydol|Rapid Spin|p1a: 10 Years Ago
|-immune|p1a: 10 Years Ago
|
|-weather|Sandstorm|[upkeep]
|-damage|p1a: 10 Years Ago|4/100 brn|[from] Sandstorm
|-heal|p1a: 10 Years Ago|10/100 brn|[from] item: Leftovers
|-damage|p1a: 10 Years Ago|0 fnt|[from] brn
|faint|p1a: 10 Years Ago
|-heal|p2a: Claydol|100/100|[from] item: Leftovers
|upkeep
|
|t:|1728948647
|switch|p1a: Earthquake|Tyranitar, M|100/100
|turn|61
|
|t:|1728948661
|move|p2a: Claydol|Rapid Spin|p1a: Earthquake
|-resisted|p1a: Earthquake
|-damage|p1a: Earthquake|98/100
|-sideend|p2: TheDHope|Spikes|[from] move: Rapid Spin|[of] p2a: Claydol
|move|p1a: Earthquake|Crunch|p2a: Claydol
|-supereffective|p2a: Claydol
|-damage|p2a: Claydol|29/100
|
|-weather|Sandstorm|[upkeep]
|-heal|p2a: Claydol|35/100|[from] item: Leftovers
|-heal|p1a: Earthquake|100/100|[from] item: Leftovers
|upkeep
|turn|62
|
|t:|1728948666
|move|p2a: Claydol|Earthquake|p1a: Earthquake
|-supereffective|p1a: Earthquake
|-damage|p1a: Earthquake|46/100
|move|p1a: Earthquake|Pursuit|p2a: Claydol
|-supereffective|p2a: Claydol
|-damage|p2a: Claydol|2/100
|
|-weather|Sandstorm|[upkeep]
|-heal|p2a: Claydol|8/100|[from] item: Leftovers
|-heal|p1a: Earthquake|52/100|[from] item: Leftovers
|upkeep
|turn|63
|
|t:|1728948684
|switch|p1a: Risk|Forretress, M|100/100
|move|p2a: Claydol|Earthquake|p1a: Risk
|-damage|p1a: Risk|71/100
|
|-weather|Sandstorm|[upkeep]
|-heal|p2a: Claydol|14/100|[from] item: Leftovers
|-heal|p1a: Risk|77/100|[from] item: Leftovers
|upkeep
|turn|64
|
|t:|1728948700
|switch|p2a: Jirachi|Jirachi|84/100
|move|p1a: Risk|Spikes|p2a: Jirachi
|-sidestart|p2: TheDHope|Spikes
|
|-weather|Sandstorm|[upkeep]
|-heal|p2a: Jirachi|90/100|[from] item: Leftovers
|-heal|p1a: Risk|83/100|[from] item: Leftovers
|upkeep
|turn|65
|
|t:|1728948711
|switch|p1a: Ylang Ylang|Blissey, F|68/100
|move|p2a: Jirachi|Fire Punch|p1a: Ylang Ylang
|-damage|p1a: Ylang Ylang|61/100
|
|-weather|Sandstorm|[upkeep]
|-damage|p1a: Ylang Ylang|55/100|[from] Sandstorm
|-heal|p2a: Jirachi|96/100|[from] item: Leftovers
|-heal|p1a: Ylang Ylang|61/100|[from] item: Leftovers
|upkeep
|turn|66
|
|t:|1728948720
|move|p2a: Jirachi|Toxic|p1a: Ylang Ylang|[miss]
|-miss|p2a: Jirachi|p1a: Ylang Ylang
|move|p1a: Ylang Ylang|Soft-Boiled|p1a: Ylang Ylang
|-heal|p1a: Ylang Ylang|100/100
|
|-weather|Sandstorm|[upkeep]
|-damage|p1a: Ylang Ylang|94/100|[from] Sandstorm
|-heal|p2a: Jirachi|100/100|[from] item: Leftovers
|-heal|p1a: Ylang Ylang|100/100|[from] item: Leftovers
|upkeep
|turn|67
|
|t:|1728948728
|move|p2a: Jirachi|Toxic|p1a: Ylang Ylang
|-status|p1a: Ylang Ylang|tox
|move|p1a: Ylang Ylang|Ice Beam|p2a: Jirachi
|-resisted|p2a: Jirachi
|-damage|p2a: Jirachi|90/100
|
|-weather|Sandstorm|[upkeep]
|-damage|p1a: Ylang Ylang|94/100 tox|[from] Sandstorm
|-heal|p2a: Jirachi|96/100|[from] item: Leftovers
|-heal|p1a: Ylang Ylang|100/100 tox|[from] item: Leftovers
|-damage|p1a: Ylang Ylang|94/100 tox|[from] psn
|upkeep
|turn|68
|
|t:|1728948743
|move|p2a: Jirachi|Wish|p2a: Jirachi
|move|p1a: Ylang Ylang|Ice Beam|p2a: Jirachi
|-resisted|p2a: Jirachi
|-crit|p2a: Jirachi
|-damage|p2a: Jirachi|73/100
|
|-weather|Sandstorm|[upkeep]
|-damage|p1a: Ylang Ylang|88/100 tox|[from] Sandstorm
|-heal|p2a: Jirachi|79/100|[from] item: Leftovers
|-heal|p1a: Ylang Ylang|94/100 tox|[from] item: Leftovers
|-damage|p1a: Ylang Ylang|82/100 tox|[from] psn
|upkeep
|turn|69
|
|t:|1728948754
|-curestatus|p1a: Ylang Ylang|tox|[from] ability: Natural Cure
|switch|p1a: 100 Roses|Moltres|100/100
|move|p2a: Jirachi|Fire Punch|p1a: 100 Roses
|-resisted|p1a: 100 Roses
|-damage|p1a: 100 Roses|90/100
|
|-heal|p2a: Jirachi|100/100|[from] move: Wish|[wisher] Jirachi
|-weather|Sandstorm|[upkeep]
|-damage|p1a: 100 Roses|84/100|[from] Sandstorm
|-heal|p1a: 100 Roses|90/100|[from] item: Leftovers
|upkeep
|turn|70
|
|t:|1728948758
|switch|p2a: Blissey|Blissey, F|97/100
|-damage|p2a: Blissey|84/100|[from] Spikes
|move|p1a: 100 Roses|Flamethrower|p2a: Blissey
|-damage|p2a: Blissey|62/100
|
|-weather|Sandstorm|[upkeep]
|-damage|p1a: 100 Roses|84/100|[from] Sandstorm
|-damage|p2a: Blissey|56/100|[from] Sandstorm
|-heal|p1a: 100 Roses|90/100|[from] item: Leftovers
|-heal|p2a: Blissey|62/100|[from] item: Leftovers
|upkeep
|turn|71
|
|t:|1728948765
|switch|p1a: Risk|Forretress, M|83/100
|move|p2a: Blissey|Seismic Toss|p1a: Risk
|-damage|p1a: Risk|55/100
|
|-weather|Sandstorm|[upkeep]
|-damage|p2a: Blissey|56/100|[from] Sandstorm
|-heal|p2a: Blissey|62/100|[from] item: Leftovers
|-heal|p1a: Risk|61/100|[from] item: Leftovers
|upkeep
|turn|72
|
|t:|1728948770
|switch|p2a: Dugtrio|Dugtrio, F|100/100
|-damage|p2a: Dugtrio|88/100|[from] Spikes
|move|p1a: Risk|Spikes|p2a: Dugtrio
|-sidestart|p2: TheDHope|Spikes
|
|-weather|Sandstorm|[upkeep]
|-heal|p1a: Risk|67/100|[from] item: Leftovers
|upkeep
|turn|73
|
|t:|1728948776
|move|p2a: Dugtrio|Earthquake|p1a: Risk
|-damage|p1a: Risk|25/100
|move|p1a: Risk|Spikes|p2a: Dugtrio
|-sidestart|p2: TheDHope|Spikes
|
|-weather|Sandstorm|[upkeep]
|-heal|p1a: Risk|31/100|[from] item: Leftovers
|upkeep
|turn|74
|
|t:|1728948781
|move|p2a: Dugtrio|Earthquake|p1a: Risk
|-damage|p1a: Risk|0 fnt
|faint|p1a: Risk
|
|t:|1728948784
|switch|p1a: 100 Roses|Moltres|90/100
|
|-weather|Sandstorm|[upkeep]
|-damage|p1a: 100 Roses|84/100|[from] Sandstorm
|-heal|p1a: 100 Roses|90/100|[from] item: Leftovers
|upkeep
|turn|75
|inactive|TheDHope has 270 seconds left.
|
|t:|1728948835
|switch|p2a: Suicune|Suicune|100/100
|-damage|p2a: Suicune|75/100|[from] Spikes
|move|p1a: 100 Roses|Flamethrower|p2a: Suicune
|-resisted|p2a: Suicune
|-damage|p2a: Suicune|57/100
|
|-weather|Sandstorm|[upkeep]
|-damage|p1a: 100 Roses|84/100|[from] Sandstorm
|-damage|p2a: Suicune|51/100|[from] Sandstorm
|-heal|p1a: 100 Roses|90/100|[from] item: Leftovers
|-heal|p2a: Suicune|57/100|[from] item: Leftovers
|upkeep
|turn|76
|
|t:|1728948850
|switch|p1a: Brother|Swampert, M|100/100
|switch|p2a: Blissey|Blissey, F|62/100
|-damage|p2a: Blissey|37/100|[from] Spikes
|
|-weather|Sandstorm|[upkeep]
|-damage|p2a: Blissey|31/100|[from] Sandstorm
|-heal|p2a: Blissey|37/100|[from] item: Leftovers
|upkeep
|turn|77
|
|t:|1728948857
|move|p1a: Brother|Toxic|p2a: Blissey
|-status|p2a: Blissey|tox
|move|p2a: Blissey|Soft-Boiled|p2a: Blissey
|-heal|p2a: Blissey|87/100 tox
|
|-weather|Sandstorm|[upkeep]
|-damage|p2a: Blissey|81/100 tox|[from] Sandstorm
|-heal|p2a: Blissey|87/100 tox|[from] item: Leftovers
|-damage|p2a: Blissey|81/100 tox|[from] psn
|upkeep
|turn|78
|
|t:|1728948864
|switch|p1a: 100 Roses|Moltres|90/100
|-curestatus|p2a: Blissey|tox|[from] ability: Natural Cure
|switch|p2a: Claydol|Claydol|14/100
|
|-weather|Sandstorm|[upkeep]
|-damage|p1a: 100 Roses|84/100|[from] Sandstorm
|-heal|p1a: 100 Roses|90/100|[from] item: Leftovers
|-heal|p2a: Claydol|20/100|[from] item: Leftovers
|upkeep
|turn|79
|
|t:|1728948872
|switch|p2a: Blissey|Blissey, F|81/100
|-damage|p2a: Blissey|56/100|[from] Spikes
|move|p1a: 100 Roses|Flamethrower|p2a: Blissey
|-crit|p2a: Blissey
|-damage|p2a: Blissey|14/100
|
|-weather|Sandstorm|[upkeep]
|-damage|p1a: 100 Roses|84/100|[from] Sandstorm
|-damage|p2a: Blissey|8/100|[from] Sandstorm
|-heal|p1a: 100 Roses|90/100|[from] item: Leftovers
|-heal|p2a: Blissey|14/100|[from] item: Leftovers
|upkeep
|turn|80
|inactive|TheDHope has 270 seconds left.
|c|+Sheik|El sato
|
|t:|1728948906
|move|p1a: 100 Roses|Flamethrower|p2a: Blissey
|-damage|p2a: Blissey|0 fnt
|faint|p2a: Blissey
|inactive|TheDHope has 240 seconds left.
|
|t:|1728948918
|switch|p2a: Dugtrio|Dugtrio, F|88/100
|-damage|p2a: Dugtrio|64/100|[from] Spikes
|
|-weather|Sandstorm|[upkeep]
|-damage|p1a: 100 Roses|84/100|[from] Sandstorm
|-heal|p1a: 100 Roses|90/100|[from] item: Leftovers
|upkeep
|turn|81
|
|t:|1728948934
|switch|p2a: Claydol|Claydol|20/100
|switch|p1a: Earthquake|Tyranitar, M|52/100
|
|-weather|Sandstorm|[upkeep]
|-heal|p2a: Claydol|26/100|[from] item: Leftovers
|-heal|p1a: Earthquake|59/100|[from] item: Leftovers
|upkeep
|turn|82
|inactive|EG Sato has 270 seconds left.
|
|t:|1728948967
|move|p2a: Claydol|Rapid Spin|p1a: Earthquake
|-resisted|p1a: Earthquake
|-damage|p1a: Earthquake|57/100
|-sideend|p2: TheDHope|Spikes|[from] move: Rapid Spin|[of] p2a: Claydol
|move|p1a: Earthquake|Crunch|p2a: Claydol
|-supereffective|p2a: Claydol
|-damage|p2a: Claydol|0 fnt
|faint|p2a: Claydol
|inactive|TheDHope has 240 seconds left.
|
|t:|1728948989
|switch|p2a: Dugtrio|Dugtrio, F|64/100
|
|-weather|Sandstorm|[upkeep]
|-heal|p1a: Earthquake|63/100|[from] item: Leftovers
|upkeep
|turn|83
|
|t:|1728948994
|move|p2a: Dugtrio|Earthquake|p1a: Earthquake
|-supereffective|p1a: Earthquake
|-damage|p1a: Earthquake|0 fnt
|faint|p1a: Earthquake
|
|t:|1728948999
|switch|p1a: 100 Roses|Moltres|90/100
|
|-weather|Sandstorm|[upkeep]
|-damage|p1a: 100 Roses|84/100|[from] Sandstorm
|-heal|p1a: 100 Roses|90/100|[from] item: Leftovers
|upkeep
|turn|84
|
|t:|1728949022
|move|p2a: Dugtrio|Earthquake|p1a: 100 Roses
|-immune|p1a: 100 Roses
|move|p1a: 100 Roses|Flamethrower|p2a: Dugtrio
|-damage|p2a: Dugtrio|0 fnt
|faint|p2a: Dugtrio
|
|t:|1728949031
|switch|p2a: Suicune|Suicune|57/100
|
|-weather|Sandstorm|[upkeep]
|-damage|p1a: 100 Roses|84/100|[from] Sandstorm
|-damage|p2a: Suicune|51/100|[from] Sandstorm
|-heal|p1a: 100 Roses|90/100|[from] item: Leftovers
|-heal|p2a: Suicune|57/100|[from] item: Leftovers
|upkeep
|turn|85
|inactive|TheDHope has 240 seconds left.
|inactive|EG Sato has 270 seconds left.
|inactive|EG Sato has 240 seconds left.
|inactive|TheDHope has 210 seconds left.
|inactive|TheDHope has 180 seconds left.
|
|t:|1728949123
|move|p1a: 100 Roses|Hidden Power|p2a: Suicune
|-supereffective|p2a: Suicune
|-damage|p2a: Suicune|16/100
|move|p2a: Suicune|Rest|p2a: Suicune
|-status|p2a: Suicune|slp|[from] move: Rest
|-heal|p2a: Suicune|100/100 slp|[silent]
|
|-weather|Sandstorm|[upkeep]
|-damage|p1a: 100 Roses|84/100|[from] Sandstorm
|-damage|p2a: Suicune|94/100 slp|[from] Sandstorm
|-heal|p1a: 100 Roses|90/100|[from] item: Leftovers
|-heal|p2a: Suicune|100/100 slp|[from] item: Leftovers
|upkeep
|turn|86
|
|t:|1728949129
|move|p1a: 100 Roses|Hidden Power|p2a: Suicune
|-supereffective|p2a: Suicune
|-damage|p2a: Suicune|60/100 slp
|cant|p2a: Suicune|slp
|
|-weather|Sandstorm|[upkeep]
|-damage|p1a: 100 Roses|84/100|[from] Sandstorm
|-damage|p2a: Suicune|54/100 slp|[from] Sandstorm
|-heal|p1a: 100 Roses|90/100|[from] item: Leftovers
|-heal|p2a: Suicune|60/100 slp|[from] item: Leftovers
|upkeep
|turn|87
|inactive|TheDHope has 180 seconds left.
|
|t:|1728949150
|switch|p2a: Skarmory|Skarmory, M|100/100
|move|p1a: 100 Roses|Hidden Power|p2a: Skarmory
|-resisted|p2a: Skarmory
|-damage|p2a: Skarmory|94/100
|
|-weather|Sandstorm|[upkeep]
|-damage|p1a: 100 Roses|84/100|[from] Sandstorm
|-heal|p1a: 100 Roses|90/100|[from] item: Leftovers
|-heal|p2a: Skarmory|99/100|[from] item: Leftovers
|upkeep
|turn|88
|inactive|TheDHope has 180 seconds left.
|
|t:|1728949167
|move|p1a: 100 Roses|Flamethrower|p2a: Skarmory
|-supereffective|p2a: Skarmory
|-damage|p2a: Skarmory|0 fnt
|faint|p2a: Skarmory
|
|t:|1728949169
|switch|p2a: Jirachi|Jirachi|100/100
|
|-weather|Sandstorm|[upkeep]
|-damage|p1a: 100 Roses|84/100|[from] Sandstorm
|-heal|p1a: 100 Roses|90/100|[from] item: Leftovers
|upkeep
|turn|89
|inactive|EG Sato has 210 seconds left.
|
|t:|1728949202
|move|p1a: 100 Roses|Overheat|p2a: Jirachi
|-supereffective|p2a: Jirachi
|-damage|p2a: Jirachi|0 fnt
|-unboost|p1a: 100 Roses|spa|2
|faint|p2a: Jirachi
|
|t:|1728949205
|switch|p2a: Suicune|Suicune|60/100 slp
|
|-weather|Sandstorm|[upkeep]
|-damage|p1a: 100 Roses|84/100|[from] Sandstorm
|-damage|p2a: Suicune|54/100 slp|[from] Sandstorm
|-heal|p1a: 100 Roses|90/100|[from] item: Leftovers
|-heal|p2a: Suicune|60/100 slp|[from] item: Leftovers
|upkeep
|turn|90
|inactive|EG Sato has 210 seconds left.
|inactive|EG Sato has 180 seconds left.
|
|t:|1728949257
|move|p1a: 100 Roses|Hidden Power|p2a: Suicune
|-supereffective|p2a: Suicune
|-damage|p2a: Suicune|42/100 slp
|cant|p2a: Suicune|slp
|
|-weather|Sandstorm|[upkeep]
|-damage|p1a: 100 Roses|84/100|[from] Sandstorm
|-damage|p2a: Suicune|36/100 slp|[from] Sandstorm
|-heal|p1a: 100 Roses|90/100|[from] item: Leftovers
|-heal|p2a: Suicune|42/100 slp|[from] item: Leftovers
|upkeep
|turn|91
|inactive|EG Sato has 180 seconds left.
|
|t:|1728949266
|move|p1a: 100 Roses|Hidden Power|p2a: Suicune
|-supereffective|p2a: Suicune
|-crit|p2a: Suicune
|-damage|p2a: Suicune|0 fnt
|faint|p2a: Suicune
|
|win|EG Sato
|c|☆TheDHope|Gg
|c|+Zokuru|Throw into rewarded
|player|p2|
|c|☆EG Sato|gg
|c|+Zokuru|The OG combo

</script>
<script type="application/json" class="data" id="replaydata-smogtours-gen3ou-798827">
{"id":"smogtours-gen3ou-798827","format":"[Gen 3] OU","players":["EG Sato","TheDHope"],"uploadtime":1728949266,"views":106,"formatid":"gen3ou","rating":null,"private":0,"password":null}
</script>

<script defer src="js/replays.js?9d40a366"></script>
