<!DOCTYPE html>
<meta charset="utf-8" />
<meta name="viewport" content="width=device-width" />

<title>[Gen 3] OU: aldrich_unfaithful vs. Johnathan Gamer - Replays - Pok&eacute;mon Showdown!</title>

<meta name="description" content="Watch a replay of a Pok&eacute;mon battle between aldrich_unfaithful and Johnathan Gamer! Format: [Gen 3] OU; Date: Oct 19, 2024" />
<!--

Hey, you! Looking in the source for the replay log?

You can find them in JSON format, just add `.json` at the end of a replay URL.

https://replay.pokemonshowdown.com/gen7randomdoublesbattle-865046831.json

Or, if you only need the log itself, add `.log` instead:

https://replay.pokemonshowdown.com/gen7randomdoublesbattle-865046831.log

-->

<link rel="stylesheet" href="//pokemonshowdown.com/style/global.css?0.767286132409787" />
<link rel="stylesheet" href="//play.pokemonshowdown.com/style/font-awesome.css?0.9266228007934947" />
<link rel="stylesheet" href="//play.pokemonshowdown.com/style/battle.css?0.7924700842790926" />
<link rel="stylesheet" href="//play.pokemonshowdown.com/style/utilichart.css?0.8777417872839479" />

<!-- Global site tag (gtag.js) - Google Analytics -->
<script async src="https://www.googletagmanager.com/gtag/js?id=UA-26211653-1"></script>
<script>
  window.dataLayer = window.dataLayer || [];
  function gtag(){dataLayer.push(arguments);}
  gtag('js', new Date());

  gtag('config', 'UA-26211653-1');
</script>
<!-- End Google Analytics -->
<!-- Venatus Ad Manager - Install in <HEAD> of page -->
	<script src="https://hb.vntsm.com/v3/live/ad-manager.min.js" type="text/javascript" data-site-id="642aba63ec9a7b11c3c9c1be" data-mode="scan" async></script>
<!-- / Venatus Ad Manager -->

<style>
	@media (max-width:820px) {
		.battle {
			margin: 0 auto;
		}
		.battle-log {
			margin: 7px auto 0;
			max-width: 640px;
			height: 300px;
			position: static;
		}
	}
	.optgroup {
		display: inline-block;
		line-height: 22px;
		font-size: 10pt;
	}
	.optgroup .button {
		height: 25px;
		padding-top: 0;
		padding-bottom: 0;
	}
	.optgroup button.button {
		padding-left: 12px;
		padding-right: 12px;
	}
	.linklist {
		list-style: none;
		margin: 0.5em 0;
		padding: 0;
	}
	.linklist li {
		padding: 2px 0;
	}
	.sidebar {
		float: left;
		width: 320px;
	}
	.bar-wrapper {
		max-width: 1100px;
		margin: 0 auto;
	}
	.bar-wrapper.has-sidebar {
		max-width: 1430px;
	}
	.mainbar {
		margin: 0;
		padding-right: 1px;
	}
	.mainbar.has-sidebar {
		margin-left: 330px;
	}
	@media (min-width: 1511px) {
		.sidebar {
			width: 400px;
		}
		.bar-wrapper.has-sidebar {
			max-width: 1510px;
		}
		.mainbar.has-sidebar {
			margin-left: 410px;
		}
	}
	.section.first-section {
		margin-top: 9px;
	}
	.blocklink small {
		white-space: normal;
	}
	.button {
		vertical-align: middle;
	}
	.replay-controls {
		padding-top: 10px;
	}
	.replay-controls h1 {
		font-size: 16pt;
		font-weight: normal;
		color: #CCC;
	}
	.pagelink {
		text-align: center;
	}
	.pagelink a {
		width: 150px;
	}
	.textbox, .button {
		font-size: 11pt;
		vertical-align: middle;
	}
	@media (max-width: 450px) {
		.button {
			font-size: 9pt;
		}
	}
</style>

<div>

	<header>
		<div class="nav-wrapper"><ul class="nav">
			<li><a class="button nav-first" href="//pokemonshowdown.com/"><img src="//pokemonshowdown.com/images/pokemonshowdownbeta.png" srcset="//pokemonshowdown.com/images/pokemonshowdownbeta.png 1x, //pokemonshowdown.com/images/pokemonshowdownbeta@2x.png 2x" alt="Pok&eacute;mon Showdown" width="146" height="44" /> Home</a></li>
			<li><a class="button" href="//pokemonshowdown.com/dex/">Pok&eacute;dex</a></li>
			<li><a class="button cur" href="/">Replays</a></li>
			<li><a class="button" href="//pokemonshowdown.com/ladder/">Ladder</a></li>
			<li><a class="button nav-last" href="//pokemonshowdown.com/forums/">Forum</a></li>
			<li><a class="button greenbutton nav-first nav-last" href="//play.pokemonshowdown.com/">Play</a></li>
		</ul></div>
	</header>

	<div class="main" id="main">

		<noscript><section class="section">You need to enable JavaScript to use this page; sorry!</section></noscript>

	</div>

</div>

<script defer nomodule src="//play.pokemonshowdown.com/js/lib/ps-polyfill.js"></script>
<script defer src="//play.pokemonshowdown.com/js/lib/preact.min.js"></script>

<script defer src="//play.pokemonshowdown.com/config/config.js?6dec07f6"></script>
<script defer src="//play.pokemonshowdown.com/js/lib/jquery-1.11.0.min.js"></script>
<script defer src="//play.pokemonshowdown.com/js/lib/html-sanitizer-minified.js"></script>
<script defer src="//play.pokemonshowdown.com/js/battle-sound.js"></script>
<script defer src="//play.pokemonshowdown.com/js/battledata.js?0.6315294753075389"></script>
<script defer src="//play.pokemonshowdown.com/data/pokedex-mini.js?0.7603743185311358"></script>
<script defer src="//play.pokemonshowdown.com/data/pokedex-mini-bw.js?0.030888842834281283"></script>
<script defer src="//play.pokemonshowdown.com/data/graphics.js?0.05593094747507488"></script>
<script defer src="//play.pokemonshowdown.com/data/pokedex.js?0.47064822249611904"></script>
<script defer src="//play.pokemonshowdown.com/data/moves.js?0.8583693120512459"></script>
<script defer src="//play.pokemonshowdown.com/data/abilities.js?0.16017181182386842"></script>
<script defer src="//play.pokemonshowdown.com/data/items.js?0.4163379185673943"></script>
<script defer src="//play.pokemonshowdown.com/data/teambuilder-tables.js?0.31075597372830477"></script>
<script defer src="//play.pokemonshowdown.com/js/battle-tooltips.js?0.6536193500708172"></script>
<script defer src="//play.pokemonshowdown.com/js/battle.js?0.1916591943277901"></script>

<script defer src="js/utils.js?e31f9a17"></script>
<script defer src="js/replays-battle.js?7008c182"></script>

<!-- don't scrape this data! just add .json or .log after the URL!
Full API docs: https://github.com/smogon/pokemon-showdown-client/blob/master/WEB-API.md -->
<script type="text/plain" class="log" id="replaylog-smogtours-gen3ou-799816">
|inactive|Battle timer is ON: inactive players will automatically lose when time's up.
|t:|1729332541
|gametype|singles
|player|p1|aldrich_unfaithful|veteranf|
|player|p2|Johnathan Gamer|fisherman-gen4|
|teamsize|p1|6
|teamsize|p2|6
|gen|3
|tier|[Gen 3] OU
|rule|Sleep Clause Mod: Limit one foe put to sleep
|rule|Switch Priority Clause Mod: Faster Pokémon switch first
|rule|Species Clause: Limit one of each Pokémon
|rule|OHKO Clause: OHKO moves are banned
|rule|Evasion Items Clause: Evasion items are banned
|rule|Evasion Moves Clause: Evasion moves are banned
|rule|Endless Battle Clause: Forcing endless battles is banned
|rule|HP Percentage Mod: HP is shown in percentages
|rule|One Boost Passer Clause: Limit one Baton Passer that has a way to boost its stats
|rule|Freeze Clause Mod: Limit one foe frozen
|
|t:|1729332541
|start
|switch|p1a: Metagross|Metagross|100/100
|switch|p2a: Jolteon|Jolteon, F|100/100
|turn|1
|
|t:|1729332546
|move|p2a: Jolteon|Substitute|p2a: Jolteon
|-start|p2a: Jolteon|Substitute
|-damage|p2a: Jolteon|76/100
|move|p1a: Metagross|Earthquake|p2a: Jolteon
|-supereffective|p2a: Jolteon
|-end|p2a: Jolteon|Substitute
|
|-heal|p2a: Jolteon|82/100|[from] item: Leftovers
|upkeep
|turn|2
|
|t:|1729332550
|move|p2a: Jolteon|Baton Pass|p2a: Jolteon
|
|t:|1729332551
|switch|p2a: Celebi|Celebi|100/100|[from] Baton Pass
|move|p1a: Metagross|Meteor Mash|p2a: Celebi|[miss]
|-miss|p1a: Metagross|p2a: Celebi
|
|upkeep
|turn|3
|
|t:|1729332559
|move|p2a: Celebi|Hidden Power|p1a: Metagross
|-supereffective|p1a: Metagross
|-damage|p1a: Metagross|64/100
|move|p1a: Metagross|Meteor Mash|p2a: Celebi
|-damage|p2a: Celebi|52/100
|
|-heal|p2a: Celebi|58/100|[from] item: Leftovers
|-heal|p1a: Metagross|70/100|[from] item: Leftovers
|upkeep
|turn|4
|
|t:|1729332578
|switch|p2a: Milotic|Milotic, F|100/100
|switch|p1a: Zapdos|Zapdos|100/100
|
|upkeep
|turn|5
|
|t:|1729332583
|switch|p2a: Jolteon|Jolteon, F|82/100
|move|p1a: Zapdos|Toxic|p2a: Jolteon
|-status|p2a: Jolteon|tox
|
|-heal|p2a: Jolteon|88/100 tox|[from] item: Leftovers
|-damage|p2a: Jolteon|82/100 tox|[from] psn
|upkeep
|turn|6
|
|t:|1729332601
|switch|p1a: Swampert|Swampert, F|100/100
|move|p2a: Jolteon|Substitute|p2a: Jolteon
|-start|p2a: Jolteon|Substitute
|-damage|p2a: Jolteon|57/100 tox
|
|-heal|p2a: Jolteon|63/100 tox|[from] item: Leftovers
|-damage|p2a: Jolteon|51/100 tox|[from] psn
|upkeep
|turn|7
|
|t:|1729332610
|switch|p1a: Zapdos|Zapdos|100/100
|move|p2a: Jolteon|Baton Pass|p2a: Jolteon
|
|t:|1729332615
|switch|p2a: Breloom|Breloom, F|100/100|[from] Baton Pass
|
|upkeep
|turn|8
|
|t:|1729332618
|move|p2a: Breloom|Spore|p1a: Zapdos
|-status|p1a: Zapdos|slp|[from] move: Spore
|cant|p1a: Zapdos|slp
|
|upkeep
|turn|9
|
|t:|1729332622
|-singleturn|p2a: Breloom|move: Focus Punch
|switch|p1a: Dragonite|Dragonite, M|100/100
|move|p2a: Breloom|Focus Punch|p1a: Dragonite
|-resisted|p1a: Dragonite
|-damage|p1a: Dragonite|75/100
|
|-heal|p1a: Dragonite|81/100|[from] item: Leftovers
|upkeep
|turn|10
|
|t:|1729332626
|-singleturn|p2a: Breloom|move: Focus Punch
|move|p1a: Dragonite|Hidden Power|p2a: Breloom
|-supereffective|p2a: Breloom
|-end|p2a: Breloom|Substitute
|move|p2a: Breloom|Focus Punch|p1a: Dragonite
|-resisted|p1a: Dragonite
|-damage|p1a: Dragonite|54/100
|
|-heal|p1a: Dragonite|60/100|[from] item: Leftovers
|upkeep
|turn|11
|
|t:|1729332635
|switch|p2a: Milotic|Milotic, F|100/100
|move|p1a: Dragonite|Hidden Power|p2a: Milotic
|-damage|p2a: Milotic|79/100
|
|-heal|p2a: Milotic|86/100|[from] item: Leftovers
|-heal|p1a: Dragonite|66/100|[from] item: Leftovers
|upkeep
|turn|12
|
|t:|1729332640
|switch|p1a: Zapdos|Zapdos|100/100 slp
|move|p2a: Milotic|Toxic||[still]
|-fail|p2a: Milotic
|
|-heal|p2a: Milotic|92/100|[from] item: Leftovers
|upkeep
|turn|13
|
|t:|1729332647
|switch|p2a: Celebi|Celebi|58/100
|cant|p1a: Zapdos|slp
|
|-heal|p2a: Celebi|65/100|[from] item: Leftovers
|upkeep
|turn|14
|
|t:|1729332651
|move|p2a: Celebi|Calm Mind|p2a: Celebi
|-boost|p2a: Celebi|spa|1
|-boost|p2a: Celebi|spd|1
|cant|p1a: Zapdos|slp
|
|-heal|p2a: Celebi|71/100|[from] item: Leftovers
|upkeep
|turn|15
|
|t:|1729332653
|move|p2a: Celebi|Baton Pass|p2a: Celebi
|
|t:|1729332656
|switch|p2a: Starmie|Starmie|100/100|[from] Baton Pass
|-curestatus|p1a: Zapdos|slp|[msg]
|move|p1a: Zapdos|Drill Peck|p2a: Starmie
|-damage|p2a: Starmie|63/100
|
|-heal|p2a: Starmie|69/100|[from] item: Leftovers
|upkeep
|turn|16
|
|t:|1729332662
|move|p2a: Starmie|Ice Beam|p1a: Zapdos
|-supereffective|p1a: Zapdos
|-damage|p1a: Zapdos|40/100
|move|p1a: Zapdos|Thunderbolt|p2a: Starmie
|-supereffective|p2a: Starmie
|-damage|p2a: Starmie|0 fnt
|faint|p2a: Starmie
|
|t:|1729332666
|switch|p2a: Jolteon|Jolteon, F|51/100 tox
|
|-heal|p2a: Jolteon|57/100 tox|[from] item: Leftovers
|-damage|p2a: Jolteon|51/100 tox|[from] psn
|-heal|p1a: Zapdos|47/100|[from] item: Leftovers
|upkeep
|turn|17
|
|t:|1729332673
|move|p2a: Jolteon|Hidden Power|p1a: Zapdos
|-supereffective|p1a: Zapdos
|-damage|p1a: Zapdos|17/100
|move|p1a: Zapdos|Rest|p1a: Zapdos
|-status|p1a: Zapdos|slp|[from] move: Rest
|-heal|p1a: Zapdos|100/100 slp|[silent]
|
|-heal|p2a: Jolteon|57/100 tox|[from] item: Leftovers
|-damage|p2a: Jolteon|45/100 tox|[from] psn
|upkeep
|turn|18
|
|t:|1729332677
|switch|p2a: Celebi|Celebi|71/100
|switch|p1a: Blissey|Blissey, F|100/100
|
|-heal|p2a: Celebi|77/100|[from] item: Leftovers
|upkeep
|turn|19
|
|t:|1729332681
|move|p2a: Celebi|Calm Mind|p2a: Celebi
|-boost|p2a: Celebi|spa|1
|-boost|p2a: Celebi|spd|1
|move|p1a: Blissey|Flamethrower|p2a: Celebi
|-supereffective|p2a: Celebi
|-damage|p2a: Celebi|50/100
|
|-heal|p2a: Celebi|56/100|[from] item: Leftovers
|upkeep
|turn|20
|
|t:|1729332684
|move|p2a: Celebi|Calm Mind|p2a: Celebi
|-boost|p2a: Celebi|spa|1
|-boost|p2a: Celebi|spd|1
|move|p1a: Blissey|Calm Mind|p1a: Blissey
|-boost|p1a: Blissey|spa|1
|-boost|p1a: Blissey|spd|1
|
|-heal|p2a: Celebi|63/100|[from] item: Leftovers
|upkeep
|turn|21
|
|t:|1729332687
|move|p2a: Celebi|Calm Mind|p2a: Celebi
|-boost|p2a: Celebi|spa|1
|-boost|p2a: Celebi|spd|1
|move|p1a: Blissey|Calm Mind|p1a: Blissey
|-boost|p1a: Blissey|spa|1
|-boost|p1a: Blissey|spd|1
|
|-heal|p2a: Celebi|69/100|[from] item: Leftovers
|upkeep
|turn|22
|
|t:|1729332690
|move|p2a: Celebi|Calm Mind|p2a: Celebi
|-boost|p2a: Celebi|spa|1
|-boost|p2a: Celebi|spd|1
|move|p1a: Blissey|Calm Mind|p1a: Blissey
|-boost|p1a: Blissey|spa|1
|-boost|p1a: Blissey|spd|1
|
|-heal|p2a: Celebi|75/100|[from] item: Leftovers
|upkeep
|turn|23
|
|t:|1729332693
|move|p2a: Celebi|Baton Pass|p2a: Celebi
|
|t:|1729332695
|switch|p2a: Breloom|Breloom, F|100/100|[from] Baton Pass
|move|p1a: Blissey|Calm Mind|p1a: Blissey
|-boost|p1a: Blissey|spa|1
|-boost|p1a: Blissey|spd|1
|
|upkeep
|turn|24
|
|t:|1729332699
|move|p2a: Breloom|Spore|p1a: Blissey
|-status|p1a: Blissey|slp|[from] move: Spore
|cant|p1a: Blissey|slp
|
|upkeep
|turn|25
|
|t:|1729332704
|-curestatus|p1a: Blissey|slp|[from] ability: Natural Cure
|switch|p1a: Dragonite|Dragonite, M|66/100
|move|p2a: Breloom|Substitute|p2a: Breloom
|-start|p2a: Breloom|Substitute
|-damage|p2a: Breloom|76/100
|
|-heal|p2a: Breloom|82/100|[from] item: Leftovers
|-heal|p1a: Dragonite|73/100|[from] item: Leftovers
|upkeep
|turn|26
|
|t:|1729332712
|-singleturn|p2a: Breloom|move: Focus Punch
|move|p1a: Dragonite|Sleep Talk|p1a: Dragonite
|move|p2a: Breloom|Focus Punch|p1a: Dragonite
|-resisted|p1a: Dragonite
|-damage|p1a: Dragonite|46/100
|
|-heal|p2a: Breloom|88/100|[from] item: Leftovers
|-heal|p1a: Dragonite|52/100|[from] item: Leftovers
|upkeep
|turn|27
|
|t:|1729332714
|-singleturn|p2a: Breloom|move: Focus Punch
|move|p1a: Dragonite|Hidden Power|p2a: Breloom
|-supereffective|p2a: Breloom
|-end|p2a: Breloom|Substitute
|move|p2a: Breloom|Focus Punch|p1a: Dragonite
|-resisted|p1a: Dragonite
|-damage|p1a: Dragonite|25/100
|
|-heal|p2a: Breloom|94/100|[from] item: Leftovers
|-heal|p1a: Dragonite|31/100|[from] item: Leftovers
|upkeep
|turn|28
|
|t:|1729332731
|switch|p2a: Jolteon|Jolteon, F|45/100 tox
|move|p1a: Dragonite|Sleep Talk|p1a: Dragonite
|
|-heal|p2a: Jolteon|51/100 tox|[from] item: Leftovers
|-damage|p2a: Jolteon|45/100 tox|[from] psn
|-heal|p1a: Dragonite|37/100|[from] item: Leftovers
|upkeep
|turn|29
|
|t:|1729332737
|switch|p1a: Blissey|Blissey, F|100/100
|move|p2a: Jolteon|Hidden Power|p1a: Blissey
|-damage|p1a: Blissey|92/100
|
|-heal|p2a: Jolteon|51/100 tox|[from] item: Leftovers
|-damage|p2a: Jolteon|38/100 tox|[from] psn
|-heal|p1a: Blissey|98/100|[from] item: Leftovers
|upkeep
|turn|30
|
|t:|1729332744
|move|p2a: Jolteon|Baton Pass|p2a: Jolteon
|
|t:|1729332746
|switch|p2a: Milotic|Milotic, F|92/100|[from] Baton Pass
|move|p1a: Blissey|Toxic|p2a: Milotic|[miss]
|-miss|p1a: Blissey|p2a: Milotic
|
|-heal|p2a: Milotic|98/100|[from] item: Leftovers
|-heal|p1a: Blissey|100/100|[from] item: Leftovers
|upkeep
|turn|31
|
|t:|1729332754
|switch|p1a: Dragonite|Dragonite, M|37/100
|move|p2a: Milotic|Toxic|p1a: Dragonite
|-status|p1a: Dragonite|tox
|
|-heal|p2a: Milotic|100/100|[from] item: Leftovers
|-heal|p1a: Dragonite|44/100 tox|[from] item: Leftovers
|-damage|p1a: Dragonite|37/100 tox|[from] psn
|upkeep
|turn|32
|
|t:|1729332758
|move|p2a: Milotic|Surf|p1a: Dragonite
|-resisted|p1a: Dragonite
|-damage|p1a: Dragonite|22/100 tox
|move|p1a: Dragonite|Rest|p1a: Dragonite
|-status|p1a: Dragonite|slp|[from] move: Rest
|-heal|p1a: Dragonite|100/100 slp|[silent]
|
|upkeep
|turn|33
|
|t:|1729332765
|switch|p2a: Celebi|Celebi|75/100
|cant|p1a: Dragonite|slp
|
|-heal|p2a: Celebi|81/100|[from] item: Leftovers
|upkeep
|turn|34
|
|t:|1729332777
|move|p2a: Celebi|Calm Mind|p2a: Celebi
|-boost|p2a: Celebi|spa|1
|-boost|p2a: Celebi|spd|1
|cant|p1a: Dragonite|slp
|move|p1a: Dragonite|Sleep Talk|p1a: Dragonite
|move|p1a: Dragonite|Heal Bell|p1a: Dragonite|[from]Sleep Talk
|-activate|p1a: Dragonite|move: Heal Bell
|-curestatus|p1a: Dragonite|slp|[silent]
|-curestatus|p1: Zapdos|slp|[silent]
|
|-heal|p2a: Celebi|87/100|[from] item: Leftovers
|upkeep
|turn|35
|
|t:|1729332787
|move|p2a: Celebi|Calm Mind|p2a: Celebi
|-boost|p2a: Celebi|spa|1
|-boost|p2a: Celebi|spd|1
|move|p1a: Dragonite|Hidden Power|p2a: Celebi
|-supereffective|p2a: Celebi
|-damage|p2a: Celebi|39/100
|
|-heal|p2a: Celebi|45/100|[from] item: Leftovers
|upkeep
|turn|36
|
|t:|1729332793
|move|p2a: Celebi|Baton Pass|p2a: Celebi
|
|t:|1729332794
|switch|p2a: Milotic|Milotic, F|100/100|[from] Baton Pass
|move|p1a: Dragonite|Hidden Power|p2a: Milotic
|-damage|p2a: Milotic|78/100
|
|-heal|p2a: Milotic|84/100|[from] item: Leftovers
|upkeep
|turn|37
|
|t:|1729332798
|switch|p1a: Zapdos|Zapdos|100/100
|move|p2a: Milotic|Toxic|p1a: Zapdos
|-status|p1a: Zapdos|tox
|
|-damage|p1a: Zapdos|94/100 tox|[from] psn
|-heal|p2a: Milotic|90/100|[from] item: Leftovers
|upkeep
|turn|38
|
|t:|1729332803
|move|p1a: Zapdos|Thunderbolt|p2a: Milotic
|-supereffective|p2a: Milotic
|-damage|p2a: Milotic|60/100
|move|p2a: Milotic|Surf|p1a: Zapdos
|-damage|p1a: Zapdos|50/100 tox
|
|-heal|p1a: Zapdos|57/100 tox|[from] item: Leftovers
|-damage|p1a: Zapdos|44/100 tox|[from] psn
|-heal|p2a: Milotic|66/100|[from] item: Leftovers
|upkeep
|turn|39
|
|t:|1729332809
|move|p1a: Zapdos|Rest|p1a: Zapdos
|-status|p1a: Zapdos|slp|[from] move: Rest
|-heal|p1a: Zapdos|100/100 slp|[silent]
|move|p2a: Milotic|Recover|p2a: Milotic
|-heal|p2a: Milotic|100/100
|
|upkeep
|turn|40
|
|t:|1729332814
|switch|p1a: Blissey|Blissey, F|100/100
|move|p2a: Milotic|Surf|p1a: Blissey
|-damage|p1a: Blissey|74/100
|
|-heal|p1a: Blissey|80/100|[from] item: Leftovers
|upkeep
|turn|41
|
|t:|1729332816
|move|p2a: Milotic|Toxic|p1a: Blissey|[miss]
|-miss|p2a: Milotic|p1a: Blissey
|move|p1a: Blissey|Calm Mind|p1a: Blissey
|-boost|p1a: Blissey|spa|1
|-boost|p1a: Blissey|spd|1
|
|-heal|p1a: Blissey|86/100|[from] item: Leftovers
|upkeep
|turn|42
|
|t:|1729332819
|move|p2a: Milotic|Toxic|p1a: Blissey
|-status|p1a: Blissey|tox
|move|p1a: Blissey|Toxic|p2a: Milotic
|-status|p2a: Milotic|tox
|
|-damage|p2a: Milotic|94/100 tox|[from] psn
|-heal|p1a: Blissey|92/100 tox|[from] item: Leftovers
|-damage|p1a: Blissey|86/100 tox|[from] psn
|upkeep
|turn|43
|
|t:|1729332823
|move|p2a: Milotic|Refresh|p2a: Milotic
|-curestatus|p2a: Milotic|tox|[msg]
|move|p1a: Blissey|Calm Mind|p1a: Blissey
|-boost|p1a: Blissey|spa|1
|-boost|p1a: Blissey|spd|1
|
|-heal|p2a: Milotic|100/100|[from] item: Leftovers
|-heal|p1a: Blissey|92/100 tox|[from] item: Leftovers
|-damage|p1a: Blissey|80/100 tox|[from] psn
|upkeep
|turn|44
|
|t:|1729332830
|move|p2a: Milotic|Surf|p1a: Blissey
|-damage|p1a: Blissey|66/100 tox
|move|p1a: Blissey|Toxic|p2a: Milotic
|-status|p2a: Milotic|tox
|
|-damage|p2a: Milotic|94/100 tox|[from] psn
|-heal|p1a: Blissey|73/100 tox|[from] item: Leftovers
|-damage|p1a: Blissey|54/100 tox|[from] psn
|upkeep
|turn|45
|
|t:|1729332834
|move|p2a: Milotic|Toxic|p1a: Blissey
|-fail|p1a: Blissey|tox
|move|p1a: Blissey|Soft-Boiled|p1a: Blissey
|-heal|p1a: Blissey|100/100 tox
|
|-heal|p2a: Milotic|100/100 tox|[from] item: Leftovers
|-damage|p2a: Milotic|88/100 tox|[from] psn
|-damage|p1a: Blissey|76/100 tox|[from] psn
|upkeep
|turn|46
|
|t:|1729332856
|-curestatus|p1a: Blissey|tox|[from] ability: Natural Cure
|switch|p1a: Dragonite|Dragonite, M|100/100
|move|p2a: Milotic|Refresh|p2a: Milotic
|-curestatus|p2a: Milotic|tox|[msg]
|
|-heal|p2a: Milotic|94/100|[from] item: Leftovers
|upkeep
|turn|47
|
|t:|1729332862
|switch|p1a: Swampert|Swampert, F|100/100
|move|p2a: Milotic|Surf|p1a: Swampert
|-damage|p1a: Swampert|44/100
|
|-heal|p2a: Milotic|100/100|[from] item: Leftovers
|-heal|p1a: Swampert|51/100|[from] item: Leftovers
|upkeep
|turn|48
|
|t:|1729332869
|switch|p1a: Blissey|Blissey, F|76/100
|move|p2a: Milotic|Surf|p1a: Blissey
|-damage|p1a: Blissey|48/100
|
|-heal|p1a: Blissey|54/100|[from] item: Leftovers
|upkeep
|turn|49
|
|t:|1729332873
|move|p2a: Milotic|Toxic|p1a: Blissey
|-status|p1a: Blissey|tox
|move|p1a: Blissey|Soft-Boiled|p1a: Blissey
|-heal|p1a: Blissey|100/100 tox
|
|-damage|p1a: Blissey|94/100 tox|[from] psn
|upkeep
|turn|50
|
|t:|1729332877
|move|p2a: Milotic|Surf|p1a: Blissey
|-crit|p1a: Blissey
|-damage|p1a: Blissey|43/100 tox
|move|p1a: Blissey|Toxic|p2a: Milotic
|-status|p2a: Milotic|tox
|
|-damage|p2a: Milotic|94/100 tox|[from] psn
|-heal|p1a: Blissey|49/100 tox|[from] item: Leftovers
|-damage|p1a: Blissey|37/100 tox|[from] psn
|upkeep
|turn|51
|
|t:|1729332880
|move|p2a: Milotic|Surf|p1a: Blissey
|-damage|p1a: Blissey|9/100 tox
|move|p1a: Blissey|Soft-Boiled|p1a: Blissey
|-heal|p1a: Blissey|59/100 tox
|
|-heal|p2a: Milotic|100/100 tox|[from] item: Leftovers
|-damage|p2a: Milotic|88/100 tox|[from] psn
|-heal|p1a: Blissey|65/100 tox|[from] item: Leftovers
|-damage|p1a: Blissey|47/100 tox|[from] psn
|upkeep
|turn|52
|
|t:|1729332888
|-curestatus|p1a: Blissey|tox|[from] ability: Natural Cure
|switch|p1a: Dragonite|Dragonite, M|100/100
|move|p2a: Milotic|Refresh|p2a: Milotic
|-curestatus|p2a: Milotic|tox|[msg]
|
|-heal|p2a: Milotic|94/100|[from] item: Leftovers
|upkeep
|turn|53
|
|t:|1729332904
|move|p2a: Milotic|Surf|p1a: Dragonite
|-resisted|p1a: Dragonite
|-damage|p1a: Dragonite|70/100
|move|p1a: Dragonite|Heal Bell|p1a: Dragonite
|-activate|p1a: Dragonite|move: Heal Bell
|-curestatus|p1: Zapdos|slp|[silent]
|
|-heal|p2a: Milotic|100/100|[from] item: Leftovers
|-heal|p1a: Dragonite|76/100|[from] item: Leftovers
|upkeep
|turn|54
|
|t:|1729332914
|move|p2a: Milotic|Surf|p1a: Dragonite
|-resisted|p1a: Dragonite
|-damage|p1a: Dragonite|49/100
|move|p1a: Dragonite|Rest|p1a: Dragonite
|-status|p1a: Dragonite|slp|[from] move: Rest
|-heal|p1a: Dragonite|100/100 slp|[silent]
|
|upkeep
|turn|55
|
|t:|1729332922
|switch|p2a: Dugtrio|Dugtrio, F|100/100
|cant|p1a: Dragonite|slp
|
|upkeep
|turn|56
|
|t:|1729332927
|move|p2a: Dugtrio|Rock Slide|p1a: Dragonite
|-supereffective|p1a: Dragonite
|-damage|p1a: Dragonite|63/100 slp
|cant|p1a: Dragonite|slp
|
|-heal|p1a: Dragonite|70/100 slp|[from] item: Leftovers
|upkeep
|turn|57
|
|t:|1729332939
|switch|p1a: Swampert|Swampert, F|51/100
|move|p2a: Dugtrio|Rock Slide|p1a: Swampert|[miss]
|-miss|p2a: Dugtrio|p1a: Swampert
|
|-heal|p1a: Swampert|57/100|[from] item: Leftovers
|upkeep
|turn|58
|
|t:|1729332947
|switch|p2a: Celebi|Celebi|45/100
|move|p1a: Swampert|Surf|p2a: Celebi
|-resisted|p2a: Celebi
|-damage|p2a: Celebi|34/100
|
|-heal|p2a: Celebi|40/100|[from] item: Leftovers
|-heal|p1a: Swampert|63/100|[from] item: Leftovers
|upkeep
|turn|59
|
|t:|1729332954
|switch|p1a: Blissey|Blissey, F|47/100
|move|p2a: Celebi|Giga Drain|p1a: Blissey
|-damage|p1a: Blissey|38/100
|-heal|p2a: Celebi|47/100|[from] drain|[of] p1a: Blissey
|
|-heal|p2a: Celebi|53/100|[from] item: Leftovers
|-heal|p1a: Blissey|44/100|[from] item: Leftovers
|upkeep
|turn|60
|
|t:|1729332957
|move|p2a: Celebi|Baton Pass|p2a: Celebi
|
|t:|1729332959
|switch|p2a: Dugtrio|Dugtrio, F|100/100|[from] Baton Pass
|move|p1a: Blissey|Soft-Boiled|p1a: Blissey
|-heal|p1a: Blissey|94/100
|
|-heal|p1a: Blissey|100/100|[from] item: Leftovers
|upkeep
|turn|61
|
|t:|1729332963
|move|p2a: Dugtrio|Earthquake|p1a: Blissey
|-damage|p1a: Blissey|44/100
|move|p1a: Blissey|Toxic|p2a: Dugtrio
|-status|p2a: Dugtrio|tox
|
|-damage|p2a: Dugtrio|94/100 tox|[from] psn
|-heal|p1a: Blissey|50/100|[from] item: Leftovers
|upkeep
|turn|62
|
|t:|1729332967
|move|p2a: Dugtrio|Earthquake|p1a: Blissey
|-damage|p1a: Blissey|0 fnt
|faint|p1a: Blissey
|
|t:|1729332979
|switch|p1a: Zapdos|Zapdos|100/100
|
|-damage|p2a: Dugtrio|82/100 tox|[from] psn
|upkeep
|turn|63
|
|t:|1729332985
|switch|p2a: Celebi|Celebi|53/100
|move|p1a: Zapdos|Toxic|p2a: Celebi
|-status|p2a: Celebi|tox
|
|-heal|p2a: Celebi|60/100 tox|[from] item: Leftovers
|-damage|p2a: Celebi|53/100 tox|[from] psn
|upkeep
|turn|64
|
|t:|1729332988
|-curestatus|p2a: Celebi|tox|[from] ability: Natural Cure
|switch|p2a: Jolteon|Jolteon, F|38/100 tox
|move|p1a: Zapdos|Drill Peck|p2a: Jolteon
|-resisted|p2a: Jolteon
|-damage|p2a: Jolteon|16/100 tox
|
|-heal|p2a: Jolteon|22/100 tox|[from] item: Leftovers
|-damage|p2a: Jolteon|16/100 tox|[from] psn
|upkeep
|turn|65
|
|t:|1729332996
|move|p2a: Jolteon|Hidden Power|p1a: Zapdos
|-supereffective|p1a: Zapdos
|-damage|p1a: Zapdos|74/100
|move|p1a: Zapdos|Drill Peck|p2a: Jolteon
|-resisted|p2a: Jolteon
|-damage|p2a: Jolteon|0 fnt
|faint|p2a: Jolteon
|
|t:|1729333002
|switch|p2a: Dugtrio|Dugtrio, F|82/100 tox
|
|-damage|p2a: Dugtrio|76/100 tox|[from] psn
|-heal|p1a: Zapdos|80/100|[from] item: Leftovers
|upkeep
|turn|66
|
|t:|1729333007
|switch|p2a: Celebi|Celebi|53/100
|switch|p1a: Claydol|Claydol|100/100
|
|-heal|p2a: Celebi|60/100|[from] item: Leftovers
|upkeep
|turn|67
|
|t:|1729333011
|switch|p1a: Zapdos|Zapdos|80/100
|move|p2a: Celebi|Giga Drain|p1a: Zapdos
|-resisted|p1a: Zapdos
|-damage|p1a: Zapdos|72/100
|-heal|p2a: Celebi|63/100|[from] drain|[of] p1a: Zapdos
|
|-heal|p2a: Celebi|69/100|[from] item: Leftovers
|-heal|p1a: Zapdos|79/100|[from] item: Leftovers
|upkeep
|turn|68
|
|t:|1729333017
|move|p2a: Celebi|Calm Mind|p2a: Celebi
|-boost|p2a: Celebi|spa|1
|-boost|p2a: Celebi|spd|1
|move|p1a: Zapdos|Drill Peck|p2a: Celebi
|-supereffective|p2a: Celebi
|-crit|p2a: Celebi
|-damage|p2a: Celebi|0 fnt
|faint|p2a: Celebi
|
|t:|1729333022
|switch|p2a: Dugtrio|Dugtrio, F|76/100 tox
|
|-damage|p2a: Dugtrio|70/100 tox|[from] psn
|-heal|p1a: Zapdos|85/100|[from] item: Leftovers
|upkeep
|turn|69
|
|t:|1729333029
|switch|p2a: Breloom|Breloom, F|94/100
|switch|p1a: Claydol|Claydol|100/100
|
|-heal|p2a: Breloom|99/100|[from] item: Leftovers
|upkeep
|turn|70
|
|t:|1729333032
|move|p2a: Breloom|Spore|p1a: Claydol
|-status|p1a: Claydol|slp|[from] move: Spore
|cant|p1a: Claydol|slp
|
|-heal|p2a: Breloom|100/100|[from] item: Leftovers
|upkeep
|turn|71
|
|t:|1729333035
|switch|p1a: Dragonite|Dragonite, M|70/100 slp
|move|p2a: Breloom|Substitute|p2a: Breloom
|-start|p2a: Breloom|Substitute
|-damage|p2a: Breloom|76/100
|
|-heal|p2a: Breloom|82/100|[from] item: Leftovers
|-heal|p1a: Dragonite|76/100 slp|[from] item: Leftovers
|upkeep
|turn|72
|
|t:|1729333040
|-singleturn|p2a: Breloom|move: Focus Punch
|-curestatus|p1a: Dragonite|slp|[msg]
|move|p1a: Dragonite|Hidden Power|p2a: Breloom
|-supereffective|p2a: Breloom
|-end|p2a: Breloom|Substitute
|move|p2a: Breloom|Focus Punch|p1a: Dragonite
|-resisted|p1a: Dragonite
|-damage|p1a: Dragonite|49/100
|
|-heal|p2a: Breloom|88/100|[from] item: Leftovers
|-heal|p1a: Dragonite|55/100|[from] item: Leftovers
|upkeep
|turn|73
|
|t:|1729333046
|switch|p2a: Dugtrio|Dugtrio, F|70/100 tox
|move|p1a: Dragonite|Hidden Power|p2a: Dugtrio
|-damage|p2a: Dugtrio|0 fnt
|faint|p2a: Dugtrio
|
|t:|1729333048
|switch|p2a: Milotic|Milotic, F|100/100
|
|-heal|p1a: Dragonite|61/100|[from] item: Leftovers
|upkeep
|turn|74
|
|t:|1729333059
|move|p2a: Milotic|Toxic|p1a: Dragonite
|-status|p1a: Dragonite|tox
|move|p1a: Dragonite|Rest|p1a: Dragonite
|-status|p1a: Dragonite|slp|[from] move: Rest
|-heal|p1a: Dragonite|100/100 slp|[silent]
|
|upkeep
|turn|75
|
|t:|1729333063
|switch|p2a: Breloom|Breloom, F|88/100
|cant|p1a: Dragonite|slp
|
|-heal|p2a: Breloom|94/100|[from] item: Leftovers
|upkeep
|turn|76
|
|t:|1729333068
|-singleturn|p2a: Breloom|move: Focus Punch
|cant|p1a: Dragonite|slp
|move|p1a: Dragonite|Sleep Talk|p1a: Dragonite
|move|p1a: Dragonite|Heal Bell|p1a: Dragonite|[from]Sleep Talk
|-activate|p1a: Dragonite|move: Heal Bell
|-curestatus|p1a: Dragonite|slp|[silent]
|-curestatus|p1: Claydol|slp|[silent]
|move|p2a: Breloom|Focus Punch|p1a: Dragonite
|-resisted|p1a: Dragonite
|-damage|p1a: Dragonite|73/100
|
|-heal|p2a: Breloom|99/100|[from] item: Leftovers
|-heal|p1a: Dragonite|79/100|[from] item: Leftovers
|upkeep
|turn|77
|
|t:|1729333073
|switch|p2a: Milotic|Milotic, F|100/100
|move|p1a: Dragonite|Hidden Power|p2a: Milotic
|-damage|p2a: Milotic|77/100
|
|-heal|p2a: Milotic|83/100|[from] item: Leftovers
|-heal|p1a: Dragonite|86/100|[from] item: Leftovers
|upkeep
|turn|78
|
|t:|1729333079
|switch|p1a: Zapdos|Zapdos|85/100
|move|p2a: Milotic|Recover|p2a: Milotic
|-heal|p2a: Milotic|100/100
|
|-heal|p1a: Zapdos|91/100|[from] item: Leftovers
|upkeep
|turn|79
|
|t:|1729333083
|move|p1a: Zapdos|Thunderbolt|p2a: Milotic
|-supereffective|p2a: Milotic
|-damage|p2a: Milotic|43/100
|move|p2a: Milotic|Toxic|p1a: Zapdos
|-status|p1a: Zapdos|tox
|
|-heal|p1a: Zapdos|97/100 tox|[from] item: Leftovers
|-damage|p1a: Zapdos|91/100 tox|[from] psn
|-heal|p2a: Milotic|49/100|[from] item: Leftovers
|upkeep
|turn|80
|
|t:|1729333086
|switch|p2a: Breloom|Breloom, F|99/100
|move|p1a: Zapdos|Thunderbolt|p2a: Breloom
|-resisted|p2a: Breloom
|-damage|p2a: Breloom|63/100
|
|-heal|p2a: Breloom|69/100|[from] item: Leftovers
|-heal|p1a: Zapdos|97/100 tox|[from] item: Leftovers
|-damage|p1a: Zapdos|85/100 tox|[from] psn
|upkeep
|turn|81
|
|t:|1729333089
|-singleturn|p2a: Breloom|move: Focus Punch
|move|p1a: Zapdos|Drill Peck|p2a: Breloom
|-supereffective|p2a: Breloom
|-damage|p2a: Breloom|0 fnt
|faint|p2a: Breloom
|
|t:|1729333091
|switch|p2a: Milotic|Milotic, F|49/100
|
|-heal|p1a: Zapdos|91/100 tox|[from] item: Leftovers
|-damage|p1a: Zapdos|72/100 tox|[from] psn
|-heal|p2a: Milotic|55/100|[from] item: Leftovers
|upkeep
|turn|82
|
|t:|1729333093
|move|p1a: Zapdos|Thunderbolt|p2a: Milotic
|-supereffective|p2a: Milotic
|-damage|p2a: Milotic|0 fnt
|faint|p2a: Milotic
|
|win|aldrich_unfaithful
|c|☆aldrich_unfaithful|gg
|c|☆Johnathan Gamer|gg

</script>
<script type="application/json" class="data" id="replaydata-smogtours-gen3ou-799816">
{"id":"smogtours-gen3ou-799816","format":"[Gen 3] OU","players":["aldrich_unfaithful","Johnathan Gamer"],"uploadtime":1729333093,"views":89,"formatid":"gen3ou","rating":null,"private":0,"password":null}
</script>

<script defer src="js/replays.js?9d40a366"></script>
