<!DOCTYPE html>
<meta charset="utf-8" />
<meta name="viewport" content="width=device-width" />

<title>[Gen 3] OU: Zoroark Nidoking vs. SqueamishCube - Replays - Pok&eacute;mon Showdown!</title>

<meta name="description" content="Watch a replay of a Pok&eacute;mon battle between Zoroark Nidoking and SqueamishCube! Format: [Gen 3] OU; Date: Oct 13, 2024" />
<!--

Hey, you! Looking in the source for the replay log?

You can find them in JSON format, just add `.json` at the end of a replay URL.

https://replay.pokemonshowdown.com/gen7randomdoublesbattle-865046831.json

Or, if you only need the log itself, add `.log` instead:

https://replay.pokemonshowdown.com/gen7randomdoublesbattle-865046831.log

-->

<link rel="stylesheet" href="//pokemonshowdown.com/style/global.css?0.023195364461161105" />
<link rel="stylesheet" href="//play.pokemonshowdown.com/style/font-awesome.css?0.13261647063804238" />
<link rel="stylesheet" href="//play.pokemonshowdown.com/style/battle.css?0.8753245789963631" />
<link rel="stylesheet" href="//play.pokemonshowdown.com/style/utilichart.css?0.8627959624976733" />

<!-- Global site tag (gtag.js) - Google Analytics -->
<script async src="https://www.googletagmanager.com/gtag/js?id=UA-26211653-1"></script>
<script>
  window.dataLayer = window.dataLayer || [];
  function gtag(){dataLayer.push(arguments);}
  gtag('js', new Date());

  gtag('config', 'UA-26211653-1');
</script>
<!-- End Google Analytics -->
<!-- Venatus Ad Manager - Install in <HEAD> of page -->
	<script src="https://hb.vntsm.com/v3/live/ad-manager.min.js" type="text/javascript" data-site-id="642aba63ec9a7b11c3c9c1be" data-mode="scan" async></script>
<!-- / Venatus Ad Manager -->

<style>
	@media (max-width:820px) {
		.battle {
			margin: 0 auto;
		}
		.battle-log {
			margin: 7px auto 0;
			max-width: 640px;
			height: 300px;
			position: static;
		}
	}
	.optgroup {
		display: inline-block;
		line-height: 22px;
		font-size: 10pt;
	}
	.optgroup .button {
		height: 25px;
		padding-top: 0;
		padding-bottom: 0;
	}
	.optgroup button.button {
		padding-left: 12px;
		padding-right: 12px;
	}
	.linklist {
		list-style: none;
		margin: 0.5em 0;
		padding: 0;
	}
	.linklist li {
		padding: 2px 0;
	}
	.sidebar {
		float: left;
		width: 320px;
	}
	.bar-wrapper {
		max-width: 1100px;
		margin: 0 auto;
	}
	.bar-wrapper.has-sidebar {
		max-width: 1430px;
	}
	.mainbar {
		margin: 0;
		padding-right: 1px;
	}
	.mainbar.has-sidebar {
		margin-left: 330px;
	}
	@media (min-width: 1511px) {
		.sidebar {
			width: 400px;
		}
		.bar-wrapper.has-sidebar {
			max-width: 1510px;
		}
		.mainbar.has-sidebar {
			margin-left: 410px;
		}
	}
	.section.first-section {
		margin-top: 9px;
	}
	.blocklink small {
		white-space: normal;
	}
	.button {
		vertical-align: middle;
	}
	.replay-controls {
		padding-top: 10px;
	}
	.replay-controls h1 {
		font-size: 16pt;
		font-weight: normal;
		color: #CCC;
	}
	.pagelink {
		text-align: center;
	}
	.pagelink a {
		width: 150px;
	}
	.textbox, .button {
		font-size: 11pt;
		vertical-align: middle;
	}
	@media (max-width: 450px) {
		.button {
			font-size: 9pt;
		}
	}
</style>

<div>

	<header>
		<div class="nav-wrapper"><ul class="nav">
			<li><a class="button nav-first" href="//pokemonshowdown.com/"><img src="//pokemonshowdown.com/images/pokemonshowdownbeta.png" srcset="//pokemonshowdown.com/images/pokemonshowdownbeta.png 1x, //pokemonshowdown.com/images/pokemonshowdownbeta@2x.png 2x" alt="Pok&eacute;mon Showdown" width="146" height="44" /> Home</a></li>
			<li><a class="button" href="//pokemonshowdown.com/dex/">Pok&eacute;dex</a></li>
			<li><a class="button cur" href="/">Replays</a></li>
			<li><a class="button" href="//pokemonshowdown.com/ladder/">Ladder</a></li>
			<li><a class="button nav-last" href="//pokemonshowdown.com/forums/">Forum</a></li>
			<li><a class="button greenbutton nav-first nav-last" href="//play.pokemonshowdown.com/">Play</a></li>
		</ul></div>
	</header>

	<div class="main" id="main">

		<noscript><section class="section">You need to enable JavaScript to use this page; sorry!</section></noscript>

	</div>

</div>

<script defer nomodule src="//play.pokemonshowdown.com/js/lib/ps-polyfill.js"></script>
<script defer src="//play.pokemonshowdown.com/js/lib/preact.min.js"></script>

<script defer src="//play.pokemonshowdown.com/config/config.js?2bddbc15"></script>
<script defer src="//play.pokemonshowdown.com/js/lib/jquery-1.11.0.min.js"></script>
<script defer src="//play.pokemonshowdown.com/js/lib/html-sanitizer-minified.js"></script>
<script defer src="//play.pokemonshowdown.com/js/battle-sound.js"></script>
<script defer src="//play.pokemonshowdown.com/js/battledata.js?0.7209276989879541"></script>
<script defer src="//play.pokemonshowdown.com/data/pokedex-mini.js?0.6111056340867951"></script>
<script defer src="//play.pokemonshowdown.com/data/pokedex-mini-bw.js?0.3532142036491459"></script>
<script defer src="//play.pokemonshowdown.com/data/graphics.js?0.24223875632456182"></script>
<script defer src="//play.pokemonshowdown.com/data/pokedex.js?0.38839984266356864"></script>
<script defer src="//play.pokemonshowdown.com/data/moves.js?0.21866028504024015"></script>
<script defer src="//play.pokemonshowdown.com/data/abilities.js?0.2005157953846628"></script>
<script defer src="//play.pokemonshowdown.com/data/items.js?0.9894211263848525"></script>
<script defer src="//play.pokemonshowdown.com/data/teambuilder-tables.js?0.6008791140282215"></script>
<script defer src="//play.pokemonshowdown.com/js/battle-tooltips.js?0.7580118955022959"></script>
<script defer src="//play.pokemonshowdown.com/js/battle.js?0.6057722274234274"></script>

<script defer src="js/utils.js?e31f9a17"></script>
<script defer src="js/replays-battle.js?7008c182"></script>

<!-- don't scrape this data! just add .json or .log after the URL!
Full API docs: https://github.com/smogon/pokemon-showdown-client/blob/master/WEB-API.md -->
<script type="text/plain" class="log" id="replaylog-smogtours-gen3ou-797895">
|inactive|Battle timer is ON: inactive players will automatically lose when time's up.
|t:|1728780944
|gametype|singles
|player|p1|Zoroark Nidoking|gambler|
|player|p2|SqueamishCube|lyra|
|teamsize|p1|6
|teamsize|p2|6
|gen|3
|tier|[Gen 3] OU
|rule|Sleep Clause Mod: Limit one foe put to sleep
|rule|Switch Priority Clause Mod: Faster Pokémon switch first
|rule|Species Clause: Limit one of each Pokémon
|rule|OHKO Clause: OHKO moves are banned
|rule|Evasion Items Clause: Evasion items are banned
|rule|Evasion Moves Clause: Evasion moves are banned
|rule|Endless Battle Clause: Forcing endless battles is banned
|rule|HP Percentage Mod: HP is shown in percentages
|rule|One Boost Passer Clause: Limit one Baton Passer that has a way to boost its stats
|rule|Freeze Clause Mod: Limit one foe frozen
|
|t:|1728780944
|start
|switch|p1a: Putera|Aerodactyl, F, shiny|100/100
|switch|p2a: Tyranitar|Tyranitar, M|100/100
|-weather|Sandstorm|[from] ability: Sand Stream|[of] p2a: Tyranitar
|turn|1
|
|t:|1728780963
|switch|p2a: Skarmory|Skarmory, M|100/100
|move|p1a: Putera|Earthquake|p2a: Skarmory
|-immune|p2a: Skarmory
|
|-weather|Sandstorm|[upkeep]
|upkeep
|turn|2
|
|t:|1728780973
|switch|p1a: Spin Bug|Forretress, M, shiny|100/100
|move|p2a: Skarmory|Spikes|p1a: Spin Bug
|-sidestart|p1: Zoroark Nidoking|Spikes
|
|-weather|Sandstorm|[upkeep]
|upkeep
|turn|3
|
|t:|1728780979
|switch|p2a: Gengar|Gengar, M|100/100
|move|p1a: Spin Bug|Light Screen|p1a: Spin Bug
|-sidestart|p1: Zoroark Nidoking|Light Screen
|
|-weather|Sandstorm|[upkeep]
|-damage|p2a: Gengar|94/100|[from] Sandstorm
|-heal|p2a: Gengar|100/100|[from] item: Leftovers
|upkeep
|turn|4
|
|t:|1728781006
|move|p2a: Gengar|Will-O-Wisp|p1a: Spin Bug
|-status|p1a: Spin Bug|brn
|move|p1a: Spin Bug|Spikes|p2a: Gengar
|-sidestart|p2: SqueamishCube|Spikes
|
|-weather|Sandstorm|[upkeep]
|-damage|p2a: Gengar|94/100|[from] Sandstorm
|-heal|p2a: Gengar|100/100|[from] item: Leftovers
|-damage|p1a: Spin Bug|88/100 brn|[from] brn
|upkeep
|turn|5
|
|t:|1728781023
|move|p2a: Gengar|Thunderbolt|p1a: Spin Bug
|-damage|p1a: Spin Bug|67/100 brn
|move|p1a: Spin Bug|Spikes|p2a: Gengar
|-sidestart|p2: SqueamishCube|Spikes
|
|-weather|Sandstorm|[upkeep]
|-damage|p2a: Gengar|94/100|[from] Sandstorm
|-heal|p2a: Gengar|100/100|[from] item: Leftovers
|-heal|p1a: Spin Bug|74/100 brn|[from] item: Leftovers
|-damage|p1a: Spin Bug|61/100 brn|[from] brn
|upkeep
|turn|6
|
|t:|1728781032
|move|p2a: Gengar|Thunderbolt|p1a: Spin Bug
|-damage|p1a: Spin Bug|39/100 brn
|move|p1a: Spin Bug|Spikes|p2a: Gengar
|-sidestart|p2: SqueamishCube|Spikes
|
|-weather|Sandstorm|[upkeep]
|-damage|p2a: Gengar|94/100|[from] Sandstorm
|-heal|p2a: Gengar|100/100|[from] item: Leftovers
|-heal|p1a: Spin Bug|46/100 brn|[from] item: Leftovers
|-damage|p1a: Spin Bug|33/100 brn|[from] brn
|upkeep
|turn|7
|
|t:|1728781038
|switch|p1a: Time Leaf|Celebi|100/100
|-damage|p1a: Time Leaf|88/100|[from] Spikes
|move|p2a: Gengar|Thunderbolt|p1a: Time Leaf
|-resisted|p1a: Time Leaf
|-damage|p1a: Time Leaf|82/100
|
|-sideend|p1: Zoroark Nidoking|Light Screen
|-weather|Sandstorm|[upkeep]
|-damage|p2a: Gengar|94/100|[from] Sandstorm
|-damage|p1a: Time Leaf|76/100|[from] Sandstorm
|-heal|p2a: Gengar|100/100|[from] item: Leftovers
|-heal|p1a: Time Leaf|82/100|[from] item: Leftovers
|upkeep
|turn|8
|inactive|SqueamishCube has 270 seconds left.
|
|t:|1728781070
|move|p2a: Gengar|Will-O-Wisp|p1a: Time Leaf
|-status|p1a: Time Leaf|brn
|move|p1a: Time Leaf|Swords Dance|p1a: Time Leaf
|-boost|p1a: Time Leaf|atk|2
|
|-weather|Sandstorm|[upkeep]
|-damage|p2a: Gengar|94/100|[from] Sandstorm
|-damage|p1a: Time Leaf|76/100 brn|[from] Sandstorm
|-heal|p2a: Gengar|100/100|[from] item: Leftovers
|-heal|p1a: Time Leaf|82/100 brn|[from] item: Leftovers
|-damage|p1a: Time Leaf|70/100 brn|[from] brn
|upkeep
|turn|9
|
|t:|1728781080
|move|p2a: Gengar|Ice Punch|p1a: Time Leaf
|-supereffective|p1a: Time Leaf
|-damage|p1a: Time Leaf|28/100 brn
|move|p1a: Time Leaf|Swords Dance|p1a: Time Leaf
|-boost|p1a: Time Leaf|atk|2
|
|-weather|Sandstorm|[upkeep]
|-damage|p2a: Gengar|94/100|[from] Sandstorm
|-damage|p1a: Time Leaf|22/100 brn|[from] Sandstorm
|-heal|p2a: Gengar|100/100|[from] item: Leftovers
|-heal|p1a: Time Leaf|28/100 brn|[from] item: Leftovers
|-damage|p1a: Time Leaf|16/100 brn|[from] brn
|upkeep
|turn|10
|
|t:|1728781091
|move|p2a: Gengar|Ice Punch|p1a: Time Leaf
|-supereffective|p1a: Time Leaf
|-crit|p1a: Time Leaf
|-damage|p1a: Time Leaf|0 fnt
|faint|p1a: Time Leaf
|
|t:|1728781094
|switch|p1a: Rockzilla|Tyranitar, M, shiny|100/100
|-damage|p1a: Rockzilla|88/100|[from] Spikes
|
|-weather|Sandstorm|[upkeep]
|-damage|p2a: Gengar|94/100|[from] Sandstorm
|-heal|p2a: Gengar|100/100|[from] item: Leftovers
|upkeep
|turn|11
|
|t:|1728781099
|move|p2a: Gengar|Will-O-Wisp|p1a: Rockzilla
|-status|p1a: Rockzilla|brn
|move|p1a: Rockzilla|Ancient Power|p2a: Gengar
|-damage|p2a: Gengar|57/100
|
|-weather|Sandstorm|[upkeep]
|-damage|p2a: Gengar|51/100|[from] Sandstorm
|-heal|p2a: Gengar|57/100|[from] item: Leftovers
|-damage|p1a: Rockzilla|76/100 brn|[from] brn
|upkeep
|turn|12
|
|t:|1728781103
|move|p2a: Gengar|Giga Drain|p1a: Rockzilla
|-supereffective|p1a: Rockzilla
|-damage|p1a: Rockzilla|40/100 brn
|-heal|p2a: Gengar|78/100|[from] drain|[of] p1a: Rockzilla
|move|p1a: Rockzilla|Ancient Power|p2a: Gengar
|-damage|p2a: Gengar|37/100
|
|-weather|Sandstorm|[upkeep]
|-damage|p2a: Gengar|31/100|[from] Sandstorm
|-heal|p2a: Gengar|37/100|[from] item: Leftovers
|-damage|p1a: Rockzilla|28/100 brn|[from] brn
|upkeep
|turn|13
|
|t:|1728781106
|switch|p1a: egg|Blissey, F, shiny|100/100
|-damage|p1a: egg|88/100|[from] Spikes
|move|p2a: Gengar|Giga Drain|p1a: egg
|-damage|p1a: egg|81/100
|-heal|p2a: Gengar|45/100|[from] drain|[of] p1a: egg
|
|-weather|Sandstorm|[upkeep]
|-damage|p2a: Gengar|39/100|[from] Sandstorm
|-damage|p1a: egg|75/100|[from] Sandstorm
|-heal|p2a: Gengar|45/100|[from] item: Leftovers
|-heal|p1a: egg|81/100|[from] item: Leftovers
|upkeep
|turn|14
|
|t:|1728781113
|switch|p2a: Skarmory|Skarmory, M|100/100
|move|p1a: egg|Aromatherapy|p1a: egg
|-cureteam|p1a: egg|[from] move: Aromatherapy
|
|-weather|Sandstorm|[upkeep]
|-damage|p1a: egg|75/100|[from] Sandstorm
|-heal|p1a: egg|81/100|[from] item: Leftovers
|upkeep
|turn|15
|
|t:|1728781126
|move|p2a: Skarmory|Toxic|p1a: egg
|-status|p1a: egg|tox
|move|p1a: egg|Ice Beam|p2a: Skarmory
|-damage|p2a: Skarmory|82/100
|
|-weather|Sandstorm|[upkeep]
|-damage|p1a: egg|75/100 tox|[from] Sandstorm
|-heal|p2a: Skarmory|88/100|[from] item: Leftovers
|-heal|p1a: egg|81/100 tox|[from] item: Leftovers
|-damage|p1a: egg|75/100 tox|[from] psn
|upkeep
|turn|16
|
|t:|1728781130
|move|p2a: Skarmory|Spikes|p1a: egg
|-sidestart|p1: Zoroark Nidoking|Spikes
|move|p1a: egg|Ice Beam|p2a: Skarmory
|-damage|p2a: Skarmory|68/100
|
|-weather|Sandstorm|[upkeep]
|-damage|p1a: egg|69/100 tox|[from] Sandstorm
|-heal|p2a: Skarmory|74/100|[from] item: Leftovers
|-heal|p1a: egg|75/100 tox|[from] item: Leftovers
|-damage|p1a: egg|63/100 tox|[from] psn
|upkeep
|turn|17
|
|t:|1728781133
|-curestatus|p1a: egg|tox|[from] ability: Natural Cure
|switch|p1a: Spin Bug|Forretress, M, shiny|33/100
|-damage|p1a: Spin Bug|17/100|[from] Spikes
|move|p2a: Skarmory|Spikes|p1a: Spin Bug
|-sidestart|p1: Zoroark Nidoking|Spikes
|
|-weather|Sandstorm|[upkeep]
|-heal|p2a: Skarmory|80/100|[from] item: Leftovers
|-heal|p1a: Spin Bug|23/100|[from] item: Leftovers
|upkeep
|turn|18
|
|t:|1728781139
|switch|p2a: Gengar|Gengar, M|45/100
|move|p1a: Spin Bug|Rapid Spin|p2a: Gengar
|-immune|p2a: Gengar
|
|-weather|Sandstorm|[upkeep]
|-damage|p2a: Gengar|39/100|[from] Sandstorm
|-heal|p2a: Gengar|45/100|[from] item: Leftovers
|-heal|p1a: Spin Bug|29/100|[from] item: Leftovers
|upkeep
|turn|19
|
|t:|1728781145
|switch|p1a: Trapin' Guy|Dugtrio, M|100/100
|-damage|p1a: Trapin' Guy|76/100|[from] Spikes
|move|p2a: Gengar|Will-O-Wisp|p1a: Trapin' Guy|[miss]
|-miss|p2a: Gengar|p1a: Trapin' Guy
|
|-weather|Sandstorm|[upkeep]
|-damage|p2a: Gengar|39/100|[from] Sandstorm
|-heal|p2a: Gengar|45/100|[from] item: Leftovers
|upkeep
|turn|20
|
|t:|1728781153
|switch|p2a: Skarmory|Skarmory, M|80/100
|move|p1a: Trapin' Guy|Rock Slide|p2a: Skarmory
|-damage|p2a: Skarmory|59/100
|
|-weather|Sandstorm|[upkeep]
|-heal|p2a: Skarmory|65/100|[from] item: Leftovers
|upkeep
|turn|21
|
|t:|1728781162
|switch|p1a: egg|Blissey, F, shiny|63/100
|-damage|p1a: egg|38/100|[from] Spikes
|move|p2a: Skarmory|Drill Peck|p1a: egg
|-damage|p1a: egg|12/100
|
|-weather|Sandstorm|[upkeep]
|-damage|p1a: egg|6/100|[from] Sandstorm
|-heal|p2a: Skarmory|71/100|[from] item: Leftovers
|-heal|p1a: egg|12/100|[from] item: Leftovers
|upkeep
|turn|22
|
|t:|1728781166
|move|p2a: Skarmory|Toxic|p1a: egg
|-status|p1a: egg|tox
|move|p1a: egg|Soft-Boiled|p1a: egg
|-heal|p1a: egg|62/100 tox
|
|-weather|Sandstorm|[upkeep]
|-damage|p1a: egg|56/100 tox|[from] Sandstorm
|-heal|p2a: Skarmory|77/100|[from] item: Leftovers
|-heal|p1a: egg|62/100 tox|[from] item: Leftovers
|-damage|p1a: egg|56/100 tox|[from] psn
|upkeep
|turn|23
|
|t:|1728781170
|move|p2a: Skarmory|Drill Peck|p1a: egg
|-damage|p1a: egg|28/100 tox
|move|p1a: egg|Soft-Boiled|p1a: egg
|-heal|p1a: egg|78/100 tox
|
|-weather|Sandstorm|[upkeep]
|-damage|p1a: egg|72/100 tox|[from] Sandstorm
|-heal|p2a: Skarmory|83/100|[from] item: Leftovers
|-heal|p1a: egg|78/100 tox|[from] item: Leftovers
|-damage|p1a: egg|66/100 tox|[from] psn
|upkeep
|turn|24
|
|t:|1728781172
|move|p2a: Skarmory|Drill Peck|p1a: egg
|-damage|p1a: egg|39/100 tox
|move|p1a: egg|Aromatherapy|p1a: egg
|-cureteam|p1a: egg|[from] move: Aromatherapy
|
|-weather|Sandstorm|[upkeep]
|-damage|p1a: egg|33/100|[from] Sandstorm
|-heal|p2a: Skarmory|89/100|[from] item: Leftovers
|-heal|p1a: egg|39/100|[from] item: Leftovers
|upkeep
|turn|25
|
|t:|1728781200
|move|p2a: Skarmory|Drill Peck|p1a: egg
|-crit|p1a: egg
|-damage|p1a: egg|0 fnt
|faint|p1a: egg
|
|t:|1728781208
|switch|p1a: Putera|Aerodactyl, F, shiny|100/100
|
|-weather|Sandstorm|[upkeep]
|-heal|p2a: Skarmory|95/100|[from] item: Leftovers
|upkeep
|turn|26
|
|t:|1728781223
|move|p1a: Putera|Ancient Power|p2a: Skarmory
|-damage|p2a: Skarmory|66/100
|move|p2a: Skarmory|Toxic|p1a: Putera
|-status|p1a: Putera|tox
|
|-weather|Sandstorm|[upkeep]
|-damage|p1a: Putera|95/100 tox|[from] psn
|-heal|p2a: Skarmory|72/100|[from] item: Leftovers
|upkeep
|turn|27
|inactive|Zoroark Nidoking has 270 seconds left.
|c|☆Zoroark Nidoking|i love it when i can consistently get 2-3 omniboosts in practice but never in any tournament matches
|
|t:|1728781275
|move|p2a: Skarmory|Protect|p2a: Skarmory
|-singleturn|p2a: Skarmory|Protect
|move|p1a: Putera|Ancient Power|p2a: Skarmory
|-activate|p2a: Skarmory|Protect
|
|-weather|Sandstorm|[upkeep]
|-damage|p1a: Putera|83/100 tox|[from] psn
|-heal|p2a: Skarmory|78/100|[from] item: Leftovers
|upkeep
|turn|28
|inactive|SqueamishCube has 270 seconds left.
|
|t:|1728781311
|move|p1a: Putera|Ancient Power|p2a: Skarmory
|-damage|p2a: Skarmory|47/100
|move|p2a: Skarmory|Drill Peck|p1a: Putera
|-resisted|p1a: Putera
|-damage|p1a: Putera|64/100 tox
|
|-weather|Sandstorm|[upkeep]
|-damage|p1a: Putera|46/100 tox|[from] psn
|-heal|p2a: Skarmory|53/100|[from] item: Leftovers
|upkeep
|turn|29
|
|t:|1728781335
|move|p2a: Skarmory|Protect|p2a: Skarmory
|-singleturn|p2a: Skarmory|Protect
|move|p1a: Putera|Ancient Power|p2a: Skarmory
|-activate|p2a: Skarmory|Protect
|
|-weather|Sandstorm|[upkeep]
|-damage|p1a: Putera|22/100 tox|[from] psn
|-heal|p2a: Skarmory|59/100|[from] item: Leftovers
|upkeep
|turn|30
|
|t:|1728781342
|move|p1a: Putera|Ancient Power|p2a: Skarmory
|-damage|p2a: Skarmory|30/100
|move|p2a: Skarmory|Drill Peck|p1a: Putera
|-resisted|p1a: Putera
|-damage|p1a: Putera|4/100 tox
|
|-weather|Sandstorm|[upkeep]
|-damage|p1a: Putera|0 fnt|[from] psn
|faint|p1a: Putera
|-heal|p2a: Skarmory|36/100|[from] item: Leftovers
|upkeep
|
|t:|1728781351
|switch|p1a: Rockzilla|Tyranitar, M, shiny|28/100
|-damage|p1a: Rockzilla|3/100|[from] Spikes
|turn|31
|
|t:|1728781360
|move|p2a: Skarmory|Protect|p2a: Skarmory
|-singleturn|p2a: Skarmory|Protect
|move|p1a: Rockzilla|Ancient Power|p2a: Skarmory
|-activate|p2a: Skarmory|Protect
|
|-weather|Sandstorm|[upkeep]
|-heal|p2a: Skarmory|42/100|[from] item: Leftovers
|upkeep
|turn|32
|
|t:|1728781372
|switch|p2a: Starmie|Starmie|100/100
|-damage|p2a: Starmie|76/100|[from] Spikes
|move|p1a: Rockzilla|Ancient Power|p2a: Starmie
|-damage|p2a: Starmie|0 fnt
|faint|p2a: Starmie
|
|t:|1728781383
|switch|p2a: Aerodactyl|Aerodactyl, M|100/100
|
|-weather|Sandstorm|[upkeep]
|upkeep
|turn|33
|inactive|Zoroark Nidoking has 270 seconds left.
|
|t:|1728781412
|move|p2a: Aerodactyl|Earthquake|p1a: Rockzilla
|-supereffective|p1a: Rockzilla
|-damage|p1a: Rockzilla|0 fnt
|faint|p1a: Rockzilla
|
|t:|1728781414
|switch|p1a: Spin Bug|Forretress, M, shiny|29/100
|-damage|p1a: Spin Bug|4/100|[from] Spikes
|
|-weather|Sandstorm|[upkeep]
|-heal|p1a: Spin Bug|10/100|[from] item: Leftovers
|upkeep
|turn|34
|
|t:|1728781418
|move|p2a: Aerodactyl|Earthquake|p1a: Spin Bug
|-crit|p1a: Spin Bug
|-damage|p1a: Spin Bug|0 fnt
|faint|p1a: Spin Bug
|inactive|Zoroark Nidoking has 270 seconds left.
|
|t:|1728781440
|switch|p1a: Trapin' Guy|Dugtrio, M|76/100
|-damage|p1a: Trapin' Guy|51/100|[from] Spikes
|
|-weather|Sandstorm|[upkeep]
|upkeep
|turn|35
|
|t:|1728781443
|move|p2a: Aerodactyl|Earthquake|p1a: Trapin' Guy
|-damage|p1a: Trapin' Guy|0 fnt
|faint|p1a: Trapin' Guy
|
|win|SqueamishCube
|player|p1|
|c|☆SqueamishCube|Gh man
|c|☆SqueamishCube|Gg

</script>
<script type="application/json" class="data" id="replaydata-smogtours-gen3ou-797895">
{"id":"smogtours-gen3ou-797895","format":"[Gen 3] OU","players":["Zoroark Nidoking","SqueamishCube"],"uploadtime":1728781443,"views":79,"formatid":"gen3ou","rating":null,"private":0,"password":null}
</script>

<script defer src="js/replays.js?9d40a366"></script>
