<!DOCTYPE html>
<meta charset="utf-8" />
<meta name="viewport" content="width=device-width" />

<title>[Gen 3] OU: Futtoka vs. MenaCicada - Replays - Pok&eacute;mon Showdown!</title>

<meta name="description" content="Watch a replay of a Pok&eacute;mon battle between Futtoka and MenaCicada! Format: [Gen 3] OU; Date: Oct 5, 2024" />
<!--

Hey, you! Looking in the source for the replay log?

You can find them in JSON format, just add `.json` at the end of a replay URL.

https://replay.pokemonshowdown.com/gen7randomdoublesbattle-865046831.json

Or, if you only need the log itself, add `.log` instead:

https://replay.pokemonshowdown.com/gen7randomdoublesbattle-865046831.log

-->

<link rel="stylesheet" href="//pokemonshowdown.com/style/global.css?0.023195364461161105" />
<link rel="stylesheet" href="//play.pokemonshowdown.com/style/font-awesome.css?0.13261647063804238" />
<link rel="stylesheet" href="//play.pokemonshowdown.com/style/battle.css?0.8753245789963631" />
<link rel="stylesheet" href="//play.pokemonshowdown.com/style/utilichart.css?0.8627959624976733" />

<!-- Global site tag (gtag.js) - Google Analytics -->
<script async src="https://www.googletagmanager.com/gtag/js?id=UA-26211653-1"></script>
<script>
  window.dataLayer = window.dataLayer || [];
  function gtag(){dataLayer.push(arguments);}
  gtag('js', new Date());

  gtag('config', 'UA-26211653-1');
</script>
<!-- End Google Analytics -->
<!-- Venatus Ad Manager - Install in <HEAD> of page -->
	<script src="https://hb.vntsm.com/v3/live/ad-manager.min.js" type="text/javascript" data-site-id="642aba63ec9a7b11c3c9c1be" data-mode="scan" async></script>
<!-- / Venatus Ad Manager -->

<style>
	@media (max-width:820px) {
		.battle {
			margin: 0 auto;
		}
		.battle-log {
			margin: 7px auto 0;
			max-width: 640px;
			height: 300px;
			position: static;
		}
	}
	.optgroup {
		display: inline-block;
		line-height: 22px;
		font-size: 10pt;
	}
	.optgroup .button {
		height: 25px;
		padding-top: 0;
		padding-bottom: 0;
	}
	.optgroup button.button {
		padding-left: 12px;
		padding-right: 12px;
	}
	.linklist {
		list-style: none;
		margin: 0.5em 0;
		padding: 0;
	}
	.linklist li {
		padding: 2px 0;
	}
	.sidebar {
		float: left;
		width: 320px;
	}
	.bar-wrapper {
		max-width: 1100px;
		margin: 0 auto;
	}
	.bar-wrapper.has-sidebar {
		max-width: 1430px;
	}
	.mainbar {
		margin: 0;
		padding-right: 1px;
	}
	.mainbar.has-sidebar {
		margin-left: 330px;
	}
	@media (min-width: 1511px) {
		.sidebar {
			width: 400px;
		}
		.bar-wrapper.has-sidebar {
			max-width: 1510px;
		}
		.mainbar.has-sidebar {
			margin-left: 410px;
		}
	}
	.section.first-section {
		margin-top: 9px;
	}
	.blocklink small {
		white-space: normal;
	}
	.button {
		vertical-align: middle;
	}
	.replay-controls {
		padding-top: 10px;
	}
	.replay-controls h1 {
		font-size: 16pt;
		font-weight: normal;
		color: #CCC;
	}
	.pagelink {
		text-align: center;
	}
	.pagelink a {
		width: 150px;
	}
	.textbox, .button {
		font-size: 11pt;
		vertical-align: middle;
	}
	@media (max-width: 450px) {
		.button {
			font-size: 9pt;
		}
	}
</style>

<div>

	<header>
		<div class="nav-wrapper"><ul class="nav">
			<li><a class="button nav-first" href="//pokemonshowdown.com/"><img src="//pokemonshowdown.com/images/pokemonshowdownbeta.png" srcset="//pokemonshowdown.com/images/pokemonshowdownbeta.png 1x, //pokemonshowdown.com/images/pokemonshowdownbeta@2x.png 2x" alt="Pok&eacute;mon Showdown" width="146" height="44" /> Home</a></li>
			<li><a class="button" href="//pokemonshowdown.com/dex/">Pok&eacute;dex</a></li>
			<li><a class="button cur" href="/">Replays</a></li>
			<li><a class="button" href="//pokemonshowdown.com/ladder/">Ladder</a></li>
			<li><a class="button nav-last" href="//pokemonshowdown.com/forums/">Forum</a></li>
			<li><a class="button greenbutton nav-first nav-last" href="//play.pokemonshowdown.com/">Play</a></li>
		</ul></div>
	</header>

	<div class="main" id="main">

		<noscript><section class="section">You need to enable JavaScript to use this page; sorry!</section></noscript>

	</div>

</div>

<script defer nomodule src="//play.pokemonshowdown.com/js/lib/ps-polyfill.js"></script>
<script defer src="//play.pokemonshowdown.com/js/lib/preact.min.js"></script>

<script defer src="//play.pokemonshowdown.com/config/config.js?2bddbc15"></script>
<script defer src="//play.pokemonshowdown.com/js/lib/jquery-1.11.0.min.js"></script>
<script defer src="//play.pokemonshowdown.com/js/lib/html-sanitizer-minified.js"></script>
<script defer src="//play.pokemonshowdown.com/js/battle-sound.js"></script>
<script defer src="//play.pokemonshowdown.com/js/battledata.js?0.7209276989879541"></script>
<script defer src="//play.pokemonshowdown.com/data/pokedex-mini.js?0.6111056340867951"></script>
<script defer src="//play.pokemonshowdown.com/data/pokedex-mini-bw.js?0.3532142036491459"></script>
<script defer src="//play.pokemonshowdown.com/data/graphics.js?0.24223875632456182"></script>
<script defer src="//play.pokemonshowdown.com/data/pokedex.js?0.38839984266356864"></script>
<script defer src="//play.pokemonshowdown.com/data/moves.js?0.21866028504024015"></script>
<script defer src="//play.pokemonshowdown.com/data/abilities.js?0.2005157953846628"></script>
<script defer src="//play.pokemonshowdown.com/data/items.js?0.9894211263848525"></script>
<script defer src="//play.pokemonshowdown.com/data/teambuilder-tables.js?0.6008791140282215"></script>
<script defer src="//play.pokemonshowdown.com/js/battle-tooltips.js?0.7580118955022959"></script>
<script defer src="//play.pokemonshowdown.com/js/battle.js?0.6057722274234274"></script>

<script defer src="js/utils.js?e31f9a17"></script>
<script defer src="js/replays-battle.js?7008c182"></script>

<!-- don't scrape this data! just add .json or .log after the URL!
Full API docs: https://github.com/smogon/pokemon-showdown-client/blob/master/WEB-API.md -->
<script type="text/plain" class="log" id="replaylog-gen3ou-2216348367-8y3hglrykum5egwwjy05hvcfpthima1pw">
|j|☆Futtoka
|j|☆MenaCicada
|t:|1728116257
|gametype|singles
|player|p1|Futtoka|rocketexecutive-gen2|
|player|p2|MenaCicada|skyla|
|teamsize|p1|6
|teamsize|p2|6
|gen|3
|tier|[Gen 3] OU
|rule|Sleep Clause Mod: Limit one foe put to sleep
|rule|Switch Priority Clause Mod: Faster Pokémon switch first
|rule|Species Clause: Limit one of each Pokémon
|rule|OHKO Clause: OHKO moves are banned
|rule|Evasion Items Clause: Evasion items are banned
|rule|Evasion Moves Clause: Evasion moves are banned
|rule|Endless Battle Clause: Forcing endless battles is banned
|rule|HP Percentage Mod: HP is shown in percentages
|rule|One Boost Passer Clause: Limit one Baton Passer that has a way to boost its stats
|rule|Freeze Clause Mod: Limit one foe frozen
|
|t:|1728116257
|start
|switch|p1a: Chocobo|Zapdos|100/100
|switch|p2a: Zapdos|Zapdos|100/100
|turn|1
|inactive|Battle timer is ON: inactive players will automatically lose when time's up. (requested by MenaCicada)
|c|☆Futtoka|hf
|
|t:|1728116276
|switch|p2a: Swampert|Swampert, F|100/100
|move|p1a: Chocobo|Thunderbolt|p2a: Swampert
|-immune|p2a: Swampert
|
|upkeep
|turn|2
|c|☆MenaCicada|U2
|
|t:|1728116281
|switch|p2a: Snorlax|Snorlax, F|100/100
|move|p1a: Chocobo|Toxic|p2a: Snorlax
|-immune|p2a: Snorlax|[from] ability: Immunity
|
|upkeep
|turn|3
|
|t:|1728116289
|-singleturn|p2a: Snorlax|move: Focus Punch
|switch|p1a: Space X|Skarmory, M|100/100
|move|p2a: Snorlax|Focus Punch|p1a: Space X
|-damage|p1a: Space X|67/100
|
|-heal|p1a: Space X|73/100|[from] item: Leftovers
|upkeep
|turn|4
|
|t:|1728116301
|switch|p2a: Charizard|Charizard, M|100/100
|move|p1a: Space X|Spikes|p2a: Charizard
|-sidestart|p2: MenaCicada|Spikes
|
|-heal|p1a: Space X|79/100|[from] item: Leftovers
|upkeep
|turn|5
|
|t:|1728116313
|switch|p1a: King K. Rool|Tyranitar, M|100/100
|-weather|Sandstorm|[from] ability: Sand Stream|[of] p1a: King K. Rool
|move|p2a: Charizard|Fire Blast|p1a: King K. Rool
|-resisted|p1a: King K. Rool
|-damage|p1a: King K. Rool|79/100
|
|-weather|Sandstorm|[upkeep]
|-damage|p2a: Charizard|94/100|[from] Sandstorm
|-heal|p2a: Charizard|100/100|[from] item: Leftovers
|-heal|p1a: King K. Rool|85/100|[from] item: Leftovers
|upkeep
|turn|6
|
|t:|1728116319
|-singleturn|p1a: King K. Rool|move: Focus Punch
|switch|p2a: Swampert|Swampert, F|100/100
|-damage|p2a: Swampert|88/100|[from] Spikes
|move|p1a: King K. Rool|Focus Punch|p2a: Swampert
|-damage|p2a: Swampert|37/100
|
|-weather|Sandstorm|[upkeep]
|-heal|p2a: Swampert|44/100|[from] item: Leftovers
|-heal|p1a: King K. Rool|91/100|[from] item: Leftovers
|upkeep
|turn|7
|
|t:|1728116338
|switch|p1a: Chocobo|Zapdos|100/100
|move|p2a: Swampert|Hydro Pump|p1a: Chocobo
|-damage|p1a: Chocobo|52/100
|
|-weather|Sandstorm|[upkeep]
|-damage|p1a: Chocobo|46/100|[from] Sandstorm
|-heal|p1a: Chocobo|52/100|[from] item: Leftovers
|-heal|p2a: Swampert|50/100|[from] item: Leftovers
|upkeep
|turn|8
|
|t:|1728116345
|move|p1a: Chocobo|Hidden Power|p2a: Swampert
|-damage|p2a: Swampert|19/100
|move|p2a: Swampert|Ice Beam|p1a: Chocobo
|-supereffective|p1a: Chocobo
|-damage|p1a: Chocobo|0 fnt
|faint|p1a: Chocobo
|inactive|Futtoka has 270 seconds left.
|
|t:|1728116372
|switch|p1a: Monoblos|Aerodactyl, M|100/100
|
|-weather|Sandstorm|[upkeep]
|-heal|p2a: Swampert|25/100|[from] item: Leftovers
|upkeep
|turn|9
|
|t:|1728116388
|move|p1a: Monoblos|Double-Edge|p2a: Swampert
|-damage|p2a: Swampert|0 fnt
|faint|p2a: Swampert
|
|t:|1728116393
|switch|p2a: Metagross|Metagross|100/100
|-damage|p2a: Metagross|88/100|[from] Spikes
|
|-weather|Sandstorm|[upkeep]
|-heal|p2a: Metagross|94/100|[from] item: Leftovers
|upkeep
|turn|10
|
|t:|1728116396
|switch|p1a: Space X|Skarmory, M|79/100
|move|p2a: Metagross|Hidden Power|p1a: Space X
|-supereffective|p1a: Space X
|-damage|p1a: Space X|39/100
|
|-weather|Sandstorm|[upkeep]
|-heal|p2a: Metagross|100/100|[from] item: Leftovers
|-heal|p1a: Space X|45/100|[from] item: Leftovers
|upkeep
|turn|11
|
|t:|1728116403
|move|p2a: Metagross|Hidden Power|p1a: Space X
|-supereffective|p1a: Space X
|-damage|p1a: Space X|3/100
|move|p1a: Space X|Spikes|p2a: Metagross
|-sidestart|p2: MenaCicada|Spikes
|
|-weather|Sandstorm|[upkeep]
|-heal|p1a: Space X|9/100|[from] item: Leftovers
|upkeep
|turn|12
|
|t:|1728116411
|switch|p1a: Guren|Swampert, M|100/100
|move|p2a: Metagross|Meteor Mash|p1a: Guren
|-resisted|p1a: Guren
|-damage|p1a: Guren|80/100
|
|-weather|Sandstorm|[upkeep]
|-heal|p1a: Guren|86/100|[from] item: Leftovers
|upkeep
|turn|13
|
|t:|1728116419
|switch|p2a: Breloom|Breloom, M|100/100
|-damage|p2a: Breloom|84/100|[from] Spikes
|switch|p1a: Space X|Skarmory, M|9/100
|
|-weather|Sandstorm|[upkeep]
|-damage|p2a: Breloom|78/100|[from] Sandstorm
|-heal|p2a: Breloom|84/100|[from] item: Leftovers
|-heal|p1a: Space X|15/100|[from] item: Leftovers
|upkeep
|turn|14
|
|t:|1728116429
|move|p2a: Breloom|Spore|p1a: Space X
|-status|p1a: Space X|slp|[from] move: Spore
|cant|p1a: Space X|slp
|
|-weather|Sandstorm|[upkeep]
|-damage|p2a: Breloom|78/100|[from] Sandstorm
|-heal|p2a: Breloom|84/100|[from] item: Leftovers
|-heal|p1a: Space X|21/100 slp|[from] item: Leftovers
|upkeep
|turn|15
|
|t:|1728116435
|-singleturn|p2a: Breloom|move: Focus Punch
|cant|p1a: Space X|slp
|move|p2a: Breloom|Focus Punch|p1a: Space X
|-damage|p1a: Space X|0 fnt
|faint|p1a: Space X
|
|t:|1728116439
|switch|p1a: Monoblos|Aerodactyl, M|100/100
|
|-weather|Sandstorm|[upkeep]
|-damage|p2a: Breloom|78/100|[from] Sandstorm
|-heal|p2a: Breloom|84/100|[from] item: Leftovers
|upkeep
|turn|16
|
|t:|1728116455
|move|p1a: Monoblos|Hidden Power|p2a: Breloom
|-supereffective|p2a: Breloom
|-damage|p2a: Breloom|0 fnt
|faint|p2a: Breloom
|
|t:|1728116460
|switch|p2a: Zapdos|Zapdos|100/100
|
|-weather|Sandstorm|[upkeep]
|-damage|p2a: Zapdos|94/100|[from] Sandstorm
|-heal|p2a: Zapdos|100/100|[from] item: Leftovers
|upkeep
|turn|17
|
|t:|1728116464
|switch|p1a: Nurse Joy|Blissey, F|100/100
|move|p2a: Zapdos|Hidden Power|p1a: Nurse Joy
|-damage|p1a: Nurse Joy|91/100
|
|-weather|Sandstorm|[upkeep]
|-damage|p2a: Zapdos|94/100|[from] Sandstorm
|-damage|p1a: Nurse Joy|85/100|[from] Sandstorm
|-heal|p2a: Zapdos|100/100|[from] item: Leftovers
|-heal|p1a: Nurse Joy|91/100|[from] item: Leftovers
|upkeep
|turn|18
|
|t:|1728116471
|move|p2a: Zapdos|Baton Pass|p2a: Zapdos
|
|t:|1728116473
|switch|p2a: Snorlax|Snorlax, F|100/100|[from] Baton Pass
|-damage|p2a: Snorlax|84/100|[from] Spikes
|move|p1a: Nurse Joy|Ice Beam|p2a: Snorlax
|-damage|p2a: Snorlax|73/100
|-status|p2a: Snorlax|frz
|
|-weather|Sandstorm|[upkeep]
|-damage|p1a: Nurse Joy|85/100|[from] Sandstorm
|-damage|p2a: Snorlax|67/100 frz|[from] Sandstorm
|-heal|p1a: Nurse Joy|91/100|[from] item: Leftovers
|-heal|p2a: Snorlax|73/100 frz|[from] item: Leftovers
|upkeep
|turn|19
|
|t:|1728116482
|switch|p1a: King K. Rool|Tyranitar, M|91/100
|cant|p2a: Snorlax|frz
|
|-weather|Sandstorm|[upkeep]
|-damage|p2a: Snorlax|67/100 frz|[from] Sandstorm
|-heal|p1a: King K. Rool|97/100|[from] item: Leftovers
|-heal|p2a: Snorlax|73/100 frz|[from] item: Leftovers
|upkeep
|turn|20
|
|t:|1728116490
|move|p1a: King K. Rool|Earthquake|p2a: Snorlax
|-damage|p2a: Snorlax|38/100 frz
|cant|p2a: Snorlax|frz
|
|-weather|Sandstorm|[upkeep]
|-damage|p2a: Snorlax|32/100 frz|[from] Sandstorm
|-heal|p1a: King K. Rool|100/100|[from] item: Leftovers
|-heal|p2a: Snorlax|38/100 frz|[from] item: Leftovers
|upkeep
|turn|21
|
|t:|1728116498
|move|p1a: King K. Rool|Rock Slide|p2a: Snorlax
|-damage|p2a: Snorlax|0 fnt
|faint|p2a: Snorlax
|
|t:|1728116504
|switch|p2a: Metagross|Metagross|100/100
|-damage|p2a: Metagross|84/100|[from] Spikes
|
|-weather|Sandstorm|[upkeep]
|-heal|p2a: Metagross|90/100|[from] item: Leftovers
|upkeep
|turn|22
|
|t:|1728116509
|switch|p2a: Charizard|Charizard, M|100/100
|move|p1a: King K. Rool|Earthquake|p2a: Charizard
|-immune|p2a: Charizard
|
|-weather|Sandstorm|[upkeep]
|-damage|p2a: Charizard|94/100|[from] Sandstorm
|-heal|p2a: Charizard|100/100|[from] item: Leftovers
|upkeep
|turn|23
|
|t:|1728116517
|switch|p2a: Metagross|Metagross|90/100
|-damage|p2a: Metagross|74/100|[from] Spikes
|move|p1a: King K. Rool|Rock Slide|p2a: Metagross
|-resisted|p2a: Metagross
|-damage|p2a: Metagross|56/100
|
|-weather|Sandstorm|[upkeep]
|-heal|p2a: Metagross|62/100|[from] item: Leftovers
|upkeep
|turn|24
|
|t:|1728116524
|switch|p1a: Guren|Swampert, M|86/100
|move|p2a: Metagross|Meteor Mash|p1a: Guren
|-resisted|p1a: Guren
|-damage|p1a: Guren|66/100
|
|-weather|Sandstorm|[upkeep]
|-heal|p2a: Metagross|68/100|[from] item: Leftovers
|-heal|p1a: Guren|72/100|[from] item: Leftovers
|upkeep
|turn|25
|
|t:|1728116531
|switch|p2a: Zapdos|Zapdos|100/100
|move|p1a: Guren|Hydro Pump|p2a: Zapdos
|-damage|p2a: Zapdos|40/100
|
|-weather|Sandstorm|[upkeep]
|-damage|p2a: Zapdos|34/100|[from] Sandstorm
|-heal|p2a: Zapdos|40/100|[from] item: Leftovers
|-heal|p1a: Guren|78/100|[from] item: Leftovers
|upkeep
|turn|26
|
|t:|1728116536
|switch|p1a: Nurse Joy|Blissey, F|91/100
|move|p2a: Zapdos|Baton Pass|p2a: Zapdos
|
|t:|1728116539
|switch|p2a: Metagross|Metagross|68/100|[from] Baton Pass
|-damage|p2a: Metagross|52/100|[from] Spikes
|
|-weather|Sandstorm|[upkeep]
|-damage|p1a: Nurse Joy|85/100|[from] Sandstorm
|-heal|p2a: Metagross|58/100|[from] item: Leftovers
|-heal|p1a: Nurse Joy|91/100|[from] item: Leftovers
|upkeep
|turn|27
|
|t:|1728116549
|switch|p1a: Guren|Swampert, M|78/100
|move|p2a: Metagross|Psychic|p1a: Guren
|-damage|p1a: Guren|38/100
|-unboost|p1a: Guren|spd|1
|
|-weather|Sandstorm|[upkeep]
|-heal|p2a: Metagross|64/100|[from] item: Leftovers
|-heal|p1a: Guren|44/100|[from] item: Leftovers
|upkeep
|turn|28
|
|t:|1728116560
|move|p2a: Metagross|Meteor Mash|p1a: Guren
|-resisted|p1a: Guren
|-damage|p1a: Guren|24/100
|-boost|p2a: Metagross|atk|1
|move|p1a: Guren|Hydro Pump|p2a: Metagross
|-damage|p2a: Metagross|0 fnt
|faint|p2a: Metagross
|
|t:|1728116564
|switch|p2a: Charizard|Charizard, M|100/100
|
|-weather|Sandstorm|[upkeep]
|-damage|p2a: Charizard|94/100|[from] Sandstorm
|-heal|p2a: Charizard|100/100|[from] item: Leftovers
|-heal|p1a: Guren|30/100|[from] item: Leftovers
|upkeep
|turn|29
|
|t:|1728116570
|move|p2a: Charizard|Hidden Power|p1a: Guren
|-supereffective|p1a: Guren
|-damage|p1a: Guren|0 fnt
|faint|p1a: Guren
|
|t:|1728116574
|switch|p1a: King K. Rool|Tyranitar, M|100/100
|
|-weather|Sandstorm|[upkeep]
|-damage|p2a: Charizard|94/100|[from] Sandstorm
|-heal|p2a: Charizard|100/100|[from] item: Leftovers
|upkeep
|turn|30
|
|t:|1728116579
|move|p2a: Charizard|Hidden Power|p1a: King K. Rool
|-supereffective|p1a: King K. Rool
|-damage|p1a: King K. Rool|65/100
|move|p1a: King K. Rool|Rock Slide|p2a: Charizard
|-supereffective|p2a: Charizard
|-damage|p2a: Charizard|0 fnt
|faint|p2a: Charizard
|
|t:|1728116580
|switch|p2a: Zapdos|Zapdos|40/100
|
|-weather|Sandstorm|[upkeep]
|-damage|p2a: Zapdos|34/100|[from] Sandstorm
|-heal|p2a: Zapdos|40/100|[from] item: Leftovers
|-heal|p1a: King K. Rool|71/100|[from] item: Leftovers
|upkeep
|turn|31
|
|t:|1728116582
|move|p2a: Zapdos|Thunderbolt|p1a: King K. Rool
|-damage|p1a: King K. Rool|32/100
|-status|p1a: King K. Rool|par
|move|p1a: King K. Rool|Rock Slide|p2a: Zapdos
|-supereffective|p2a: Zapdos
|-damage|p2a: Zapdos|0 fnt
|faint|p2a: Zapdos
|
|win|Futtoka
|c|☆MenaCicada|Gg
|c|☆Futtoka|gg
|l|☆MenaCicada
|player|p2|

</script>
<script type="application/json" class="data" id="replaydata-gen3ou-2216348367-8y3hglrykum5egwwjy05hvcfpthima1pw">
{"id":"gen3ou-2216348367","format":"[Gen 3] OU","players":["Futtoka","MenaCicada"],"uploadtime":1728116588,"views":105,"formatid":"gen3ou","rating":null,"private":1,"password":"8y3hglrykum5egwwjy05hvcfpthima1"}
</script>

<script defer src="js/replays.js?9d40a366"></script>
