<!DOCTYPE html>
<meta charset="utf-8" />
<meta name="viewport" content="width=device-width" />

<title>[Gen 3] OU: Blaniom vs. ThisGuyMuks - Replays - Pok&eacute;mon Showdown!</title>

<meta name="description" content="Watch a replay of a Pok&eacute;mon battle between Blaniom and ThisGuyMuks! Format: [Gen 3] OU; Date: Oct 18, 2024" />
<!--

Hey, you! Looking in the source for the replay log?

You can find them in JSON format, just add `.json` at the end of a replay URL.

https://replay.pokemonshowdown.com/gen7randomdoublesbattle-865046831.json

Or, if you only need the log itself, add `.log` instead:

https://replay.pokemonshowdown.com/gen7randomdoublesbattle-865046831.log

-->

<link rel="stylesheet" href="//pokemonshowdown.com/style/global.css?0.767286132409787" />
<link rel="stylesheet" href="//play.pokemonshowdown.com/style/font-awesome.css?0.9266228007934947" />
<link rel="stylesheet" href="//play.pokemonshowdown.com/style/battle.css?0.7924700842790926" />
<link rel="stylesheet" href="//play.pokemonshowdown.com/style/utilichart.css?0.8777417872839479" />

<!-- Global site tag (gtag.js) - Google Analytics -->
<script async src="https://www.googletagmanager.com/gtag/js?id=UA-26211653-1"></script>
<script>
  window.dataLayer = window.dataLayer || [];
  function gtag(){dataLayer.push(arguments);}
  gtag('js', new Date());

  gtag('config', 'UA-26211653-1');
</script>
<!-- End Google Analytics -->
<!-- Venatus Ad Manager - Install in <HEAD> of page -->
	<script src="https://hb.vntsm.com/v3/live/ad-manager.min.js" type="text/javascript" data-site-id="642aba63ec9a7b11c3c9c1be" data-mode="scan" async></script>
<!-- / Venatus Ad Manager -->

<style>
	@media (max-width:820px) {
		.battle {
			margin: 0 auto;
		}
		.battle-log {
			margin: 7px auto 0;
			max-width: 640px;
			height: 300px;
			position: static;
		}
	}
	.optgroup {
		display: inline-block;
		line-height: 22px;
		font-size: 10pt;
	}
	.optgroup .button {
		height: 25px;
		padding-top: 0;
		padding-bottom: 0;
	}
	.optgroup button.button {
		padding-left: 12px;
		padding-right: 12px;
	}
	.linklist {
		list-style: none;
		margin: 0.5em 0;
		padding: 0;
	}
	.linklist li {
		padding: 2px 0;
	}
	.sidebar {
		float: left;
		width: 320px;
	}
	.bar-wrapper {
		max-width: 1100px;
		margin: 0 auto;
	}
	.bar-wrapper.has-sidebar {
		max-width: 1430px;
	}
	.mainbar {
		margin: 0;
		padding-right: 1px;
	}
	.mainbar.has-sidebar {
		margin-left: 330px;
	}
	@media (min-width: 1511px) {
		.sidebar {
			width: 400px;
		}
		.bar-wrapper.has-sidebar {
			max-width: 1510px;
		}
		.mainbar.has-sidebar {
			margin-left: 410px;
		}
	}
	.section.first-section {
		margin-top: 9px;
	}
	.blocklink small {
		white-space: normal;
	}
	.button {
		vertical-align: middle;
	}
	.replay-controls {
		padding-top: 10px;
	}
	.replay-controls h1 {
		font-size: 16pt;
		font-weight: normal;
		color: #CCC;
	}
	.pagelink {
		text-align: center;
	}
	.pagelink a {
		width: 150px;
	}
	.textbox, .button {
		font-size: 11pt;
		vertical-align: middle;
	}
	@media (max-width: 450px) {
		.button {
			font-size: 9pt;
		}
	}
</style>

<div>

	<header>
		<div class="nav-wrapper"><ul class="nav">
			<li><a class="button nav-first" href="//pokemonshowdown.com/"><img src="//pokemonshowdown.com/images/pokemonshowdownbeta.png" srcset="//pokemonshowdown.com/images/pokemonshowdownbeta.png 1x, //pokemonshowdown.com/images/pokemonshowdownbeta@2x.png 2x" alt="Pok&eacute;mon Showdown" width="146" height="44" /> Home</a></li>
			<li><a class="button" href="//pokemonshowdown.com/dex/">Pok&eacute;dex</a></li>
			<li><a class="button cur" href="/">Replays</a></li>
			<li><a class="button" href="//pokemonshowdown.com/ladder/">Ladder</a></li>
			<li><a class="button nav-last" href="//pokemonshowdown.com/forums/">Forum</a></li>
			<li><a class="button greenbutton nav-first nav-last" href="//play.pokemonshowdown.com/">Play</a></li>
		</ul></div>
	</header>

	<div class="main" id="main">

		<noscript><section class="section">You need to enable JavaScript to use this page; sorry!</section></noscript>

	</div>

</div>

<script defer nomodule src="//play.pokemonshowdown.com/js/lib/ps-polyfill.js"></script>
<script defer src="//play.pokemonshowdown.com/js/lib/preact.min.js"></script>

<script defer src="//play.pokemonshowdown.com/config/config.js?6dec07f6"></script>
<script defer src="//play.pokemonshowdown.com/js/lib/jquery-1.11.0.min.js"></script>
<script defer src="//play.pokemonshowdown.com/js/lib/html-sanitizer-minified.js"></script>
<script defer src="//play.pokemonshowdown.com/js/battle-sound.js"></script>
<script defer src="//play.pokemonshowdown.com/js/battledata.js?0.6315294753075389"></script>
<script defer src="//play.pokemonshowdown.com/data/pokedex-mini.js?0.7603743185311358"></script>
<script defer src="//play.pokemonshowdown.com/data/pokedex-mini-bw.js?0.030888842834281283"></script>
<script defer src="//play.pokemonshowdown.com/data/graphics.js?0.05593094747507488"></script>
<script defer src="//play.pokemonshowdown.com/data/pokedex.js?0.47064822249611904"></script>
<script defer src="//play.pokemonshowdown.com/data/moves.js?0.8583693120512459"></script>
<script defer src="//play.pokemonshowdown.com/data/abilities.js?0.16017181182386842"></script>
<script defer src="//play.pokemonshowdown.com/data/items.js?0.4163379185673943"></script>
<script defer src="//play.pokemonshowdown.com/data/teambuilder-tables.js?0.31075597372830477"></script>
<script defer src="//play.pokemonshowdown.com/js/battle-tooltips.js?0.6536193500708172"></script>
<script defer src="//play.pokemonshowdown.com/js/battle.js?0.1916591943277901"></script>

<script defer src="js/utils.js?e31f9a17"></script>
<script defer src="js/replays-battle.js?7008c182"></script>

<!-- don't scrape this data! just add .json or .log after the URL!
Full API docs: https://github.com/smogon/pokemon-showdown-client/blob/master/WEB-API.md -->
<script type="text/plain" class="log" id="replaylog-smogtours-gen3ou-799610">
|inactive|Battle timer is ON: inactive players will automatically lose when time's up.
|t:|1729276662
|gametype|singles
|player|p1|Blaniom|clerkf|
|player|p2|ThisGuyMuks|169|
|teamsize|p1|6
|teamsize|p2|6
|gen|3
|tier|[Gen 3] OU
|rule|Sleep Clause Mod: Limit one foe put to sleep
|rule|Switch Priority Clause Mod: Faster Pokémon switch first
|rule|Species Clause: Limit one of each Pokémon
|rule|OHKO Clause: OHKO moves are banned
|rule|Evasion Items Clause: Evasion items are banned
|rule|Evasion Moves Clause: Evasion moves are banned
|rule|Endless Battle Clause: Forcing endless battles is banned
|rule|HP Percentage Mod: HP is shown in percentages
|rule|One Boost Passer Clause: Limit one Baton Passer that has a way to boost its stats
|rule|Freeze Clause Mod: Limit one foe frozen
|
|t:|1729276662
|start
|switch|p1a: Magmar|Magmar, F|100/100
|switch|p2a: Zapdos|Zapdos|100/100
|turn|1
|c|☆Blaniom|gl
|c|☆ThisGuyMuks|u2
|c|☆ThisGuyMuks|idek what the fuck this does lol
|inactive|ThisGuyMuks has 270 seconds left.
|c|☆Blaniom|its just a flamy boy
|c|☆Blaniom|girl in fact
|
|t:|1729276707
|move|p2a: Zapdos|Thunderbolt|p1a: Magmar
|-damage|p1a: Magmar|32/100
|move|p1a: Magmar|Thief|p2a: Zapdos
|-damage|p2a: Zapdos|87/100
|-enditem|p2a: Zapdos|Leftovers|[silent]|[from] move: Thief|[of] p1a: Magmar
|-item|p1a: Magmar|Leftovers|[from] move: Thief|[of] p2a: Zapdos
|
|-heal|p1a: Magmar|38/100|[from] item: Leftovers
|upkeep
|turn|2
|
|t:|1729276718
|switch|p1a: Blissey|Blissey, F|100/100
|move|p2a: Zapdos|Thunderbolt|p1a: Blissey
|-damage|p1a: Blissey|84/100
|
|-heal|p1a: Blissey|90/100|[from] item: Leftovers
|upkeep
|turn|3
|inactive|ThisGuyMuks has 270 seconds left.
|
|t:|1729276751
|switch|p2a: Jirachi|Jirachi|100/100
|move|p1a: Blissey|Toxic|p2a: Jirachi
|-immune|p2a: Jirachi
|
|-heal|p1a: Blissey|96/100|[from] item: Leftovers
|upkeep
|turn|4
|
|t:|1729276757
|switch|p1a: Swampert|Swampert, M|100/100
|move|p2a: Jirachi|Body Slam|p1a: Swampert
|-damage|p1a: Swampert|84/100
|
|-heal|p1a: Swampert|90/100|[from] item: Leftovers
|upkeep
|turn|5
|
|t:|1729276766
|move|p1a: Swampert|Protect|p1a: Swampert
|-singleturn|p1a: Swampert|Protect
|move|p2a: Jirachi|Hidden Power|p1a: Swampert
|-activate|p1a: Swampert|Protect
|
|-heal|p1a: Swampert|96/100|[from] item: Leftovers
|upkeep
|turn|6
|
|t:|1729276780
|switch|p1a: Jirachi|Jirachi|100/100
|move|p2a: Jirachi|Hidden Power|p1a: Jirachi
|-resisted|p1a: Jirachi
|-damage|p1a: Jirachi|94/100
|
|-heal|p1a: Jirachi|99/100|[from] item: Leftovers
|upkeep
|turn|7
|
|t:|1729276795
|move|p1a: Jirachi|Substitute|p1a: Jirachi
|-start|p1a: Jirachi|Substitute
|-damage|p1a: Jirachi|75/100
|move|p2a: Jirachi|Fire Punch|p1a: Jirachi
|-supereffective|p1a: Jirachi
|-end|p1a: Jirachi|Substitute
|
|-heal|p1a: Jirachi|81/100|[from] item: Leftovers
|upkeep
|turn|8
|
|t:|1729276799
|move|p1a: Jirachi|Fire Punch|p2a: Jirachi
|-supereffective|p2a: Jirachi
|-damage|p2a: Jirachi|67/100
|move|p2a: Jirachi|Fire Punch|p1a: Jirachi
|-supereffective|p1a: Jirachi
|-damage|p1a: Jirachi|50/100
|-status|p1a: Jirachi|brn
|
|-heal|p1a: Jirachi|56/100 brn|[from] item: Leftovers
|-damage|p1a: Jirachi|44/100 brn|[from] brn
|-heal|p2a: Jirachi|74/100|[from] item: Leftovers
|upkeep
|turn|9
|inactive|ThisGuyMuks has 270 seconds left.
|
|t:|1729276844
|switch|p1a: Magmar|Magmar, F|38/100
|move|p2a: Jirachi|Fire Punch|p1a: Magmar
|-resisted|p1a: Magmar
|-damage|p1a: Magmar|27/100
|
|-heal|p1a: Magmar|33/100|[from] item: Leftovers
|-heal|p2a: Jirachi|80/100|[from] item: Leftovers
|upkeep
|turn|10
|
|t:|1729276849
|switch|p2a: Zapdos|Zapdos|87/100
|move|p1a: Magmar|Fire Blast|p2a: Zapdos
|-damage|p2a: Zapdos|27/100
|
|-heal|p1a: Magmar|39/100|[from] item: Leftovers
|upkeep
|turn|11
|
|t:|1729276858
|switch|p1a: Blissey|Blissey, F|96/100
|move|p2a: Zapdos|Thunderbolt|p1a: Blissey
|-damage|p1a: Blissey|78/100
|
|-heal|p1a: Blissey|84/100|[from] item: Leftovers
|upkeep
|turn|12
|
|t:|1729276861
|switch|p2a: Jirachi|Jirachi|80/100
|move|p1a: Blissey|Wish|p1a: Blissey
|
|-heal|p2a: Jirachi|86/100|[from] item: Leftovers
|-heal|p1a: Blissey|90/100|[from] item: Leftovers
|upkeep
|turn|13
|
|t:|1729276871
|switch|p1a: Jirachi|Jirachi|44/100 brn
|move|p2a: Jirachi|Wish|p2a: Jirachi
|
|-heal|p1a: Jirachi|94/100 brn|[from] move: Wish|[wisher] Blissey
|-heal|p1a: Jirachi|99/100 brn|[from] item: Leftovers
|-damage|p1a: Jirachi|88/100 brn|[from] brn
|-heal|p2a: Jirachi|92/100|[from] item: Leftovers
|upkeep
|turn|14
|
|t:|1729276883
|move|p1a: Jirachi|Fire Punch|p2a: Jirachi
|-supereffective|p2a: Jirachi
|-damage|p2a: Jirachi|58/100
|move|p2a: Jirachi|Fire Punch|p1a: Jirachi
|-supereffective|p1a: Jirachi
|-damage|p1a: Jirachi|58/100 brn
|
|-heal|p2a: Jirachi|100/100|[from] move: Wish|[wisher] Jirachi
|-heal|p1a: Jirachi|64/100 brn|[from] item: Leftovers
|-damage|p1a: Jirachi|51/100 brn|[from] brn
|upkeep
|turn|15
|
|t:|1729276891
|switch|p1a: Blissey|Blissey, F|90/100
|move|p2a: Jirachi|Wish|p2a: Jirachi
|
|-heal|p1a: Blissey|96/100|[from] item: Leftovers
|upkeep
|turn|16
|
|t:|1729276911
|move|p2a: Jirachi|Body Slam|p1a: Blissey
|-damage|p1a: Blissey|79/100
|move|p1a: Blissey|Seismic Toss|p2a: Jirachi
|-damage|p2a: Jirachi|76/100
|
|-heal|p2a: Jirachi|100/100|[from] move: Wish|[wisher] Jirachi
|-heal|p1a: Blissey|86/100|[from] item: Leftovers
|upkeep
|turn|17
|
|t:|1729276915
|move|p2a: Jirachi|Body Slam|p1a: Blissey
|-damage|p1a: Blissey|68/100
|move|p1a: Blissey|Wish|p1a: Blissey
|
|-heal|p1a: Blissey|74/100|[from] item: Leftovers
|upkeep
|turn|18
|
|t:|1729276920
|switch|p1a: Jirachi|Jirachi|51/100 brn
|move|p2a: Jirachi|Fire Punch|p1a: Jirachi
|-supereffective|p1a: Jirachi
|-damage|p1a: Jirachi|23/100 brn
|
|-heal|p1a: Jirachi|73/100 brn|[from] move: Wish|[wisher] Blissey
|-heal|p1a: Jirachi|79/100 brn|[from] item: Leftovers
|-damage|p1a: Jirachi|66/100 brn|[from] brn
|upkeep
|turn|19
|
|t:|1729276926
|switch|p1a: Blissey|Blissey, F|74/100
|move|p2a: Jirachi|Fire Punch|p1a: Blissey
|-damage|p1a: Blissey|68/100
|
|-heal|p1a: Blissey|74/100|[from] item: Leftovers
|upkeep
|turn|20
|
|t:|1729276930
|move|p2a: Jirachi|Wish|p2a: Jirachi
|move|p1a: Blissey|Wish|p1a: Blissey
|
|-heal|p1a: Blissey|80/100|[from] item: Leftovers
|upkeep
|turn|21
|
|t:|1729276935
|switch|p1a: Magmar|Magmar, F|39/100
|move|p2a: Jirachi|Fire Punch|p1a: Magmar
|-resisted|p1a: Magmar
|-damage|p1a: Magmar|27/100
|-status|p2a: Jirachi|brn|[from] ability: Flame Body|[of] p1a: Magmar
|
|-heal|p1a: Magmar|77/100|[from] move: Wish|[wisher] Blissey
|-heal|p1a: Magmar|83/100|[from] item: Leftovers
|-damage|p2a: Jirachi|88/100 brn|[from] brn
|upkeep
|turn|22
|inactive|ThisGuyMuks has 270 seconds left.
|
|t:|1729276967
|switch|p2a: Salamence|Salamence, F|100/100
|-ability|p2a: Salamence|Intimidate|boost
|-unboost|p1a: Magmar|atk|1
|move|p1a: Magmar|Fire Blast|p2a: Salamence
|-resisted|p2a: Salamence
|-damage|p2a: Salamence|67/100
|
|-heal|p1a: Magmar|89/100|[from] item: Leftovers
|-heal|p2a: Salamence|74/100|[from] item: Leftovers
|upkeep
|turn|23
|inactive|ThisGuyMuks has 270 seconds left.
|
|t:|1729276977
|switch|p1a: Swampert|Swampert, M|96/100
|switch|p2a: Tyranitar|Tyranitar, F|100/100
|-weather|Sandstorm|[from] ability: Sand Stream|[of] p2a: Tyranitar
|
|-weather|Sandstorm|[upkeep]
|-heal|p1a: Swampert|100/100|[from] item: Leftovers
|upkeep
|turn|24
|inactive|ThisGuyMuks has 270 seconds left.
|
|t:|1729277006
|switch|p2a: Zapdos|Zapdos|27/100
|move|p1a: Swampert|Earthquake|p2a: Zapdos
|-immune|p2a: Zapdos
|
|-weather|Sandstorm|[upkeep]
|-damage|p2a: Zapdos|20/100|[from] Sandstorm
|upkeep
|turn|25
|
|t:|1729277016
|switch|p1a: Blissey|Blissey, F|80/100
|move|p2a: Zapdos|Toxic|p1a: Blissey
|-status|p1a: Blissey|tox
|
|-weather|Sandstorm|[upkeep]
|-damage|p2a: Zapdos|14/100|[from] Sandstorm
|-damage|p1a: Blissey|74/100 tox|[from] Sandstorm
|-heal|p1a: Blissey|80/100 tox|[from] item: Leftovers
|-damage|p1a: Blissey|74/100 tox|[from] psn
|upkeep
|turn|26
|
|t:|1729277020
|switch|p2a: Jirachi|Jirachi|88/100 brn
|move|p1a: Blissey|Wish|p1a: Blissey
|
|-weather|Sandstorm|[upkeep]
|-damage|p1a: Blissey|68/100 tox|[from] Sandstorm
|-heal|p2a: Jirachi|94/100 brn|[from] item: Leftovers
|-damage|p2a: Jirachi|82/100 brn|[from] brn
|-heal|p1a: Blissey|74/100 tox|[from] item: Leftovers
|-damage|p1a: Blissey|62/100 tox|[from] psn
|upkeep
|turn|27
|
|t:|1729277022
|-curestatus|p1a: Blissey|tox|[from] ability: Natural Cure
|switch|p1a: Magmar|Magmar, F|89/100
|move|p2a: Jirachi|Wish|p2a: Jirachi
|
|-heal|p1a: Magmar|100/100|[from] move: Wish|[wisher] Blissey
|-weather|Sandstorm|[upkeep]
|-damage|p1a: Magmar|95/100|[from] Sandstorm
|-heal|p1a: Magmar|100/100|[from] item: Leftovers
|-heal|p2a: Jirachi|88/100 brn|[from] item: Leftovers
|-damage|p2a: Jirachi|76/100 brn|[from] brn
|upkeep
|turn|28
|inactive|ThisGuyMuks has 270 seconds left.
|
|t:|1729277060
|switch|p1a: Swampert|Swampert, M|100/100
|switch|p2a: Swampert|Swampert, F|100/100
|
|-weather|Sandstorm|[upkeep]
|upkeep
|turn|29
|
|t:|1729277072
|move|p2a: Swampert|Hydro Pump|p1a: Swampert
|-damage|p1a: Swampert|68/100
|move|p1a: Swampert|Earthquake|p2a: Swampert
|-damage|p2a: Swampert|70/100
|
|-weather|Sandstorm|[upkeep]
|-heal|p2a: Swampert|77/100|[from] item: Leftovers
|-heal|p1a: Swampert|74/100|[from] item: Leftovers
|upkeep
|turn|30
|
|t:|1729277083
|move|p1a: Swampert|Protect|p1a: Swampert
|-singleturn|p1a: Swampert|Protect
|move|p2a: Swampert|Hydro Pump|p1a: Swampert
|-activate|p1a: Swampert|Protect
|
|-weather|Sandstorm|[upkeep]
|-heal|p2a: Swampert|83/100|[from] item: Leftovers
|-heal|p1a: Swampert|80/100|[from] item: Leftovers
|upkeep
|turn|31
|
|t:|1729277093
|move|p1a: Swampert|Protect||[still]
|-fail|p1a: Swampert
|move|p2a: Swampert|Hydro Pump|p1a: Swampert
|-damage|p1a: Swampert|46/100
|
|-weather|Sandstorm|[upkeep]
|-heal|p2a: Swampert|89/100|[from] item: Leftovers
|-heal|p1a: Swampert|52/100|[from] item: Leftovers
|upkeep
|turn|32
|
|t:|1729277097
|move|p1a: Swampert|Protect|p1a: Swampert
|-singleturn|p1a: Swampert|Protect
|move|p2a: Swampert|Earthquake|p1a: Swampert
|-activate|p1a: Swampert|Protect
|
|-weather|Sandstorm|[upkeep]
|-heal|p2a: Swampert|95/100|[from] item: Leftovers
|-heal|p1a: Swampert|59/100|[from] item: Leftovers
|upkeep
|turn|33
|
|t:|1729277106
|move|p2a: Swampert|Earthquake|p1a: Swampert
|-damage|p1a: Swampert|26/100
|move|p1a: Swampert|Roar|p2a: Swampert
|drag|p2a: Zapdos|Zapdos|14/100
|
|-weather|Sandstorm|[upkeep]
|-damage|p2a: Zapdos|8/100|[from] Sandstorm
|-heal|p1a: Swampert|33/100|[from] item: Leftovers
|upkeep
|turn|34
|
|t:|1729277120
|move|p1a: Swampert|Protect|p1a: Swampert
|-singleturn|p1a: Swampert|Protect
|move|p2a: Zapdos|Toxic|p1a: Swampert
|-activate|p1a: Swampert|Protect
|
|-weather|Sandstorm|[upkeep]
|-damage|p2a: Zapdos|2/100|[from] Sandstorm
|-heal|p1a: Swampert|39/100|[from] item: Leftovers
|upkeep
|turn|35
|
|t:|1729277126
|switch|p1a: Forretress|Forretress, F|100/100
|move|p2a: Zapdos|Toxic|p1a: Forretress
|-immune|p1a: Forretress
|
|-weather|Sandstorm|[upkeep]
|-damage|p2a: Zapdos|0 fnt|[from] Sandstorm
|faint|p2a: Zapdos
|upkeep
|
|t:|1729277147
|switch|p2a: Heracross|Heracross, F|100/100
|turn|36
|
|t:|1729277160
|switch|p1a: Swampert|Swampert, M|39/100
|move|p2a: Heracross|Substitute|p2a: Heracross
|-start|p2a: Heracross|Substitute
|-damage|p2a: Heracross|76/100
|
|-weather|Sandstorm|[upkeep]
|-damage|p2a: Heracross|70/100|[from] Sandstorm
|-heal|p2a: Heracross|76/100|[from] item: Leftovers
|-heal|p1a: Swampert|45/100|[from] item: Leftovers
|upkeep
|turn|37
|inactive|Blaniom has 270 seconds left.
|
|t:|1729277206
|-singleturn|p2a: Heracross|move: Focus Punch
|move|p1a: Swampert|Protect|p1a: Swampert
|-singleturn|p1a: Swampert|Protect
|move|p2a: Heracross|Focus Punch|p1a: Swampert
|-activate|p1a: Swampert|Protect
|
|-weather|Sandstorm|[upkeep]
|-damage|p2a: Heracross|70/100|[from] Sandstorm
|-heal|p2a: Heracross|76/100|[from] item: Leftovers
|-heal|p1a: Swampert|51/100|[from] item: Leftovers
|upkeep
|turn|38
|inactive|Blaniom has 240 seconds left.
|
|t:|1729277232
|-singleturn|p2a: Heracross|move: Focus Punch
|move|p1a: Swampert|Ice Beam|p2a: Heracross
|-activate|p2a: Heracross|Substitute|[damage]
|move|p2a: Heracross|Focus Punch|p1a: Swampert
|-damage|p1a: Swampert|0 fnt
|faint|p1a: Swampert
|inactive|Blaniom has 240 seconds left.
|
|t:|1729277239
|switch|p1a: Jirachi|Jirachi|66/100 brn
|
|-weather|Sandstorm|[upkeep]
|-damage|p2a: Heracross|70/100|[from] Sandstorm
|-heal|p2a: Heracross|76/100|[from] item: Leftovers
|-heal|p1a: Jirachi|73/100 brn|[from] item: Leftovers
|-damage|p1a: Jirachi|60/100 brn|[from] brn
|upkeep
|turn|39
|
|t:|1729277244
|-singleturn|p2a: Heracross|move: Focus Punch
|move|p1a: Jirachi|Fire Punch|p2a: Heracross
|-supereffective|p2a: Heracross
|-end|p2a: Heracross|Substitute
|move|p2a: Heracross|Focus Punch|p1a: Jirachi
|-damage|p1a: Jirachi|0 fnt
|faint|p1a: Jirachi
|
|t:|1729277247
|switch|p1a: Magmar|Magmar, F|100/100
|
|-weather|Sandstorm|[upkeep]
|-damage|p2a: Heracross|70/100|[from] Sandstorm
|-damage|p1a: Magmar|95/100|[from] Sandstorm
|-heal|p2a: Heracross|76/100|[from] item: Leftovers
|-heal|p1a: Magmar|100/100|[from] item: Leftovers
|upkeep
|turn|40
|inactive|ThisGuyMuks has 270 seconds left.
|
|t:|1729277284
|move|p2a: Heracross|Substitute|p2a: Heracross
|-start|p2a: Heracross|Substitute
|-damage|p2a: Heracross|51/100
|move|p1a: Magmar|Fire Blast|p2a: Heracross
|-supereffective|p2a: Heracross
|-end|p2a: Heracross|Substitute
|
|-weather|Sandstorm|[upkeep]
|-damage|p2a: Heracross|45/100|[from] Sandstorm
|-damage|p1a: Magmar|95/100|[from] Sandstorm
|-heal|p2a: Heracross|51/100|[from] item: Leftovers
|-heal|p1a: Magmar|100/100|[from] item: Leftovers
|upkeep
|turn|41
|inactive|Blaniom has 270 seconds left.
|inactive|ThisGuyMuks has 270 seconds left.
|
|t:|1729277304
|move|p2a: Heracross|Rock Slide|p1a: Magmar
|-supereffective|p1a: Magmar
|-damage|p1a: Magmar|0 fnt
|faint|p1a: Magmar
|
|t:|1729277307
|switch|p1a: Aerodactyl|Aerodactyl, M|100/100
|
|-weather|Sandstorm|[upkeep]
|-damage|p2a: Heracross|45/100|[from] Sandstorm
|-heal|p2a: Heracross|51/100|[from] item: Leftovers
|upkeep
|turn|42
|
|t:|1729277316
|switch|p1a: Forretress|Forretress, F|100/100
|switch|p2a: Swampert|Swampert, F|95/100
|
|-weather|Sandstorm|[upkeep]
|-heal|p2a: Swampert|100/100|[from] item: Leftovers
|upkeep
|turn|43
|inactive|ThisGuyMuks has 270 seconds left.
|
|t:|1729277323
|switch|p2a: Heracross|Heracross, F|51/100
|move|p1a: Forretress|Spikes|p2a: Heracross
|-sidestart|p2: ThisGuyMuks|Spikes
|
|-weather|Sandstorm|[upkeep]
|-damage|p2a: Heracross|45/100|[from] Sandstorm
|-heal|p2a: Heracross|51/100|[from] item: Leftovers
|upkeep
|turn|44
|
|t:|1729277329
|move|p2a: Heracross|Substitute|p2a: Heracross
|-start|p2a: Heracross|Substitute
|-damage|p2a: Heracross|26/100
|move|p1a: Forretress|Hidden Power|p2a: Heracross
|-activate|p2a: Heracross|Substitute|[damage]
|
|-weather|Sandstorm|[upkeep]
|-damage|p2a: Heracross|20/100|[from] Sandstorm
|-heal|p2a: Heracross|26/100|[from] item: Leftovers
|upkeep
|turn|45
|
|t:|1729277334
|-singleturn|p2a: Heracross|move: Focus Punch
|move|p1a: Forretress|Hidden Power|p2a: Heracross
|-end|p2a: Heracross|Substitute
|move|p2a: Heracross|Focus Punch|p1a: Forretress
|-damage|p1a: Forretress|60/100
|
|-weather|Sandstorm|[upkeep]
|-damage|p2a: Heracross|20/100|[from] Sandstorm
|-heal|p2a: Heracross|26/100|[from] item: Leftovers
|-heal|p1a: Forretress|67/100|[from] item: Leftovers
|upkeep
|turn|46
|inactive|ThisGuyMuks has 270 seconds left.
|
|t:|1729277364
|move|p2a: Heracross|Rock Slide|p1a: Forretress
|-damage|p1a: Forretress|54/100
|cant|p1a: Forretress|flinch
|
|-weather|Sandstorm|[upkeep]
|-damage|p2a: Heracross|20/100|[from] Sandstorm
|-heal|p2a: Heracross|26/100|[from] item: Leftovers
|-heal|p1a: Forretress|60/100|[from] item: Leftovers
|upkeep
|turn|47
|inactive|ThisGuyMuks has 270 seconds left.
|
|t:|1729277370
|move|p2a: Heracross|Rock Slide|p1a: Forretress
|-damage|p1a: Forretress|47/100
|cant|p1a: Forretress|flinch
|
|-weather|Sandstorm|[upkeep]
|-damage|p2a: Heracross|20/100|[from] Sandstorm
|-heal|p2a: Heracross|26/100|[from] item: Leftovers
|-heal|p1a: Forretress|53/100|[from] item: Leftovers
|upkeep
|turn|48
|
|t:|1729277374
|move|p2a: Heracross|Rock Slide|p1a: Forretress|[miss]
|-miss|p2a: Heracross|p1a: Forretress
|move|p1a: Forretress|Hidden Power|p2a: Heracross
|-damage|p2a: Heracross|4/100
|
|-weather|Sandstorm|[upkeep]
|-damage|p2a: Heracross|0 fnt|[from] Sandstorm
|faint|p2a: Heracross
|-heal|p1a: Forretress|59/100|[from] item: Leftovers
|upkeep
|
|t:|1729277386
|switch|p2a: Salamence|Salamence, F|74/100
|-ability|p2a: Salamence|Intimidate|boost
|-unboost|p1a: Forretress|atk|1
|turn|49
|
|t:|1729277392
|move|p2a: Salamence|Dragon Dance|p2a: Salamence
|-boost|p2a: Salamence|atk|1
|-boost|p2a: Salamence|spe|1
|move|p1a: Forretress|Spikes|p2a: Salamence
|-sidestart|p2: ThisGuyMuks|Spikes
|
|-weather|Sandstorm|[upkeep]
|-damage|p2a: Salamence|67/100|[from] Sandstorm
|-heal|p2a: Salamence|74/100|[from] item: Leftovers
|-heal|p1a: Forretress|65/100|[from] item: Leftovers
|upkeep
|turn|50
|
|t:|1729277416
|move|p2a: Salamence|Hidden Power|p1a: Forretress
|-damage|p1a: Forretress|30/100
|move|p1a: Forretress|Hidden Power|p2a: Salamence
|-crit|p2a: Salamence
|-damage|p2a: Salamence|40/100
|
|-weather|Sandstorm|[upkeep]
|-damage|p2a: Salamence|34/100|[from] Sandstorm
|-heal|p2a: Salamence|40/100|[from] item: Leftovers
|-heal|p1a: Forretress|36/100|[from] item: Leftovers
|upkeep
|turn|51
|
|t:|1729277430
|move|p2a: Salamence|Hidden Power|p1a: Forretress
|-damage|p1a: Forretress|1/100
|move|p1a: Forretress|Hidden Power|p2a: Salamence
|-damage|p2a: Salamence|27/100
|
|-weather|Sandstorm|[upkeep]
|-damage|p2a: Salamence|21/100|[from] Sandstorm
|-heal|p2a: Salamence|27/100|[from] item: Leftovers
|-heal|p1a: Forretress|8/100|[from] item: Leftovers
|upkeep
|turn|52
|
|t:|1729277435
|move|p2a: Salamence|Hidden Power|p1a: Forretress
|-damage|p1a: Forretress|0 fnt
|faint|p1a: Forretress
|
|t:|1729277437
|switch|p1a: Aerodactyl|Aerodactyl, M|100/100
|
|-weather|Sandstorm|[upkeep]
|-damage|p2a: Salamence|21/100|[from] Sandstorm
|-heal|p2a: Salamence|27/100|[from] item: Leftovers
|upkeep
|turn|53
|
|t:|1729277443
|move|p2a: Salamence|Rock Slide|p1a: Aerodactyl
|-supereffective|p1a: Aerodactyl
|-damage|p1a: Aerodactyl|0 fnt
|faint|p1a: Aerodactyl
|
|t:|1729277444
|switch|p1a: Blissey|Blissey, F|62/100
|
|-weather|Sandstorm|[upkeep]
|-damage|p2a: Salamence|21/100|[from] Sandstorm
|-damage|p1a: Blissey|55/100|[from] Sandstorm
|-heal|p2a: Salamence|27/100|[from] item: Leftovers
|-heal|p1a: Blissey|62/100|[from] item: Leftovers
|upkeep
|turn|54
|
|t:|1729277448
|move|p2a: Salamence|Hidden Power|p1a: Blissey
|-damage|p1a: Blissey|4/100
|move|p1a: Blissey|Seismic Toss|p2a: Salamence
|-damage|p2a: Salamence|0 fnt
|faint|p2a: Salamence
|c|☆Blaniom|gg
|c|☆ThisGuyMuks|ggs
|inactive|ThisGuyMuks has 270 seconds left.
|inactive|ThisGuyMuks has 240 seconds left.
|
|t:|1729277512
|switch|p2a: Jirachi|Jirachi|76/100 brn
|-damage|p2a: Jirachi|59/100 brn|[from] Spikes
|
|-weather|Sandstorm|[upkeep]
|-damage|p1a: Blissey|0 fnt|[from] Sandstorm
|faint|p1a: Blissey
|
|win|ThisGuyMuks
|upkeep
|player|p1|

</script>
<script type="application/json" class="data" id="replaydata-smogtours-gen3ou-799610">
{"id":"smogtours-gen3ou-799610","format":"[Gen 3] OU","players":["Blaniom","ThisGuyMuks"],"uploadtime":1729277512,"views":105,"formatid":"gen3ou","rating":null,"private":1,"password":null}
</script>

<script defer src="js/replays.js?9d40a366"></script>
