<!DOCTYPE html>
<meta charset="utf-8" />
<meta name="viewport" content="width=device-width" />

<title>[Gen 3] OU: muk fan vs. datguycactus - Replays - Pok&eacute;mon Showdown!</title>

<meta name="description" content="Watch a replay of a Pok&eacute;mon battle between muk fan and datguycactus! Format: [Gen 3] OU; Date: Oct 10, 2024" />
<!--

Hey, you! Looking in the source for the replay log?

You can find them in JSON format, just add `.json` at the end of a replay URL.

https://replay.pokemonshowdown.com/gen7randomdoublesbattle-865046831.json

Or, if you only need the log itself, add `.log` instead:

https://replay.pokemonshowdown.com/gen7randomdoublesbattle-865046831.log

-->

<link rel="stylesheet" href="//pokemonshowdown.com/style/global.css?0.023195364461161105" />
<link rel="stylesheet" href="//play.pokemonshowdown.com/style/font-awesome.css?0.13261647063804238" />
<link rel="stylesheet" href="//play.pokemonshowdown.com/style/battle.css?0.8753245789963631" />
<link rel="stylesheet" href="//play.pokemonshowdown.com/style/utilichart.css?0.8627959624976733" />

<!-- Global site tag (gtag.js) - Google Analytics -->
<script async src="https://www.googletagmanager.com/gtag/js?id=UA-26211653-1"></script>
<script>
  window.dataLayer = window.dataLayer || [];
  function gtag(){dataLayer.push(arguments);}
  gtag('js', new Date());

  gtag('config', 'UA-26211653-1');
</script>
<!-- End Google Analytics -->
<!-- Venatus Ad Manager - Install in <HEAD> of page -->
	<script src="https://hb.vntsm.com/v3/live/ad-manager.min.js" type="text/javascript" data-site-id="642aba63ec9a7b11c3c9c1be" data-mode="scan" async></script>
<!-- / Venatus Ad Manager -->

<style>
	@media (max-width:820px) {
		.battle {
			margin: 0 auto;
		}
		.battle-log {
			margin: 7px auto 0;
			max-width: 640px;
			height: 300px;
			position: static;
		}
	}
	.optgroup {
		display: inline-block;
		line-height: 22px;
		font-size: 10pt;
	}
	.optgroup .button {
		height: 25px;
		padding-top: 0;
		padding-bottom: 0;
	}
	.optgroup button.button {
		padding-left: 12px;
		padding-right: 12px;
	}
	.linklist {
		list-style: none;
		margin: 0.5em 0;
		padding: 0;
	}
	.linklist li {
		padding: 2px 0;
	}
	.sidebar {
		float: left;
		width: 320px;
	}
	.bar-wrapper {
		max-width: 1100px;
		margin: 0 auto;
	}
	.bar-wrapper.has-sidebar {
		max-width: 1430px;
	}
	.mainbar {
		margin: 0;
		padding-right: 1px;
	}
	.mainbar.has-sidebar {
		margin-left: 330px;
	}
	@media (min-width: 1511px) {
		.sidebar {
			width: 400px;
		}
		.bar-wrapper.has-sidebar {
			max-width: 1510px;
		}
		.mainbar.has-sidebar {
			margin-left: 410px;
		}
	}
	.section.first-section {
		margin-top: 9px;
	}
	.blocklink small {
		white-space: normal;
	}
	.button {
		vertical-align: middle;
	}
	.replay-controls {
		padding-top: 10px;
	}
	.replay-controls h1 {
		font-size: 16pt;
		font-weight: normal;
		color: #CCC;
	}
	.pagelink {
		text-align: center;
	}
	.pagelink a {
		width: 150px;
	}
	.textbox, .button {
		font-size: 11pt;
		vertical-align: middle;
	}
	@media (max-width: 450px) {
		.button {
			font-size: 9pt;
		}
	}
</style>

<div>

	<header>
		<div class="nav-wrapper"><ul class="nav">
			<li><a class="button nav-first" href="//pokemonshowdown.com/"><img src="//pokemonshowdown.com/images/pokemonshowdownbeta.png" srcset="//pokemonshowdown.com/images/pokemonshowdownbeta.png 1x, //pokemonshowdown.com/images/pokemonshowdownbeta@2x.png 2x" alt="Pok&eacute;mon Showdown" width="146" height="44" /> Home</a></li>
			<li><a class="button" href="//pokemonshowdown.com/dex/">Pok&eacute;dex</a></li>
			<li><a class="button cur" href="/">Replays</a></li>
			<li><a class="button" href="//pokemonshowdown.com/ladder/">Ladder</a></li>
			<li><a class="button nav-last" href="//pokemonshowdown.com/forums/">Forum</a></li>
			<li><a class="button greenbutton nav-first nav-last" href="//play.pokemonshowdown.com/">Play</a></li>
		</ul></div>
	</header>

	<div class="main" id="main">

		<noscript><section class="section">You need to enable JavaScript to use this page; sorry!</section></noscript>

	</div>

</div>

<script defer nomodule src="//play.pokemonshowdown.com/js/lib/ps-polyfill.js"></script>
<script defer src="//play.pokemonshowdown.com/js/lib/preact.min.js"></script>

<script defer src="//play.pokemonshowdown.com/config/config.js?2bddbc15"></script>
<script defer src="//play.pokemonshowdown.com/js/lib/jquery-1.11.0.min.js"></script>
<script defer src="//play.pokemonshowdown.com/js/lib/html-sanitizer-minified.js"></script>
<script defer src="//play.pokemonshowdown.com/js/battle-sound.js"></script>
<script defer src="//play.pokemonshowdown.com/js/battledata.js?0.7209276989879541"></script>
<script defer src="//play.pokemonshowdown.com/data/pokedex-mini.js?0.6111056340867951"></script>
<script defer src="//play.pokemonshowdown.com/data/pokedex-mini-bw.js?0.3532142036491459"></script>
<script defer src="//play.pokemonshowdown.com/data/graphics.js?0.24223875632456182"></script>
<script defer src="//play.pokemonshowdown.com/data/pokedex.js?0.38839984266356864"></script>
<script defer src="//play.pokemonshowdown.com/data/moves.js?0.21866028504024015"></script>
<script defer src="//play.pokemonshowdown.com/data/abilities.js?0.2005157953846628"></script>
<script defer src="//play.pokemonshowdown.com/data/items.js?0.9894211263848525"></script>
<script defer src="//play.pokemonshowdown.com/data/teambuilder-tables.js?0.6008791140282215"></script>
<script defer src="//play.pokemonshowdown.com/js/battle-tooltips.js?0.7580118955022959"></script>
<script defer src="//play.pokemonshowdown.com/js/battle.js?0.6057722274234274"></script>

<script defer src="js/utils.js?e31f9a17"></script>
<script defer src="js/replays-battle.js?7008c182"></script>

<!-- don't scrape this data! just add .json or .log after the URL!
Full API docs: https://github.com/smogon/pokemon-showdown-client/blob/master/WEB-API.md -->
<script type="text/plain" class="log" id="replaylog-smogtours-gen3ou-797059">
|inactive|Battle timer is ON: inactive players will automatically lose when time's up.
|t:|1728599573
|gametype|singles
|player|p1|muk fan|blue|
|player|p2|datguycactus|101|
|teamsize|p1|6
|teamsize|p2|6
|gen|3
|tier|[Gen 3] OU
|rule|Sleep Clause Mod: Limit one foe put to sleep
|rule|Switch Priority Clause Mod: Faster Pokémon switch first
|rule|Species Clause: Limit one of each Pokémon
|rule|OHKO Clause: OHKO moves are banned
|rule|Evasion Items Clause: Evasion items are banned
|rule|Evasion Moves Clause: Evasion moves are banned
|rule|Endless Battle Clause: Forcing endless battles is banned
|rule|HP Percentage Mod: HP is shown in percentages
|rule|One Boost Passer Clause: Limit one Baton Passer that has a way to boost its stats
|rule|Freeze Clause Mod: Limit one foe frozen
|
|t:|1728599573
|start
|switch|p1a: Metagross|Metagross|100/100
|switch|p2a: Regice|Regice|100/100
|turn|1
|
|t:|1728599589
|switch|p2a: Swampert|Swampert, M|100/100
|move|p1a: Metagross|Rock Slide|p2a: Swampert
|-resisted|p2a: Swampert
|-damage|p2a: Swampert|84/100
|
|-heal|p2a: Swampert|90/100|[from] item: Leftovers
|upkeep
|turn|2
|
|t:|1728599599
|switch|p1a: Gengar|Gengar, M|100/100
|move|p2a: Swampert|Surf|p1a: Gengar
|-damage|p1a: Gengar|55/100
|
|-heal|p1a: Gengar|62/100|[from] item: Leftovers
|-heal|p2a: Swampert|97/100|[from] item: Leftovers
|upkeep
|turn|3
|
|t:|1728599605
|switch|p2a: Regice|Regice|100/100
|move|p1a: Gengar|Will-O-Wisp|p2a: Regice|[miss]
|-miss|p1a: Gengar|p2a: Regice
|
|-heal|p1a: Gengar|68/100|[from] item: Leftovers
|upkeep
|turn|4
|
|t:|1728599614
|switch|p1a: Regirock|Regirock|100/100
|move|p2a: Regice|Thunder Wave|p1a: Regirock
|-status|p1a: Regirock|par
|
|upkeep
|turn|5
|
|t:|1728599628
|switch|p2a: Suicune|Suicune|100/100
|move|p1a: Regirock|Superpower|p2a: Suicune
|-damage|p2a: Suicune|75/100
|-unboost|p1a: Regirock|atk|1
|-unboost|p1a: Regirock|def|1
|-enditem|p1a: Regirock|White Herb
|-clearnegativeboost|p1a: Regirock|[silent]
|
|-heal|p2a: Suicune|81/100|[from] item: Leftovers
|upkeep
|turn|6
|
|t:|1728599633
|move|p2a: Suicune|Calm Mind|p2a: Suicune
|-boost|p2a: Suicune|spa|1
|-boost|p2a: Suicune|spd|1
|cant|p1a: Regirock|par
|
|-heal|p2a: Suicune|87/100|[from] item: Leftovers
|upkeep
|turn|7
|
|t:|1728599642
|switch|p2a: Gengar|Gengar, F|100/100
|move|p1a: Regirock|Explosion|p2a: Gengar
|-immune|p2a: Gengar
|faint|p1a: Regirock
|
|t:|1728599648
|switch|p1a: Metagross|Metagross|100/100
|
|upkeep
|turn|8
|
|t:|1728599658
|switch|p2a: Swampert|Swampert, M|97/100
|move|p1a: Metagross|Meteor Mash|p2a: Swampert|[miss]
|-miss|p1a: Metagross|p2a: Swampert
|
|-heal|p2a: Swampert|100/100|[from] item: Leftovers
|upkeep
|turn|9
|
|t:|1728599669
|switch|p1a: Gengar|Gengar, M|68/100
|move|p2a: Swampert|Surf|p1a: Gengar
|-damage|p1a: Gengar|28/100
|
|-heal|p1a: Gengar|34/100|[from] item: Leftovers
|upkeep
|turn|10
|
|t:|1728599681
|switch|p2a: Regice|Regice|100/100
|move|p1a: Gengar|Explosion|p2a: Regice
|-damage|p2a: Regice|28/100
|faint|p1a: Gengar
|
|t:|1728599685
|switch|p1a: Snorlax|Snorlax, M|100/100
|
|-heal|p2a: Regice|34/100|[from] item: Leftovers
|upkeep
|turn|11
|
|t:|1728599688
|move|p2a: Regice|Explosion|p1a: Snorlax
|-damage|p1a: Snorlax|50/100
|faint|p2a: Regice
|
|t:|1728599698
|switch|p2a: Swampert|Swampert, M|100/100
|
|-heal|p1a: Snorlax|56/100|[from] item: Leftovers
|upkeep
|turn|12
|
|t:|1728599700
|move|p2a: Swampert|Earthquake|p1a: Snorlax
|-damage|p1a: Snorlax|23/100
|move|p1a: Snorlax|Body Slam|p2a: Swampert
|-damage|p2a: Swampert|78/100
|
|-heal|p2a: Swampert|84/100|[from] item: Leftovers
|-heal|p1a: Snorlax|29/100|[from] item: Leftovers
|upkeep
|turn|13
|
|t:|1728599716
|switch|p1a: Claydol|Claydol|100/100
|move|p2a: Swampert|Earthquake|p1a: Claydol
|-immune|p1a: Claydol
|
|-heal|p2a: Swampert|91/100|[from] item: Leftovers
|upkeep
|turn|14
|
|t:|1728599729
|move|p2a: Swampert|Protect|p2a: Swampert
|-singleturn|p2a: Swampert|Protect
|move|p1a: Claydol|Psychic|p2a: Swampert
|-activate|p2a: Swampert|Protect
|
|-heal|p2a: Swampert|97/100|[from] item: Leftovers
|upkeep
|turn|15
|
|t:|1728599736
|switch|p2a: Suicune|Suicune|87/100
|move|p1a: Claydol|Psychic|p2a: Suicune
|-damage|p2a: Suicune|72/100
|
|-heal|p2a: Suicune|78/100|[from] item: Leftovers
|upkeep
|turn|16
|
|t:|1728599741
|move|p2a: Suicune|Calm Mind|p2a: Suicune
|-boost|p2a: Suicune|spa|1
|-boost|p2a: Suicune|spd|1
|move|p1a: Claydol|Psychic|p2a: Suicune
|-damage|p2a: Suicune|68/100
|
|-heal|p2a: Suicune|74/100|[from] item: Leftovers
|upkeep
|turn|17
|
|t:|1728599745
|move|p2a: Suicune|Surf|p1a: Claydol
|-supereffective|p1a: Claydol
|-damage|p1a: Claydol|0 fnt
|faint|p1a: Claydol
|
|t:|1728599749
|switch|p1a: Metagross|Metagross|100/100
|
|-heal|p2a: Suicune|80/100|[from] item: Leftovers
|upkeep
|turn|18
|
|t:|1728599755
|move|p2a: Suicune|Surf|p1a: Metagross
|-damage|p1a: Metagross|36/100
|move|p1a: Metagross|Meteor Mash|p2a: Suicune
|-resisted|p2a: Suicune
|-damage|p2a: Suicune|48/100
|
|-heal|p2a: Suicune|54/100|[from] item: Leftovers
|upkeep
|turn|19
|
|t:|1728599759
|move|p2a: Suicune|Surf|p1a: Metagross
|-damage|p1a: Metagross|0 fnt
|faint|p1a: Metagross
|
|t:|1728599760
|switch|p1a: Snorlax|Snorlax, M|29/100
|
|-heal|p2a: Suicune|60/100|[from] item: Leftovers
|-heal|p1a: Snorlax|35/100|[from] item: Leftovers
|upkeep
|turn|20
|
|t:|1728599763
|move|p2a: Suicune|Surf|p1a: Snorlax
|-damage|p1a: Snorlax|10/100
|move|p1a: Snorlax|Body Slam|p2a: Suicune
|-damage|p2a: Suicune|35/100
|-status|p2a: Suicune|par
|
|-heal|p1a: Snorlax|16/100|[from] item: Leftovers
|-heal|p2a: Suicune|41/100 par|[from] item: Leftovers
|upkeep
|turn|21
|
|t:|1728599767
|move|p1a: Snorlax|Shadow Ball|p2a: Suicune
|-damage|p2a: Suicune|26/100 par
|move|p2a: Suicune|Surf|p1a: Snorlax
|-damage|p1a: Snorlax|0 fnt
|faint|p1a: Snorlax
|
|t:|1728599770
|switch|p1a: Suicune|Suicune|100/100
|
|-heal|p2a: Suicune|32/100 par|[from] item: Leftovers
|upkeep
|turn|22
|
|t:|1728599776
|switch|p2a: Gengar|Gengar, F|100/100
|move|p1a: Suicune|Calm Mind|p1a: Suicune
|-boost|p1a: Suicune|spa|1
|-boost|p1a: Suicune|spd|1
|
|upkeep
|turn|23
|
|t:|1728599781
|move|p2a: Gengar|Explosion|p1a: Suicune
|-damage|p1a: Suicune|53/100
|faint|p2a: Gengar
|
|t:|1728599783
|switch|p2a: Dugtrio|Dugtrio, M|100/100
|
|-heal|p1a: Suicune|59/100|[from] item: Leftovers
|upkeep
|turn|24
|
|t:|1728599785
|move|p2a: Dugtrio|Earthquake|p1a: Suicune
|-damage|p1a: Suicune|27/100
|move|p1a: Suicune|Rest|p1a: Suicune
|-status|p1a: Suicune|slp|[from] move: Rest
|-heal|p1a: Suicune|100/100 slp|[silent]
|
|upkeep
|turn|25
|
|t:|1728599788
|move|p2a: Dugtrio|Earthquake|p1a: Suicune
|-damage|p1a: Suicune|71/100 slp
|cant|p1a: Suicune|slp
|move|p1a: Suicune|Sleep Talk|p1a: Suicune
|move|p1a: Suicune|Surf|p2a: Dugtrio|[from]Sleep Talk
|-supereffective|p2a: Dugtrio
|-damage|p2a: Dugtrio|0 fnt
|faint|p2a: Dugtrio
|
|t:|1728599793
|switch|p2a: Suicune|Suicune|32/100 par
|
|-heal|p1a: Suicune|77/100 slp|[from] item: Leftovers
|-heal|p2a: Suicune|38/100 par|[from] item: Leftovers
|upkeep
|turn|26
|
|t:|1728599795
|cant|p1a: Suicune|slp
|move|p1a: Suicune|Sleep Talk|p1a: Suicune
|move|p1a: Suicune|Calm Mind|p1a: Suicune|[from]Sleep Talk
|-boost|p1a: Suicune|spa|1
|-boost|p1a: Suicune|spd|1
|move|p2a: Suicune|Calm Mind|p2a: Suicune
|-boost|p2a: Suicune|spa|1
|-boost|p2a: Suicune|spd|1
|
|-heal|p1a: Suicune|83/100 slp|[from] item: Leftovers
|-heal|p2a: Suicune|45/100 par|[from] item: Leftovers
|upkeep
|turn|27
|
|t:|1728599803
|-curestatus|p1a: Suicune|slp|[msg]
|move|p1a: Suicune|Surf|p2a: Suicune
|-resisted|p2a: Suicune
|-damage|p2a: Suicune|29/100 par
|cant|p2a: Suicune|par
|
|-heal|p1a: Suicune|89/100|[from] item: Leftovers
|-heal|p2a: Suicune|35/100 par|[from] item: Leftovers
|upkeep
|turn|28
|
|t:|1728599807
|move|p1a: Suicune|Surf|p2a: Suicune
|-resisted|p2a: Suicune
|-damage|p2a: Suicune|19/100 par
|move|p2a: Suicune|Rest|p2a: Suicune
|-status|p2a: Suicune|slp|[from] move: Rest
|-heal|p2a: Suicune|100/100 slp|[silent]
|
|-heal|p1a: Suicune|96/100|[from] item: Leftovers
|upkeep
|turn|29
|
|t:|1728599810
|cant|p2a: Suicune|slp
|move|p1a: Suicune|Calm Mind|p1a: Suicune
|-boost|p1a: Suicune|spa|1
|-boost|p1a: Suicune|spd|1
|
|-heal|p1a: Suicune|100/100|[from] item: Leftovers
|upkeep
|turn|30
|
|t:|1728599812
|cant|p2a: Suicune|slp
|move|p1a: Suicune|Calm Mind|p1a: Suicune
|-boost|p1a: Suicune|spa|1
|-boost|p1a: Suicune|spd|1
|
|upkeep
|turn|31
|
|t:|1728599814
|-curestatus|p2a: Suicune|slp|[msg]
|move|p2a: Suicune|Calm Mind|p2a: Suicune
|-boost|p2a: Suicune|spa|1
|-boost|p2a: Suicune|spd|1
|move|p1a: Suicune|Surf|p2a: Suicune
|-resisted|p2a: Suicune
|-damage|p2a: Suicune|84/100
|
|-heal|p2a: Suicune|90/100|[from] item: Leftovers
|upkeep
|turn|32
|
|t:|1728599817
|move|p2a: Suicune|Calm Mind|p2a: Suicune
|-boost|p2a: Suicune|spa|1
|-boost|p2a: Suicune|spd|1
|move|p1a: Suicune|Calm Mind|p1a: Suicune
|-boost|p1a: Suicune|spa|1
|-boost|p1a: Suicune|spd|1
|
|-heal|p2a: Suicune|96/100|[from] item: Leftovers
|upkeep
|turn|33
|
|t:|1728599819
|move|p2a: Suicune|Calm Mind|p2a: Suicune
|-boost|p2a: Suicune|spa|1
|-boost|p2a: Suicune|spd|1
|move|p1a: Suicune|Surf|p2a: Suicune
|-resisted|p2a: Suicune
|-damage|p2a: Suicune|83/100
|
|-heal|p2a: Suicune|89/100|[from] item: Leftovers
|upkeep
|turn|34
|
|t:|1728599821
|move|p2a: Suicune|Calm Mind|p2a: Suicune
|-boost|p2a: Suicune|spa|1
|-boost|p2a: Suicune|spd|1
|move|p1a: Suicune|Calm Mind|p1a: Suicune
|-boost|p1a: Suicune|spa|1
|-boost|p1a: Suicune|spd|1
|
|-heal|p2a: Suicune|95/100|[from] item: Leftovers
|upkeep
|turn|35
|
|t:|1728599822
|move|p2a: Suicune|Calm Mind|p2a: Suicune
|-boost|p2a: Suicune|spa|1
|-boost|p2a: Suicune|spd|1
|move|p1a: Suicune|Surf|p2a: Suicune
|-resisted|p2a: Suicune
|-damage|p2a: Suicune|83/100
|
|-heal|p2a: Suicune|90/100|[from] item: Leftovers
|upkeep
|turn|36
|
|t:|1728599825
|move|p2a: Suicune|Surf|p1a: Suicune
|-resisted|p1a: Suicune
|-damage|p1a: Suicune|88/100
|move|p1a: Suicune|Calm Mind|p1a: Suicune
|-boost|p1a: Suicune|spa|0
|-boost|p1a: Suicune|spd|0
|
|-heal|p2a: Suicune|96/100|[from] item: Leftovers
|-heal|p1a: Suicune|94/100|[from] item: Leftovers
|upkeep
|turn|37
|
|t:|1728599828
|move|p2a: Suicune|Surf|p1a: Suicune
|-resisted|p1a: Suicune
|-damage|p1a: Suicune|80/100
|move|p1a: Suicune|Calm Mind|p1a: Suicune
|-boost|p1a: Suicune|spa|0
|-boost|p1a: Suicune|spd|0
|
|-heal|p2a: Suicune|100/100|[from] item: Leftovers
|-heal|p1a: Suicune|86/100|[from] item: Leftovers
|upkeep
|turn|38
|
|t:|1728599833
|move|p2a: Suicune|Calm Mind|p2a: Suicune
|-boost|p2a: Suicune|spa|0
|-boost|p2a: Suicune|spd|0
|move|p1a: Suicune|Calm Mind|p1a: Suicune
|-boost|p1a: Suicune|spa|0
|-boost|p1a: Suicune|spd|0
|
|-heal|p1a: Suicune|92/100|[from] item: Leftovers
|upkeep
|turn|39
|
|t:|1728599837
|move|p2a: Suicune|Calm Mind|p2a: Suicune
|-boost|p2a: Suicune|spa|0
|-boost|p2a: Suicune|spd|0
|move|p1a: Suicune|Calm Mind|p1a: Suicune
|-boost|p1a: Suicune|spa|0
|-boost|p1a: Suicune|spd|0
|
|-heal|p1a: Suicune|98/100|[from] item: Leftovers
|upkeep
|turn|40
|
|t:|1728599842
|move|p2a: Suicune|Calm Mind|p2a: Suicune
|-boost|p2a: Suicune|spa|0
|-boost|p2a: Suicune|spd|0
|move|p1a: Suicune|Calm Mind|p1a: Suicune
|-boost|p1a: Suicune|spa|0
|-boost|p1a: Suicune|spd|0
|
|-heal|p1a: Suicune|100/100|[from] item: Leftovers
|upkeep
|turn|41
|
|t:|1728599845
|move|p2a: Suicune|Calm Mind|p2a: Suicune
|-boost|p2a: Suicune|spa|0
|-boost|p2a: Suicune|spd|0
|move|p1a: Suicune|Calm Mind|p1a: Suicune
|-boost|p1a: Suicune|spa|0
|-boost|p1a: Suicune|spd|0
|
|upkeep
|turn|42
|
|t:|1728599848
|move|p2a: Suicune|Calm Mind|p2a: Suicune
|-boost|p2a: Suicune|spa|0
|-boost|p2a: Suicune|spd|0
|move|p1a: Suicune|Rest|p1a: Suicune
|-fail|p1a: Suicune|heal
|
|upkeep
|turn|43
|
|t:|1728599850
|move|p2a: Suicune|Calm Mind|p2a: Suicune
|-boost|p2a: Suicune|spa|0
|-boost|p2a: Suicune|spd|0
|move|p1a: Suicune|Sleep Talk|p1a: Suicune
|
|upkeep
|turn|44
|
|t:|1728599857
|move|p2a: Suicune|Calm Mind|p2a: Suicune
|-boost|p2a: Suicune|spa|0
|-boost|p2a: Suicune|spd|0
|move|p1a: Suicune|Calm Mind|p1a: Suicune
|-boost|p1a: Suicune|spa|0
|-boost|p1a: Suicune|spd|0
|
|upkeep
|turn|45
|
|t:|1728599862
|move|p2a: Suicune|Calm Mind|p2a: Suicune
|-boost|p2a: Suicune|spa|0
|-boost|p2a: Suicune|spd|0
|move|p1a: Suicune|Calm Mind|p1a: Suicune
|-boost|p1a: Suicune|spa|0
|-boost|p1a: Suicune|spd|0
|
|upkeep
|turn|46
|
|t:|1728599867
|move|p2a: Suicune|Calm Mind|p2a: Suicune
|-boost|p2a: Suicune|spa|0
|-boost|p2a: Suicune|spd|0
|move|p1a: Suicune|Calm Mind|p1a: Suicune
|-boost|p1a: Suicune|spa|0
|-boost|p1a: Suicune|spd|0
|
|upkeep
|turn|47
|
|t:|1728599878
|move|p2a: Suicune|Calm Mind|p2a: Suicune
|-boost|p2a: Suicune|spa|0
|-boost|p2a: Suicune|spd|0
|move|p1a: Suicune|Calm Mind|p1a: Suicune
|-boost|p1a: Suicune|spa|0
|-boost|p1a: Suicune|spd|0
|
|upkeep
|turn|48
|
|t:|1728599882
|move|p2a: Suicune|Calm Mind|p2a: Suicune
|-boost|p2a: Suicune|spa|0
|-boost|p2a: Suicune|spd|0
|move|p1a: Suicune|Calm Mind|p1a: Suicune
|-boost|p1a: Suicune|spa|0
|-boost|p1a: Suicune|spd|0
|
|upkeep
|turn|49
|
|t:|1728599886
|move|p2a: Suicune|Calm Mind|p2a: Suicune
|-boost|p2a: Suicune|spa|0
|-boost|p2a: Suicune|spd|0
|move|p1a: Suicune|Calm Mind|p1a: Suicune
|-boost|p1a: Suicune|spa|0
|-boost|p1a: Suicune|spd|0
|
|upkeep
|turn|50
|
|t:|1728599890
|move|p2a: Suicune|Calm Mind|p2a: Suicune
|-boost|p2a: Suicune|spa|0
|-boost|p2a: Suicune|spd|0
|move|p1a: Suicune|Calm Mind|p1a: Suicune
|-boost|p1a: Suicune|spa|0
|-boost|p1a: Suicune|spd|0
|
|upkeep
|turn|51
|
|t:|1728599892
|move|p2a: Suicune|Calm Mind|p2a: Suicune
|-boost|p2a: Suicune|spa|0
|-boost|p2a: Suicune|spd|0
|move|p1a: Suicune|Calm Mind|p1a: Suicune
|-boost|p1a: Suicune|spa|0
|-boost|p1a: Suicune|spd|0
|
|upkeep
|turn|52
|
|t:|1728599895
|move|p2a: Suicune|Calm Mind|p2a: Suicune
|-boost|p2a: Suicune|spa|0
|-boost|p2a: Suicune|spd|0
|move|p1a: Suicune|Calm Mind|p1a: Suicune
|-boost|p1a: Suicune|spa|0
|-boost|p1a: Suicune|spd|0
|
|upkeep
|turn|53
|
|t:|1728599897
|move|p2a: Suicune|Calm Mind|p2a: Suicune
|-boost|p2a: Suicune|spa|0
|-boost|p2a: Suicune|spd|0
|move|p1a: Suicune|Calm Mind|p1a: Suicune
|-boost|p1a: Suicune|spa|0
|-boost|p1a: Suicune|spd|0
|
|upkeep
|turn|54
|
|t:|1728599898
|move|p2a: Suicune|Calm Mind|p2a: Suicune
|-boost|p2a: Suicune|spa|0
|-boost|p2a: Suicune|spd|0
|move|p1a: Suicune|Calm Mind|p1a: Suicune
|-boost|p1a: Suicune|spa|0
|-boost|p1a: Suicune|spd|0
|
|upkeep
|turn|55
|
|t:|1728599901
|move|p2a: Suicune|Calm Mind|p2a: Suicune
|-boost|p2a: Suicune|spa|0
|-boost|p2a: Suicune|spd|0
|move|p1a: Suicune|Calm Mind|p1a: Suicune
|-boost|p1a: Suicune|spa|0
|-boost|p1a: Suicune|spd|0
|
|upkeep
|turn|56
|
|t:|1728599903
|move|p2a: Suicune|Calm Mind|p2a: Suicune
|-boost|p2a: Suicune|spa|0
|-boost|p2a: Suicune|spd|0
|move|p1a: Suicune|Calm Mind|p1a: Suicune
|-boost|p1a: Suicune|spa|0
|-boost|p1a: Suicune|spd|0
|
|upkeep
|turn|57
|
|t:|1728599906
|move|p2a: Suicune|Calm Mind|p2a: Suicune
|-boost|p2a: Suicune|spa|0
|-boost|p2a: Suicune|spd|0
|move|p1a: Suicune|Calm Mind|p1a: Suicune
|-boost|p1a: Suicune|spa|0
|-boost|p1a: Suicune|spd|0
|
|upkeep
|turn|58
|
|t:|1728599909
|move|p2a: Suicune|Calm Mind|p2a: Suicune
|-boost|p2a: Suicune|spa|0
|-boost|p2a: Suicune|spd|0
|move|p1a: Suicune|Calm Mind|p1a: Suicune
|-boost|p1a: Suicune|spa|0
|-boost|p1a: Suicune|spd|0
|
|upkeep
|turn|59
|
|t:|1728599912
|move|p2a: Suicune|Calm Mind|p2a: Suicune
|-boost|p2a: Suicune|spa|0
|-boost|p2a: Suicune|spd|0
|move|p1a: Suicune|Calm Mind|p1a: Suicune
|-boost|p1a: Suicune|spa|0
|-boost|p1a: Suicune|spd|0
|
|upkeep
|turn|60
|
|t:|1728599915
|move|p2a: Suicune|Calm Mind|p2a: Suicune
|-boost|p2a: Suicune|spa|0
|-boost|p2a: Suicune|spd|0
|move|p1a: Suicune|Calm Mind|p1a: Suicune
|-boost|p1a: Suicune|spa|0
|-boost|p1a: Suicune|spd|0
|
|upkeep
|turn|61
|
|t:|1728599919
|move|p2a: Suicune|Calm Mind|p2a: Suicune
|-boost|p2a: Suicune|spa|0
|-boost|p2a: Suicune|spd|0
|move|p1a: Suicune|Calm Mind|p1a: Suicune
|-boost|p1a: Suicune|spa|0
|-boost|p1a: Suicune|spd|0
|
|upkeep
|turn|62
|
|t:|1728599924
|move|p2a: Suicune|Rest|p2a: Suicune
|-fail|p2a: Suicune|heal
|move|p1a: Suicune|Calm Mind|p1a: Suicune
|-boost|p1a: Suicune|spa|0
|-boost|p1a: Suicune|spd|0
|
|upkeep
|turn|63
|
|t:|1728599927
|move|p2a: Suicune|Rest|p2a: Suicune
|-fail|p2a: Suicune|heal
|move|p1a: Suicune|Calm Mind|p1a: Suicune
|-boost|p1a: Suicune|spa|0
|-boost|p1a: Suicune|spd|0
|
|upkeep
|turn|64
|
|t:|1728599930
|move|p2a: Suicune|Rest|p2a: Suicune
|-fail|p2a: Suicune|heal
|move|p1a: Suicune|Calm Mind|p1a: Suicune
|-boost|p1a: Suicune|spa|0
|-boost|p1a: Suicune|spd|0
|
|upkeep
|turn|65
|
|t:|1728599934
|move|p2a: Suicune|Rest|p2a: Suicune
|-fail|p2a: Suicune|heal
|move|p1a: Suicune|Rest|p1a: Suicune
|-fail|p1a: Suicune|heal
|
|upkeep
|turn|66
|
|t:|1728599939
|move|p2a: Suicune|Rest|p2a: Suicune
|-fail|p2a: Suicune|heal
|move|p1a: Suicune|Rest|p1a: Suicune
|-fail|p1a: Suicune|heal
|
|upkeep
|turn|67
|
|t:|1728599941
|move|p2a: Suicune|Rest|p2a: Suicune
|-fail|p2a: Suicune|heal
|move|p1a: Suicune|Rest|p1a: Suicune
|-fail|p1a: Suicune|heal
|
|upkeep
|turn|68
|
|t:|1728599944
|move|p2a: Suicune|Rest|p2a: Suicune
|-fail|p2a: Suicune|heal
|move|p1a: Suicune|Rest|p1a: Suicune
|-fail|p1a: Suicune|heal
|
|upkeep
|turn|69
|
|t:|1728599949
|move|p2a: Suicune|Rest|p2a: Suicune
|-fail|p2a: Suicune|heal
|move|p1a: Suicune|Sleep Talk|p1a: Suicune
|
|upkeep
|turn|70
|
|t:|1728599955
|move|p2a: Suicune|Rest|p2a: Suicune
|-fail|p2a: Suicune|heal
|move|p1a: Suicune|Sleep Talk|p1a: Suicune
|
|upkeep
|turn|71
|
|t:|1728599958
|move|p2a: Suicune|Rest|p2a: Suicune
|-fail|p2a: Suicune|heal
|move|p1a: Suicune|Rest|p1a: Suicune
|-fail|p1a: Suicune|heal
|
|upkeep
|turn|72
|
|t:|1728599963
|move|p2a: Suicune|Rest|p2a: Suicune
|-fail|p2a: Suicune|heal
|move|p1a: Suicune|Rest|p1a: Suicune
|-fail|p1a: Suicune|heal
|
|upkeep
|turn|73
|
|t:|1728599969
|move|p2a: Suicune|Rest|p2a: Suicune
|-fail|p2a: Suicune|heal
|move|p1a: Suicune|Sleep Talk|p1a: Suicune
|
|upkeep
|turn|74
|
|t:|1728599974
|move|p2a: Suicune|Rest|p2a: Suicune
|-fail|p2a: Suicune|heal
|move|p1a: Suicune|Sleep Talk|p1a: Suicune
|
|upkeep
|turn|75
|
|t:|1728599979
|move|p2a: Suicune|Ice Beam|p1a: Suicune
|-resisted|p1a: Suicune
|-damage|p1a: Suicune|92/100
|-status|p1a: Suicune|frz
|cant|p1a: Suicune|frz
|
|-heal|p1a: Suicune|98/100 frz|[from] item: Leftovers
|upkeep
|turn|76
|
|t:|1728599987
|move|p2a: Suicune|Rest|p2a: Suicune
|-fail|p2a: Suicune|heal
|cant|p1a: Suicune|frz
|
|-heal|p1a: Suicune|100/100 frz|[from] item: Leftovers
|upkeep
|turn|77
|
|t:|1728599990
|move|p2a: Suicune|Rest|p2a: Suicune
|-fail|p2a: Suicune|heal
|cant|p1a: Suicune|frz
|
|upkeep
|turn|78
|
|t:|1728599991
|move|p2a: Suicune|Surf|p1a: Suicune
|-resisted|p1a: Suicune
|-damage|p1a: Suicune|88/100 frz
|cant|p1a: Suicune|frz
|
|-heal|p1a: Suicune|94/100 frz|[from] item: Leftovers
|upkeep
|turn|79
|
|t:|1728599996
|move|p2a: Suicune|Surf|p1a: Suicune
|-resisted|p1a: Suicune
|-damage|p1a: Suicune|81/100 frz
|cant|p1a: Suicune|frz
|
|-heal|p1a: Suicune|88/100 frz|[from] item: Leftovers
|upkeep
|turn|80
|
|t:|1728599999
|move|p2a: Suicune|Surf|p1a: Suicune
|-resisted|p1a: Suicune
|-damage|p1a: Suicune|74/100 frz
|-curestatus|p1a: Suicune|frz|[msg]
|move|p1a: Suicune|Rest|p1a: Suicune
|-status|p1a: Suicune|slp|[from] move: Rest
|-heal|p1a: Suicune|100/100 slp|[silent]
|
|upkeep
|turn|81
|
|t:|1728600008
|move|p2a: Suicune|Ice Beam|p1a: Suicune
|-resisted|p1a: Suicune
|-damage|p1a: Suicune|91/100 slp
|cant|p1a: Suicune|slp
|move|p1a: Suicune|Sleep Talk|p1a: Suicune
|move|p1a: Suicune|Rest|p1a: Suicune|[from]Sleep Talk
|
|-heal|p1a: Suicune|97/100 slp|[from] item: Leftovers
|upkeep
|turn|82
|
|t:|1728600011
|move|p2a: Suicune|Ice Beam|p1a: Suicune
|-resisted|p1a: Suicune
|-damage|p1a: Suicune|87/100 slp
|cant|p1a: Suicune|slp
|move|p1a: Suicune|Sleep Talk|p1a: Suicune
|cant|p1a: Suicune|nopp|calmmind
|
|-heal|p1a: Suicune|94/100 slp|[from] item: Leftovers
|upkeep
|turn|83
|
|t:|1728600015
|move|p2a: Suicune|Ice Beam|p1a: Suicune
|-resisted|p1a: Suicune
|-damage|p1a: Suicune|84/100 slp
|-curestatus|p1a: Suicune|slp|[msg]
|move|p1a: Suicune|Rest|p1a: Suicune
|-status|p1a: Suicune|slp|[from] move: Rest
|-heal|p1a: Suicune|100/100 slp|[silent]
|
|upkeep
|turn|84
|
|t:|1728600018
|move|p2a: Suicune|Ice Beam|p1a: Suicune
|-resisted|p1a: Suicune
|-damage|p1a: Suicune|91/100 slp
|cant|p1a: Suicune|slp
|move|p1a: Suicune|Sleep Talk|p1a: Suicune
|move|p1a: Suicune|Surf|p2a: Suicune|[from]Sleep Talk
|-resisted|p2a: Suicune
|-damage|p2a: Suicune|90/100
|
|-heal|p2a: Suicune|96/100|[from] item: Leftovers
|-heal|p1a: Suicune|98/100 slp|[from] item: Leftovers
|upkeep
|turn|85
|
|t:|1728600021
|move|p2a: Suicune|Ice Beam|p1a: Suicune
|-resisted|p1a: Suicune
|-damage|p1a: Suicune|88/100 slp
|cant|p1a: Suicune|slp
|
|-heal|p2a: Suicune|100/100|[from] item: Leftovers
|-heal|p1a: Suicune|94/100 slp|[from] item: Leftovers
|upkeep
|turn|86
|
|t:|1728600025
|move|p2a: Suicune|Ice Beam|p1a: Suicune
|-resisted|p1a: Suicune
|-damage|p1a: Suicune|86/100 slp
|-curestatus|p1a: Suicune|slp|[msg]
|move|p1a: Suicune|Surf|p2a: Suicune
|-resisted|p2a: Suicune
|-damage|p2a: Suicune|90/100
|
|-heal|p2a: Suicune|96/100|[from] item: Leftovers
|-heal|p1a: Suicune|92/100|[from] item: Leftovers
|upkeep
|turn|87
|
|t:|1728600032
|move|p2a: Suicune|Ice Beam|p1a: Suicune
|-resisted|p1a: Suicune
|-damage|p1a: Suicune|82/100
|move|p1a: Suicune|Rest|p1a: Suicune
|-status|p1a: Suicune|slp|[from] move: Rest
|-heal|p1a: Suicune|100/100 slp|[silent]
|
|-heal|p2a: Suicune|100/100|[from] item: Leftovers
|upkeep
|turn|88
|
|t:|1728600034
|move|p2a: Suicune|Surf|p1a: Suicune
|-resisted|p1a: Suicune
|-damage|p1a: Suicune|86/100 slp
|cant|p1a: Suicune|slp
|
|-heal|p1a: Suicune|92/100 slp|[from] item: Leftovers
|upkeep
|turn|89
|
|t:|1728600037
|move|p2a: Suicune|Surf|p1a: Suicune
|-resisted|p1a: Suicune
|-damage|p1a: Suicune|79/100 slp
|cant|p1a: Suicune|slp
|
|-heal|p1a: Suicune|85/100 slp|[from] item: Leftovers
|upkeep
|turn|90
|
|t:|1728600046
|move|p2a: Suicune|Surf|p1a: Suicune
|-resisted|p1a: Suicune
|-damage|p1a: Suicune|72/100 slp
|-curestatus|p1a: Suicune|slp|[msg]
|move|p1a: Suicune|Surf|p2a: Suicune
|-resisted|p2a: Suicune
|-damage|p2a: Suicune|90/100
|
|-heal|p2a: Suicune|96/100|[from] item: Leftovers
|-heal|p1a: Suicune|78/100|[from] item: Leftovers
|upkeep
|turn|91
|
|t:|1728600049
|move|p2a: Suicune|Surf|p1a: Suicune
|-resisted|p1a: Suicune
|-damage|p1a: Suicune|64/100
|move|p1a: Suicune|Rest|p1a: Suicune
|-status|p1a: Suicune|slp|[from] move: Rest
|-heal|p1a: Suicune|100/100 slp|[silent]
|
|-heal|p2a: Suicune|100/100|[from] item: Leftovers
|upkeep
|turn|92
|
|t:|1728600053
|move|p2a: Suicune|Surf|p1a: Suicune
|-resisted|p1a: Suicune
|-damage|p1a: Suicune|86/100 slp
|cant|p1a: Suicune|slp
|
|-heal|p1a: Suicune|92/100 slp|[from] item: Leftovers
|upkeep
|turn|93
|
|t:|1728600056
|move|p2a: Suicune|Struggle|p1a: Suicune
|-damage|p1a: Suicune|88/100 slp
|-damage|p2a: Suicune|99/100|[from] Recoil|[of] p1a: Suicune
|cant|p1a: Suicune|slp
|move|p1a: Suicune|Sleep Talk|p1a: Suicune
|move|p1a: Suicune|Surf|p2a: Suicune|[from]Sleep Talk
|-resisted|p2a: Suicune
|-damage|p2a: Suicune|88/100
|
|-heal|p2a: Suicune|94/100|[from] item: Leftovers
|-heal|p1a: Suicune|94/100 slp|[from] item: Leftovers
|upkeep
|turn|94
|
|t:|1728600058
|move|p2a: Suicune|Struggle|p1a: Suicune
|-damage|p1a: Suicune|90/100 slp
|-damage|p2a: Suicune|93/100|[from] Recoil|[of] p1a: Suicune
|-curestatus|p1a: Suicune|slp|[msg]
|move|p1a: Suicune|Sleep Talk|p1a: Suicune
|
|-heal|p2a: Suicune|99/100|[from] item: Leftovers
|-heal|p1a: Suicune|96/100|[from] item: Leftovers
|upkeep
|turn|95
|
|t:|1728600063
|move|p2a: Suicune|Struggle|p1a: Suicune
|-damage|p1a: Suicune|92/100
|-damage|p2a: Suicune|99/100|[from] Recoil|[of] p1a: Suicune
|move|p1a: Suicune|Surf|p2a: Suicune
|-resisted|p2a: Suicune
|-damage|p2a: Suicune|88/100
|
|-heal|p2a: Suicune|94/100|[from] item: Leftovers
|-heal|p1a: Suicune|99/100|[from] item: Leftovers
|upkeep
|turn|96
|
|t:|1728600069
|move|p2a: Suicune|Struggle|p1a: Suicune
|-damage|p1a: Suicune|95/100
|-damage|p2a: Suicune|93/100|[from] Recoil|[of] p1a: Suicune
|move|p1a: Suicune|Rest|p1a: Suicune
|-status|p1a: Suicune|slp|[from] move: Rest
|-heal|p1a: Suicune|100/100 slp|[silent]
|
|-heal|p2a: Suicune|99/100|[from] item: Leftovers
|upkeep
|turn|97
|
|t:|1728600074
|move|p2a: Suicune|Struggle|p1a: Suicune
|-damage|p1a: Suicune|96/100 slp
|-damage|p2a: Suicune|99/100|[from] Recoil|[of] p1a: Suicune
|cant|p1a: Suicune|slp
|move|p1a: Suicune|Sleep Talk|p1a: Suicune
|move|p1a: Suicune|Surf|p2a: Suicune|[from]Sleep Talk
|-resisted|p2a: Suicune
|-damage|p2a: Suicune|87/100
|
|-heal|p2a: Suicune|94/100|[from] item: Leftovers
|-heal|p1a: Suicune|100/100 slp|[from] item: Leftovers
|upkeep
|turn|98
|
|t:|1728600078
|move|p2a: Suicune|Struggle|p1a: Suicune
|-damage|p1a: Suicune|97/100 slp
|-damage|p2a: Suicune|93/100|[from] Recoil|[of] p1a: Suicune
|cant|p1a: Suicune|slp
|move|p1a: Suicune|Sleep Talk|p1a: Suicune
|cant|p1a: Suicune|nopp|calmmind
|
|-heal|p2a: Suicune|99/100|[from] item: Leftovers
|-heal|p1a: Suicune|100/100 slp|[from] item: Leftovers
|upkeep
|turn|99
|
|t:|1728600080
|move|p2a: Suicune|Struggle|p1a: Suicune
|-damage|p1a: Suicune|97/100 slp
|-damage|p2a: Suicune|98/100|[from] Recoil|[of] p1a: Suicune
|-curestatus|p1a: Suicune|slp|[msg]
|move|p1a: Suicune|Sleep Talk|p1a: Suicune
|
|-heal|p2a: Suicune|100/100|[from] item: Leftovers
|-heal|p1a: Suicune|100/100|[from] item: Leftovers
|upkeep
|turn|100
|
|t:|1728600083
|move|p2a: Suicune|Struggle|p1a: Suicune
|-damage|p1a: Suicune|97/100
|-damage|p2a: Suicune|99/100|[from] Recoil|[of] p1a: Suicune
|move|p1a: Suicune|Sleep Talk|p1a: Suicune
|
|-heal|p2a: Suicune|100/100|[from] item: Leftovers
|-heal|p1a: Suicune|100/100|[from] item: Leftovers
|upkeep
|turn|101
|
|t:|1728600098
|move|p2a: Suicune|Struggle|p1a: Suicune
|-damage|p1a: Suicune|96/100
|-damage|p2a: Suicune|99/100|[from] Recoil|[of] p1a: Suicune
|move|p1a: Suicune|Rest|p1a: Suicune
|-status|p1a: Suicune|slp|[from] move: Rest
|-heal|p1a: Suicune|100/100 slp|[silent]
|
|-heal|p2a: Suicune|100/100|[from] item: Leftovers
|upkeep
|turn|102
|
|t:|1728600100
|move|p2a: Suicune|Struggle|p1a: Suicune
|-damage|p1a: Suicune|97/100 slp
|-damage|p2a: Suicune|99/100|[from] Recoil|[of] p1a: Suicune
|cant|p1a: Suicune|slp
|
|-heal|p2a: Suicune|100/100|[from] item: Leftovers
|-heal|p1a: Suicune|100/100 slp|[from] item: Leftovers
|upkeep
|turn|103
|
|t:|1728600103
|move|p2a: Suicune|Struggle|p1a: Suicune
|-damage|p1a: Suicune|97/100 slp
|-damage|p2a: Suicune|99/100|[from] Recoil|[of] p1a: Suicune
|cant|p1a: Suicune|slp
|
|-heal|p2a: Suicune|100/100|[from] item: Leftovers
|-heal|p1a: Suicune|100/100 slp|[from] item: Leftovers
|upkeep
|turn|104
|
|t:|1728600106
|move|p2a: Suicune|Struggle|p1a: Suicune
|-damage|p1a: Suicune|97/100 slp
|-damage|p2a: Suicune|99/100|[from] Recoil|[of] p1a: Suicune
|-curestatus|p1a: Suicune|slp|[msg]
|move|p1a: Suicune|Surf|p2a: Suicune
|-resisted|p2a: Suicune
|-damage|p2a: Suicune|89/100
|
|-heal|p2a: Suicune|95/100|[from] item: Leftovers
|-heal|p1a: Suicune|100/100|[from] item: Leftovers
|upkeep
|turn|105
|
|t:|1728600109
|move|p2a: Suicune|Struggle|p1a: Suicune
|-damage|p1a: Suicune|97/100
|-damage|p2a: Suicune|94/100|[from] Recoil|[of] p1a: Suicune
|move|p1a: Suicune|Surf|p2a: Suicune
|-resisted|p2a: Suicune
|-damage|p2a: Suicune|82/100
|
|-heal|p2a: Suicune|88/100|[from] item: Leftovers
|-heal|p1a: Suicune|100/100|[from] item: Leftovers
|upkeep
|turn|106
|
|t:|1728600111
|move|p2a: Suicune|Struggle|p1a: Suicune
|-damage|p1a: Suicune|97/100
|-damage|p2a: Suicune|87/100|[from] Recoil|[of] p1a: Suicune
|move|p1a: Suicune|Rest|p1a: Suicune
|-status|p1a: Suicune|slp|[from] move: Rest
|-heal|p1a: Suicune|100/100 slp|[silent]
|
|-heal|p2a: Suicune|94/100|[from] item: Leftovers
|upkeep
|turn|107
|
|t:|1728600113
|move|p2a: Suicune|Struggle|p1a: Suicune
|-damage|p1a: Suicune|96/100 slp
|-damage|p2a: Suicune|93/100|[from] Recoil|[of] p1a: Suicune
|cant|p1a: Suicune|slp
|
|-heal|p2a: Suicune|99/100|[from] item: Leftovers
|-heal|p1a: Suicune|100/100 slp|[from] item: Leftovers
|upkeep
|turn|108
|
|t:|1728600115
|move|p2a: Suicune|Struggle|p1a: Suicune
|-damage|p1a: Suicune|97/100 slp
|-damage|p2a: Suicune|98/100|[from] Recoil|[of] p1a: Suicune
|cant|p1a: Suicune|slp
|
|-heal|p2a: Suicune|100/100|[from] item: Leftovers
|-heal|p1a: Suicune|100/100 slp|[from] item: Leftovers
|upkeep
|turn|109
|
|t:|1728600117
|move|p2a: Suicune|Struggle|p1a: Suicune
|-damage|p1a: Suicune|96/100 slp
|-damage|p2a: Suicune|99/100|[from] Recoil|[of] p1a: Suicune
|-curestatus|p1a: Suicune|slp|[msg]
|move|p1a: Suicune|Surf|p2a: Suicune
|-resisted|p2a: Suicune
|-crit|p2a: Suicune
|-damage|p2a: Suicune|3/100
|
|-heal|p2a: Suicune|9/100|[from] item: Leftovers
|-heal|p1a: Suicune|100/100|[from] item: Leftovers
|upkeep
|turn|110
|
|t:|1728600122
|move|p2a: Suicune|Struggle|p1a: Suicune
|-damage|p1a: Suicune|97/100
|-damage|p2a: Suicune|8/100|[from] Recoil|[of] p1a: Suicune
|move|p1a: Suicune|Surf|p2a: Suicune
|-resisted|p2a: Suicune
|-damage|p2a: Suicune|0 fnt
|faint|p2a: Suicune
|
|t:|1728600130
|switch|p2a: Swampert|Swampert, M|97/100
|
|-heal|p1a: Suicune|100/100|[from] item: Leftovers
|-heal|p2a: Swampert|100/100|[from] item: Leftovers
|upkeep
|turn|111
|
|t:|1728600135
|move|p2a: Swampert|Protect|p2a: Swampert
|-singleturn|p2a: Swampert|Protect
|move|p1a: Suicune|Rest|p1a: Suicune
|-fail|p1a: Suicune|heal
|
|upkeep
|turn|112
|
|t:|1728600139
|move|p1a: Suicune|Struggle|p2a: Swampert
|-crit|p2a: Swampert
|-damage|p2a: Swampert|91/100
|-damage|p1a: Suicune|98/100|[from] Recoil|[of] p2a: Swampert
|move|p2a: Swampert|Earthquake|p1a: Suicune
|-damage|p1a: Suicune|75/100
|
|-heal|p1a: Suicune|81/100|[from] item: Leftovers
|-heal|p2a: Swampert|97/100|[from] item: Leftovers
|upkeep
|turn|113
|
|t:|1728600141
|move|p1a: Suicune|Struggle|p2a: Swampert
|-damage|p2a: Swampert|92/100
|-damage|p1a: Suicune|80/100|[from] Recoil|[of] p2a: Swampert
|move|p2a: Swampert|Earthquake|p1a: Suicune
|-damage|p1a: Suicune|59/100
|
|-heal|p1a: Suicune|65/100|[from] item: Leftovers
|-heal|p2a: Swampert|98/100|[from] item: Leftovers
|upkeep
|turn|114
|
|t:|1728600143
|move|p1a: Suicune|Struggle|p2a: Swampert
|-damage|p2a: Swampert|93/100
|-damage|p1a: Suicune|64/100|[from] Recoil|[of] p2a: Swampert
|move|p2a: Swampert|Earthquake|p1a: Suicune
|-damage|p1a: Suicune|41/100
|
|-heal|p1a: Suicune|48/100|[from] item: Leftovers
|-heal|p2a: Swampert|99/100|[from] item: Leftovers
|upkeep
|turn|115
|c|☆muk fan|gg
|
|t:|1728600145
|move|p1a: Suicune|Struggle|p2a: Swampert
|-damage|p2a: Swampert|94/100
|-damage|p1a: Suicune|46/100|[from] Recoil|[of] p2a: Swampert
|move|p2a: Swampert|Earthquake|p1a: Suicune
|-damage|p1a: Suicune|24/100
|
|-heal|p1a: Suicune|30/100|[from] item: Leftovers
|-heal|p2a: Swampert|99/100|[from] item: Leftovers
|upkeep
|turn|116
|c|☆datguycactus|gg
|c|☆datguycactus|close one
|
|t:|1728600151
|move|p1a: Suicune|Struggle|p2a: Swampert
|-damage|p2a: Swampert|95/100
|-damage|p1a: Suicune|29/100|[from] Recoil|[of] p2a: Swampert
|move|p2a: Swampert|Earthquake|p1a: Suicune
|-damage|p1a: Suicune|6/100
|
|-heal|p1a: Suicune|12/100|[from] item: Leftovers
|-heal|p2a: Swampert|100/100|[from] item: Leftovers
|upkeep
|turn|117
|
|t:|1728600154
|move|p1a: Suicune|Struggle|p2a: Swampert
|-damage|p2a: Swampert|96/100
|-damage|p1a: Suicune|11/100|[from] Recoil|[of] p2a: Swampert
|move|p2a: Swampert|Earthquake|p1a: Suicune
|-damage|p1a: Suicune|0 fnt
|faint|p1a: Suicune
|
|win|datguycactus

</script>
<script type="application/json" class="data" id="replaydata-smogtours-gen3ou-797059">
{"id":"smogtours-gen3ou-797059","format":"[Gen 3] OU","players":["muk fan","datguycactus"],"uploadtime":1728600154,"views":96,"formatid":"gen3ou","rating":null,"private":0,"password":null}
</script>

<script defer src="js/replays.js?9d40a366"></script>
