<!DOCTYPE html>
<meta charset="utf-8" />
<meta name="viewport" content="width=device-width" />

<title>[Gen 3] OU: Just_Leonardo vs. Johnathan Gamer - Replays - Pok&eacute;mon Showdown!</title>

<meta name="description" content="Watch a replay of a Pok&eacute;mon battle between Just_Leonardo and Johnathan Gamer! Format: [Gen 3] OU; Date: Oct 12, 2024" />
<!--

Hey, you! Looking in the source for the replay log?

You can find them in JSON format, just add `.json` at the end of a replay URL.

https://replay.pokemonshowdown.com/gen7randomdoublesbattle-865046831.json

Or, if you only need the log itself, add `.log` instead:

https://replay.pokemonshowdown.com/gen7randomdoublesbattle-865046831.log

-->

<link rel="stylesheet" href="//pokemonshowdown.com/style/global.css?0.023195364461161105" />
<link rel="stylesheet" href="//play.pokemonshowdown.com/style/font-awesome.css?0.13261647063804238" />
<link rel="stylesheet" href="//play.pokemonshowdown.com/style/battle.css?0.8753245789963631" />
<link rel="stylesheet" href="//play.pokemonshowdown.com/style/utilichart.css?0.8627959624976733" />

<!-- Global site tag (gtag.js) - Google Analytics -->
<script async src="https://www.googletagmanager.com/gtag/js?id=UA-26211653-1"></script>
<script>
  window.dataLayer = window.dataLayer || [];
  function gtag(){dataLayer.push(arguments);}
  gtag('js', new Date());

  gtag('config', 'UA-26211653-1');
</script>
<!-- End Google Analytics -->
<!-- Venatus Ad Manager - Install in <HEAD> of page -->
	<script src="https://hb.vntsm.com/v3/live/ad-manager.min.js" type="text/javascript" data-site-id="642aba63ec9a7b11c3c9c1be" data-mode="scan" async></script>
<!-- / Venatus Ad Manager -->

<style>
	@media (max-width:820px) {
		.battle {
			margin: 0 auto;
		}
		.battle-log {
			margin: 7px auto 0;
			max-width: 640px;
			height: 300px;
			position: static;
		}
	}
	.optgroup {
		display: inline-block;
		line-height: 22px;
		font-size: 10pt;
	}
	.optgroup .button {
		height: 25px;
		padding-top: 0;
		padding-bottom: 0;
	}
	.optgroup button.button {
		padding-left: 12px;
		padding-right: 12px;
	}
	.linklist {
		list-style: none;
		margin: 0.5em 0;
		padding: 0;
	}
	.linklist li {
		padding: 2px 0;
	}
	.sidebar {
		float: left;
		width: 320px;
	}
	.bar-wrapper {
		max-width: 1100px;
		margin: 0 auto;
	}
	.bar-wrapper.has-sidebar {
		max-width: 1430px;
	}
	.mainbar {
		margin: 0;
		padding-right: 1px;
	}
	.mainbar.has-sidebar {
		margin-left: 330px;
	}
	@media (min-width: 1511px) {
		.sidebar {
			width: 400px;
		}
		.bar-wrapper.has-sidebar {
			max-width: 1510px;
		}
		.mainbar.has-sidebar {
			margin-left: 410px;
		}
	}
	.section.first-section {
		margin-top: 9px;
	}
	.blocklink small {
		white-space: normal;
	}
	.button {
		vertical-align: middle;
	}
	.replay-controls {
		padding-top: 10px;
	}
	.replay-controls h1 {
		font-size: 16pt;
		font-weight: normal;
		color: #CCC;
	}
	.pagelink {
		text-align: center;
	}
	.pagelink a {
		width: 150px;
	}
	.textbox, .button {
		font-size: 11pt;
		vertical-align: middle;
	}
	@media (max-width: 450px) {
		.button {
			font-size: 9pt;
		}
	}
</style>

<div>

	<header>
		<div class="nav-wrapper"><ul class="nav">
			<li><a class="button nav-first" href="//pokemonshowdown.com/"><img src="//pokemonshowdown.com/images/pokemonshowdownbeta.png" srcset="//pokemonshowdown.com/images/pokemonshowdownbeta.png 1x, //pokemonshowdown.com/images/pokemonshowdownbeta@2x.png 2x" alt="Pok&eacute;mon Showdown" width="146" height="44" /> Home</a></li>
			<li><a class="button" href="//pokemonshowdown.com/dex/">Pok&eacute;dex</a></li>
			<li><a class="button cur" href="/">Replays</a></li>
			<li><a class="button" href="//pokemonshowdown.com/ladder/">Ladder</a></li>
			<li><a class="button nav-last" href="//pokemonshowdown.com/forums/">Forum</a></li>
			<li><a class="button greenbutton nav-first nav-last" href="//play.pokemonshowdown.com/">Play</a></li>
		</ul></div>
	</header>

	<div class="main" id="main">

		<noscript><section class="section">You need to enable JavaScript to use this page; sorry!</section></noscript>

	</div>

</div>

<script defer nomodule src="//play.pokemonshowdown.com/js/lib/ps-polyfill.js"></script>
<script defer src="//play.pokemonshowdown.com/js/lib/preact.min.js"></script>

<script defer src="//play.pokemonshowdown.com/config/config.js?2bddbc15"></script>
<script defer src="//play.pokemonshowdown.com/js/lib/jquery-1.11.0.min.js"></script>
<script defer src="//play.pokemonshowdown.com/js/lib/html-sanitizer-minified.js"></script>
<script defer src="//play.pokemonshowdown.com/js/battle-sound.js"></script>
<script defer src="//play.pokemonshowdown.com/js/battledata.js?0.7209276989879541"></script>
<script defer src="//play.pokemonshowdown.com/data/pokedex-mini.js?0.6111056340867951"></script>
<script defer src="//play.pokemonshowdown.com/data/pokedex-mini-bw.js?0.3532142036491459"></script>
<script defer src="//play.pokemonshowdown.com/data/graphics.js?0.24223875632456182"></script>
<script defer src="//play.pokemonshowdown.com/data/pokedex.js?0.38839984266356864"></script>
<script defer src="//play.pokemonshowdown.com/data/moves.js?0.21866028504024015"></script>
<script defer src="//play.pokemonshowdown.com/data/abilities.js?0.2005157953846628"></script>
<script defer src="//play.pokemonshowdown.com/data/items.js?0.9894211263848525"></script>
<script defer src="//play.pokemonshowdown.com/data/teambuilder-tables.js?0.6008791140282215"></script>
<script defer src="//play.pokemonshowdown.com/js/battle-tooltips.js?0.7580118955022959"></script>
<script defer src="//play.pokemonshowdown.com/js/battle.js?0.6057722274234274"></script>

<script defer src="js/utils.js?e31f9a17"></script>
<script defer src="js/replays-battle.js?7008c182"></script>

<!-- don't scrape this data! just add .json or .log after the URL!
Full API docs: https://github.com/smogon/pokemon-showdown-client/blob/master/WEB-API.md -->
<script type="text/plain" class="log" id="replaylog-smogtours-gen3ou-797398">
|inactive|Battle timer is ON: inactive players will automatically lose when time's up.
|t:|1728736223
|gametype|singles
|player|p1|Just_Leonardo|hiker-gen4|
|player|p2|Johnathan Gamer|fisherman-gen4|
|teamsize|p1|6
|teamsize|p2|6
|gen|3
|tier|[Gen 3] OU
|rule|Sleep Clause Mod: Limit one foe put to sleep
|rule|Switch Priority Clause Mod: Faster Pokémon switch first
|rule|Species Clause: Limit one of each Pokémon
|rule|OHKO Clause: OHKO moves are banned
|rule|Evasion Items Clause: Evasion items are banned
|rule|Evasion Moves Clause: Evasion moves are banned
|rule|Endless Battle Clause: Forcing endless battles is banned
|rule|HP Percentage Mod: HP is shown in percentages
|rule|One Boost Passer Clause: Limit one Baton Passer that has a way to boost its stats
|rule|Freeze Clause Mod: Limit one foe frozen
|
|t:|1728736223
|start
|switch|p1a: Cogito|Metagross, shiny|100/100
|switch|p2a: Skarmory|Skarmory, F|100/100
|turn|1
|c|☆Johnathan Gamer|hf
|inactive|Just_Leonardo has 270 seconds left.
|c|☆Just_Leonardo|hf
|
|t:|1728736275
|switch|p1a: Drake|Salamence, M|100/100
|-ability|p1a: Drake|Intimidate|boost
|-unboost|p2a: Skarmory|atk|1
|move|p2a: Skarmory|Spikes|p1a: Drake
|-sidestart|p1: Just_Leonardo|Spikes
|
|upkeep
|turn|2
|
|t:|1728736281
|switch|p2a: Tyranitar|Tyranitar, M|100/100
|-weather|Sandstorm|[from] ability: Sand Stream|[of] p2a: Tyranitar
|move|p1a: Drake|Fire Blast|p2a: Tyranitar
|-resisted|p2a: Tyranitar
|-damage|p2a: Tyranitar|84/100
|
|-weather|Sandstorm|[upkeep]
|-damage|p1a: Drake|94/100|[from] Sandstorm
|-heal|p1a: Drake|100/100|[from] item: Leftovers
|-heal|p2a: Tyranitar|90/100|[from] item: Leftovers
|upkeep
|turn|3
|inactive|Just_Leonardo has 270 seconds left.
|
|t:|1728736315
|switch|p1a: Cogito|Metagross, shiny|100/100
|-damage|p1a: Cogito|88/100|[from] Spikes
|move|p2a: Tyranitar|Ice Beam|p1a: Cogito
|-resisted|p1a: Cogito
|-damage|p1a: Cogito|74/100
|
|-weather|Sandstorm|[upkeep]
|-heal|p1a: Cogito|80/100|[from] item: Leftovers
|-heal|p2a: Tyranitar|96/100|[from] item: Leftovers
|upkeep
|turn|4
|inactive|Just_Leonardo has 270 seconds left.
|
|t:|1728736331
|switch|p1a: Eye see you|Claydol|100/100
|switch|p2a: Skarmory|Skarmory, F|100/100
|
|-weather|Sandstorm|[upkeep]
|upkeep
|turn|5
|inactive|Just_Leonardo has 270 seconds left.
|inactive|Johnathan Gamer has 270 seconds left.
|
|t:|1728736361
|move|p1a: Eye see you|Rapid Spin|p2a: Skarmory
|-resisted|p2a: Skarmory
|-damage|p2a: Skarmory|99/100
|-sideend|p1: Just_Leonardo|Spikes|[from] move: Rapid Spin|[of] p1a: Eye see you
|move|p2a: Skarmory|Drill Peck|p1a: Eye see you
|-damage|p1a: Eye see you|78/100
|
|-weather|Sandstorm|[upkeep]
|-heal|p1a: Eye see you|84/100|[from] item: Leftovers
|-heal|p2a: Skarmory|100/100|[from] item: Leftovers
|upkeep
|turn|6
|
|t:|1728736371
|move|p1a: Eye see you|Psychic|p2a: Skarmory
|-resisted|p2a: Skarmory
|-damage|p2a: Skarmory|90/100
|move|p2a: Skarmory|Spikes|p1a: Eye see you
|-sidestart|p1: Just_Leonardo|Spikes
|
|-weather|Sandstorm|[upkeep]
|-heal|p1a: Eye see you|90/100|[from] item: Leftovers
|-heal|p2a: Skarmory|96/100|[from] item: Leftovers
|upkeep
|turn|7
|
|t:|1728736376
|move|p1a: Eye see you|Rapid Spin|p2a: Skarmory
|-resisted|p2a: Skarmory
|-damage|p2a: Skarmory|95/100
|-sideend|p1: Just_Leonardo|Spikes|[from] move: Rapid Spin|[of] p1a: Eye see you
|move|p2a: Skarmory|Drill Peck|p1a: Eye see you
|-damage|p1a: Eye see you|67/100
|
|-weather|Sandstorm|[upkeep]
|-heal|p1a: Eye see you|73/100|[from] item: Leftovers
|-heal|p2a: Skarmory|100/100|[from] item: Leftovers
|upkeep
|turn|8
|inactive|Just_Leonardo has 270 seconds left.
|
|t:|1728736383
|switch|p1a: Drake|Salamence, M|100/100
|-ability|p1a: Drake|Intimidate|boost
|-unboost|p2a: Skarmory|atk|1
|move|p2a: Skarmory|Spikes|p1a: Drake
|-sidestart|p1: Just_Leonardo|Spikes
|
|-weather|Sandstorm|[upkeep]
|-damage|p1a: Drake|94/100|[from] Sandstorm
|-heal|p1a: Drake|100/100|[from] item: Leftovers
|upkeep
|turn|9
|inactive|Just_Leonardo has 270 seconds left.
|
|t:|1728736396
|move|p2a: Skarmory|Protect|p2a: Skarmory
|-singleturn|p2a: Skarmory|Protect
|move|p1a: Drake|Fire Blast|p2a: Skarmory
|-activate|p2a: Skarmory|Protect
|
|-weather|Sandstorm|[upkeep]
|-damage|p1a: Drake|94/100|[from] Sandstorm
|-heal|p1a: Drake|100/100|[from] item: Leftovers
|upkeep
|turn|10
|
|t:|1728736416
|switch|p2a: Suicune|Suicune|100/100
|move|p1a: Drake|Dragon Claw|p2a: Suicune
|-damage|p2a: Suicune|69/100
|
|-weather|Sandstorm|[upkeep]
|-damage|p1a: Drake|94/100|[from] Sandstorm
|-damage|p2a: Suicune|62/100|[from] Sandstorm
|-heal|p1a: Drake|100/100|[from] item: Leftovers
|-heal|p2a: Suicune|69/100|[from] item: Leftovers
|upkeep
|turn|11
|inactive|Just_Leonardo has 270 seconds left.
|
|t:|1728736457
|switch|p1a: Joy|Blissey, F|100/100
|-damage|p1a: Joy|88/100|[from] Spikes
|move|p2a: Suicune|Calm Mind|p2a: Suicune
|-boost|p2a: Suicune|spa|1
|-boost|p2a: Suicune|spd|1
|
|-weather|Sandstorm|[upkeep]
|-damage|p2a: Suicune|62/100|[from] Sandstorm
|-damage|p1a: Joy|82/100|[from] Sandstorm
|-heal|p2a: Suicune|69/100|[from] item: Leftovers
|-heal|p1a: Joy|88/100|[from] item: Leftovers
|upkeep
|turn|12
|
|t:|1728736467
|switch|p2a: Zapdos|Zapdos|100/100
|move|p1a: Joy|Toxic|p2a: Zapdos
|-status|p2a: Zapdos|tox
|
|-weather|Sandstorm|[upkeep]
|-damage|p2a: Zapdos|94/100 tox|[from] Sandstorm
|-damage|p1a: Joy|82/100|[from] Sandstorm
|-heal|p2a: Zapdos|100/100 tox|[from] item: Leftovers
|-damage|p2a: Zapdos|94/100 tox|[from] psn
|-heal|p1a: Joy|88/100|[from] item: Leftovers
|upkeep
|turn|13
|
|t:|1728736481
|move|p2a: Zapdos|Agility|p2a: Zapdos
|-boost|p2a: Zapdos|spe|2
|move|p1a: Joy|Ice Beam|p2a: Zapdos
|-supereffective|p2a: Zapdos
|-damage|p2a: Zapdos|43/100 tox
|
|-weather|Sandstorm|[upkeep]
|-damage|p2a: Zapdos|37/100 tox|[from] Sandstorm
|-damage|p1a: Joy|82/100|[from] Sandstorm
|-heal|p2a: Zapdos|43/100 tox|[from] item: Leftovers
|-damage|p2a: Zapdos|30/100 tox|[from] psn
|-heal|p1a: Joy|88/100|[from] item: Leftovers
|upkeep
|turn|14
|
|t:|1728736489
|move|p2a: Zapdos|Baton Pass|p2a: Zapdos
|
|t:|1728736491
|switch|p2a: Metagross|Metagross|100/100|[from] Baton Pass
|move|p1a: Joy|Fire Blast|p2a: Metagross
|-supereffective|p2a: Metagross
|-damage|p2a: Metagross|27/100
|
|-weather|Sandstorm|[upkeep]
|-damage|p1a: Joy|82/100|[from] Sandstorm
|-heal|p1a: Joy|88/100|[from] item: Leftovers
|upkeep
|turn|15
|inactive|Just_Leonardo has 240 seconds left.
|
|t:|1728736543
|switch|p1a: Eye see you|Claydol|73/100
|move|p2a: Metagross|Explosion|p1a: Eye see you
|-crit|p1a: Eye see you
|-damage|p1a: Eye see you|0 fnt
|faint|p2a: Metagross
|faint|p1a: Eye see you
|
|t:|1728736552
|switch|p2a: Suicune|Suicune|69/100
|switch|p1a: Drake|Salamence, M|100/100
|-ability|p1a: Drake|Intimidate|boost
|-unboost|p2a: Suicune|atk|1
|
|-weather|Sandstorm|[upkeep]
|-damage|p1a: Drake|94/100|[from] Sandstorm
|-damage|p2a: Suicune|62/100|[from] Sandstorm
|-heal|p1a: Drake|100/100|[from] item: Leftovers
|-heal|p2a: Suicune|69/100|[from] item: Leftovers
|upkeep
|turn|16
|
|t:|1728736562
|switch|p1a: Joy|Blissey, F|88/100
|-damage|p1a: Joy|76/100|[from] Spikes
|move|p2a: Suicune|Calm Mind|p2a: Suicune
|-boost|p2a: Suicune|spa|1
|-boost|p2a: Suicune|spd|1
|
|-weather|Sandstorm|[upkeep]
|-damage|p2a: Suicune|62/100|[from] Sandstorm
|-damage|p1a: Joy|69/100|[from] Sandstorm
|-heal|p2a: Suicune|69/100|[from] item: Leftovers
|-heal|p1a: Joy|76/100|[from] item: Leftovers
|upkeep
|turn|17
|
|t:|1728736567
|move|p2a: Suicune|Calm Mind|p2a: Suicune
|-boost|p2a: Suicune|spa|1
|-boost|p2a: Suicune|spd|1
|move|p1a: Joy|Toxic|p2a: Suicune
|-status|p2a: Suicune|tox
|
|-weather|Sandstorm|[upkeep]
|-damage|p2a: Suicune|62/100 tox|[from] Sandstorm
|-damage|p1a: Joy|69/100|[from] Sandstorm
|-heal|p2a: Suicune|69/100 tox|[from] item: Leftovers
|-damage|p2a: Suicune|62/100 tox|[from] psn
|-heal|p1a: Joy|76/100|[from] item: Leftovers
|upkeep
|turn|18
|
|t:|1728736570
|move|p2a: Suicune|Calm Mind|p2a: Suicune
|-boost|p2a: Suicune|spa|1
|-boost|p2a: Suicune|spd|1
|move|p1a: Joy|Soft-Boiled|p1a: Joy
|-heal|p1a: Joy|100/100
|
|-weather|Sandstorm|[upkeep]
|-damage|p2a: Suicune|56/100 tox|[from] Sandstorm
|-damage|p1a: Joy|94/100|[from] Sandstorm
|-heal|p2a: Suicune|62/100 tox|[from] item: Leftovers
|-damage|p2a: Suicune|50/100 tox|[from] psn
|-heal|p1a: Joy|100/100|[from] item: Leftovers
|upkeep
|turn|19
|
|t:|1728736581
|move|p2a: Suicune|Rest|p2a: Suicune
|-status|p2a: Suicune|slp|[from] move: Rest
|-heal|p2a: Suicune|100/100 slp|[silent]
|move|p1a: Joy|Ice Beam|p2a: Suicune
|-resisted|p2a: Suicune
|-damage|p2a: Suicune|97/100 slp
|
|-weather|Sandstorm|[upkeep]
|-damage|p2a: Suicune|91/100 slp|[from] Sandstorm
|-damage|p1a: Joy|94/100|[from] Sandstorm
|-heal|p2a: Suicune|97/100 slp|[from] item: Leftovers
|-heal|p1a: Joy|100/100|[from] item: Leftovers
|upkeep
|turn|20
|
|t:|1728736583
|switch|p1a: Cogito|Metagross, shiny|80/100
|-damage|p1a: Cogito|68/100|[from] Spikes
|cant|p2a: Suicune|slp
|move|p2a: Suicune|Sleep Talk|p2a: Suicune
|move|p2a: Suicune|Calm Mind|p2a: Suicune|[from]Sleep Talk
|-boost|p2a: Suicune|spa|1
|-boost|p2a: Suicune|spd|1
|
|-weather|Sandstorm|[upkeep]
|-damage|p2a: Suicune|91/100 slp|[from] Sandstorm
|-heal|p2a: Suicune|97/100 slp|[from] item: Leftovers
|-heal|p1a: Cogito|74/100|[from] item: Leftovers
|upkeep
|turn|21
|
|t:|1728736601
|cant|p2a: Suicune|slp
|move|p2a: Suicune|Sleep Talk|p2a: Suicune
|move|p2a: Suicune|Surf|p1a: Cogito|[from]Sleep Talk
|-damage|p1a: Cogito|0 fnt
|faint|p1a: Cogito
|
|t:|1728736610
|switch|p1a: Joy|Blissey, F|100/100
|-damage|p1a: Joy|88/100|[from] Spikes
|
|-weather|Sandstorm|[upkeep]
|-damage|p2a: Suicune|91/100 slp|[from] Sandstorm
|-damage|p1a: Joy|82/100|[from] Sandstorm
|-heal|p2a: Suicune|97/100 slp|[from] item: Leftovers
|-heal|p1a: Joy|88/100|[from] item: Leftovers
|upkeep
|turn|22
|
|t:|1728736613
|-curestatus|p2a: Suicune|slp|[msg]
|move|p2a: Suicune|Calm Mind|p2a: Suicune
|-boost|p2a: Suicune|spa|1
|-boost|p2a: Suicune|spd|1
|move|p1a: Joy|Toxic|p2a: Suicune|[miss]
|-miss|p1a: Joy|p2a: Suicune
|
|-weather|Sandstorm|[upkeep]
|-damage|p2a: Suicune|91/100|[from] Sandstorm
|-damage|p1a: Joy|82/100|[from] Sandstorm
|-heal|p2a: Suicune|97/100|[from] item: Leftovers
|-heal|p1a: Joy|88/100|[from] item: Leftovers
|upkeep
|turn|23
|
|t:|1728736617
|move|p2a: Suicune|Calm Mind|p2a: Suicune
|-boost|p2a: Suicune|spa|1
|-boost|p2a: Suicune|spd|1
|move|p1a: Joy|Toxic|p2a: Suicune
|-status|p2a: Suicune|tox
|
|-weather|Sandstorm|[upkeep]
|-damage|p2a: Suicune|91/100 tox|[from] Sandstorm
|-damage|p1a: Joy|82/100|[from] Sandstorm
|-heal|p2a: Suicune|97/100 tox|[from] item: Leftovers
|-damage|p2a: Suicune|91/100 tox|[from] psn
|-heal|p1a: Joy|88/100|[from] item: Leftovers
|upkeep
|turn|24
|
|t:|1728736622
|move|p2a: Suicune|Surf|p1a: Joy
|-damage|p1a: Joy|15/100
|move|p1a: Joy|Soft-Boiled|p1a: Joy
|-heal|p1a: Joy|65/100
|
|-weather|Sandstorm|[upkeep]
|-damage|p2a: Suicune|84/100 tox|[from] Sandstorm
|-damage|p1a: Joy|59/100|[from] Sandstorm
|-heal|p2a: Suicune|91/100 tox|[from] item: Leftovers
|-damage|p2a: Suicune|78/100 tox|[from] psn
|-heal|p1a: Joy|65/100|[from] item: Leftovers
|upkeep
|turn|25
|
|t:|1728736639
|switch|p1a: Terry|Tyranitar, M|100/100
|-damage|p1a: Terry|88/100|[from] Spikes
|move|p2a: Suicune|Rest|p2a: Suicune
|-status|p2a: Suicune|slp|[from] move: Rest
|-heal|p2a: Suicune|100/100 slp|[silent]
|
|-weather|Sandstorm|[upkeep]
|-damage|p2a: Suicune|94/100 slp|[from] Sandstorm
|-heal|p2a: Suicune|100/100 slp|[from] item: Leftovers
|-heal|p1a: Terry|94/100|[from] item: Leftovers
|upkeep
|turn|26
|
|t:|1728736651
|cant|p2a: Suicune|slp
|move|p2a: Suicune|Sleep Talk|p2a: Suicune
|move|p2a: Suicune|Surf|p1a: Terry|[from]Sleep Talk
|-supereffective|p1a: Terry
|-crit|p1a: Terry
|-damage|p1a: Terry|0 fnt
|faint|p1a: Terry
|
|t:|1728736653
|switch|p1a: Suicune|Suicune|100/100
|-damage|p1a: Suicune|88/100|[from] Spikes
|
|-weather|Sandstorm|[upkeep]
|-damage|p1a: Suicune|82/100|[from] Sandstorm
|-damage|p2a: Suicune|94/100 slp|[from] Sandstorm
|-heal|p1a: Suicune|88/100|[from] item: Leftovers
|-heal|p2a: Suicune|100/100 slp|[from] item: Leftovers
|upkeep
|turn|27
|
|t:|1728736656
|move|p1a: Suicune|Calm Mind|p1a: Suicune
|-boost|p1a: Suicune|spa|1
|-boost|p1a: Suicune|spd|1
|cant|p2a: Suicune|slp
|move|p2a: Suicune|Sleep Talk|p2a: Suicune
|move|p2a: Suicune|Rest|p2a: Suicune|[from]Sleep Talk
|
|-weather|Sandstorm|[upkeep]
|-damage|p1a: Suicune|82/100|[from] Sandstorm
|-damage|p2a: Suicune|94/100 slp|[from] Sandstorm
|-heal|p1a: Suicune|88/100|[from] item: Leftovers
|-heal|p2a: Suicune|100/100 slp|[from] item: Leftovers
|upkeep
|turn|28
|
|t:|1728736660
|move|p1a: Suicune|Calm Mind|p1a: Suicune
|-boost|p1a: Suicune|spa|1
|-boost|p1a: Suicune|spd|1
|-curestatus|p2a: Suicune|slp|[msg]
|move|p2a: Suicune|Surf|p1a: Suicune
|-resisted|p1a: Suicune
|-damage|p1a: Suicune|56/100
|
|-weather|Sandstorm|[upkeep]
|-damage|p1a: Suicune|50/100|[from] Sandstorm
|-damage|p2a: Suicune|94/100|[from] Sandstorm
|-heal|p1a: Suicune|56/100|[from] item: Leftovers
|-heal|p2a: Suicune|100/100|[from] item: Leftovers
|upkeep
|turn|29
|
|t:|1728736667
|move|p1a: Suicune|Ice Beam|p2a: Suicune
|-resisted|p2a: Suicune
|-damage|p2a: Suicune|96/100
|move|p2a: Suicune|Surf|p1a: Suicune
|-resisted|p1a: Suicune
|-damage|p1a: Suicune|25/100
|
|-weather|Sandstorm|[upkeep]
|-damage|p1a: Suicune|18/100|[from] Sandstorm
|-damage|p2a: Suicune|90/100|[from] Sandstorm
|-heal|p1a: Suicune|25/100|[from] item: Leftovers
|-heal|p2a: Suicune|96/100|[from] item: Leftovers
|upkeep
|turn|30
|
|t:|1728736672
|move|p1a: Suicune|Ice Beam|p2a: Suicune
|-resisted|p2a: Suicune
|-damage|p2a: Suicune|92/100
|move|p2a: Suicune|Surf|p1a: Suicune
|-resisted|p1a: Suicune
|-damage|p1a: Suicune|0 fnt
|faint|p1a: Suicune
|
|t:|1728736682
|switch|p1a: Drake|Salamence, M|100/100
|-ability|p1a: Drake|Intimidate|boost
|-unboost|p2a: Suicune|atk|1
|
|-weather|Sandstorm|[upkeep]
|-damage|p1a: Drake|94/100|[from] Sandstorm
|-damage|p2a: Suicune|85/100|[from] Sandstorm
|-heal|p1a: Drake|100/100|[from] item: Leftovers
|-heal|p2a: Suicune|92/100|[from] item: Leftovers
|upkeep
|turn|31
|
|t:|1728736684
|move|p1a: Drake|Hidden Power|p2a: Suicune
|-supereffective|p2a: Suicune
|-damage|p2a: Suicune|82/100
|move|p2a: Suicune|Surf|p1a: Drake
|-resisted|p1a: Drake
|-damage|p1a: Drake|0 fnt
|faint|p1a: Drake
|
|t:|1728736688
|switch|p1a: Joy|Blissey, F|65/100
|-damage|p1a: Joy|52/100|[from] Spikes
|
|-weather|Sandstorm|[upkeep]
|-damage|p2a: Suicune|76/100|[from] Sandstorm
|-damage|p1a: Joy|46/100|[from] Sandstorm
|-heal|p2a: Suicune|82/100|[from] item: Leftovers
|-heal|p1a: Joy|52/100|[from] item: Leftovers
|upkeep
|turn|32
|
|t:|1728736690
|move|p2a: Suicune|Surf|p1a: Joy
|-damage|p1a: Joy|0 fnt
|faint|p1a: Joy
|
|win|Johnathan Gamer
|c|☆Just_Leonardo|gg
|c|☆Johnathan Gamer|ggs
|c|☆Johnathan Gamer|lucky with sleep talks
|c|☆Johnathan Gamer|send challenge when you're ready for next
|player|p2|

</script>
<script type="application/json" class="data" id="replaydata-smogtours-gen3ou-797398">
{"id":"smogtours-gen3ou-797398","format":"[Gen 3] OU","players":["Just_Leonardo","Johnathan Gamer"],"uploadtime":1728736690,"views":115,"formatid":"gen3ou","rating":null,"private":0,"password":null}
</script>

<script defer src="js/replays.js?9d40a366"></script>
