<!DOCTYPE html>
<meta charset="utf-8" />
<meta name="viewport" content="width=device-width" />

<title>[Gen 3] OU: Hydreigon &gt; Latias vs. Gonzasaurio 50 - Replays - Pok&eacute;mon Showdown!</title>

<meta name="description" content="Watch a replay of a Pok&eacute;mon battle between Hydreigon &gt; Latias and Gonzasaurio 50! Format: [Gen 3] OU; Date: Oct 29, 2024" />
<!--

Hey, you! Looking in the source for the replay log?

You can find them in JSON format, just add `.json` at the end of a replay URL.

https://replay.pokemonshowdown.com/gen7randomdoublesbattle-865046831.json

Or, if you only need the log itself, add `.log` instead:

https://replay.pokemonshowdown.com/gen7randomdoublesbattle-865046831.log

-->

<link rel="stylesheet" href="//pokemonshowdown.com/style/global.css?0.023195364461161105" />
<link rel="stylesheet" href="//play.pokemonshowdown.com/style/font-awesome.css?0.13261647063804238" />
<link rel="stylesheet" href="//play.pokemonshowdown.com/style/battle.css?0.8753245789963631" />
<link rel="stylesheet" href="//play.pokemonshowdown.com/style/utilichart.css?0.8627959624976733" />

<!-- Global site tag (gtag.js) - Google Analytics -->
<script async src="https://www.googletagmanager.com/gtag/js?id=UA-26211653-1"></script>
<script>
  window.dataLayer = window.dataLayer || [];
  function gtag(){dataLayer.push(arguments);}
  gtag('js', new Date());

  gtag('config', 'UA-26211653-1');
</script>
<!-- End Google Analytics -->
<!-- Venatus Ad Manager - Install in <HEAD> of page -->
	<script src="https://hb.vntsm.com/v3/live/ad-manager.min.js" type="text/javascript" data-site-id="642aba63ec9a7b11c3c9c1be" data-mode="scan" async></script>
<!-- / Venatus Ad Manager -->

<style>
	@media (max-width:820px) {
		.battle {
			margin: 0 auto;
		}
		.battle-log {
			margin: 7px auto 0;
			max-width: 640px;
			height: 300px;
			position: static;
		}
	}
	.optgroup {
		display: inline-block;
		line-height: 22px;
		font-size: 10pt;
	}
	.optgroup .button {
		height: 25px;
		padding-top: 0;
		padding-bottom: 0;
	}
	.optgroup button.button {
		padding-left: 12px;
		padding-right: 12px;
	}
	.linklist {
		list-style: none;
		margin: 0.5em 0;
		padding: 0;
	}
	.linklist li {
		padding: 2px 0;
	}
	.sidebar {
		float: left;
		width: 320px;
	}
	.bar-wrapper {
		max-width: 1100px;
		margin: 0 auto;
	}
	.bar-wrapper.has-sidebar {
		max-width: 1430px;
	}
	.mainbar {
		margin: 0;
		padding-right: 1px;
	}
	.mainbar.has-sidebar {
		margin-left: 330px;
	}
	@media (min-width: 1511px) {
		.sidebar {
			width: 400px;
		}
		.bar-wrapper.has-sidebar {
			max-width: 1510px;
		}
		.mainbar.has-sidebar {
			margin-left: 410px;
		}
	}
	.section.first-section {
		margin-top: 9px;
	}
	.blocklink small {
		white-space: normal;
	}
	.button {
		vertical-align: middle;
	}
	.replay-controls {
		padding-top: 10px;
	}
	.replay-controls h1 {
		font-size: 16pt;
		font-weight: normal;
		color: #CCC;
	}
	.pagelink {
		text-align: center;
	}
	.pagelink a {
		width: 150px;
	}
	.textbox, .button {
		font-size: 11pt;
		vertical-align: middle;
	}
	@media (max-width: 450px) {
		.button {
			font-size: 9pt;
		}
	}
</style>

<div>

	<header>
		<div class="nav-wrapper"><ul class="nav">
			<li><a class="button nav-first" href="//pokemonshowdown.com/"><img src="//pokemonshowdown.com/images/pokemonshowdownbeta.png" srcset="//pokemonshowdown.com/images/pokemonshowdownbeta.png 1x, //pokemonshowdown.com/images/pokemonshowdownbeta@2x.png 2x" alt="Pok&eacute;mon Showdown" width="146" height="44" /> Home</a></li>
			<li><a class="button" href="//pokemonshowdown.com/dex/">Pok&eacute;dex</a></li>
			<li><a class="button cur" href="/">Replays</a></li>
			<li><a class="button" href="//pokemonshowdown.com/ladder/">Ladder</a></li>
			<li><a class="button nav-last" href="//pokemonshowdown.com/forums/">Forum</a></li>
			<li><a class="button greenbutton nav-first nav-last" href="//play.pokemonshowdown.com/">Play</a></li>
		</ul></div>
	</header>

	<div class="main" id="main">

		<noscript><section class="section">You need to enable JavaScript to use this page; sorry!</section></noscript>

	</div>

</div>

<script defer nomodule src="//play.pokemonshowdown.com/js/lib/ps-polyfill.js"></script>
<script defer src="//play.pokemonshowdown.com/js/lib/preact.min.js"></script>

<script defer src="//play.pokemonshowdown.com/config/config.js?2bddbc15"></script>
<script defer src="//play.pokemonshowdown.com/js/lib/jquery-1.11.0.min.js"></script>
<script defer src="//play.pokemonshowdown.com/js/lib/html-sanitizer-minified.js"></script>
<script defer src="//play.pokemonshowdown.com/js/battle-sound.js"></script>
<script defer src="//play.pokemonshowdown.com/js/battledata.js?0.7209276989879541"></script>
<script defer src="//play.pokemonshowdown.com/data/pokedex-mini.js?0.6111056340867951"></script>
<script defer src="//play.pokemonshowdown.com/data/pokedex-mini-bw.js?0.3532142036491459"></script>
<script defer src="//play.pokemonshowdown.com/data/graphics.js?0.24223875632456182"></script>
<script defer src="//play.pokemonshowdown.com/data/pokedex.js?0.38839984266356864"></script>
<script defer src="//play.pokemonshowdown.com/data/moves.js?0.21866028504024015"></script>
<script defer src="//play.pokemonshowdown.com/data/abilities.js?0.2005157953846628"></script>
<script defer src="//play.pokemonshowdown.com/data/items.js?0.9894211263848525"></script>
<script defer src="//play.pokemonshowdown.com/data/teambuilder-tables.js?0.6008791140282215"></script>
<script defer src="//play.pokemonshowdown.com/js/battle-tooltips.js?0.7580118955022959"></script>
<script defer src="//play.pokemonshowdown.com/js/battle.js?0.6057722274234274"></script>

<script defer src="js/utils.js?e31f9a17"></script>
<script defer src="js/replays-battle.js?7008c182"></script>

<!-- don't scrape this data! just add .json or .log after the URL!
Full API docs: https://github.com/smogon/pokemon-showdown-client/blob/master/WEB-API.md -->
<script type="text/plain" class="log" id="replaylog-smogtours-gen3ou-803351">
|inactive|Battle timer is ON: inactive players will automatically lose when time's up.
|badge|p1|bronze|gen9uu|100-3
|uhtml|medal-msg|<div class="broadcast-blue">Curious what those medals under the avatar are? PS now has Ladder Seasons! For more information, check out the <a href="https://www.smogon.com/forums/threads/3740067/">thread on Smogon.<\/a><\/div>
|t:|1730236326
|gametype|singles
|player|p1|Hydreigon > Latias|guitarist|
|player|p2|Gonzasaurio 50|1|
|teamsize|p1|6
|teamsize|p2|6
|gen|3
|tier|[Gen 3] OU
|rule|Sleep Clause Mod: Limit one foe put to sleep
|rule|Switch Priority Clause Mod: Faster Pokémon switch first
|rule|Species Clause: Limit one of each Pokémon
|rule|OHKO Clause: OHKO moves are banned
|rule|Evasion Items Clause: Evasion items are banned
|rule|Evasion Moves Clause: Evasion moves are banned
|rule|Endless Battle Clause: Forcing endless battles is banned
|rule|HP Percentage Mod: HP is shown in percentages
|rule|One Boost Passer Clause: Limit one Baton Passer that has a way to boost its stats
|rule|Freeze Clause Mod: Limit one foe frozen
|
|t:|1730236326
|start
|switch|p1a: Skarmory|Skarmory, M|100/100
|switch|p2a: SICKO MODE|Slaking, F|100/100
|turn|1
|inactive|Gonzasaurio 50 has 270 seconds left.
|
|t:|1730236357
|switch|p2a: Antidote|Blissey, F|100/100
|move|p1a: Skarmory|Spikes|p2a: Antidote
|-sidestart|p2: Gonzasaurio 50|Spikes
|
|upkeep
|turn|2
|
|t:|1730236374
|move|p1a: Skarmory|Protect|p1a: Skarmory
|-singleturn|p1a: Skarmory|Protect
|move|p2a: Antidote|Thunder Wave|p1a: Skarmory
|-activate|p1a: Skarmory|Protect
|
|upkeep
|turn|3
|
|t:|1730236393
|switch|p1a: Celebi|Celebi|100/100
|move|p2a: Antidote|Thunder Wave|p1a: Celebi
|-status|p1a: Celebi|par
|
|upkeep
|turn|4
|inactive|Gonzasaurio 50 has 270 seconds left.
|
|t:|1730236433
|move|p2a: Antidote|Ice Beam|p1a: Celebi
|-supereffective|p1a: Celebi
|-damage|p1a: Celebi|57/100 par
|move|p1a: Celebi|Leech Seed|p2a: Antidote
|-start|p2a: Antidote|move: Leech Seed
|
|-damage|p2a: Antidote|88/100|[from] Leech Seed|[of] p1a: Celebi
|-heal|p1a: Celebi|77/100 par|[silent]
|-heal|p1a: Celebi|84/100 par|[from] item: Leftovers
|upkeep
|turn|5
|
|t:|1730236439
|switch|p2a: STARGAZING|Salamence, M|100/100
|-ability|p2a: STARGAZING|Intimidate|boost
|-unboost|p1a: Celebi|atk|1
|move|p1a: Celebi|Leech Seed|p2a: STARGAZING
|-start|p2a: STARGAZING|move: Leech Seed
|
|-damage|p2a: STARGAZING|88/100|[from] Leech Seed|[of] p1a: Celebi
|-heal|p1a: Celebi|94/100 par|[silent]
|-heal|p1a: Celebi|99/100 par|[from] item: Leftovers
|upkeep
|turn|6
|inactive|Gonzasaurio 50 has 270 seconds left.
|
|t:|1730236454
|switch|p2a: SICKO MODE|Slaking, F|100/100
|-damage|p2a: SICKO MODE|88/100|[from] Spikes
|-curestatus|p1a: Celebi|par|[from] ability: Natural Cure
|switch|p1a: Skarmory|Skarmory, M|100/100
|
|upkeep
|turn|7
|inactive|Gonzasaurio 50 has 270 seconds left.
|
|t:|1730236462
|switch|p2a: 5% TINT|Claydol|100/100
|move|p1a: Skarmory|Protect||[still]
|-fail|p1a: Skarmory
|
|upkeep
|turn|8
|
|t:|1730236464
|move|p2a: 5% TINT|Rapid Spin|p1a: Skarmory
|-resisted|p1a: Skarmory
|-damage|p1a: Skarmory|99/100
|-sideend|p2: Gonzasaurio 50|Spikes|[from] move: Rapid Spin|[of] p2a: 5% TINT
|move|p1a: Skarmory|Toxic|p2a: 5% TINT
|-status|p2a: 5% TINT|tox
|
|-damage|p2a: 5% TINT|94/100 tox|[from] psn
|-heal|p1a: Skarmory|100/100|[from] item: Leftovers
|upkeep
|turn|9
|inactive|Gonzasaurio 50 has 270 seconds left.
|
|t:|1730236489
|switch|p2a: Antidote|Blissey, F|88/100
|move|p1a: Skarmory|Spikes|p2a: Antidote
|-sidestart|p2: Gonzasaurio 50|Spikes
|
|-heal|p2a: Antidote|94/100|[from] item: Leftovers
|upkeep
|turn|10
|
|t:|1730236501
|switch|p1a: Metagross|Metagross|100/100
|move|p2a: Antidote|Ice Beam|p1a: Metagross
|-resisted|p1a: Metagross
|-damage|p1a: Metagross|87/100
|
|-heal|p1a: Metagross|93/100|[from] item: Leftovers
|-heal|p2a: Antidote|99/100|[from] item: Leftovers
|upkeep
|turn|11
|
|t:|1730236506
|move|p1a: Metagross|Meteor Mash|p2a: Antidote
|-damage|p2a: Antidote|46/100
|move|p2a: Antidote|Thunder Wave|p1a: Metagross
|-status|p1a: Metagross|par
|
|-heal|p2a: Antidote|52/100|[from] item: Leftovers
|-heal|p1a: Metagross|99/100 par|[from] item: Leftovers
|upkeep
|turn|12
|
|t:|1730236512
|switch|p2a: Piss On Your Grave|Swampert, F|100/100
|-damage|p2a: Piss On Your Grave|88/100|[from] Spikes
|move|p1a: Metagross|Meteor Mash|p2a: Piss On Your Grave
|-resisted|p2a: Piss On Your Grave
|-damage|p2a: Piss On Your Grave|69/100
|
|-heal|p2a: Piss On Your Grave|75/100|[from] item: Leftovers
|-heal|p1a: Metagross|100/100 par|[from] item: Leftovers
|upkeep
|turn|13
|
|t:|1730236518
|switch|p1a: Celebi|Celebi|99/100
|move|p2a: Piss On Your Grave|Ice Beam|p1a: Celebi
|-supereffective|p1a: Celebi
|-damage|p1a: Celebi|70/100
|
|-heal|p1a: Celebi|76/100|[from] item: Leftovers
|-heal|p2a: Piss On Your Grave|81/100|[from] item: Leftovers
|upkeep
|turn|14
|inactive|Gonzasaurio 50 has 270 seconds left.
|
|t:|1730236554
|move|p2a: Piss On Your Grave|Protect|p2a: Piss On Your Grave
|-singleturn|p2a: Piss On Your Grave|Protect
|move|p1a: Celebi|Leech Seed|p2a: Piss On Your Grave
|-activate|p2a: Piss On Your Grave|Protect
|
|-heal|p1a: Celebi|82/100|[from] item: Leftovers
|-heal|p2a: Piss On Your Grave|88/100|[from] item: Leftovers
|upkeep
|turn|15
|inactive|Gonzasaurio 50 has 270 seconds left.
|
|t:|1730236587
|switch|p2a: Antidote|Blissey, F|52/100
|-damage|p2a: Antidote|40/100|[from] Spikes
|move|p1a: Celebi|Leech Seed|p2a: Antidote
|-start|p2a: Antidote|move: Leech Seed
|
|-heal|p1a: Celebi|88/100|[from] item: Leftovers
|-heal|p2a: Antidote|46/100|[from] item: Leftovers
|-damage|p2a: Antidote|33/100|[from] Leech Seed|[of] p1a: Celebi
|-heal|p1a: Celebi|100/100|[silent]
|upkeep
|turn|16
|inactive|Hydreigon > Latias has 270 seconds left.
|
|t:|1730236620
|switch|p1a: Milotic|Milotic, F|100/100
|move|p2a: Antidote|Soft-Boiled|p2a: Antidote
|-heal|p2a: Antidote|83/100
|
|-heal|p2a: Antidote|89/100|[from] item: Leftovers
|-damage|p2a: Antidote|77/100|[from] Leech Seed|[of] p1a: Milotic
|upkeep
|turn|17
|
|t:|1730236630
|move|p1a: Milotic|Surf|p2a: Antidote
|-damage|p2a: Antidote|62/100
|move|p2a: Antidote|Thunder Wave|p1a: Milotic
|-status|p1a: Milotic|par
|
|-heal|p2a: Antidote|69/100|[from] item: Leftovers
|-damage|p2a: Antidote|56/100|[from] Leech Seed|[of] p1a: Milotic
|upkeep
|turn|18
|inactive|Hydreigon > Latias has 270 seconds left.
|
|t:|1730236650
|switch|p2a: SICKO MODE|Slaking, F|88/100
|-damage|p2a: SICKO MODE|76/100|[from] Spikes
|cant|p1a: Milotic|par
|
|upkeep
|turn|19
|inactive|Hydreigon > Latias has 270 seconds left.
|inactive|Gonzasaurio 50 has 240 seconds left.
|
|t:|1730236682
|-singleturn|p2a: SICKO MODE|move: Focus Punch
|cant|p1a: Milotic|par
|move|p2a: SICKO MODE|Focus Punch|p1a: Milotic
|-damage|p1a: Milotic|52/100 par
|
|-heal|p1a: Milotic|58/100 par|[from] item: Leftovers
|upkeep
|turn|20
|
|t:|1730236689
|switch|p2a: Antidote|Blissey, F|56/100
|-damage|p2a: Antidote|44/100|[from] Spikes
|cant|p1a: Milotic|par
|
|-heal|p2a: Antidote|50/100|[from] item: Leftovers
|-heal|p1a: Milotic|64/100 par|[from] item: Leftovers
|upkeep
|turn|21
|
|t:|1730236693
|move|p2a: Antidote|Soft-Boiled|p2a: Antidote
|-heal|p2a: Antidote|99/100
|cant|p1a: Milotic|par
|
|-heal|p2a: Antidote|100/100|[from] item: Leftovers
|-heal|p1a: Milotic|70/100 par|[from] item: Leftovers
|upkeep
|turn|22
|
|t:|1730236705
|move|p2a: Antidote|Seismic Toss|p1a: Milotic
|-damage|p1a: Milotic|45/100 par
|cant|p1a: Milotic|par
|
|-heal|p1a: Milotic|51/100 par|[from] item: Leftovers
|upkeep
|turn|23
|c|☆Gonzasaurio 50|im sorry
|
|t:|1730236714
|move|p2a: Antidote|Seismic Toss|p1a: Milotic
|-damage|p1a: Milotic|25/100 par
|cant|p1a: Milotic|par
|
|-heal|p1a: Milotic|31/100 par|[from] item: Leftovers
|upkeep
|turn|24
|
|t:|1730236723
|switch|p1a: Celebi|Celebi|100/100
|move|p2a: Antidote|Seismic Toss|p1a: Celebi
|-damage|p1a: Celebi|76/100
|
|-heal|p1a: Celebi|82/100|[from] item: Leftovers
|upkeep
|turn|25
|
|t:|1730236726
|move|p1a: Celebi|Leech Seed|p2a: Antidote
|-start|p2a: Antidote|move: Leech Seed
|move|p2a: Antidote|Ice Beam|p1a: Celebi
|-supereffective|p1a: Celebi
|-damage|p1a: Celebi|40/100
|
|-heal|p1a: Celebi|46/100|[from] item: Leftovers
|-damage|p2a: Antidote|88/100|[from] Leech Seed|[of] p1a: Celebi
|-heal|p1a: Celebi|66/100|[silent]
|upkeep
|turn|26
|
|t:|1730236731
|switch|p2a: STARGAZING|Salamence, M|88/100
|-ability|p2a: STARGAZING|Intimidate|boost
|-unboost|p1a: Celebi|atk|1
|move|p1a: Celebi|Leech Seed|p2a: STARGAZING
|-start|p2a: STARGAZING|move: Leech Seed
|
|-heal|p2a: STARGAZING|94/100|[from] item: Leftovers
|-damage|p2a: STARGAZING|82/100|[from] Leech Seed|[of] p1a: Celebi
|-heal|p1a: Celebi|76/100|[silent]
|-heal|p1a: Celebi|82/100|[from] item: Leftovers
|upkeep
|turn|27
|inactive|Gonzasaurio 50 has 270 seconds left.
|
|t:|1730236747
|switch|p1a: Milotic|Milotic, F|31/100 par
|move|p2a: STARGAZING|Fire Blast|p1a: Milotic|[miss]
|-miss|p2a: STARGAZING|p1a: Milotic
|
|-heal|p2a: STARGAZING|88/100|[from] item: Leftovers
|-damage|p2a: STARGAZING|75/100|[from] Leech Seed|[of] p1a: Milotic
|-heal|p1a: Milotic|42/100 par|[silent]
|-heal|p1a: Milotic|48/100 par|[from] item: Leftovers
|upkeep
|turn|28
|
|t:|1730236754
|switch|p2a: 5% TINT|Claydol|94/100 tox
|move|p1a: Milotic|Recover|p1a: Milotic
|-heal|p1a: Milotic|98/100 par
|
|-heal|p2a: 5% TINT|100/100 tox|[from] item: Leftovers
|-damage|p2a: 5% TINT|94/100 tox|[from] psn
|-heal|p1a: Milotic|100/100 par|[from] item: Leftovers
|upkeep
|turn|29
|
|t:|1730236762
|switch|p2a: Piss On Your Grave|Swampert, F|88/100
|-damage|p2a: Piss On Your Grave|75/100|[from] Spikes
|cant|p1a: Milotic|par
|
|-heal|p2a: Piss On Your Grave|81/100|[from] item: Leftovers
|upkeep
|turn|30
|
|t:|1730236766
|move|p2a: Piss On Your Grave|Earthquake|p1a: Milotic
|-damage|p1a: Milotic|83/100 par
|move|p1a: Milotic|Refresh|p1a: Milotic
|-curestatus|p1a: Milotic|par|[msg]
|
|-heal|p1a: Milotic|89/100|[from] item: Leftovers
|-heal|p2a: Piss On Your Grave|88/100|[from] item: Leftovers
|upkeep
|turn|31
|
|t:|1730236769
|move|p1a: Milotic|Surf|p2a: Piss On Your Grave
|-damage|p2a: Piss On Your Grave|61/100
|move|p2a: Piss On Your Grave|Earthquake|p1a: Milotic
|-damage|p1a: Milotic|64/100
|
|-heal|p1a: Milotic|70/100|[from] item: Leftovers
|-heal|p2a: Piss On Your Grave|67/100|[from] item: Leftovers
|upkeep
|turn|32
|
|t:|1730236772
|switch|p2a: Antidote|Blissey, F|88/100
|-damage|p2a: Antidote|76/100|[from] Spikes
|move|p1a: Milotic|Surf|p2a: Antidote
|-damage|p2a: Antidote|63/100
|
|-heal|p1a: Milotic|76/100|[from] item: Leftovers
|-heal|p2a: Antidote|69/100|[from] item: Leftovers
|upkeep
|turn|33
|
|t:|1730236783
|switch|p1a: Metagross|Metagross|100/100 par
|move|p2a: Antidote|Thunder Wave|p1a: Metagross
|-fail|p1a: Metagross|par
|
|-heal|p2a: Antidote|75/100|[from] item: Leftovers
|upkeep
|turn|34
|
|t:|1730236787
|switch|p2a: MELTDOWN|Suicune|100/100
|-damage|p2a: MELTDOWN|88/100|[from] Spikes
|move|p1a: Metagross|Meteor Mash|p2a: MELTDOWN
|-resisted|p2a: MELTDOWN
|-damage|p2a: MELTDOWN|68/100
|-boost|p1a: Metagross|atk|1
|
|-heal|p2a: MELTDOWN|74/100|[from] item: Leftovers
|upkeep
|turn|35
|
|t:|1730236799
|switch|p2a: Piss On Your Grave|Swampert, F|67/100
|-damage|p2a: Piss On Your Grave|55/100|[from] Spikes
|move|p1a: Metagross|Meteor Mash|p2a: Piss On Your Grave|[miss]
|-miss|p1a: Metagross|p2a: Piss On Your Grave
|
|-heal|p2a: Piss On Your Grave|61/100|[from] item: Leftovers
|upkeep
|turn|36
|
|t:|1730236809
|switch|p1a: Celebi|Celebi|82/100
|move|p2a: Piss On Your Grave|Protect||[still]
|-fail|p2a: Piss On Your Grave
|
|-heal|p1a: Celebi|89/100|[from] item: Leftovers
|-heal|p2a: Piss On Your Grave|67/100|[from] item: Leftovers
|upkeep
|turn|37
|
|t:|1730236814
|move|p2a: Piss On Your Grave|Protect|p2a: Piss On Your Grave
|-singleturn|p2a: Piss On Your Grave|Protect
|move|p1a: Celebi|Psychic|p2a: Piss On Your Grave
|-activate|p2a: Piss On Your Grave|Protect
|
|-heal|p1a: Celebi|95/100|[from] item: Leftovers
|-heal|p2a: Piss On Your Grave|73/100|[from] item: Leftovers
|upkeep
|turn|38
|
|t:|1730236817
|move|p1a: Celebi|Leech Seed|p2a: Piss On Your Grave
|-start|p2a: Piss On Your Grave|move: Leech Seed
|move|p2a: Piss On Your Grave|Ice Beam|p1a: Celebi
|-supereffective|p1a: Celebi
|-damage|p1a: Celebi|63/100
|
|-heal|p1a: Celebi|70/100|[from] item: Leftovers
|-heal|p2a: Piss On Your Grave|80/100|[from] item: Leftovers
|-damage|p2a: Piss On Your Grave|67/100|[from] Leech Seed|[of] p1a: Celebi
|-heal|p1a: Celebi|82/100|[silent]
|upkeep
|turn|39
|
|t:|1730236822
|move|p1a: Celebi|Psychic|p2a: Piss On Your Grave
|-damage|p2a: Piss On Your Grave|37/100
|move|p2a: Piss On Your Grave|Ice Beam|p1a: Celebi
|-supereffective|p1a: Celebi
|-damage|p1a: Celebi|50/100
|
|-heal|p1a: Celebi|56/100|[from] item: Leftovers
|-heal|p2a: Piss On Your Grave|43/100|[from] item: Leftovers
|-damage|p2a: Piss On Your Grave|31/100|[from] Leech Seed|[of] p1a: Celebi
|-heal|p1a: Celebi|69/100|[silent]
|upkeep
|turn|40
|
|t:|1730236835
|switch|p2a: Antidote|Blissey, F|75/100
|-damage|p2a: Antidote|63/100|[from] Spikes
|move|p1a: Celebi|Leech Seed|p2a: Antidote
|-start|p2a: Antidote|move: Leech Seed
|
|-heal|p1a: Celebi|75/100|[from] item: Leftovers
|-heal|p2a: Antidote|69/100|[from] item: Leftovers
|-damage|p2a: Antidote|56/100|[from] Leech Seed|[of] p1a: Celebi
|-heal|p1a: Celebi|95/100|[silent]
|upkeep
|turn|41
|
|t:|1730236843
|switch|p1a: Metagross|Metagross|100/100 par
|move|p2a: Antidote|Soft-Boiled|p2a: Antidote
|-heal|p2a: Antidote|100/100
|
|-damage|p2a: Antidote|88/100|[from] Leech Seed|[of] p1a: Metagross
|upkeep
|turn|42
|
|t:|1730236851
|switch|p2a: MELTDOWN|Suicune|74/100
|-damage|p2a: MELTDOWN|62/100|[from] Spikes
|move|p1a: Metagross|Meteor Mash|p2a: MELTDOWN
|-resisted|p2a: MELTDOWN
|-damage|p2a: MELTDOWN|42/100
|
|-heal|p2a: MELTDOWN|48/100|[from] item: Leftovers
|upkeep
|turn|43
|
|t:|1730236859
|move|p2a: MELTDOWN|Ice Beam|p1a: Metagross
|-resisted|p1a: Metagross
|-damage|p1a: Metagross|87/100 par
|move|p1a: Metagross|Earthquake|p2a: MELTDOWN
|-damage|p2a: MELTDOWN|21/100
|
|-heal|p2a: MELTDOWN|27/100|[from] item: Leftovers
|-heal|p1a: Metagross|93/100 par|[from] item: Leftovers
|upkeep
|turn|44
|
|t:|1730236867
|switch|p1a: Salamence|Salamence, M|100/100
|-ability|p1a: Salamence|Intimidate|boost
|-unboost|p2a: MELTDOWN|atk|1
|move|p2a: MELTDOWN|Rest|p2a: MELTDOWN
|-status|p2a: MELTDOWN|slp|[from] move: Rest
|-heal|p2a: MELTDOWN|100/100 slp|[silent]
|
|upkeep
|turn|45
|
|t:|1730236875
|switch|p2a: Antidote|Blissey, F|88/100
|-damage|p2a: Antidote|76/100|[from] Spikes
|move|p1a: Salamence|Hidden Power|p2a: Antidote
|-damage|p2a: Antidote|20/100
|
|-heal|p2a: Antidote|26/100|[from] item: Leftovers
|upkeep
|turn|46
|
|t:|1730236877
|switch|p2a: STARGAZING|Salamence, M|75/100
|-ability|p2a: STARGAZING|Intimidate|boost
|-unboost|p1a: Salamence|atk|1
|move|p1a: Salamence|Hidden Power|p2a: STARGAZING
|-damage|p2a: STARGAZING|30/100
|
|-heal|p2a: STARGAZING|36/100|[from] item: Leftovers
|upkeep
|turn|47
|
|t:|1730236882
|switch|p1a: Milotic|Milotic, F|76/100
|move|p2a: STARGAZING|Dragon Claw|p1a: Milotic
|-damage|p1a: Milotic|46/100
|
|-heal|p2a: STARGAZING|42/100|[from] item: Leftovers
|-heal|p1a: Milotic|52/100|[from] item: Leftovers
|upkeep
|turn|48
|
|t:|1730236885
|move|p2a: STARGAZING|Hidden Power|p1a: Milotic
|-supereffective|p1a: Milotic
|-damage|p1a: Milotic|19/100
|move|p1a: Milotic|Recover|p1a: Milotic
|-heal|p1a: Milotic|69/100
|
|-heal|p2a: STARGAZING|49/100|[from] item: Leftovers
|-heal|p1a: Milotic|75/100|[from] item: Leftovers
|upkeep
|turn|49
|
|t:|1730236892
|switch|p2a: Antidote|Blissey, F|26/100
|-damage|p2a: Antidote|13/100|[from] Spikes
|move|p1a: Milotic|Recover|p1a: Milotic
|-heal|p1a: Milotic|100/100
|
|-heal|p2a: Antidote|19/100|[from] item: Leftovers
|upkeep
|turn|50
|
|t:|1730236897
|switch|p1a: Metagross|Metagross|93/100 par
|move|p2a: Antidote|Soft-Boiled|p2a: Antidote
|-heal|p2a: Antidote|69/100
|
|-heal|p2a: Antidote|75/100|[from] item: Leftovers
|-heal|p1a: Metagross|99/100 par|[from] item: Leftovers
|upkeep
|turn|51
|
|t:|1730236906
|switch|p2a: Piss On Your Grave|Swampert, F|31/100
|-damage|p2a: Piss On Your Grave|19/100|[from] Spikes
|move|p1a: Metagross|Meteor Mash|p2a: Piss On Your Grave|[miss]
|-miss|p1a: Metagross|p2a: Piss On Your Grave
|
|-heal|p2a: Piss On Your Grave|25/100|[from] item: Leftovers
|-heal|p1a: Metagross|100/100 par|[from] item: Leftovers
|upkeep
|turn|52
|
|t:|1730236911
|move|p2a: Piss On Your Grave|Earthquake|p1a: Metagross
|-supereffective|p1a: Metagross
|-damage|p1a: Metagross|50/100 par
|move|p1a: Metagross|Earthquake|p2a: Piss On Your Grave
|-damage|p2a: Piss On Your Grave|1/100
|
|-heal|p2a: Piss On Your Grave|7/100|[from] item: Leftovers
|-heal|p1a: Metagross|56/100 par|[from] item: Leftovers
|upkeep
|turn|53
|
|t:|1730236917
|switch|p1a: Milotic|Milotic, F|100/100
|move|p2a: Piss On Your Grave|Hydro Pump|p1a: Milotic
|-resisted|p1a: Milotic
|-damage|p1a: Milotic|82/100
|
|-heal|p1a: Milotic|88/100|[from] item: Leftovers
|-heal|p2a: Piss On Your Grave|13/100|[from] item: Leftovers
|upkeep
|turn|54
|
|t:|1730236919
|move|p2a: Piss On Your Grave|Protect|p2a: Piss On Your Grave
|-singleturn|p2a: Piss On Your Grave|Protect
|move|p1a: Milotic|Surf|p2a: Piss On Your Grave
|-activate|p2a: Piss On Your Grave|Protect
|
|-heal|p1a: Milotic|94/100|[from] item: Leftovers
|-heal|p2a: Piss On Your Grave|19/100|[from] item: Leftovers
|upkeep
|turn|55
|
|t:|1730236925
|switch|p2a: Antidote|Blissey, F|75/100
|-damage|p2a: Antidote|63/100|[from] Spikes
|move|p1a: Milotic|Surf|p2a: Antidote
|-damage|p2a: Antidote|51/100
|
|-heal|p1a: Milotic|100/100|[from] item: Leftovers
|-heal|p2a: Antidote|57/100|[from] item: Leftovers
|upkeep
|turn|56
|
|t:|1730236929
|switch|p1a: Celebi|Celebi|95/100
|move|p2a: Antidote|Seismic Toss|p1a: Celebi
|-damage|p1a: Celebi|70/100
|
|-heal|p1a: Celebi|76/100|[from] item: Leftovers
|-heal|p2a: Antidote|63/100|[from] item: Leftovers
|upkeep
|turn|57
|
|t:|1730236932
|move|p1a: Celebi|Leech Seed|p2a: Antidote
|-start|p2a: Antidote|move: Leech Seed
|move|p2a: Antidote|Thunder Wave|p1a: Celebi
|-status|p1a: Celebi|par
|
|-heal|p2a: Antidote|69/100|[from] item: Leftovers
|-damage|p2a: Antidote|57/100|[from] Leech Seed|[of] p1a: Celebi
|-heal|p1a: Celebi|97/100 par|[silent]
|-heal|p1a: Celebi|100/100 par|[from] item: Leftovers
|upkeep
|turn|58
|
|t:|1730236939
|switch|p2a: STARGAZING|Salamence, M|49/100
|-ability|p2a: STARGAZING|Intimidate|boost
|-unboost|p1a: Celebi|atk|1
|-curestatus|p1a: Celebi|par|[from] ability: Natural Cure
|switch|p1a: Metagross|Metagross|56/100 par
|
|-heal|p2a: STARGAZING|55/100|[from] item: Leftovers
|-heal|p1a: Metagross|62/100 par|[from] item: Leftovers
|upkeep
|turn|59
|
|t:|1730236947
|switch|p2a: SICKO MODE|Slaking, F|76/100
|-damage|p2a: SICKO MODE|63/100|[from] Spikes
|switch|p1a: Milotic|Milotic, F|100/100
|
|upkeep
|turn|60
|
|t:|1730236953
|move|p2a: SICKO MODE|Return|p1a: Milotic
|-damage|p1a: Milotic|28/100
|move|p1a: Milotic|Surf|p2a: SICKO MODE
|-damage|p2a: SICKO MODE|29/100
|
|-heal|p1a: Milotic|34/100|[from] item: Leftovers
|upkeep
|turn|61
|
|t:|1730236959
|cant|p2a: SICKO MODE|ability: Truant
|move|p1a: Milotic|Recover|p1a: Milotic
|-heal|p1a: Milotic|84/100
|
|-heal|p1a: Milotic|90/100|[from] item: Leftovers
|upkeep
|turn|62
|
|t:|1730236962
|move|p2a: SICKO MODE|Return|p1a: Milotic
|-damage|p1a: Milotic|22/100
|move|p1a: Milotic|Recover|p1a: Milotic
|-heal|p1a: Milotic|72/100
|
|-heal|p1a: Milotic|78/100|[from] item: Leftovers
|upkeep
|turn|63
|
|t:|1730236965
|cant|p2a: SICKO MODE|ability: Truant
|move|p1a: Milotic|Surf|p2a: SICKO MODE
|-damage|p2a: SICKO MODE|0 fnt
|faint|p2a: SICKO MODE
|
|t:|1730236969
|switch|p2a: 5% TINT|Claydol|94/100 tox
|
|-heal|p1a: Milotic|84/100|[from] item: Leftovers
|-heal|p2a: 5% TINT|100/100 tox|[from] item: Leftovers
|-damage|p2a: 5% TINT|94/100 tox|[from] psn
|upkeep
|turn|64
|
|t:|1730236978
|switch|p2a: STARGAZING|Salamence, M|55/100
|-ability|p2a: STARGAZING|Intimidate|boost
|-unboost|p1a: Milotic|atk|1
|move|p1a: Milotic|Surf|p2a: STARGAZING
|-resisted|p2a: STARGAZING
|-damage|p2a: STARGAZING|32/100
|
|-heal|p2a: STARGAZING|38/100|[from] item: Leftovers
|-heal|p1a: Milotic|90/100|[from] item: Leftovers
|upkeep
|turn|65
|
|t:|1730236984
|move|p2a: STARGAZING|Hidden Power|p1a: Milotic
|-supereffective|p1a: Milotic
|-damage|p1a: Milotic|56/100
|move|p1a: Milotic|Surf|p2a: STARGAZING
|-resisted|p2a: STARGAZING
|-damage|p2a: STARGAZING|16/100
|
|-heal|p2a: STARGAZING|22/100|[from] item: Leftovers
|-heal|p1a: Milotic|62/100|[from] item: Leftovers
|upkeep
|turn|66
|
|t:|1730236987
|move|p2a: STARGAZING|Hidden Power|p1a: Milotic
|-supereffective|p1a: Milotic
|-damage|p1a: Milotic|27/100
|move|p1a: Milotic|Recover|p1a: Milotic
|-heal|p1a: Milotic|77/100
|
|-heal|p2a: STARGAZING|28/100|[from] item: Leftovers
|-heal|p1a: Milotic|83/100|[from] item: Leftovers
|upkeep
|turn|67
|
|t:|1730236991
|move|p2a: STARGAZING|Hidden Power|p1a: Milotic
|-supereffective|p1a: Milotic
|-damage|p1a: Milotic|47/100
|move|p1a: Milotic|Recover|p1a: Milotic
|-heal|p1a: Milotic|97/100
|
|-heal|p2a: STARGAZING|34/100|[from] item: Leftovers
|-heal|p1a: Milotic|100/100|[from] item: Leftovers
|upkeep
|turn|68
|
|t:|1730236994
|move|p2a: STARGAZING|Hidden Power|p1a: Milotic
|-supereffective|p1a: Milotic
|-damage|p1a: Milotic|63/100
|move|p1a: Milotic|Ice Beam|p2a: STARGAZING
|-supereffective|p2a: STARGAZING
|-damage|p2a: STARGAZING|0 fnt
|faint|p2a: STARGAZING
|
|t:|1730236997
|switch|p2a: 5% TINT|Claydol|94/100 tox
|
|-heal|p1a: Milotic|70/100|[from] item: Leftovers
|-heal|p2a: 5% TINT|100/100 tox|[from] item: Leftovers
|-damage|p2a: 5% TINT|94/100 tox|[from] psn
|upkeep
|turn|69
|
|t:|1730237001
|switch|p1a: Skarmory|Skarmory, M|100/100
|move|p2a: 5% TINT|Explosion|p1a: Skarmory
|-resisted|p1a: Skarmory
|-damage|p1a: Skarmory|56/100
|faint|p2a: 5% TINT
|-message|Gonzasaurio 50 forfeited.
|
|win|Hydreigon > Latias
|player|p2|
|player|p1|
|player|p2|Gonzasaurio 50|1|
|player|p1|Hydreigon > Latias|guitarist|
|player|p2|

</script>
<script type="application/json" class="data" id="replaydata-smogtours-gen3ou-803351">
{"id":"smogtours-gen3ou-803351","format":"[Gen 3] OU","players":["Hydreigon > Latias","Gonzasaurio 50"],"uploadtime":1730237006,"views":49,"formatid":"gen3ou","rating":null,"private":1,"password":null}
</script>

<script defer src="js/replays.js?9d40a366"></script>
