<!DOCTYPE html>
<meta charset="utf-8" />
<meta name="viewport" content="width=device-width" />

<title>[Gen 3] OU: Scansafatiche vs. less19chara - Replays - Pok&eacute;mon Showdown!</title>

<meta name="description" content="Watch a replay of a Pok&eacute;mon battle between Scansafatiche and less19chara! Format: [Gen 3] OU; Date: Oct 22, 2024" />
<!--

Hey, you! Looking in the source for the replay log?

You can find them in JSON format, just add `.json` at the end of a replay URL.

https://replay.pokemonshowdown.com/gen7randomdoublesbattle-865046831.json

Or, if you only need the log itself, add `.log` instead:

https://replay.pokemonshowdown.com/gen7randomdoublesbattle-865046831.log

-->

<link rel="stylesheet" href="//pokemonshowdown.com/style/global.css?0.023195364461161105" />
<link rel="stylesheet" href="//play.pokemonshowdown.com/style/font-awesome.css?0.13261647063804238" />
<link rel="stylesheet" href="//play.pokemonshowdown.com/style/battle.css?0.8753245789963631" />
<link rel="stylesheet" href="//play.pokemonshowdown.com/style/utilichart.css?0.8627959624976733" />

<!-- Global site tag (gtag.js) - Google Analytics -->
<script async src="https://www.googletagmanager.com/gtag/js?id=UA-26211653-1"></script>
<script>
  window.dataLayer = window.dataLayer || [];
  function gtag(){dataLayer.push(arguments);}
  gtag('js', new Date());

  gtag('config', 'UA-26211653-1');
</script>
<!-- End Google Analytics -->
<!-- Venatus Ad Manager - Install in <HEAD> of page -->
	<script src="https://hb.vntsm.com/v3/live/ad-manager.min.js" type="text/javascript" data-site-id="642aba63ec9a7b11c3c9c1be" data-mode="scan" async></script>
<!-- / Venatus Ad Manager -->

<style>
	@media (max-width:820px) {
		.battle {
			margin: 0 auto;
		}
		.battle-log {
			margin: 7px auto 0;
			max-width: 640px;
			height: 300px;
			position: static;
		}
	}
	.optgroup {
		display: inline-block;
		line-height: 22px;
		font-size: 10pt;
	}
	.optgroup .button {
		height: 25px;
		padding-top: 0;
		padding-bottom: 0;
	}
	.optgroup button.button {
		padding-left: 12px;
		padding-right: 12px;
	}
	.linklist {
		list-style: none;
		margin: 0.5em 0;
		padding: 0;
	}
	.linklist li {
		padding: 2px 0;
	}
	.sidebar {
		float: left;
		width: 320px;
	}
	.bar-wrapper {
		max-width: 1100px;
		margin: 0 auto;
	}
	.bar-wrapper.has-sidebar {
		max-width: 1430px;
	}
	.mainbar {
		margin: 0;
		padding-right: 1px;
	}
	.mainbar.has-sidebar {
		margin-left: 330px;
	}
	@media (min-width: 1511px) {
		.sidebar {
			width: 400px;
		}
		.bar-wrapper.has-sidebar {
			max-width: 1510px;
		}
		.mainbar.has-sidebar {
			margin-left: 410px;
		}
	}
	.section.first-section {
		margin-top: 9px;
	}
	.blocklink small {
		white-space: normal;
	}
	.button {
		vertical-align: middle;
	}
	.replay-controls {
		padding-top: 10px;
	}
	.replay-controls h1 {
		font-size: 16pt;
		font-weight: normal;
		color: #CCC;
	}
	.pagelink {
		text-align: center;
	}
	.pagelink a {
		width: 150px;
	}
	.textbox, .button {
		font-size: 11pt;
		vertical-align: middle;
	}
	@media (max-width: 450px) {
		.button {
			font-size: 9pt;
		}
	}
</style>

<div>

	<header>
		<div class="nav-wrapper"><ul class="nav">
			<li><a class="button nav-first" href="//pokemonshowdown.com/"><img src="//pokemonshowdown.com/images/pokemonshowdownbeta.png" srcset="//pokemonshowdown.com/images/pokemonshowdownbeta.png 1x, //pokemonshowdown.com/images/pokemonshowdownbeta@2x.png 2x" alt="Pok&eacute;mon Showdown" width="146" height="44" /> Home</a></li>
			<li><a class="button" href="//pokemonshowdown.com/dex/">Pok&eacute;dex</a></li>
			<li><a class="button cur" href="/">Replays</a></li>
			<li><a class="button" href="//pokemonshowdown.com/ladder/">Ladder</a></li>
			<li><a class="button nav-last" href="//pokemonshowdown.com/forums/">Forum</a></li>
			<li><a class="button greenbutton nav-first nav-last" href="//play.pokemonshowdown.com/">Play</a></li>
		</ul></div>
	</header>

	<div class="main" id="main">

		<noscript><section class="section">You need to enable JavaScript to use this page; sorry!</section></noscript>

	</div>

</div>

<script defer nomodule src="//play.pokemonshowdown.com/js/lib/ps-polyfill.js"></script>
<script defer src="//play.pokemonshowdown.com/js/lib/preact.min.js"></script>

<script defer src="//play.pokemonshowdown.com/config/config.js?2bddbc15"></script>
<script defer src="//play.pokemonshowdown.com/js/lib/jquery-1.11.0.min.js"></script>
<script defer src="//play.pokemonshowdown.com/js/lib/html-sanitizer-minified.js"></script>
<script defer src="//play.pokemonshowdown.com/js/battle-sound.js"></script>
<script defer src="//play.pokemonshowdown.com/js/battledata.js?0.7209276989879541"></script>
<script defer src="//play.pokemonshowdown.com/data/pokedex-mini.js?0.6111056340867951"></script>
<script defer src="//play.pokemonshowdown.com/data/pokedex-mini-bw.js?0.3532142036491459"></script>
<script defer src="//play.pokemonshowdown.com/data/graphics.js?0.24223875632456182"></script>
<script defer src="//play.pokemonshowdown.com/data/pokedex.js?0.38839984266356864"></script>
<script defer src="//play.pokemonshowdown.com/data/moves.js?0.21866028504024015"></script>
<script defer src="//play.pokemonshowdown.com/data/abilities.js?0.2005157953846628"></script>
<script defer src="//play.pokemonshowdown.com/data/items.js?0.9894211263848525"></script>
<script defer src="//play.pokemonshowdown.com/data/teambuilder-tables.js?0.6008791140282215"></script>
<script defer src="//play.pokemonshowdown.com/js/battle-tooltips.js?0.7580118955022959"></script>
<script defer src="//play.pokemonshowdown.com/js/battle.js?0.6057722274234274"></script>

<script defer src="js/utils.js?e31f9a17"></script>
<script defer src="js/replays-battle.js?7008c182"></script>

<!-- don't scrape this data! just add .json or .log after the URL!
Full API docs: https://github.com/smogon/pokemon-showdown-client/blob/master/WEB-API.md -->
<script type="text/plain" class="log" id="replaylog-smogtours-gen3ou-801191">
|inactive|Battle timer is ON: inactive players will automatically lose when time's up.
|t:|1729609768
|gametype|singles
|player|p1|Scansafatiche|n|
|player|p2|less19chara|policeman-gen4|
|teamsize|p1|6
|teamsize|p2|6
|gen|3
|tier|[Gen 3] OU
|rule|Sleep Clause Mod: Limit one foe put to sleep
|rule|Switch Priority Clause Mod: Faster Pokémon switch first
|rule|Species Clause: Limit one of each Pokémon
|rule|OHKO Clause: OHKO moves are banned
|rule|Evasion Items Clause: Evasion items are banned
|rule|Evasion Moves Clause: Evasion moves are banned
|rule|Endless Battle Clause: Forcing endless battles is banned
|rule|HP Percentage Mod: HP is shown in percentages
|rule|One Boost Passer Clause: Limit one Baton Passer that has a way to boost its stats
|rule|Freeze Clause Mod: Limit one foe frozen
|
|t:|1729609768
|start
|switch|p1a: Salamence|Salamence, F|100/100
|switch|p2a: End day|Entei|100/100
|-ability|p1a: Salamence|Intimidate|boost
|-unboost|p2a: End day|atk|1
|turn|1
|inactive|Scansafatiche has 270 seconds left.
|inactive|less19chara has 270 seconds left.
|
|t:|1729609806
|switch|p1a: Blissey|Blissey, F|100/100
|switch|p2a: i dont pose|Vaporeon, M|100/100
|
|upkeep
|turn|2
|
|t:|1729609810
|move|p2a: i dont pose|Toxic|p1a: Blissey
|-status|p1a: Blissey|tox
|move|p1a: Blissey|Seismic Toss|p2a: i dont pose
|-damage|p2a: i dont pose|79/100
|
|-heal|p2a: i dont pose|85/100|[from] item: Leftovers
|-damage|p1a: Blissey|94/100 tox|[from] psn
|upkeep
|turn|3
|
|t:|1729609822
|-curestatus|p1a: Blissey|tox|[from] ability: Natural Cure
|switch|p1a: Tyranitar|Tyranitar, F|100/100
|-weather|Sandstorm|[from] ability: Sand Stream|[of] p1a: Tyranitar
|move|p2a: i dont pose|Protect||[still]
|-fail|p2a: i dont pose
|
|-weather|Sandstorm|[upkeep]
|-damage|p2a: i dont pose|79/100|[from] Sandstorm
|-heal|p2a: i dont pose|85/100|[from] item: Leftovers
|upkeep
|turn|4
|
|t:|1729609828
|move|p1a: Tyranitar|Taunt|p2a: i dont pose
|-start|p2a: i dont pose|move: Taunt
|move|p2a: i dont pose|Surf|p1a: Tyranitar
|-supereffective|p1a: Tyranitar
|-damage|p1a: Tyranitar|34/100
|
|-weather|Sandstorm|[upkeep]
|-damage|p2a: i dont pose|79/100|[from] Sandstorm
|-heal|p1a: Tyranitar|40/100|[from] item: Leftovers
|-heal|p2a: i dont pose|85/100|[from] item: Leftovers
|upkeep
|turn|5
|
|t:|1729609850
|switch|p1a: Jirachi|Jirachi|100/100
|switch|p2a: Ginungganggar|Gengar, M|100/100
|
|-weather|Sandstorm|[upkeep]
|-damage|p2a: Ginungganggar|94/100|[from] Sandstorm
|-heal|p2a: Ginungganggar|100/100|[from] item: Leftovers
|upkeep
|turn|6
|
|t:|1729609857
|move|p2a: Ginungganggar|Hypnosis|p1a: Jirachi|[miss]
|-miss|p2a: Ginungganggar|p1a: Jirachi
|move|p1a: Jirachi|Substitute|p1a: Jirachi
|-start|p1a: Jirachi|Substitute
|-damage|p1a: Jirachi|75/100
|
|-weather|Sandstorm|[upkeep]
|-damage|p2a: Ginungganggar|94/100|[from] Sandstorm
|-heal|p2a: Ginungganggar|100/100|[from] item: Leftovers
|-heal|p1a: Jirachi|82/100|[from] item: Leftovers
|upkeep
|turn|7
|
|t:|1729609862
|move|p2a: Ginungganggar|Perish Song|p2a: Ginungganggar
|-start|p1a: Jirachi|perish3|[silent]
|-start|p2a: Ginungganggar|perish3|[silent]
|-fieldactivate|move: Perish Song
|move|p1a: Jirachi|Calm Mind|p1a: Jirachi
|-boost|p1a: Jirachi|spa|1
|-boost|p1a: Jirachi|spd|1
|
|-weather|Sandstorm|[upkeep]
|-damage|p2a: Ginungganggar|94/100|[from] Sandstorm
|-heal|p2a: Ginungganggar|100/100|[from] item: Leftovers
|-heal|p1a: Jirachi|88/100|[from] item: Leftovers
|-start|p2a: Ginungganggar|perish3
|-start|p1a: Jirachi|perish3
|upkeep
|turn|8
|
|t:|1729609890
|move|p2a: Ginungganggar|Protect|p2a: Ginungganggar
|-singleturn|p2a: Ginungganggar|Protect
|move|p1a: Jirachi|Ice Punch|p2a: Ginungganggar
|-activate|p2a: Ginungganggar|Protect
|
|-weather|Sandstorm|[upkeep]
|-damage|p2a: Ginungganggar|94/100|[from] Sandstorm
|-heal|p2a: Ginungganggar|100/100|[from] item: Leftovers
|-heal|p1a: Jirachi|94/100|[from] item: Leftovers
|-start|p2a: Ginungganggar|perish2
|-start|p1a: Jirachi|perish2
|upkeep
|turn|9
|inactive|less19chara has 270 seconds left.
|
|t:|1729609912
|switch|p2a: End day|Entei|100/100
|move|p1a: Jirachi|Ice Punch|p2a: End day
|-resisted|p2a: End day
|-damage|p2a: End day|85/100
|
|-weather|Sandstorm|[upkeep]
|-damage|p2a: End day|79/100|[from] Sandstorm
|-heal|p1a: Jirachi|99/100|[from] item: Leftovers
|-start|p1a: Jirachi|perish1
|upkeep
|turn|10
|inactive|less19chara has 270 seconds left.
|
|t:|1729609922
|switch|p1a: Blissey|Blissey, F|94/100
|move|p2a: End day|Toxic|p1a: Blissey
|-status|p1a: Blissey|tox
|
|-weather|Sandstorm|[upkeep]
|-damage|p2a: End day|72/100|[from] Sandstorm
|-damage|p1a: Blissey|88/100 tox|[from] Sandstorm
|-heal|p1a: Blissey|94/100 tox|[from] item: Leftovers
|-damage|p1a: Blissey|88/100 tox|[from] psn
|upkeep
|turn|11
|
|t:|1729609932
|switch|p2a: Ginungganggar|Gengar, M|100/100
|move|p1a: Blissey|Thunder Wave|p2a: Ginungganggar
|-status|p2a: Ginungganggar|par
|
|-weather|Sandstorm|[upkeep]
|-damage|p1a: Blissey|82/100 tox|[from] Sandstorm
|-damage|p2a: Ginungganggar|94/100 par|[from] Sandstorm
|-heal|p1a: Blissey|88/100 tox|[from] item: Leftovers
|-damage|p1a: Blissey|76/100 tox|[from] psn
|-heal|p2a: Ginungganggar|100/100 par|[from] item: Leftovers
|upkeep
|turn|12
|
|t:|1729609946
|-curestatus|p1a: Blissey|tox|[from] ability: Natural Cure
|switch|p1a: Machamp|Machamp, F|100/100
|switch|p2a: End day|Entei|72/100
|
|-weather|Sandstorm|[upkeep]
|-damage|p2a: End day|66/100|[from] Sandstorm
|-damage|p1a: Machamp|95/100|[from] Sandstorm
|-heal|p1a: Machamp|100/100|[from] item: Leftovers
|upkeep
|turn|13
|
|t:|1729609951
|move|p2a: End day|Double-Edge|p1a: Machamp
|-damage|p1a: Machamp|33/100
|-damage|p2a: End day|44/100|[from] Recoil|[of] p1a: Machamp
|move|p1a: Machamp|Cross Chop|p2a: End day|[miss]
|-miss|p1a: Machamp|p2a: End day
|
|-weather|Sandstorm|[upkeep]
|-damage|p2a: End day|38/100|[from] Sandstorm
|-damage|p1a: Machamp|27/100|[from] Sandstorm
|-heal|p1a: Machamp|33/100|[from] item: Leftovers
|upkeep
|turn|14
|inactive|less19chara has 270 seconds left.
|
|t:|1729609979
|switch|p2a: i dont pose|Vaporeon, M|85/100
|switch|p1a: Salamence|Salamence, F|100/100
|-ability|p1a: Salamence|Intimidate|boost
|-unboost|p2a: i dont pose|atk|1
|
|-weather|Sandstorm|[upkeep]
|-damage|p1a: Salamence|94/100|[from] Sandstorm
|-damage|p2a: i dont pose|79/100|[from] Sandstorm
|-heal|p1a: Salamence|100/100|[from] item: Leftovers
|-heal|p2a: i dont pose|85/100|[from] item: Leftovers
|upkeep
|turn|15
|inactive|less19chara has 270 seconds left.
|
|t:|1729609990
|switch|p1a: Blissey|Blissey, F|76/100
|switch|p2a: Kameyamama|Hariyama, F|100/100
|
|-weather|Sandstorm|[upkeep]
|-damage|p1a: Blissey|70/100|[from] Sandstorm
|-damage|p2a: Kameyamama|94/100|[from] Sandstorm
|-heal|p1a: Blissey|76/100|[from] item: Leftovers
|-heal|p2a: Kameyamama|100/100|[from] item: Leftovers
|upkeep
|turn|16
|inactive|less19chara has 270 seconds left.
|
|t:|1729609997
|switch|p1a: Machamp|Machamp, F|33/100
|move|p2a: Kameyamama|Knock Off|p1a: Machamp
|-resisted|p1a: Machamp
|-damage|p1a: Machamp|32/100
|-enditem|p1a: Machamp|Leftovers|[from] move: Knock Off|[of] p2a: Kameyamama
|-hint|In Gens 3-4, Knock Off only makes the target's item unusable; it cannot obtain a new item.
|
|-weather|Sandstorm|[upkeep]
|-damage|p1a: Machamp|26/100|[from] Sandstorm
|-damage|p2a: Kameyamama|94/100|[from] Sandstorm
|-heal|p2a: Kameyamama|100/100|[from] item: Leftovers
|upkeep
|turn|17
|inactive|less19chara has 270 seconds left.
|
|t:|1729610007
|move|p1a: Machamp|Cross Chop|p2a: Kameyamama
|-damage|p2a: Kameyamama|45/100
|move|p2a: Kameyamama|Brick Break|p1a: Machamp
|-damage|p1a: Machamp|0 fnt
|faint|p1a: Machamp
|
|t:|1729610016
|switch|p1a: Salamence|Salamence, F|100/100
|-ability|p1a: Salamence|Intimidate|boost
|-unboost|p2a: Kameyamama|atk|1
|
|-weather|Sandstorm|[upkeep]
|-damage|p1a: Salamence|94/100|[from] Sandstorm
|-damage|p2a: Kameyamama|39/100|[from] Sandstorm
|-heal|p1a: Salamence|100/100|[from] item: Leftovers
|-heal|p2a: Kameyamama|45/100|[from] item: Leftovers
|upkeep
|turn|18
|
|t:|1729610025
|switch|p2a: i dont pose|Vaporeon, M|85/100
|move|p1a: Salamence|Dragon Claw|p2a: i dont pose
|-damage|p2a: i dont pose|58/100
|
|-weather|Sandstorm|[upkeep]
|-damage|p1a: Salamence|94/100|[from] Sandstorm
|-damage|p2a: i dont pose|51/100|[from] Sandstorm
|-heal|p1a: Salamence|100/100|[from] item: Leftovers
|-heal|p2a: i dont pose|58/100|[from] item: Leftovers
|upkeep
|turn|19
|
|t:|1729610034
|switch|p1a: Jirachi|Jirachi|99/100
|move|p2a: i dont pose|Wish|p2a: i dont pose
|
|-weather|Sandstorm|[upkeep]
|-damage|p2a: i dont pose|51/100|[from] Sandstorm
|-heal|p1a: Jirachi|100/100|[from] item: Leftovers
|-heal|p2a: i dont pose|58/100|[from] item: Leftovers
|upkeep
|turn|20
|
|t:|1729610040
|switch|p2a: Ginungganggar|Gengar, M|100/100 par
|move|p1a: Jirachi|Substitute|p1a: Jirachi
|-start|p1a: Jirachi|Substitute
|-damage|p1a: Jirachi|75/100
|
|-weather|Sandstorm|[upkeep]
|-damage|p2a: Ginungganggar|94/100 par|[from] Sandstorm
|-heal|p1a: Jirachi|82/100|[from] item: Leftovers
|-heal|p2a: Ginungganggar|100/100 par|[from] item: Leftovers
|upkeep
|turn|21
|
|t:|1729610044
|move|p1a: Jirachi|Thunderbolt|p2a: Ginungganggar
|-damage|p2a: Ginungganggar|74/100 par
|move|p2a: Ginungganggar|Perish Song|p2a: Ginungganggar
|-start|p1a: Jirachi|perish3|[silent]
|-start|p2a: Ginungganggar|perish3|[silent]
|-fieldactivate|move: Perish Song
|
|-weather|Sandstorm|[upkeep]
|-damage|p2a: Ginungganggar|68/100 par|[from] Sandstorm
|-heal|p1a: Jirachi|88/100|[from] item: Leftovers
|-heal|p2a: Ginungganggar|74/100 par|[from] item: Leftovers
|-start|p1a: Jirachi|perish3
|-start|p2a: Ginungganggar|perish3
|upkeep
|turn|22
|
|t:|1729610054
|switch|p1a: Cloyster|Cloyster, M|100/100
|move|p2a: Ginungganggar|Protect||[still]
|-fail|p2a: Ginungganggar
|
|-weather|Sandstorm|[upkeep]
|-damage|p1a: Cloyster|94/100|[from] Sandstorm
|-damage|p2a: Ginungganggar|68/100 par|[from] Sandstorm
|-heal|p1a: Cloyster|100/100|[from] item: Leftovers
|-heal|p2a: Ginungganggar|74/100 par|[from] item: Leftovers
|-start|p2a: Ginungganggar|perish2
|upkeep
|turn|23
|
|t:|1729610058
|move|p1a: Cloyster|Spikes|p2a: Ginungganggar
|-sidestart|p2: less19chara|Spikes
|move|p2a: Ginungganggar|Hypnosis|p1a: Cloyster|[miss]
|-miss|p2a: Ginungganggar|p1a: Cloyster
|
|-weather|Sandstorm|[upkeep]
|-damage|p1a: Cloyster|94/100|[from] Sandstorm
|-damage|p2a: Ginungganggar|68/100 par|[from] Sandstorm
|-heal|p1a: Cloyster|100/100|[from] item: Leftovers
|-heal|p2a: Ginungganggar|74/100 par|[from] item: Leftovers
|-start|p2a: Ginungganggar|perish1
|upkeep
|turn|24
|
|t:|1729610067
|switch|p2a: i dont pose|Vaporeon, M|58/100
|-damage|p2a: i dont pose|45/100|[from] Spikes
|move|p1a: Cloyster|Spikes|p2a: i dont pose
|-sidestart|p2: less19chara|Spikes
|
|-weather|Sandstorm|[upkeep]
|-damage|p1a: Cloyster|94/100|[from] Sandstorm
|-damage|p2a: i dont pose|39/100|[from] Sandstorm
|-heal|p1a: Cloyster|100/100|[from] item: Leftovers
|-heal|p2a: i dont pose|45/100|[from] item: Leftovers
|upkeep
|turn|25
|
|t:|1729610075
|switch|p1a: Jirachi|Jirachi|88/100
|move|p2a: i dont pose|Toxic|p1a: Jirachi
|-immune|p1a: Jirachi
|
|-weather|Sandstorm|[upkeep]
|-damage|p2a: i dont pose|39/100|[from] Sandstorm
|-heal|p1a: Jirachi|94/100|[from] item: Leftovers
|-heal|p2a: i dont pose|45/100|[from] item: Leftovers
|upkeep
|turn|26
|
|t:|1729610085
|move|p1a: Jirachi|Substitute|p1a: Jirachi
|-start|p1a: Jirachi|Substitute
|-damage|p1a: Jirachi|69/100
|move|p2a: i dont pose|Surf|p1a: Jirachi
|-end|p1a: Jirachi|Substitute
|
|-weather|Sandstorm|[upkeep]
|-damage|p2a: i dont pose|39/100|[from] Sandstorm
|-heal|p1a: Jirachi|75/100|[from] item: Leftovers
|-heal|p2a: i dont pose|45/100|[from] item: Leftovers
|upkeep
|turn|27
|
|t:|1729610091
|switch|p2a: Sir Armand|Jolteon, F|100/100
|-damage|p2a: Sir Armand|84/100|[from] Spikes
|move|p1a: Jirachi|Calm Mind|p1a: Jirachi
|-boost|p1a: Jirachi|spa|1
|-boost|p1a: Jirachi|spd|1
|
|-weather|Sandstorm|[upkeep]
|-damage|p2a: Sir Armand|78/100|[from] Sandstorm
|-heal|p2a: Sir Armand|84/100|[from] item: Leftovers
|-heal|p1a: Jirachi|81/100|[from] item: Leftovers
|upkeep
|turn|28
|
|t:|1729610098
|move|p2a: Sir Armand|Substitute|p2a: Sir Armand
|-start|p2a: Sir Armand|Substitute
|-damage|p2a: Sir Armand|59/100
|move|p1a: Jirachi|Ice Punch|p2a: Sir Armand
|-end|p2a: Sir Armand|Substitute
|
|-weather|Sandstorm|[upkeep]
|-damage|p2a: Sir Armand|53/100|[from] Sandstorm
|-heal|p2a: Sir Armand|59/100|[from] item: Leftovers
|-heal|p1a: Jirachi|88/100|[from] item: Leftovers
|upkeep
|turn|29
|
|t:|1729610102
|move|p2a: Sir Armand|Baton Pass|p2a: Sir Armand
|
|t:|1729610105
|switch|p2a: Ginungganggar|Gengar, M|74/100 par|[from] Baton Pass
|move|p1a: Jirachi|Ice Punch|p2a: Ginungganggar
|-damage|p2a: Ginungganggar|40/100 par
|
|-weather|Sandstorm|[upkeep]
|-damage|p2a: Ginungganggar|34/100 par|[from] Sandstorm
|-heal|p1a: Jirachi|94/100|[from] item: Leftovers
|-heal|p2a: Ginungganggar|40/100 par|[from] item: Leftovers
|upkeep
|turn|30
|
|t:|1729610111
|move|p1a: Jirachi|Thunderbolt|p2a: Ginungganggar
|-damage|p2a: Ginungganggar|0 fnt
|faint|p2a: Ginungganggar
|
|t:|1729610139
|switch|p2a: Tarizardon|Tyranitar, F|100/100
|-damage|p2a: Tarizardon|84/100|[from] Spikes
|
|-weather|Sandstorm|[upkeep]
|-heal|p1a: Jirachi|99/100|[from] item: Leftovers
|-heal|p2a: Tarizardon|90/100|[from] item: Leftovers
|upkeep
|turn|31
|
|t:|1729610146
|switch|p1a: Salamence|Salamence, F|100/100
|-ability|p1a: Salamence|Intimidate|boost
|-unboost|p2a: Tarizardon|atk|1
|move|p2a: Tarizardon|Fire Blast|p1a: Salamence
|-resisted|p1a: Salamence
|-damage|p1a: Salamence|76/100
|
|-weather|Sandstorm|[upkeep]
|-damage|p1a: Salamence|70/100|[from] Sandstorm
|-heal|p1a: Salamence|76/100|[from] item: Leftovers
|-heal|p2a: Tarizardon|96/100|[from] item: Leftovers
|upkeep
|turn|32
|
|t:|1729610152
|move|p1a: Salamence|Brick Break|p2a: Tarizardon
|-supereffective|p2a: Tarizardon
|-damage|p2a: Tarizardon|28/100
|move|p2a: Tarizardon|Counter|p1a: Salamence
|-damage|p1a: Salamence|0 fnt
|faint|p1a: Salamence
|
|t:|1729610161
|switch|p1a: Blissey|Blissey, F|76/100
|
|-weather|Sandstorm|[upkeep]
|-damage|p1a: Blissey|70/100|[from] Sandstorm
|-heal|p2a: Tarizardon|35/100|[from] item: Leftovers
|-heal|p1a: Blissey|76/100|[from] item: Leftovers
|upkeep
|turn|33
|
|t:|1729610173
|move|p2a: Tarizardon|Crunch|p1a: Blissey
|-crit|p1a: Blissey
|-damage|p1a: Blissey|48/100
|move|p1a: Blissey|Seismic Toss|p2a: Tarizardon
|-damage|p2a: Tarizardon|10/100
|
|-weather|Sandstorm|[upkeep]
|-damage|p1a: Blissey|41/100|[from] Sandstorm
|-heal|p2a: Tarizardon|16/100|[from] item: Leftovers
|-heal|p1a: Blissey|48/100|[from] item: Leftovers
|upkeep
|turn|34
|
|t:|1729610180
|move|p2a: Tarizardon|Crunch|p1a: Blissey
|-damage|p1a: Blissey|33/100
|move|p1a: Blissey|Seismic Toss|p2a: Tarizardon
|-damage|p2a: Tarizardon|0 fnt
|faint|p2a: Tarizardon
|
|t:|1729610185
|switch|p2a: Kameyamama|Hariyama, F|45/100
|-damage|p2a: Kameyamama|28/100|[from] Spikes
|
|-weather|Sandstorm|[upkeep]
|-damage|p1a: Blissey|27/100|[from] Sandstorm
|-damage|p2a: Kameyamama|22/100|[from] Sandstorm
|-heal|p1a: Blissey|33/100|[from] item: Leftovers
|-heal|p2a: Kameyamama|28/100|[from] item: Leftovers
|upkeep
|turn|35
|
|t:|1729610191
|switch|p1a: Cloyster|Cloyster, M|100/100
|move|p2a: Kameyamama|Brick Break|p1a: Cloyster
|-supereffective|p1a: Cloyster
|-damage|p1a: Cloyster|44/100
|
|-weather|Sandstorm|[upkeep]
|-damage|p1a: Cloyster|38/100|[from] Sandstorm
|-damage|p2a: Kameyamama|22/100|[from] Sandstorm
|-heal|p1a: Cloyster|44/100|[from] item: Leftovers
|-heal|p2a: Kameyamama|28/100|[from] item: Leftovers
|upkeep
|turn|36
|
|t:|1729610195
|move|p1a: Cloyster|Explosion|p2a: Kameyamama
|-damage|p2a: Kameyamama|0 fnt
|faint|p1a: Cloyster
|faint|p2a: Kameyamama
|
|t:|1729610201
|switch|p1a: Jirachi|Jirachi|99/100
|switch|p2a: End day|Entei|38/100
|-damage|p2a: End day|22/100|[from] Spikes
|
|-weather|Sandstorm|[upkeep]
|-damage|p2a: End day|15/100|[from] Sandstorm
|-heal|p1a: Jirachi|100/100|[from] item: Leftovers
|upkeep
|turn|37
|
|t:|1729610212
|move|p1a: Jirachi|Substitute|p1a: Jirachi
|-start|p1a: Jirachi|Substitute
|-damage|p1a: Jirachi|75/100
|move|p2a: End day|Hidden Power|p1a: Jirachi
|-end|p1a: Jirachi|Substitute
|
|-weather|Sandstorm|[upkeep]
|-damage|p2a: End day|9/100|[from] Sandstorm
|-heal|p1a: Jirachi|82/100|[from] item: Leftovers
|upkeep
|turn|38
|
|t:|1729610218
|move|p1a: Jirachi|Thunderbolt|p2a: End day
|-damage|p2a: End day|0 fnt
|faint|p2a: End day
|
|t:|1729610223
|switch|p2a: Sir Armand|Jolteon, F|59/100
|-damage|p2a: Sir Armand|43/100|[from] Spikes
|
|-weather|Sandstorm|[upkeep]
|-damage|p2a: Sir Armand|37/100|[from] Sandstorm
|-heal|p2a: Sir Armand|43/100|[from] item: Leftovers
|-heal|p1a: Jirachi|88/100|[from] item: Leftovers
|upkeep
|turn|39
|
|t:|1729610229
|move|p2a: Sir Armand|Thunderbolt|p1a: Jirachi
|-damage|p1a: Jirachi|50/100
|move|p1a: Jirachi|Ice Punch|p2a: Sir Armand
|-crit|p2a: Sir Armand
|-damage|p2a: Sir Armand|0 fnt
|faint|p2a: Sir Armand
|
|t:|1729610233
|switch|p2a: i dont pose|Vaporeon, M|45/100
|-damage|p2a: i dont pose|29/100|[from] Spikes
|
|-weather|Sandstorm|[upkeep]
|-damage|p2a: i dont pose|23/100|[from] Sandstorm
|-heal|p1a: Jirachi|57/100|[from] item: Leftovers
|-heal|p2a: i dont pose|29/100|[from] item: Leftovers
|upkeep
|turn|40
|c|☆less19chara|gg
|c|☆Scansafatiche|gg
|-message|less19chara forfeited.
|
|win|Scansafatiche
|player|p2|

</script>
<script type="application/json" class="data" id="replaydata-smogtours-gen3ou-801191">
{"id":"smogtours-gen3ou-801191","format":"[Gen 3] OU","players":["Scansafatiche","less19chara"],"uploadtime":1729610244,"views":69,"formatid":"gen3ou","rating":null,"private":1,"password":null}
</script>

<script defer src="js/replays.js?9d40a366"></script>
