<!DOCTYPE html>
<meta charset="utf-8" />
<meta name="viewport" content="width=device-width" />

<title>[Gen 3] OU: zerkas vs. dunsparce_real - Replays - Pok&eacute;mon Showdown!</title>

<meta name="description" content="Watch a replay of a Pok&eacute;mon battle between zerkas and dunsparce_real! Format: [Gen 3] OU; Date: Oct 4, 2024" />
<!--

Hey, you! Looking in the source for the replay log?

You can find them in JSON format, just add `.json` at the end of a replay URL.

https://replay.pokemonshowdown.com/gen7randomdoublesbattle-865046831.json

Or, if you only need the log itself, add `.log` instead:

https://replay.pokemonshowdown.com/gen7randomdoublesbattle-865046831.log

-->

<link rel="stylesheet" href="//pokemonshowdown.com/style/global.css?0.767286132409787" />
<link rel="stylesheet" href="//play.pokemonshowdown.com/style/font-awesome.css?0.9266228007934947" />
<link rel="stylesheet" href="//play.pokemonshowdown.com/style/battle.css?0.7924700842790926" />
<link rel="stylesheet" href="//play.pokemonshowdown.com/style/utilichart.css?0.8777417872839479" />

<!-- Global site tag (gtag.js) - Google Analytics -->
<script async src="https://www.googletagmanager.com/gtag/js?id=UA-26211653-1"></script>
<script>
  window.dataLayer = window.dataLayer || [];
  function gtag(){dataLayer.push(arguments);}
  gtag('js', new Date());

  gtag('config', 'UA-26211653-1');
</script>
<!-- End Google Analytics -->
<!-- Venatus Ad Manager - Install in <HEAD> of page -->
	<script src="https://hb.vntsm.com/v3/live/ad-manager.min.js" type="text/javascript" data-site-id="642aba63ec9a7b11c3c9c1be" data-mode="scan" async></script>
<!-- / Venatus Ad Manager -->

<style>
	@media (max-width:820px) {
		.battle {
			margin: 0 auto;
		}
		.battle-log {
			margin: 7px auto 0;
			max-width: 640px;
			height: 300px;
			position: static;
		}
	}
	.optgroup {
		display: inline-block;
		line-height: 22px;
		font-size: 10pt;
	}
	.optgroup .button {
		height: 25px;
		padding-top: 0;
		padding-bottom: 0;
	}
	.optgroup button.button {
		padding-left: 12px;
		padding-right: 12px;
	}
	.linklist {
		list-style: none;
		margin: 0.5em 0;
		padding: 0;
	}
	.linklist li {
		padding: 2px 0;
	}
	.sidebar {
		float: left;
		width: 320px;
	}
	.bar-wrapper {
		max-width: 1100px;
		margin: 0 auto;
	}
	.bar-wrapper.has-sidebar {
		max-width: 1430px;
	}
	.mainbar {
		margin: 0;
		padding-right: 1px;
	}
	.mainbar.has-sidebar {
		margin-left: 330px;
	}
	@media (min-width: 1511px) {
		.sidebar {
			width: 400px;
		}
		.bar-wrapper.has-sidebar {
			max-width: 1510px;
		}
		.mainbar.has-sidebar {
			margin-left: 410px;
		}
	}
	.section.first-section {
		margin-top: 9px;
	}
	.blocklink small {
		white-space: normal;
	}
	.button {
		vertical-align: middle;
	}
	.replay-controls {
		padding-top: 10px;
	}
	.replay-controls h1 {
		font-size: 16pt;
		font-weight: normal;
		color: #CCC;
	}
	.pagelink {
		text-align: center;
	}
	.pagelink a {
		width: 150px;
	}
	.textbox, .button {
		font-size: 11pt;
		vertical-align: middle;
	}
	@media (max-width: 450px) {
		.button {
			font-size: 9pt;
		}
	}
</style>

<div>

	<header>
		<div class="nav-wrapper"><ul class="nav">
			<li><a class="button nav-first" href="//pokemonshowdown.com/"><img src="//pokemonshowdown.com/images/pokemonshowdownbeta.png" srcset="//pokemonshowdown.com/images/pokemonshowdownbeta.png 1x, //pokemonshowdown.com/images/pokemonshowdownbeta@2x.png 2x" alt="Pok&eacute;mon Showdown" width="146" height="44" /> Home</a></li>
			<li><a class="button" href="//pokemonshowdown.com/dex/">Pok&eacute;dex</a></li>
			<li><a class="button cur" href="/">Replays</a></li>
			<li><a class="button" href="//pokemonshowdown.com/ladder/">Ladder</a></li>
			<li><a class="button nav-last" href="//pokemonshowdown.com/forums/">Forum</a></li>
			<li><a class="button greenbutton nav-first nav-last" href="//play.pokemonshowdown.com/">Play</a></li>
		</ul></div>
	</header>

	<div class="main" id="main">

		<noscript><section class="section">You need to enable JavaScript to use this page; sorry!</section></noscript>

	</div>

</div>

<script defer nomodule src="//play.pokemonshowdown.com/js/lib/ps-polyfill.js"></script>
<script defer src="//play.pokemonshowdown.com/js/lib/preact.min.js"></script>

<script defer src="//play.pokemonshowdown.com/config/config.js?6dec07f6"></script>
<script defer src="//play.pokemonshowdown.com/js/lib/jquery-1.11.0.min.js"></script>
<script defer src="//play.pokemonshowdown.com/js/lib/html-sanitizer-minified.js"></script>
<script defer src="//play.pokemonshowdown.com/js/battle-sound.js"></script>
<script defer src="//play.pokemonshowdown.com/js/battledata.js?0.6315294753075389"></script>
<script defer src="//play.pokemonshowdown.com/data/pokedex-mini.js?0.7603743185311358"></script>
<script defer src="//play.pokemonshowdown.com/data/pokedex-mini-bw.js?0.030888842834281283"></script>
<script defer src="//play.pokemonshowdown.com/data/graphics.js?0.05593094747507488"></script>
<script defer src="//play.pokemonshowdown.com/data/pokedex.js?0.47064822249611904"></script>
<script defer src="//play.pokemonshowdown.com/data/moves.js?0.8583693120512459"></script>
<script defer src="//play.pokemonshowdown.com/data/abilities.js?0.16017181182386842"></script>
<script defer src="//play.pokemonshowdown.com/data/items.js?0.4163379185673943"></script>
<script defer src="//play.pokemonshowdown.com/data/teambuilder-tables.js?0.31075597372830477"></script>
<script defer src="//play.pokemonshowdown.com/js/battle-tooltips.js?0.6536193500708172"></script>
<script defer src="//play.pokemonshowdown.com/js/battle.js?0.1916591943277901"></script>

<script defer src="js/utils.js?e31f9a17"></script>
<script defer src="js/replays-battle.js?7008c182"></script>

<!-- don't scrape this data! just add .json or .log after the URL!
Full API docs: https://github.com/smogon/pokemon-showdown-client/blob/master/WEB-API.md -->
<script type="text/plain" class="log" id="replaylog-smogtours-gen3ou-794504">
|inactive|Battle timer is ON: inactive players will automatically lose when time's up.
|t:|1728014559
|gametype|singles
|player|p1|zerkas|courtney|
|player|p2|dunsparce_real|guitarist|
|teamsize|p1|6
|teamsize|p2|6
|gen|3
|tier|[Gen 3] OU
|rule|Sleep Clause Mod: Limit one foe put to sleep
|rule|Switch Priority Clause Mod: Faster Pokémon switch first
|rule|Species Clause: Limit one of each Pokémon
|rule|OHKO Clause: OHKO moves are banned
|rule|Evasion Items Clause: Evasion items are banned
|rule|Evasion Moves Clause: Evasion moves are banned
|rule|Endless Battle Clause: Forcing endless battles is banned
|rule|HP Percentage Mod: HP is shown in percentages
|rule|One Boost Passer Clause: Limit one Baton Passer that has a way to boost its stats
|rule|Freeze Clause Mod: Limit one foe frozen
|
|t:|1728014559
|start
|switch|p1a: Salamence|Salamence, M|100/100
|switch|p2a: Wildberry|Suicune|100/100
|-ability|p1a: Salamence|Intimidate|boost
|-unboost|p2a: Wildberry|atk|1
|turn|1
|c|☆zerkas|hf 
|c|☆dunsparce_real|gl hf
|
|t:|1728014578
|switch|p1a: Snorlax|Snorlax, M|100/100
|move|p2a: Wildberry|Roar|p1a: Snorlax
|drag|p1a: Tyranitar|Tyranitar, F|100/100
|-weather|Sandstorm|[from] ability: Sand Stream|[of] p1a: Tyranitar
|
|-weather|Sandstorm|[upkeep]
|-damage|p2a: Wildberry|94/100|[from] Sandstorm
|-heal|p2a: Wildberry|100/100|[from] item: Leftovers
|upkeep
|turn|2
|
|t:|1728014601
|switch|p2a: SUPERCOMPUTER|Metagross|100/100
|switch|p1a: Registeel|Registeel|100/100
|
|-weather|Sandstorm|[upkeep]
|upkeep
|turn|3
|
|t:|1728014604
|move|p2a: SUPERCOMPUTER|Earthquake|p1a: Registeel
|-supereffective|p1a: Registeel
|-damage|p1a: Registeel|42/100
|move|p1a: Registeel|Counter|p2a: SUPERCOMPUTER
|-damage|p2a: SUPERCOMPUTER|0 fnt
|faint|p2a: SUPERCOMPUTER
|
|t:|1728014624
|switch|p2a: Cool Ranch|Salamence, M|100/100
|-ability|p2a: Cool Ranch|Intimidate|boost
|-fail|p1a: Registeel|unboost|[from] ability: Clear Body|[of] p1a: Registeel
|
|-weather|Sandstorm|[upkeep]
|-damage|p2a: Cool Ranch|94/100|[from] Sandstorm
|-heal|p2a: Cool Ranch|100/100|[from] item: Leftovers
|-heal|p1a: Registeel|48/100|[from] item: Leftovers
|upkeep
|turn|4
|inactive|dunsparce_real has 270 seconds left.
|
|t:|1728014642
|switch|p1a: Salamence|Salamence, M|100/100
|-ability|p1a: Salamence|Intimidate|boost
|-unboost|p2a: Cool Ranch|atk|1
|move|p2a: Cool Ranch|Fire Blast|p1a: Salamence
|-resisted|p1a: Salamence
|-damage|p1a: Salamence|77/100
|
|-weather|Sandstorm|[upkeep]
|-damage|p2a: Cool Ranch|94/100|[from] Sandstorm
|-damage|p1a: Salamence|71/100|[from] Sandstorm
|-heal|p2a: Cool Ranch|100/100|[from] item: Leftovers
|-heal|p1a: Salamence|77/100|[from] item: Leftovers
|upkeep
|turn|5
|
|t:|1728014648
|switch|p1a: Suicune|Suicune|100/100
|move|p2a: Cool Ranch|Dragon Claw|p1a: Suicune
|-damage|p1a: Suicune|67/100
|
|-weather|Sandstorm|[upkeep]
|-damage|p2a: Cool Ranch|94/100|[from] Sandstorm
|-damage|p1a: Suicune|61/100|[from] Sandstorm
|-heal|p2a: Cool Ranch|100/100|[from] item: Leftovers
|-heal|p1a: Suicune|67/100|[from] item: Leftovers
|upkeep
|turn|6
|
|t:|1728014655
|switch|p2a: Jbone|Snorlax, F|100/100
|move|p1a: Suicune|Ice Beam|p2a: Jbone
|-damage|p2a: Jbone|84/100
|
|-weather|Sandstorm|[upkeep]
|-damage|p1a: Suicune|61/100|[from] Sandstorm
|-damage|p2a: Jbone|77/100|[from] Sandstorm
|-heal|p1a: Suicune|67/100|[from] item: Leftovers
|-heal|p2a: Jbone|84/100|[from] item: Leftovers
|upkeep
|turn|7
|
|t:|1728014659
|switch|p1a: Tyranitar|Tyranitar, F|100/100
|move|p2a: Jbone|Body Slam|p1a: Tyranitar
|-resisted|p1a: Tyranitar
|-damage|p1a: Tyranitar|84/100
|-status|p1a: Tyranitar|par
|
|-weather|Sandstorm|[upkeep]
|-damage|p2a: Jbone|77/100|[from] Sandstorm
|-heal|p2a: Jbone|84/100|[from] item: Leftovers
|-heal|p1a: Tyranitar|90/100 par|[from] item: Leftovers
|upkeep
|turn|8
|
|t:|1728014663
|switch|p1a: Salamence|Salamence, M|77/100
|-ability|p1a: Salamence|Intimidate|boost
|-unboost|p2a: Jbone|atk|1
|move|p2a: Jbone|Earthquake|p1a: Salamence
|-immune|p1a: Salamence
|
|-weather|Sandstorm|[upkeep]
|-damage|p1a: Salamence|71/100|[from] Sandstorm
|-damage|p2a: Jbone|77/100|[from] Sandstorm
|-heal|p1a: Salamence|77/100|[from] item: Leftovers
|-heal|p2a: Jbone|84/100|[from] item: Leftovers
|upkeep
|turn|9
|
|t:|1728014679
|switch|p2a: Wildberry|Suicune|100/100
|move|p1a: Salamence|Wish|p1a: Salamence
|
|-weather|Sandstorm|[upkeep]
|-damage|p1a: Salamence|71/100|[from] Sandstorm
|-damage|p2a: Wildberry|94/100|[from] Sandstorm
|-heal|p1a: Salamence|77/100|[from] item: Leftovers
|-heal|p2a: Wildberry|100/100|[from] item: Leftovers
|upkeep
|turn|10
|
|t:|1728014686
|switch|p1a: Registeel|Registeel|48/100
|move|p2a: Wildberry|Hydro Pump|p1a: Registeel|[miss]
|-miss|p2a: Wildberry|p1a: Registeel
|
|-heal|p1a: Registeel|98/100|[from] move: Wish|[wisher] Salamence
|-weather|Sandstorm|[upkeep]
|-damage|p2a: Wildberry|94/100|[from] Sandstorm
|-heal|p2a: Wildberry|100/100|[from] item: Leftovers
|-heal|p1a: Registeel|100/100|[from] item: Leftovers
|upkeep
|turn|11
|
|t:|1728014704
|switch|p2a: Jbone|Snorlax, F|84/100
|move|p1a: Registeel|Thunder Wave|p2a: Jbone
|-status|p2a: Jbone|par
|
|-weather|Sandstorm|[upkeep]
|-damage|p2a: Jbone|77/100 par|[from] Sandstorm
|-heal|p2a: Jbone|84/100 par|[from] item: Leftovers
|upkeep
|turn|12
|
|t:|1728014713
|move|p2a: Jbone|Earthquake|p1a: Registeel
|-supereffective|p1a: Registeel
|-damage|p1a: Registeel|66/100
|move|p1a: Registeel|Counter|p2a: Jbone
|-damage|p2a: Jbone|29/100 par
|
|-weather|Sandstorm|[upkeep]
|-damage|p2a: Jbone|23/100 par|[from] Sandstorm
|-heal|p1a: Registeel|72/100|[from] item: Leftovers
|-heal|p2a: Jbone|29/100 par|[from] item: Leftovers
|upkeep
|turn|13
|
|t:|1728014729
|move|p1a: Registeel|Seismic Toss|p2a: Jbone
|-damage|p2a: Jbone|8/100 par
|move|p2a: Jbone|Earthquake|p1a: Registeel
|-supereffective|p1a: Registeel
|-crit|p1a: Registeel
|-damage|p1a: Registeel|0 fnt
|faint|p1a: Registeel
|
|t:|1728014750
|switch|p1a: Suicune|Suicune|67/100
|
|-weather|Sandstorm|[upkeep]
|-damage|p1a: Suicune|61/100|[from] Sandstorm
|-damage|p2a: Jbone|1/100 par|[from] Sandstorm
|-heal|p1a: Suicune|67/100|[from] item: Leftovers
|-heal|p2a: Jbone|8/100 par|[from] item: Leftovers
|upkeep
|turn|14
|
|t:|1728014754
|move|p1a: Suicune|Surf|p2a: Jbone
|-damage|p2a: Jbone|0 fnt
|faint|p2a: Jbone
|
|t:|1728014760
|switch|p2a: Eustass|Magneton|100/100
|
|-weather|Sandstorm|[upkeep]
|-damage|p1a: Suicune|61/100|[from] Sandstorm
|-heal|p1a: Suicune|67/100|[from] item: Leftovers
|upkeep
|turn|15
|
|t:|1728014773
|switch|p1a: Claydol|Claydol|100/100
|move|p2a: Eustass|Thunder Wave|p1a: Claydol
|-immune|p1a: Claydol
|
|-weather|Sandstorm|[upkeep]
|upkeep
|turn|16
|
|t:|1728014784
|switch|p2a: Cool Ranch|Salamence, M|100/100
|-ability|p2a: Cool Ranch|Intimidate|boost
|-unboost|p1a: Claydol|atk|1
|switch|p1a: Suicune|Suicune|67/100
|
|-weather|Sandstorm|[upkeep]
|-damage|p2a: Cool Ranch|94/100|[from] Sandstorm
|-damage|p1a: Suicune|61/100|[from] Sandstorm
|-heal|p2a: Cool Ranch|100/100|[from] item: Leftovers
|-heal|p1a: Suicune|67/100|[from] item: Leftovers
|upkeep
|turn|17
|
|t:|1728014791
|switch|p2a: Wildberry|Suicune|100/100
|move|p1a: Suicune|Ice Beam|p2a: Wildberry
|-resisted|p2a: Wildberry
|-damage|p2a: Wildberry|88/100
|-status|p2a: Wildberry|frz
|
|-weather|Sandstorm|[upkeep]
|-damage|p2a: Wildberry|82/100 frz|[from] Sandstorm
|-damage|p1a: Suicune|61/100|[from] Sandstorm
|-heal|p2a: Wildberry|88/100 frz|[from] item: Leftovers
|-heal|p1a: Suicune|67/100|[from] item: Leftovers
|upkeep
|turn|18
|
|t:|1728014796
|switch|p2a: Jobin|Heracross, M|100/100
|switch|p1a: Snorlax|Snorlax, M|100/100
|
|-weather|Sandstorm|[upkeep]
|-damage|p2a: Jobin|94/100|[from] Sandstorm
|-damage|p1a: Snorlax|94/100|[from] Sandstorm
|-heal|p1a: Snorlax|100/100|[from] item: Leftovers
|upkeep
|turn|19
|
|t:|1728014810
|switch|p2a: Eustass|Magneton|100/100
|switch|p1a: Salamence|Salamence, M|77/100
|-ability|p1a: Salamence|Intimidate|boost
|-unboost|p2a: Eustass|atk|1
|
|-weather|Sandstorm|[upkeep]
|-damage|p1a: Salamence|71/100|[from] Sandstorm
|-heal|p1a: Salamence|77/100|[from] item: Leftovers
|upkeep
|turn|20
|
|t:|1728014816
|move|p1a: Salamence|Fire Blast|p2a: Eustass
|-supereffective|p2a: Eustass
|-damage|p2a: Eustass|0 fnt
|faint|p2a: Eustass
|
|t:|1728014830
|switch|p2a: Jobin|Heracross, M|94/100
|
|-weather|Sandstorm|[upkeep]
|-damage|p1a: Salamence|71/100|[from] Sandstorm
|-damage|p2a: Jobin|88/100|[from] Sandstorm
|-heal|p1a: Salamence|77/100|[from] item: Leftovers
|upkeep
|turn|21
|
|t:|1728014841
|switch|p2a: Wildberry|Suicune|88/100 frz
|move|p1a: Salamence|Fire Blast|p2a: Wildberry
|-resisted|p2a: Wildberry
|-damage|p2a: Wildberry|72/100 frz
|-curestatus|p2a: Wildberry|frz|[msg]
|
|-weather|Sandstorm|[upkeep]
|-damage|p1a: Salamence|71/100|[from] Sandstorm
|-damage|p2a: Wildberry|66/100|[from] Sandstorm
|-heal|p1a: Salamence|77/100|[from] item: Leftovers
|-heal|p2a: Wildberry|72/100|[from] item: Leftovers
|upkeep
|turn|22
|
|t:|1728014845
|switch|p1a: Snorlax|Snorlax, M|100/100
|move|p2a: Wildberry|Ice Beam|p1a: Snorlax
|-crit|p1a: Snorlax
|-damage|p1a: Snorlax|66/100
|
|-weather|Sandstorm|[upkeep]
|-damage|p2a: Wildberry|66/100|[from] Sandstorm
|-damage|p1a: Snorlax|60/100|[from] Sandstorm
|-heal|p2a: Wildberry|72/100|[from] item: Leftovers
|-heal|p1a: Snorlax|66/100|[from] item: Leftovers
|upkeep
|turn|23
|inactive|dunsparce_real has 270 seconds left.
|
|t:|1728014883
|switch|p2a: Jobin|Heracross, M|88/100
|move|p1a: Snorlax|Body Slam|p2a: Jobin
|-damage|p2a: Jobin|33/100
|
|-weather|Sandstorm|[upkeep]
|-damage|p2a: Jobin|27/100|[from] Sandstorm
|-damage|p1a: Snorlax|60/100|[from] Sandstorm
|-heal|p1a: Snorlax|66/100|[from] item: Leftovers
|upkeep
|turn|24
|inactive|dunsparce_real has 270 seconds left.
|
|t:|1728014890
|switch|p1a: Tyranitar|Tyranitar, F|90/100 par
|move|p2a: Jobin|Megahorn|p1a: Tyranitar
|-supereffective|p1a: Tyranitar
|-damage|p1a: Tyranitar|0 fnt
|faint|p1a: Tyranitar
|
|t:|1728014892
|switch|p1a: Salamence|Salamence, M|77/100
|-ability|p1a: Salamence|Intimidate|boost
|-unboost|p2a: Jobin|atk|1
|
|-weather|Sandstorm|[upkeep]
|-damage|p1a: Salamence|71/100|[from] Sandstorm
|-damage|p2a: Jobin|21/100|[from] Sandstorm
|-heal|p1a: Salamence|77/100|[from] item: Leftovers
|-enditem|p2a: Jobin|Salac Berry|[eat]
|-boost|p2a: Jobin|spe|1|[from] item: Salac Berry
|upkeep
|turn|25
|
|t:|1728014898
|move|p2a: Jobin|Rock Slide|p1a: Salamence
|-supereffective|p1a: Salamence
|-damage|p1a: Salamence|26/100
|move|p1a: Salamence|Dragon Claw|p2a: Jobin
|-damage|p2a: Jobin|0 fnt
|faint|p2a: Jobin
|
|t:|1728014907
|switch|p2a: Wildberry|Suicune|72/100
|
|-weather|Sandstorm|[upkeep]
|-damage|p1a: Salamence|20/100|[from] Sandstorm
|-damage|p2a: Wildberry|66/100|[from] Sandstorm
|-heal|p1a: Salamence|26/100|[from] item: Leftovers
|-heal|p2a: Wildberry|72/100|[from] item: Leftovers
|upkeep
|turn|26
|
|t:|1728014918
|move|p1a: Salamence|Wish|p1a: Salamence
|move|p2a: Wildberry|Calm Mind|p2a: Wildberry
|-boost|p2a: Wildberry|spa|1
|-boost|p2a: Wildberry|spd|1
|
|-weather|Sandstorm|[upkeep]
|-damage|p1a: Salamence|20/100|[from] Sandstorm
|-damage|p2a: Wildberry|66/100|[from] Sandstorm
|-heal|p1a: Salamence|26/100|[from] item: Leftovers
|-heal|p2a: Wildberry|72/100|[from] item: Leftovers
|upkeep
|turn|27
|
|t:|1728014930
|move|p1a: Salamence|Dragon Claw|p2a: Wildberry
|-damage|p2a: Wildberry|48/100
|move|p2a: Wildberry|Calm Mind|p2a: Wildberry
|-boost|p2a: Wildberry|spa|1
|-boost|p2a: Wildberry|spd|1
|
|-heal|p1a: Salamence|75/100|[from] move: Wish|[wisher] Salamence
|-weather|Sandstorm|[upkeep]
|-damage|p1a: Salamence|69/100|[from] Sandstorm
|-damage|p2a: Wildberry|42/100|[from] Sandstorm
|-heal|p1a: Salamence|75/100|[from] item: Leftovers
|-heal|p2a: Wildberry|48/100|[from] item: Leftovers
|upkeep
|turn|28
|
|t:|1728014946
|move|p1a: Salamence|Brick Break|p2a: Wildberry
|-damage|p2a: Wildberry|28/100
|move|p2a: Wildberry|Ice Beam|p1a: Salamence
|-supereffective|p1a: Salamence
|-damage|p1a: Salamence|0 fnt
|faint|p1a: Salamence
|
|t:|1728014953
|switch|p1a: Snorlax|Snorlax, M|66/100
|
|-weather|Sandstorm|[upkeep]
|-damage|p2a: Wildberry|22/100|[from] Sandstorm
|-damage|p1a: Snorlax|60/100|[from] Sandstorm
|-heal|p2a: Wildberry|28/100|[from] item: Leftovers
|-heal|p1a: Snorlax|66/100|[from] item: Leftovers
|upkeep
|turn|29
|inactive|dunsparce_real has 270 seconds left.
|
|t:|1728014997
|move|p2a: Wildberry|Ice Beam|p1a: Snorlax
|-damage|p1a: Snorlax|34/100
|move|p1a: Snorlax|Self-Destruct|p2a: Wildberry
|-damage|p2a: Wildberry|0 fnt
|faint|p1a: Snorlax
|faint|p2a: Wildberry
|
|t:|1728015003
|switch|p2a: Cool Ranch|Salamence, M|100/100
|switch|p1a: Suicune|Suicune|67/100
|-ability|p2a: Cool Ranch|Intimidate|boost
|-unboost|p1a: Suicune|atk|1
|
|-weather|Sandstorm|[upkeep]
|-damage|p2a: Cool Ranch|94/100|[from] Sandstorm
|-damage|p1a: Suicune|61/100|[from] Sandstorm
|-heal|p2a: Cool Ranch|100/100|[from] item: Leftovers
|-heal|p1a: Suicune|67/100|[from] item: Leftovers
|upkeep
|turn|30
|inactive|dunsparce_real has 270 seconds left.
|
|t:|1728015010
|move|p2a: Cool Ranch|Hidden Power|p1a: Suicune
|-supereffective|p1a: Suicune
|-damage|p1a: Suicune|30/100
|move|p1a: Suicune|Ice Beam|p2a: Cool Ranch
|-supereffective|p2a: Cool Ranch
|-damage|p2a: Cool Ranch|0 fnt
|faint|p2a: Cool Ranch
|
|win|zerkas
|c|☆dunsparce_real|gg
|c|☆zerkas|ggs
|player|p2|

</script>
<script type="application/json" class="data" id="replaydata-smogtours-gen3ou-794504">
{"id":"smogtours-gen3ou-794504","format":"[Gen 3] OU","players":["zerkas","dunsparce_real"],"uploadtime":1728015010,"views":119,"formatid":"gen3ou","rating":null,"private":0,"password":null}
</script>

<script defer src="js/replays.js?9d40a366"></script>
