<!DOCTYPE html>
<meta charset="utf-8" />
<meta name="viewport" content="width=device-width" />

<title>[Gen 3] OU: zxgzxg vs. cow xi - Replays - Pok&eacute;mon Showdown!</title>

<meta name="description" content="Watch a replay of a Pok&eacute;mon battle between zxgzxg and cow xi! Format: [Gen 3] OU; Date: Oct 24, 2024" />
<!--

Hey, you! Looking in the source for the replay log?

You can find them in JSON format, just add `.json` at the end of a replay URL.

https://replay.pokemonshowdown.com/gen7randomdoublesbattle-865046831.json

Or, if you only need the log itself, add `.log` instead:

https://replay.pokemonshowdown.com/gen7randomdoublesbattle-865046831.log

-->

<link rel="stylesheet" href="//pokemonshowdown.com/style/global.css?0.023195364461161105" />
<link rel="stylesheet" href="//play.pokemonshowdown.com/style/font-awesome.css?0.13261647063804238" />
<link rel="stylesheet" href="//play.pokemonshowdown.com/style/battle.css?0.8753245789963631" />
<link rel="stylesheet" href="//play.pokemonshowdown.com/style/utilichart.css?0.8627959624976733" />

<!-- Global site tag (gtag.js) - Google Analytics -->
<script async src="https://www.googletagmanager.com/gtag/js?id=UA-26211653-1"></script>
<script>
  window.dataLayer = window.dataLayer || [];
  function gtag(){dataLayer.push(arguments);}
  gtag('js', new Date());

  gtag('config', 'UA-26211653-1');
</script>
<!-- End Google Analytics -->
<!-- Venatus Ad Manager - Install in <HEAD> of page -->
	<script src="https://hb.vntsm.com/v3/live/ad-manager.min.js" type="text/javascript" data-site-id="642aba63ec9a7b11c3c9c1be" data-mode="scan" async></script>
<!-- / Venatus Ad Manager -->

<style>
	@media (max-width:820px) {
		.battle {
			margin: 0 auto;
		}
		.battle-log {
			margin: 7px auto 0;
			max-width: 640px;
			height: 300px;
			position: static;
		}
	}
	.optgroup {
		display: inline-block;
		line-height: 22px;
		font-size: 10pt;
	}
	.optgroup .button {
		height: 25px;
		padding-top: 0;
		padding-bottom: 0;
	}
	.optgroup button.button {
		padding-left: 12px;
		padding-right: 12px;
	}
	.linklist {
		list-style: none;
		margin: 0.5em 0;
		padding: 0;
	}
	.linklist li {
		padding: 2px 0;
	}
	.sidebar {
		float: left;
		width: 320px;
	}
	.bar-wrapper {
		max-width: 1100px;
		margin: 0 auto;
	}
	.bar-wrapper.has-sidebar {
		max-width: 1430px;
	}
	.mainbar {
		margin: 0;
		padding-right: 1px;
	}
	.mainbar.has-sidebar {
		margin-left: 330px;
	}
	@media (min-width: 1511px) {
		.sidebar {
			width: 400px;
		}
		.bar-wrapper.has-sidebar {
			max-width: 1510px;
		}
		.mainbar.has-sidebar {
			margin-left: 410px;
		}
	}
	.section.first-section {
		margin-top: 9px;
	}
	.blocklink small {
		white-space: normal;
	}
	.button {
		vertical-align: middle;
	}
	.replay-controls {
		padding-top: 10px;
	}
	.replay-controls h1 {
		font-size: 16pt;
		font-weight: normal;
		color: #CCC;
	}
	.pagelink {
		text-align: center;
	}
	.pagelink a {
		width: 150px;
	}
	.textbox, .button {
		font-size: 11pt;
		vertical-align: middle;
	}
	@media (max-width: 450px) {
		.button {
			font-size: 9pt;
		}
	}
</style>

<div>

	<header>
		<div class="nav-wrapper"><ul class="nav">
			<li><a class="button nav-first" href="//pokemonshowdown.com/"><img src="//pokemonshowdown.com/images/pokemonshowdownbeta.png" srcset="//pokemonshowdown.com/images/pokemonshowdownbeta.png 1x, //pokemonshowdown.com/images/pokemonshowdownbeta@2x.png 2x" alt="Pok&eacute;mon Showdown" width="146" height="44" /> Home</a></li>
			<li><a class="button" href="//pokemonshowdown.com/dex/">Pok&eacute;dex</a></li>
			<li><a class="button cur" href="/">Replays</a></li>
			<li><a class="button" href="//pokemonshowdown.com/ladder/">Ladder</a></li>
			<li><a class="button nav-last" href="//pokemonshowdown.com/forums/">Forum</a></li>
			<li><a class="button greenbutton nav-first nav-last" href="//play.pokemonshowdown.com/">Play</a></li>
		</ul></div>
	</header>

	<div class="main" id="main">

		<noscript><section class="section">You need to enable JavaScript to use this page; sorry!</section></noscript>

	</div>

</div>

<script defer nomodule src="//play.pokemonshowdown.com/js/lib/ps-polyfill.js"></script>
<script defer src="//play.pokemonshowdown.com/js/lib/preact.min.js"></script>

<script defer src="//play.pokemonshowdown.com/config/config.js?2bddbc15"></script>
<script defer src="//play.pokemonshowdown.com/js/lib/jquery-1.11.0.min.js"></script>
<script defer src="//play.pokemonshowdown.com/js/lib/html-sanitizer-minified.js"></script>
<script defer src="//play.pokemonshowdown.com/js/battle-sound.js"></script>
<script defer src="//play.pokemonshowdown.com/js/battledata.js?0.7209276989879541"></script>
<script defer src="//play.pokemonshowdown.com/data/pokedex-mini.js?0.6111056340867951"></script>
<script defer src="//play.pokemonshowdown.com/data/pokedex-mini-bw.js?0.3532142036491459"></script>
<script defer src="//play.pokemonshowdown.com/data/graphics.js?0.24223875632456182"></script>
<script defer src="//play.pokemonshowdown.com/data/pokedex.js?0.38839984266356864"></script>
<script defer src="//play.pokemonshowdown.com/data/moves.js?0.21866028504024015"></script>
<script defer src="//play.pokemonshowdown.com/data/abilities.js?0.2005157953846628"></script>
<script defer src="//play.pokemonshowdown.com/data/items.js?0.9894211263848525"></script>
<script defer src="//play.pokemonshowdown.com/data/teambuilder-tables.js?0.6008791140282215"></script>
<script defer src="//play.pokemonshowdown.com/js/battle-tooltips.js?0.7580118955022959"></script>
<script defer src="//play.pokemonshowdown.com/js/battle.js?0.6057722274234274"></script>

<script defer src="js/utils.js?e31f9a17"></script>
<script defer src="js/replays-battle.js?7008c182"></script>

<!-- don't scrape this data! just add .json or .log after the URL!
Full API docs: https://github.com/smogon/pokemon-showdown-client/blob/master/WEB-API.md -->
<script type="text/plain" class="log" id="replaylog-smogtours-gen3ou-801612">
|inactive|Battle timer is ON: inactive players will automatically lose when time's up.
|t:|1729798451
|gametype|singles
|player|p1|zxgzxg|102|
|player|p2|cow xi|lucas|
|teamsize|p1|6
|teamsize|p2|6
|gen|3
|tier|[Gen 3] OU
|rule|Sleep Clause Mod: Limit one foe put to sleep
|rule|Switch Priority Clause Mod: Faster Pokémon switch first
|rule|Species Clause: Limit one of each Pokémon
|rule|OHKO Clause: OHKO moves are banned
|rule|Evasion Items Clause: Evasion items are banned
|rule|Evasion Moves Clause: Evasion moves are banned
|rule|Endless Battle Clause: Forcing endless battles is banned
|rule|HP Percentage Mod: HP is shown in percentages
|rule|One Boost Passer Clause: Limit one Baton Passer that has a way to boost its stats
|rule|Freeze Clause Mod: Limit one foe frozen
|
|t:|1729798451
|start
|switch|p1a: Blaziken|Blaziken, M|100/100
|switch|p2a: me at the|Tyranitar, F|100/100
|-weather|Sandstorm|[from] ability: Sand Stream|[of] p2a: me at the
|turn|1
|c|☆cow xi|hf
|c|☆zxgzxg|u2
|
|t:|1729798470
|switch|p2a: the baristx: ok|Gengar, M, shiny|100/100
|move|p1a: Blaziken|Substitute|p1a: Blaziken
|-start|p1a: Blaziken|Substitute
|-damage|p1a: Blaziken|76/100
|
|-weather|Sandstorm|[upkeep]
|-damage|p2a: the baristx: ok|95/100|[from] Sandstorm
|-damage|p1a: Blaziken|70/100|[from] Sandstorm
|-heal|p2a: the baristx: ok|100/100|[from] item: Leftovers
|upkeep
|turn|2
|
|t:|1729798478
|switch|p2a: hi can i get the|Swampert, F|100/100
|move|p1a: Blaziken|Fire Blast|p2a: hi can i get the
|-resisted|p2a: hi can i get the
|-damage|p2a: hi can i get the|75/100
|
|-weather|Sandstorm|[upkeep]
|-damage|p1a: Blaziken|64/100|[from] Sandstorm
|-heal|p2a: hi can i get the|81/100|[from] item: Leftovers
|upkeep
|turn|3
|
|t:|1729798485
|move|p2a: hi can i get the|Protect|p2a: hi can i get the
|-singleturn|p2a: hi can i get the|Protect
|move|p1a: Blaziken|Hidden Power|p2a: hi can i get the
|-activate|p2a: hi can i get the|Protect
|
|-weather|Sandstorm|[upkeep]
|-damage|p1a: Blaziken|58/100|[from] Sandstorm
|-heal|p2a: hi can i get the|88/100|[from] item: Leftovers
|upkeep
|turn|4
|
|t:|1729798493
|switch|p2a: the baristx: ok|Gengar, M, shiny|100/100
|move|p1a: Blaziken|Hidden Power|p2a: the baristx: ok
|-resisted|p2a: the baristx: ok
|-damage|p2a: the baristx: ok|87/100
|
|-weather|Sandstorm|[upkeep]
|-damage|p2a: the baristx: ok|81/100|[from] Sandstorm
|-damage|p1a: Blaziken|52/100|[from] Sandstorm
|-heal|p2a: the baristx: ok|87/100|[from] item: Leftovers
|upkeep
|turn|5
|
|t:|1729798499
|switch|p2a: lgbt cafe:|Charizard, M|100/100
|move|p1a: Blaziken|Substitute|p1a: Blaziken
|-fail|p1a: Blaziken|move: Substitute
|
|-weather|Sandstorm|[upkeep]
|-damage|p2a: lgbt cafe:|94/100|[from] Sandstorm
|-damage|p1a: Blaziken|46/100|[from] Sandstorm
|-heal|p2a: lgbt cafe:|100/100|[from] item: Leftovers
|upkeep
|turn|6
|
|t:|1729798505
|move|p2a: lgbt cafe:|Beat Up|p1a: Blaziken
|-activate|p1a: Blaziken|Substitute|[damage]
|-crit|p1a: Blaziken
|-activate|p1a: Blaziken|Substitute|[damage]
|-activate|p1a: Blaziken|Substitute|[damage]
|-activate|p1a: Blaziken|Substitute|[damage]
|-activate|p1a: Blaziken|Substitute|[damage]
|-end|p1a: Blaziken|Substitute
|-hitcount|p1a: Blaziken|6
|move|p1a: Blaziken|Fire Blast|p2a: lgbt cafe:
|-resisted|p2a: lgbt cafe:
|-damage|p2a: lgbt cafe:|67/100
|
|-weather|Sandstorm|[upkeep]
|-damage|p2a: lgbt cafe:|61/100|[from] Sandstorm
|-damage|p1a: Blaziken|40/100|[from] Sandstorm
|-heal|p2a: lgbt cafe:|67/100|[from] item: Leftovers
|upkeep
|turn|7
|
|t:|1729798522
|switch|p1a: Snorlax|Snorlax, M|100/100
|move|p2a: lgbt cafe:|Dragon Claw|p1a: Snorlax
|-damage|p1a: Snorlax|86/100
|
|-weather|Sandstorm|[upkeep]
|-damage|p2a: lgbt cafe:|61/100|[from] Sandstorm
|-damage|p1a: Snorlax|79/100|[from] Sandstorm
|-heal|p2a: lgbt cafe:|67/100|[from] item: Leftovers
|-heal|p1a: Snorlax|86/100|[from] item: Leftovers
|upkeep
|turn|8
|c|+wesleyfv|cow cuh gaming
|
|t:|1729798530
|switch|p2a: nonbinary tea|Cloyster, M|100/100
|move|p1a: Snorlax|Shadow Ball|p2a: nonbinary tea
|-damage|p2a: nonbinary tea|80/100
|
|-weather|Sandstorm|[upkeep]
|-damage|p2a: nonbinary tea|74/100|[from] Sandstorm
|-damage|p1a: Snorlax|79/100|[from] Sandstorm
|-heal|p2a: nonbinary tea|80/100|[from] item: Leftovers
|-heal|p1a: Snorlax|86/100|[from] item: Leftovers
|upkeep
|turn|9
|
|t:|1729798536
|switch|p1a: Skarmory|Skarmory, M|100/100
|move|p2a: nonbinary tea|Spikes|p1a: Skarmory
|-sidestart|p1: zxgzxg|Spikes
|
|-weather|Sandstorm|[upkeep]
|-damage|p2a: nonbinary tea|74/100|[from] Sandstorm
|-heal|p2a: nonbinary tea|80/100|[from] item: Leftovers
|upkeep
|turn|10
|
|t:|1729798543
|move|p2a: nonbinary tea|Spikes|p1a: Skarmory
|-sidestart|p1: zxgzxg|Spikes
|move|p1a: Skarmory|Spikes|p2a: nonbinary tea
|-sidestart|p2: cow xi|Spikes
|
|-weather|Sandstorm|[upkeep]
|-damage|p2a: nonbinary tea|74/100|[from] Sandstorm
|-heal|p2a: nonbinary tea|80/100|[from] item: Leftovers
|upkeep
|turn|11
|
|t:|1729798547
|move|p1a: Skarmory|Protect|p1a: Skarmory
|-singleturn|p1a: Skarmory|Protect
|move|p2a: nonbinary tea|Spikes|p1a: Skarmory
|-sidestart|p1: zxgzxg|Spikes
|
|-weather|Sandstorm|[upkeep]
|-damage|p2a: nonbinary tea|74/100|[from] Sandstorm
|-heal|p2a: nonbinary tea|80/100|[from] item: Leftovers
|upkeep
|turn|12
|
|t:|1729798552
|move|p2a: nonbinary tea|Rapid Spin|p1a: Skarmory
|-resisted|p1a: Skarmory
|-damage|p1a: Skarmory|99/100
|-sideend|p2: cow xi|Spikes|[from] move: Rapid Spin|[of] p2a: nonbinary tea
|move|p1a: Skarmory|Spikes|p2a: nonbinary tea
|-sidestart|p2: cow xi|Spikes
|
|-weather|Sandstorm|[upkeep]
|-damage|p2a: nonbinary tea|74/100|[from] Sandstorm
|-heal|p2a: nonbinary tea|80/100|[from] item: Leftovers
|-heal|p1a: Skarmory|100/100|[from] item: Leftovers
|upkeep
|turn|13
|
|t:|1729798555
|switch|p2a: lgbt cafe:|Charizard, M|67/100
|move|p1a: Skarmory|Toxic|p2a: lgbt cafe:
|-status|p2a: lgbt cafe:|tox
|
|-weather|Sandstorm|[upkeep]
|-damage|p2a: lgbt cafe:|61/100 tox|[from] Sandstorm
|-heal|p2a: lgbt cafe:|67/100 tox|[from] item: Leftovers
|-damage|p2a: lgbt cafe:|61/100 tox|[from] psn
|upkeep
|turn|14
|
|t:|1729798561
|move|p1a: Skarmory|Protect|p1a: Skarmory
|-singleturn|p1a: Skarmory|Protect
|move|p2a: lgbt cafe:|Hidden Power|p1a: Skarmory
|-activate|p1a: Skarmory|Protect
|
|-weather|Sandstorm|[upkeep]
|-damage|p2a: lgbt cafe:|55/100 tox|[from] Sandstorm
|-heal|p2a: lgbt cafe:|61/100 tox|[from] item: Leftovers
|-damage|p2a: lgbt cafe:|49/100 tox|[from] psn
|upkeep
|turn|15
|
|t:|1729798566
|switch|p1a: Snorlax|Snorlax, M|86/100
|-damage|p1a: Snorlax|61/100|[from] Spikes
|move|p2a: lgbt cafe:|Flamethrower|p1a: Snorlax
|-damage|p1a: Snorlax|35/100
|
|-weather|Sandstorm|[upkeep]
|-damage|p2a: lgbt cafe:|43/100 tox|[from] Sandstorm
|-damage|p1a: Snorlax|29/100|[from] Sandstorm
|-heal|p2a: lgbt cafe:|49/100 tox|[from] item: Leftovers
|-damage|p2a: lgbt cafe:|31/100 tox|[from] psn
|-heal|p1a: Snorlax|35/100|[from] item: Leftovers
|upkeep
|turn|16
|
|t:|1729798580
|switch|p2a: me at the|Tyranitar, F|100/100
|-damage|p2a: me at the|88/100|[from] Spikes
|move|p1a: Snorlax|Shadow Ball|p2a: me at the
|-resisted|p2a: me at the
|-damage|p2a: me at the|79/100
|-unboost|p2a: me at the|spd|1
|
|-weather|Sandstorm|[upkeep]
|-damage|p1a: Snorlax|29/100|[from] Sandstorm
|-heal|p2a: me at the|85/100|[from] item: Leftovers
|-heal|p1a: Snorlax|35/100|[from] item: Leftovers
|upkeep
|turn|17
|
|t:|1729798585
|switch|p1a: Skarmory|Skarmory, M|100/100
|move|p2a: me at the|Substitute|p2a: me at the
|-start|p2a: me at the|Substitute
|-damage|p2a: me at the|60/100
|
|-weather|Sandstorm|[upkeep]
|-heal|p2a: me at the|66/100|[from] item: Leftovers
|upkeep
|turn|18
|
|t:|1729798588
|move|p2a: me at the|Fire Blast|p1a: Skarmory
|-supereffective|p1a: Skarmory
|-damage|p1a: Skarmory|34/100
|move|p1a: Skarmory|Roar|p2a: me at the
|drag|p2a: hi can i get the|Swampert, F|88/100
|-damage|p2a: hi can i get the|75/100|[from] Spikes
|
|-weather|Sandstorm|[upkeep]
|-heal|p1a: Skarmory|40/100|[from] item: Leftovers
|-heal|p2a: hi can i get the|81/100|[from] item: Leftovers
|upkeep
|turn|19
|
|t:|1729798595
|move|p1a: Skarmory|Spikes|p2a: hi can i get the
|-sidestart|p2: cow xi|Spikes
|move|p2a: hi can i get the|Hydro Pump|p1a: Skarmory|[miss]
|-miss|p2a: hi can i get the|p1a: Skarmory
|
|-weather|Sandstorm|[upkeep]
|-heal|p1a: Skarmory|46/100|[from] item: Leftovers
|-heal|p2a: hi can i get the|88/100|[from] item: Leftovers
|upkeep
|turn|20
|
|t:|1729798598
|move|p1a: Skarmory|Toxic|p2a: hi can i get the|[miss]
|-miss|p1a: Skarmory|p2a: hi can i get the
|move|p2a: hi can i get the|Hydro Pump|p1a: Skarmory
|-damage|p1a: Skarmory|12/100
|
|-weather|Sandstorm|[upkeep]
|-heal|p1a: Skarmory|18/100|[from] item: Leftovers
|-heal|p2a: hi can i get the|94/100|[from] item: Leftovers
|upkeep
|turn|21
|
|t:|1729798604
|switch|p1a: Blaziken|Blaziken, M|40/100
|-damage|p1a: Blaziken|15/100|[from] Spikes
|move|p2a: hi can i get the|Hydro Pump|p1a: Blaziken|[miss]
|-miss|p2a: hi can i get the|p1a: Blaziken
|
|-weather|Sandstorm|[upkeep]
|-damage|p1a: Blaziken|9/100|[from] Sandstorm
|-enditem|p1a: Blaziken|Salac Berry|[eat]
|-boost|p1a: Blaziken|spe|1|[from] item: Salac Berry
|-heal|p2a: hi can i get the|99/100|[from] item: Leftovers
|upkeep
|turn|22
|
|t:|1729798607
|move|p2a: hi can i get the|Protect|p2a: hi can i get the
|-singleturn|p2a: hi can i get the|Protect
|move|p1a: Blaziken|Hidden Power|p2a: hi can i get the
|-activate|p2a: hi can i get the|Protect
|
|-weather|Sandstorm|[upkeep]
|-damage|p1a: Blaziken|3/100|[from] Sandstorm
|-heal|p2a: hi can i get the|100/100|[from] item: Leftovers
|upkeep
|turn|23
|
|t:|1729798612
|switch|p2a: lgbt cafe:|Charizard, M|31/100 tox
|move|p1a: Blaziken|Fire Blast|p2a: lgbt cafe:
|-resisted|p2a: lgbt cafe:
|-damage|p2a: lgbt cafe:|0 fnt
|faint|p2a: lgbt cafe:
|
|t:|1729798619
|switch|p2a: the baristx: ok|Gengar, M, shiny|87/100
|
|-weather|Sandstorm|[upkeep]
|-damage|p1a: Blaziken|0 fnt|[from] Sandstorm
|-damage|p2a: the baristx: ok|81/100|[from] Sandstorm
|faint|p1a: Blaziken
|-heal|p2a: the baristx: ok|87/100|[from] item: Leftovers
|upkeep
|
|t:|1729798625
|switch|p1a: Zapdos|Zapdos|100/100
|turn|24
|
|t:|1729798637
|switch|p2a: what is u talmbout|Jolteon, F|100/100
|-damage|p2a: what is u talmbout|84/100|[from] Spikes
|move|p1a: Zapdos|Thunderbolt|p2a: what is u talmbout
|-heal|p2a: what is u talmbout|100/100|[from] ability: Volt Absorb|[of] p1a: Zapdos
|
|-weather|Sandstorm|[upkeep]
|-damage|p2a: what is u talmbout|95/100|[from] Sandstorm
|-damage|p1a: Zapdos|94/100|[from] Sandstorm
|-heal|p2a: what is u talmbout|100/100|[from] item: Leftovers
|-heal|p1a: Zapdos|100/100|[from] item: Leftovers
|upkeep
|turn|25
|
|t:|1729798643
|move|p2a: what is u talmbout|Hidden Power|p1a: Zapdos
|-resisted|p1a: Zapdos
|-damage|p1a: Zapdos|88/100
|move|p1a: Zapdos|Toxic|p2a: what is u talmbout
|-status|p2a: what is u talmbout|tox
|
|-weather|Sandstorm|[upkeep]
|-damage|p2a: what is u talmbout|95/100 tox|[from] Sandstorm
|-damage|p1a: Zapdos|82/100|[from] Sandstorm
|-heal|p2a: what is u talmbout|100/100 tox|[from] item: Leftovers
|-damage|p2a: what is u talmbout|95/100 tox|[from] psn
|-heal|p1a: Zapdos|88/100|[from] item: Leftovers
|upkeep
|turn|26
|
|t:|1729798650
|switch|p1a: Celebi|Celebi|100/100
|-damage|p1a: Celebi|75/100|[from] Spikes
|move|p2a: what is u talmbout|Thunderbolt|p1a: Celebi
|-resisted|p1a: Celebi
|-damage|p1a: Celebi|56/100
|
|-weather|Sandstorm|[upkeep]
|-damage|p2a: what is u talmbout|89/100 tox|[from] Sandstorm
|-damage|p1a: Celebi|50/100|[from] Sandstorm
|-heal|p2a: what is u talmbout|95/100 tox|[from] item: Leftovers
|-damage|p2a: what is u talmbout|83/100 tox|[from] psn
|-heal|p1a: Celebi|56/100|[from] item: Leftovers
|upkeep
|turn|27
|
|t:|1729798657
|move|p2a: what is u talmbout|Baton Pass|p2a: what is u talmbout
|
|t:|1729798659
|switch|p2a: the baristx: ok|Gengar, M, shiny|87/100|[from] Baton Pass
|move|p1a: Celebi|Psychic|p2a: the baristx: ok
|-supereffective|p2a: the baristx: ok
|-damage|p2a: the baristx: ok|0 fnt
|faint|p2a: the baristx: ok
|
|t:|1729798663
|switch|p2a: me at the|Tyranitar, F|66/100
|-damage|p2a: me at the|50/100|[from] Spikes
|
|-weather|Sandstorm|[upkeep]
|-damage|p1a: Celebi|50/100|[from] Sandstorm
|-heal|p1a: Celebi|56/100|[from] item: Leftovers
|-heal|p2a: me at the|56/100|[from] item: Leftovers
|upkeep
|turn|28
|
|t:|1729798672
|switch|p1a: Skarmory|Skarmory, M|18/100
|move|p2a: me at the|Crunch|p1a: Skarmory
|-resisted|p1a: Skarmory
|-damage|p1a: Skarmory|3/100
|-unboost|p1a: Skarmory|spd|1
|
|-weather|Sandstorm|[upkeep]
|-heal|p1a: Skarmory|9/100|[from] item: Leftovers
|-heal|p2a: me at the|62/100|[from] item: Leftovers
|upkeep
|turn|29
|
|t:|1729798677
|move|p2a: me at the|Crunch|p1a: Skarmory
|-resisted|p1a: Skarmory
|-damage|p1a: Skarmory|0 fnt
|faint|p1a: Skarmory
|
|t:|1729798679
|switch|p1a: Swampert|Swampert, F|100/100
|-damage|p1a: Swampert|76/100|[from] Spikes
|
|-weather|Sandstorm|[upkeep]
|-heal|p1a: Swampert|82/100|[from] item: Leftovers
|-heal|p2a: me at the|68/100|[from] item: Leftovers
|upkeep
|turn|30
|
|t:|1729798683
|switch|p2a: nonbinary tea|Cloyster, M|80/100
|-damage|p2a: nonbinary tea|64/100|[from] Spikes
|move|p1a: Swampert|Earthquake|p2a: nonbinary tea
|-damage|p2a: nonbinary tea|36/100
|
|-weather|Sandstorm|[upkeep]
|-damage|p2a: nonbinary tea|29/100|[from] Sandstorm
|-heal|p2a: nonbinary tea|36/100|[from] item: Leftovers
|-heal|p1a: Swampert|88/100|[from] item: Leftovers
|upkeep
|turn|31
|
|t:|1729798688
|switch|p1a: Snorlax|Snorlax, M|35/100
|-damage|p1a: Snorlax|10/100|[from] Spikes
|move|p2a: nonbinary tea|Explosion|p1a: Snorlax
|-damage|p1a: Snorlax|0 fnt
|faint|p2a: nonbinary tea
|faint|p1a: Snorlax
|
|t:|1729798698
|switch|p2a: hi can i get the|Swampert, F|100/100
|switch|p1a: Zapdos|Zapdos|88/100
|-damage|p2a: hi can i get the|84/100|[from] Spikes
|
|-weather|Sandstorm|[upkeep]
|-damage|p1a: Zapdos|82/100|[from] Sandstorm
|-heal|p1a: Zapdos|88/100|[from] item: Leftovers
|-heal|p2a: hi can i get the|90/100|[from] item: Leftovers
|upkeep
|turn|32
|
|t:|1729798701
|move|p2a: hi can i get the|Protect|p2a: hi can i get the
|-singleturn|p2a: hi can i get the|Protect
|move|p1a: Zapdos|Hidden Power|p2a: hi can i get the
|-activate|p2a: hi can i get the|Protect
|
|-weather|Sandstorm|[upkeep]
|-damage|p1a: Zapdos|82/100|[from] Sandstorm
|-heal|p1a: Zapdos|88/100|[from] item: Leftovers
|-heal|p2a: hi can i get the|97/100|[from] item: Leftovers
|upkeep
|turn|33
|
|t:|1729798711
|switch|p2a: what is u talmbout|Jolteon, F|83/100 tox
|-damage|p2a: what is u talmbout|66/100 tox|[from] Spikes
|move|p1a: Zapdos|Hidden Power|p2a: what is u talmbout
|-damage|p2a: what is u talmbout|37/100 tox
|
|-weather|Sandstorm|[upkeep]
|-damage|p2a: what is u talmbout|31/100 tox|[from] Sandstorm
|-damage|p1a: Zapdos|82/100|[from] Sandstorm
|-heal|p2a: what is u talmbout|37/100 tox|[from] item: Leftovers
|-damage|p2a: what is u talmbout|31/100 tox|[from] psn
|-heal|p1a: Zapdos|88/100|[from] item: Leftovers
|upkeep
|turn|34
|
|t:|1729798716
|move|p1a: Zapdos|Protect|p1a: Zapdos
|-singleturn|p1a: Zapdos|Protect
|move|p2a: what is u talmbout|Thunderbolt|p1a: Zapdos
|-activate|p1a: Zapdos|Protect
|
|-weather|Sandstorm|[upkeep]
|-damage|p2a: what is u talmbout|25/100 tox|[from] Sandstorm
|-damage|p1a: Zapdos|82/100|[from] Sandstorm
|-heal|p2a: what is u talmbout|31/100 tox|[from] item: Leftovers
|-damage|p2a: what is u talmbout|19/100 tox|[from] psn
|-heal|p1a: Zapdos|88/100|[from] item: Leftovers
|upkeep
|turn|35
|
|t:|1729798725
|switch|p1a: Swampert|Swampert, F|88/100
|-damage|p1a: Swampert|63/100|[from] Spikes
|move|p2a: what is u talmbout|Thunderbolt|p1a: Swampert
|-immune|p1a: Swampert
|
|-weather|Sandstorm|[upkeep]
|-damage|p2a: what is u talmbout|13/100 tox|[from] Sandstorm
|-heal|p2a: what is u talmbout|19/100 tox|[from] item: Leftovers
|-damage|p2a: what is u talmbout|1/100 tox|[from] psn
|-heal|p1a: Swampert|69/100|[from] item: Leftovers
|upkeep
|turn|36
|
|t:|1729798733
|switch|p1a: Zapdos|Zapdos|88/100
|move|p2a: what is u talmbout|Thunderbolt|p1a: Zapdos
|-crit|p1a: Zapdos
|-damage|p1a: Zapdos|0 fnt
|faint|p1a: Zapdos
|
|t:|1729798740
|switch|p1a: Celebi|Celebi|56/100
|-damage|p1a: Celebi|31/100|[from] Spikes
|
|-weather|Sandstorm|[upkeep]
|-damage|p2a: what is u talmbout|0 fnt|[from] Sandstorm
|-damage|p1a: Celebi|25/100|[from] Sandstorm
|faint|p2a: what is u talmbout
|-heal|p1a: Celebi|31/100|[from] item: Leftovers
|upkeep
|
|t:|1729798747
|switch|p2a: me at the|Tyranitar, F|68/100
|-damage|p2a: me at the|52/100|[from] Spikes
|turn|37
|
|t:|1729798751
|move|p1a: Celebi|Giga Drain|p2a: me at the
|-supereffective|p2a: me at the
|-damage|p2a: me at the|10/100
|-heal|p1a: Celebi|54/100|[from] drain|[of] p2a: me at the
|move|p2a: me at the|Crunch|p1a: Celebi
|-supereffective|p1a: Celebi
|-damage|p1a: Celebi|0 fnt
|faint|p1a: Celebi
|
|t:|1729798753
|switch|p1a: Swampert|Swampert, F|69/100
|-damage|p1a: Swampert|44/100|[from] Spikes
|
|-weather|Sandstorm|[upkeep]
|-heal|p1a: Swampert|50/100|[from] item: Leftovers
|-heal|p2a: me at the|16/100|[from] item: Leftovers
|upkeep
|turn|38
|
|t:|1729798759
|move|p1a: Swampert|Earthquake|p2a: me at the
|-supereffective|p2a: me at the
|-damage|p2a: me at the|0 fnt
|faint|p2a: me at the
|
|t:|1729798760
|switch|p2a: hi can i get the|Swampert, F|97/100
|-damage|p2a: hi can i get the|80/100|[from] Spikes
|
|-weather|Sandstorm|[upkeep]
|-heal|p1a: Swampert|57/100|[from] item: Leftovers
|-heal|p2a: hi can i get the|86/100|[from] item: Leftovers
|upkeep
|turn|39
|
|t:|1729798765
|move|p1a: Swampert|Hydro Pump|p2a: hi can i get the
|-crit|p2a: hi can i get the
|-damage|p2a: hi can i get the|1/100
|move|p2a: hi can i get the|Earthquake|p1a: Swampert
|-damage|p1a: Swampert|13/100
|
|-weather|Sandstorm|[upkeep]
|-heal|p1a: Swampert|20/100|[from] item: Leftovers
|-heal|p2a: hi can i get the|8/100|[from] item: Leftovers
|upkeep
|turn|40
|
|t:|1729798775
|move|p2a: hi can i get the|Protect|p2a: hi can i get the
|-singleturn|p2a: hi can i get the|Protect
|move|p1a: Swampert|Earthquake|p2a: hi can i get the
|-activate|p2a: hi can i get the|Protect
|
|-weather|Sandstorm|[upkeep]
|-heal|p1a: Swampert|26/100|[from] item: Leftovers
|-heal|p2a: hi can i get the|14/100|[from] item: Leftovers
|upkeep
|turn|41
|
|t:|1729798776
|move|p1a: Swampert|Earthquake|p2a: hi can i get the
|-damage|p2a: hi can i get the|0 fnt
|faint|p2a: hi can i get the
|
|win|zxgzxg
|c|☆zxgzxg|gg

</script>
<script type="application/json" class="data" id="replaydata-smogtours-gen3ou-801612">
{"id":"smogtours-gen3ou-801612","format":"[Gen 3] OU","players":["zxgzxg","cow xi"],"uploadtime":1729798776,"views":81,"formatid":"gen3ou","rating":null,"private":0,"password":null}
</script>

<script defer src="js/replays.js?9d40a366"></script>
