<!DOCTYPE html>
<meta charset="utf-8" />
<meta name="viewport" content="width=device-width" />

<title>[Gen 3] OU: Rovels vs. aplague doc - Replays - Pok&eacute;mon Showdown!</title>

<meta name="description" content="Watch a replay of a Pok&eacute;mon battle between Rovels and aplague doc! Format: [Gen 3] OU; Date: Oct 18, 2024" />
<!--

Hey, you! Looking in the source for the replay log?

You can find them in JSON format, just add `.json` at the end of a replay URL.

https://replay.pokemonshowdown.com/gen7randomdoublesbattle-865046831.json

Or, if you only need the log itself, add `.log` instead:

https://replay.pokemonshowdown.com/gen7randomdoublesbattle-865046831.log

-->

<link rel="stylesheet" href="//pokemonshowdown.com/style/global.css?0.023195364461161105" />
<link rel="stylesheet" href="//play.pokemonshowdown.com/style/font-awesome.css?0.13261647063804238" />
<link rel="stylesheet" href="//play.pokemonshowdown.com/style/battle.css?0.8753245789963631" />
<link rel="stylesheet" href="//play.pokemonshowdown.com/style/utilichart.css?0.8627959624976733" />

<!-- Global site tag (gtag.js) - Google Analytics -->
<script async src="https://www.googletagmanager.com/gtag/js?id=UA-26211653-1"></script>
<script>
  window.dataLayer = window.dataLayer || [];
  function gtag(){dataLayer.push(arguments);}
  gtag('js', new Date());

  gtag('config', 'UA-26211653-1');
</script>
<!-- End Google Analytics -->
<!-- Venatus Ad Manager - Install in <HEAD> of page -->
	<script src="https://hb.vntsm.com/v3/live/ad-manager.min.js" type="text/javascript" data-site-id="642aba63ec9a7b11c3c9c1be" data-mode="scan" async></script>
<!-- / Venatus Ad Manager -->

<style>
	@media (max-width:820px) {
		.battle {
			margin: 0 auto;
		}
		.battle-log {
			margin: 7px auto 0;
			max-width: 640px;
			height: 300px;
			position: static;
		}
	}
	.optgroup {
		display: inline-block;
		line-height: 22px;
		font-size: 10pt;
	}
	.optgroup .button {
		height: 25px;
		padding-top: 0;
		padding-bottom: 0;
	}
	.optgroup button.button {
		padding-left: 12px;
		padding-right: 12px;
	}
	.linklist {
		list-style: none;
		margin: 0.5em 0;
		padding: 0;
	}
	.linklist li {
		padding: 2px 0;
	}
	.sidebar {
		float: left;
		width: 320px;
	}
	.bar-wrapper {
		max-width: 1100px;
		margin: 0 auto;
	}
	.bar-wrapper.has-sidebar {
		max-width: 1430px;
	}
	.mainbar {
		margin: 0;
		padding-right: 1px;
	}
	.mainbar.has-sidebar {
		margin-left: 330px;
	}
	@media (min-width: 1511px) {
		.sidebar {
			width: 400px;
		}
		.bar-wrapper.has-sidebar {
			max-width: 1510px;
		}
		.mainbar.has-sidebar {
			margin-left: 410px;
		}
	}
	.section.first-section {
		margin-top: 9px;
	}
	.blocklink small {
		white-space: normal;
	}
	.button {
		vertical-align: middle;
	}
	.replay-controls {
		padding-top: 10px;
	}
	.replay-controls h1 {
		font-size: 16pt;
		font-weight: normal;
		color: #CCC;
	}
	.pagelink {
		text-align: center;
	}
	.pagelink a {
		width: 150px;
	}
	.textbox, .button {
		font-size: 11pt;
		vertical-align: middle;
	}
	@media (max-width: 450px) {
		.button {
			font-size: 9pt;
		}
	}
</style>

<div>

	<header>
		<div class="nav-wrapper"><ul class="nav">
			<li><a class="button nav-first" href="//pokemonshowdown.com/"><img src="//pokemonshowdown.com/images/pokemonshowdownbeta.png" srcset="//pokemonshowdown.com/images/pokemonshowdownbeta.png 1x, //pokemonshowdown.com/images/pokemonshowdownbeta@2x.png 2x" alt="Pok&eacute;mon Showdown" width="146" height="44" /> Home</a></li>
			<li><a class="button" href="//pokemonshowdown.com/dex/">Pok&eacute;dex</a></li>
			<li><a class="button cur" href="/">Replays</a></li>
			<li><a class="button" href="//pokemonshowdown.com/ladder/">Ladder</a></li>
			<li><a class="button nav-last" href="//pokemonshowdown.com/forums/">Forum</a></li>
			<li><a class="button greenbutton nav-first nav-last" href="//play.pokemonshowdown.com/">Play</a></li>
		</ul></div>
	</header>

	<div class="main" id="main">

		<noscript><section class="section">You need to enable JavaScript to use this page; sorry!</section></noscript>

	</div>

</div>

<script defer nomodule src="//play.pokemonshowdown.com/js/lib/ps-polyfill.js"></script>
<script defer src="//play.pokemonshowdown.com/js/lib/preact.min.js"></script>

<script defer src="//play.pokemonshowdown.com/config/config.js?2bddbc15"></script>
<script defer src="//play.pokemonshowdown.com/js/lib/jquery-1.11.0.min.js"></script>
<script defer src="//play.pokemonshowdown.com/js/lib/html-sanitizer-minified.js"></script>
<script defer src="//play.pokemonshowdown.com/js/battle-sound.js"></script>
<script defer src="//play.pokemonshowdown.com/js/battledata.js?0.7209276989879541"></script>
<script defer src="//play.pokemonshowdown.com/data/pokedex-mini.js?0.6111056340867951"></script>
<script defer src="//play.pokemonshowdown.com/data/pokedex-mini-bw.js?0.3532142036491459"></script>
<script defer src="//play.pokemonshowdown.com/data/graphics.js?0.24223875632456182"></script>
<script defer src="//play.pokemonshowdown.com/data/pokedex.js?0.38839984266356864"></script>
<script defer src="//play.pokemonshowdown.com/data/moves.js?0.21866028504024015"></script>
<script defer src="//play.pokemonshowdown.com/data/abilities.js?0.2005157953846628"></script>
<script defer src="//play.pokemonshowdown.com/data/items.js?0.9894211263848525"></script>
<script defer src="//play.pokemonshowdown.com/data/teambuilder-tables.js?0.6008791140282215"></script>
<script defer src="//play.pokemonshowdown.com/js/battle-tooltips.js?0.7580118955022959"></script>
<script defer src="//play.pokemonshowdown.com/js/battle.js?0.6057722274234274"></script>

<script defer src="js/utils.js?e31f9a17"></script>
<script defer src="js/replays-battle.js?7008c182"></script>

<!-- don't scrape this data! just add .json or .log after the URL!
Full API docs: https://github.com/smogon/pokemon-showdown-client/blob/master/WEB-API.md -->
<script type="text/plain" class="log" id="replaylog-smogtours-gen3ou-799734">
|inactive|Battle timer is ON: inactive players will automatically lose when time's up.
|t:|1729289288
|gametype|singles
|player|p1|Rovels|cueball-gen1|
|player|p2|aplague doc|#agplviblackpink|
|teamsize|p1|6
|teamsize|p2|6
|gen|3
|tier|[Gen 3] OU
|rule|Sleep Clause Mod: Limit one foe put to sleep
|rule|Switch Priority Clause Mod: Faster Pokémon switch first
|rule|Species Clause: Limit one of each Pokémon
|rule|OHKO Clause: OHKO moves are banned
|rule|Evasion Items Clause: Evasion items are banned
|rule|Evasion Moves Clause: Evasion moves are banned
|rule|Endless Battle Clause: Forcing endless battles is banned
|rule|HP Percentage Mod: HP is shown in percentages
|rule|One Boost Passer Clause: Limit one Baton Passer that has a way to boost its stats
|rule|Freeze Clause Mod: Limit one foe frozen
|
|t:|1729289288
|start
|switch|p1a: Reginald|Regirock|100/100
|switch|p2a: Tyranitar|Tyranitar, F|100/100
|-weather|Sandstorm|[from] ability: Sand Stream|[of] p2a: Tyranitar
|turn|1
|c|☆aplague doc|hf
|inactive|Rovels has 270 seconds left.
|inactive|aplague doc has 270 seconds left.
|inactive|aplague doc has 240 seconds left.
|
|t:|1729289367
|switch|p2a: Forretress|Forretress, F|100/100
|move|p1a: Reginald|Thunder Wave|p2a: Forretress
|-status|p2a: Forretress|par
|
|-weather|Sandstorm|[upkeep]
|upkeep
|turn|2
|inactive|Rovels has 270 seconds left.
|
|t:|1729289402
|move|p1a: Reginald|Earthquake|p2a: Forretress
|-damage|p2a: Forretress|76/100 par
|move|p2a: Forretress|Spikes|p1a: Reginald
|-sidestart|p1: Rovels|Spikes
|
|-weather|Sandstorm|[upkeep]
|-heal|p2a: Forretress|83/100 par|[from] item: Leftovers
|upkeep
|turn|3
|inactive|Rovels has 270 seconds left.
|
|t:|1729289429
|move|p1a: Reginald|Rock Slide|p2a: Forretress
|-damage|p2a: Forretress|58/100 par
|cant|p2a: Forretress|flinch
|
|-weather|Sandstorm|[upkeep]
|-heal|p2a: Forretress|64/100 par|[from] item: Leftovers
|upkeep
|turn|4
|inactive|Rovels has 270 seconds left.
|inactive|aplague doc has 270 seconds left.
|
|t:|1729289450
|move|p1a: Reginald|Rock Slide|p2a: Forretress
|-crit|p2a: Forretress
|-damage|p2a: Forretress|12/100 par
|move|p2a: Forretress|Spikes|p1a: Reginald
|-sidestart|p1: Rovels|Spikes
|
|-weather|Sandstorm|[upkeep]
|-heal|p2a: Forretress|18/100 par|[from] item: Leftovers
|upkeep
|turn|5
|inactive|aplague doc has 270 seconds left.
|
|t:|1729289484
|switch|p2a: Swampert|Swampert, F|100/100
|move|p1a: Reginald|Rock Slide|p2a: Swampert
|-resisted|p2a: Swampert
|-damage|p2a: Swampert|88/100
|
|-weather|Sandstorm|[upkeep]
|-heal|p2a: Swampert|95/100|[from] item: Leftovers
|upkeep
|turn|6
|inactive|Rovels has 240 seconds left.
|
|t:|1729289521
|move|p1a: Reginald|Explosion|p2a: Swampert
|-damage|p2a: Swampert|0 fnt
|faint|p1a: Reginald
|faint|p2a: Swampert
|inactive|aplague doc has 240 seconds left.
|
|t:|1729289545
|switch|p1a: Jirachi tm|Metagross|100/100
|switch|p2a: Moltres|Moltres|100/100
|-damage|p1a: Jirachi tm|84/100|[from] Spikes
|
|-weather|Sandstorm|[upkeep]
|-damage|p2a: Moltres|94/100|[from] Sandstorm
|-heal|p2a: Moltres|100/100|[from] item: Leftovers
|-heal|p1a: Jirachi tm|90/100|[from] item: Leftovers
|upkeep
|turn|7
|inactive|aplague doc has 240 seconds left.
|
|t:|1729289558
|switch|p1a: Mr. Puff|Snorlax, M|100/100
|-damage|p1a: Mr. Puff|84/100|[from] Spikes
|move|p2a: Moltres|Hidden Power|p1a: Mr. Puff
|-damage|p1a: Mr. Puff|71/100
|
|-weather|Sandstorm|[upkeep]
|-damage|p2a: Moltres|94/100|[from] Sandstorm
|-damage|p1a: Mr. Puff|65/100|[from] Sandstorm
|-heal|p2a: Moltres|100/100|[from] item: Leftovers
|-heal|p1a: Mr. Puff|71/100|[from] item: Leftovers
|upkeep
|turn|8
|
|t:|1729289574
|move|p2a: Moltres|Will-O-Wisp|p1a: Mr. Puff
|-status|p1a: Mr. Puff|brn
|move|p1a: Mr. Puff|Curse|p1a: Mr. Puff
|-unboost|p1a: Mr. Puff|spe|1
|-boost|p1a: Mr. Puff|atk|1
|-boost|p1a: Mr. Puff|def|1
|
|-weather|Sandstorm|[upkeep]
|-damage|p2a: Moltres|94/100|[from] Sandstorm
|-damage|p1a: Mr. Puff|65/100 brn|[from] Sandstorm
|-heal|p2a: Moltres|100/100|[from] item: Leftovers
|-heal|p1a: Mr. Puff|71/100 brn|[from] item: Leftovers
|-damage|p1a: Mr. Puff|58/100 brn|[from] brn
|upkeep
|turn|9
|inactive|aplague doc has 240 seconds left.
|
|t:|1729289605
|switch|p2a: Jirachi|Jirachi|100/100
|move|p1a: Mr. Puff|Self-Destruct|p2a: Jirachi
|-resisted|p2a: Jirachi
|-damage|p2a: Jirachi|49/100
|faint|p1a: Mr. Puff
|inactive|Rovels has 210 seconds left.
|
|t:|1729289621
|switch|p1a: Magneton|Magneton|100/100
|-damage|p1a: Magneton|84/100|[from] Spikes
|
|-weather|Sandstorm|[upkeep]
|-heal|p2a: Jirachi|55/100|[from] item: Leftovers
|upkeep
|turn|10
|
|t:|1729289627
|move|p2a: Jirachi|Protect|p2a: Jirachi
|-singleturn|p2a: Jirachi|Protect
|move|p1a: Magneton|Substitute|p1a: Magneton
|-start|p1a: Magneton|Substitute
|-damage|p1a: Magneton|59/100
|
|-weather|Sandstorm|[upkeep]
|-heal|p2a: Jirachi|62/100|[from] item: Leftovers
|upkeep
|turn|11
|
|t:|1729289630
|move|p2a: Jirachi|Fire Punch|p1a: Magneton
|-supereffective|p1a: Magneton
|-end|p1a: Magneton|Substitute
|move|p1a: Magneton|Thunderbolt|p2a: Jirachi
|-damage|p2a: Jirachi|21/100
|
|-weather|Sandstorm|[upkeep]
|-heal|p2a: Jirachi|27/100|[from] item: Leftovers
|upkeep
|turn|12
|
|t:|1729289636
|move|p2a: Jirachi|Fire Punch|p1a: Magneton
|-supereffective|p1a: Magneton
|-damage|p1a: Magneton|0 fnt
|faint|p1a: Magneton
|inactive|Rovels has 210 seconds left.
|
|t:|1729289668
|switch|p1a: Salamence|Salamence, F|100/100
|-ability|p1a: Salamence|Intimidate|boost
|-unboost|p2a: Jirachi|atk|1
|
|-weather|Sandstorm|[upkeep]
|-damage|p1a: Salamence|94/100|[from] Sandstorm
|-heal|p1a: Salamence|100/100|[from] item: Leftovers
|-heal|p2a: Jirachi|34/100|[from] item: Leftovers
|upkeep
|turn|13
|inactive|Rovels has 210 seconds left.
|
|t:|1729289685
|switch|p2a: Blissey|Blissey, F|100/100
|move|p1a: Salamence|Dragon Dance|p1a: Salamence
|-boost|p1a: Salamence|atk|1
|-boost|p1a: Salamence|spe|1
|
|-weather|Sandstorm|[upkeep]
|-damage|p1a: Salamence|94/100|[from] Sandstorm
|-damage|p2a: Blissey|94/100|[from] Sandstorm
|-heal|p1a: Salamence|100/100|[from] item: Leftovers
|-heal|p2a: Blissey|100/100|[from] item: Leftovers
|upkeep
|turn|14
|inactive|Rovels has 210 seconds left.
|
|t:|1729289701
|switch|p1a: Jirachi tm|Metagross|90/100
|-damage|p1a: Jirachi tm|73/100|[from] Spikes
|move|p2a: Blissey|Ice Beam|p1a: Jirachi tm
|-resisted|p1a: Jirachi tm
|-damage|p1a: Jirachi tm|58/100
|
|-weather|Sandstorm|[upkeep]
|-damage|p2a: Blissey|94/100|[from] Sandstorm
|-heal|p1a: Jirachi tm|64/100|[from] item: Leftovers
|-heal|p2a: Blissey|100/100|[from] item: Leftovers
|upkeep
|turn|15
|inactive|Rovels has 210 seconds left.
|inactive|aplague doc has 270 seconds left.
|
|t:|1729289716
|switch|p2a: Forretress|Forretress, F|18/100 par
|move|p1a: Jirachi tm|Explosion|p2a: Forretress
|-resisted|p2a: Forretress
|-damage|p2a: Forretress|0 fnt
|faint|p1a: Jirachi tm
|faint|p2a: Forretress
|
|t:|1729289740
|switch|p1a: Salamence|Salamence, F|100/100
|switch|p2a: Blissey|Blissey, F|100/100
|-ability|p1a: Salamence|Intimidate|boost
|-unboost|p2a: Blissey|atk|1
|
|-weather|Sandstorm|[upkeep]
|-damage|p1a: Salamence|94/100|[from] Sandstorm
|-damage|p2a: Blissey|94/100|[from] Sandstorm
|-heal|p1a: Salamence|100/100|[from] item: Leftovers
|-heal|p2a: Blissey|100/100|[from] item: Leftovers
|upkeep
|turn|16
|
|t:|1729289752
|move|p1a: Salamence|Rock Slide|p2a: Blissey
|-damage|p2a: Blissey|71/100
|move|p2a: Blissey|Ice Beam|p1a: Salamence
|-supereffective|p1a: Salamence
|-damage|p1a: Salamence|0 fnt
|faint|p1a: Salamence
|
|t:|1729289756
|switch|p1a: Kuebiko|Suicune|100/100
|-damage|p1a: Kuebiko|84/100|[from] Spikes
|
|-weather|Sandstorm|[upkeep]
|-damage|p1a: Kuebiko|78/100|[from] Sandstorm
|-damage|p2a: Blissey|65/100|[from] Sandstorm
|-heal|p1a: Kuebiko|84/100|[from] item: Leftovers
|-heal|p2a: Blissey|71/100|[from] item: Leftovers
|upkeep
|turn|17
|inactive|aplague doc has 270 seconds left.
|
|t:|1729289778
|switch|p2a: Jirachi|Jirachi|34/100
|move|p1a: Kuebiko|Calm Mind|p1a: Kuebiko
|-boost|p1a: Kuebiko|spa|1
|-boost|p1a: Kuebiko|spd|1
|
|-weather|Sandstorm|[upkeep]
|-damage|p1a: Kuebiko|78/100|[from] Sandstorm
|-heal|p2a: Jirachi|40/100|[from] item: Leftovers
|-heal|p1a: Kuebiko|84/100|[from] item: Leftovers
|upkeep
|turn|18
|
|t:|1729289783
|move|p2a: Jirachi|Toxic|p1a: Kuebiko
|-status|p1a: Kuebiko|tox
|move|p1a: Kuebiko|Calm Mind|p1a: Kuebiko
|-boost|p1a: Kuebiko|spa|1
|-boost|p1a: Kuebiko|spd|1
|
|-weather|Sandstorm|[upkeep]
|-damage|p1a: Kuebiko|78/100 tox|[from] Sandstorm
|-heal|p2a: Jirachi|46/100|[from] item: Leftovers
|-heal|p1a: Kuebiko|84/100 tox|[from] item: Leftovers
|-damage|p1a: Kuebiko|78/100 tox|[from] psn
|upkeep
|turn|19
|inactive|Rovels has 240 seconds left.
|
|t:|1729289815
|switch|p2a: Blissey|Blissey, F|71/100
|move|p1a: Kuebiko|Calm Mind|p1a: Kuebiko
|-boost|p1a: Kuebiko|spa|1
|-boost|p1a: Kuebiko|spd|1
|
|-weather|Sandstorm|[upkeep]
|-damage|p1a: Kuebiko|72/100 tox|[from] Sandstorm
|-damage|p2a: Blissey|65/100|[from] Sandstorm
|-heal|p1a: Kuebiko|78/100 tox|[from] item: Leftovers
|-damage|p1a: Kuebiko|65/100 tox|[from] psn
|-heal|p2a: Blissey|71/100|[from] item: Leftovers
|upkeep
|turn|20
|
|t:|1729289821
|move|p1a: Kuebiko|Rest|p1a: Kuebiko
|-status|p1a: Kuebiko|slp|[from] move: Rest
|-heal|p1a: Kuebiko|100/100 slp|[silent]
|move|p2a: Blissey|Soft-Boiled|p2a: Blissey
|-heal|p2a: Blissey|100/100
|
|-weather|Sandstorm|[upkeep]
|-damage|p1a: Kuebiko|94/100 slp|[from] Sandstorm
|-damage|p2a: Blissey|94/100|[from] Sandstorm
|-heal|p1a: Kuebiko|100/100 slp|[from] item: Leftovers
|-heal|p2a: Blissey|100/100|[from] item: Leftovers
|upkeep
|turn|21
|
|t:|1729289824
|cant|p1a: Kuebiko|slp
|move|p1a: Kuebiko|Sleep Talk|p1a: Kuebiko
|move|p1a: Kuebiko|Calm Mind|p1a: Kuebiko|[from]Sleep Talk
|-boost|p1a: Kuebiko|spa|1
|-boost|p1a: Kuebiko|spd|1
|move|p2a: Blissey|Calm Mind|p2a: Blissey
|-boost|p2a: Blissey|spa|1
|-boost|p2a: Blissey|spd|1
|
|-weather|Sandstorm|[upkeep]
|-damage|p1a: Kuebiko|94/100 slp|[from] Sandstorm
|-damage|p2a: Blissey|94/100|[from] Sandstorm
|-heal|p1a: Kuebiko|100/100 slp|[from] item: Leftovers
|-heal|p2a: Blissey|100/100|[from] item: Leftovers
|upkeep
|turn|22
|
|t:|1729289827
|cant|p1a: Kuebiko|slp
|move|p1a: Kuebiko|Sleep Talk|p1a: Kuebiko
|move|p1a: Kuebiko|Calm Mind|p1a: Kuebiko|[from]Sleep Talk
|-boost|p1a: Kuebiko|spa|1
|-boost|p1a: Kuebiko|spd|1
|move|p2a: Blissey|Calm Mind|p2a: Blissey
|-boost|p2a: Blissey|spa|1
|-boost|p2a: Blissey|spd|1
|
|-weather|Sandstorm|[upkeep]
|-damage|p1a: Kuebiko|94/100 slp|[from] Sandstorm
|-damage|p2a: Blissey|94/100|[from] Sandstorm
|-heal|p1a: Kuebiko|100/100 slp|[from] item: Leftovers
|-heal|p2a: Blissey|100/100|[from] item: Leftovers
|upkeep
|turn|23
|
|t:|1729289830
|-curestatus|p1a: Kuebiko|slp|[msg]
|move|p1a: Kuebiko|Surf|p2a: Blissey
|-damage|p2a: Blissey|71/100
|move|p2a: Blissey|Calm Mind|p2a: Blissey
|-boost|p2a: Blissey|spa|1
|-boost|p2a: Blissey|spd|1
|
|-weather|Sandstorm|[upkeep]
|-damage|p1a: Kuebiko|94/100|[from] Sandstorm
|-damage|p2a: Blissey|64/100|[from] Sandstorm
|-heal|p1a: Kuebiko|100/100|[from] item: Leftovers
|-heal|p2a: Blissey|71/100|[from] item: Leftovers
|upkeep
|turn|24
|
|t:|1729289834
|move|p1a: Kuebiko|Surf|p2a: Blissey
|-damage|p2a: Blissey|49/100
|move|p2a: Blissey|Calm Mind|p2a: Blissey
|-boost|p2a: Blissey|spa|1
|-boost|p2a: Blissey|spd|1
|
|-weather|Sandstorm|[upkeep]
|-damage|p1a: Kuebiko|94/100|[from] Sandstorm
|-damage|p2a: Blissey|43/100|[from] Sandstorm
|-heal|p1a: Kuebiko|100/100|[from] item: Leftovers
|-heal|p2a: Blissey|49/100|[from] item: Leftovers
|upkeep
|turn|25
|
|t:|1729289836
|move|p1a: Kuebiko|Surf|p2a: Blissey
|-damage|p2a: Blissey|30/100
|move|p2a: Blissey|Soft-Boiled|p2a: Blissey
|-heal|p2a: Blissey|80/100
|
|-weather|Sandstorm|[upkeep]
|-damage|p1a: Kuebiko|94/100|[from] Sandstorm
|-damage|p2a: Blissey|74/100|[from] Sandstorm
|-heal|p1a: Kuebiko|100/100|[from] item: Leftovers
|-heal|p2a: Blissey|80/100|[from] item: Leftovers
|upkeep
|turn|26
|
|t:|1729289846
|move|p1a: Kuebiko|Surf|p2a: Blissey
|-damage|p2a: Blissey|60/100
|move|p2a: Blissey|Calm Mind|p2a: Blissey
|-boost|p2a: Blissey|spa|1
|-boost|p2a: Blissey|spd|1
|
|-weather|Sandstorm|[upkeep]
|-damage|p1a: Kuebiko|94/100|[from] Sandstorm
|-damage|p2a: Blissey|54/100|[from] Sandstorm
|-heal|p1a: Kuebiko|100/100|[from] item: Leftovers
|-heal|p2a: Blissey|60/100|[from] item: Leftovers
|upkeep
|turn|27
|
|t:|1729289853
|move|p1a: Kuebiko|Surf|p2a: Blissey
|-damage|p2a: Blissey|44/100
|move|p2a: Blissey|Soft-Boiled|p2a: Blissey
|-heal|p2a: Blissey|94/100
|
|-weather|Sandstorm|[upkeep]
|-damage|p1a: Kuebiko|94/100|[from] Sandstorm
|-damage|p2a: Blissey|88/100|[from] Sandstorm
|-heal|p1a: Kuebiko|100/100|[from] item: Leftovers
|-heal|p2a: Blissey|94/100|[from] item: Leftovers
|upkeep
|turn|28
|
|t:|1729289857
|move|p1a: Kuebiko|Calm Mind|p1a: Kuebiko
|-boost|p1a: Kuebiko|spa|1
|-boost|p1a: Kuebiko|spd|1
|move|p2a: Blissey|Thunderbolt|p1a: Kuebiko
|-supereffective|p1a: Kuebiko
|-damage|p1a: Kuebiko|66/100
|
|-weather|Sandstorm|[upkeep]
|-damage|p1a: Kuebiko|60/100|[from] Sandstorm
|-damage|p2a: Blissey|88/100|[from] Sandstorm
|-heal|p1a: Kuebiko|66/100|[from] item: Leftovers
|-heal|p2a: Blissey|94/100|[from] item: Leftovers
|upkeep
|turn|29
|
|t:|1729289862
|move|p1a: Kuebiko|Surf|p2a: Blissey
|-damage|p2a: Blissey|75/100
|move|p2a: Blissey|Thunderbolt|p1a: Kuebiko
|-supereffective|p1a: Kuebiko
|-crit|p1a: Kuebiko
|-damage|p1a: Kuebiko|0 fnt
|faint|p1a: Kuebiko
|
|win|aplague doc
|c|☆aplague doc|gg
|c|☆Rovels|gg
|player|p1|

</script>
<script type="application/json" class="data" id="replaydata-smogtours-gen3ou-799734">
{"id":"smogtours-gen3ou-799734","format":"[Gen 3] OU","players":["Rovels","aplague doc"],"uploadtime":1729289862,"views":116,"formatid":"gen3ou","rating":null,"private":0,"password":null}
</script>

<script defer src="js/replays.js?9d40a366"></script>
