<!DOCTYPE html>
<meta charset="utf-8" />
<meta name="viewport" content="width=device-width" />

<title>[Gen 3] OU: Mister Tim vs. Amir - Replays - Pok&eacute;mon Showdown!</title>

<meta name="description" content="Watch a replay of a Pok&eacute;mon battle between Mister Tim and Amir! Format: [Gen 3] OU; Date: Oct 13, 2024" />
<!--

Hey, you! Looking in the source for the replay log?

You can find them in JSON format, just add `.json` at the end of a replay URL.

https://replay.pokemonshowdown.com/gen7randomdoublesbattle-865046831.json

Or, if you only need the log itself, add `.log` instead:

https://replay.pokemonshowdown.com/gen7randomdoublesbattle-865046831.log

-->

<link rel="stylesheet" href="//pokemonshowdown.com/style/global.css?0.767286132409787" />
<link rel="stylesheet" href="//play.pokemonshowdown.com/style/font-awesome.css?0.9266228007934947" />
<link rel="stylesheet" href="//play.pokemonshowdown.com/style/battle.css?0.7924700842790926" />
<link rel="stylesheet" href="//play.pokemonshowdown.com/style/utilichart.css?0.8777417872839479" />

<!-- Global site tag (gtag.js) - Google Analytics -->
<script async src="https://www.googletagmanager.com/gtag/js?id=UA-26211653-1"></script>
<script>
  window.dataLayer = window.dataLayer || [];
  function gtag(){dataLayer.push(arguments);}
  gtag('js', new Date());

  gtag('config', 'UA-26211653-1');
</script>
<!-- End Google Analytics -->
<!-- Venatus Ad Manager - Install in <HEAD> of page -->
	<script src="https://hb.vntsm.com/v3/live/ad-manager.min.js" type="text/javascript" data-site-id="642aba63ec9a7b11c3c9c1be" data-mode="scan" async></script>
<!-- / Venatus Ad Manager -->

<style>
	@media (max-width:820px) {
		.battle {
			margin: 0 auto;
		}
		.battle-log {
			margin: 7px auto 0;
			max-width: 640px;
			height: 300px;
			position: static;
		}
	}
	.optgroup {
		display: inline-block;
		line-height: 22px;
		font-size: 10pt;
	}
	.optgroup .button {
		height: 25px;
		padding-top: 0;
		padding-bottom: 0;
	}
	.optgroup button.button {
		padding-left: 12px;
		padding-right: 12px;
	}
	.linklist {
		list-style: none;
		margin: 0.5em 0;
		padding: 0;
	}
	.linklist li {
		padding: 2px 0;
	}
	.sidebar {
		float: left;
		width: 320px;
	}
	.bar-wrapper {
		max-width: 1100px;
		margin: 0 auto;
	}
	.bar-wrapper.has-sidebar {
		max-width: 1430px;
	}
	.mainbar {
		margin: 0;
		padding-right: 1px;
	}
	.mainbar.has-sidebar {
		margin-left: 330px;
	}
	@media (min-width: 1511px) {
		.sidebar {
			width: 400px;
		}
		.bar-wrapper.has-sidebar {
			max-width: 1510px;
		}
		.mainbar.has-sidebar {
			margin-left: 410px;
		}
	}
	.section.first-section {
		margin-top: 9px;
	}
	.blocklink small {
		white-space: normal;
	}
	.button {
		vertical-align: middle;
	}
	.replay-controls {
		padding-top: 10px;
	}
	.replay-controls h1 {
		font-size: 16pt;
		font-weight: normal;
		color: #CCC;
	}
	.pagelink {
		text-align: center;
	}
	.pagelink a {
		width: 150px;
	}
	.textbox, .button {
		font-size: 11pt;
		vertical-align: middle;
	}
	@media (max-width: 450px) {
		.button {
			font-size: 9pt;
		}
	}
</style>

<div>

	<header>
		<div class="nav-wrapper"><ul class="nav">
			<li><a class="button nav-first" href="//pokemonshowdown.com/"><img src="//pokemonshowdown.com/images/pokemonshowdownbeta.png" srcset="//pokemonshowdown.com/images/pokemonshowdownbeta.png 1x, //pokemonshowdown.com/images/pokemonshowdownbeta@2x.png 2x" alt="Pok&eacute;mon Showdown" width="146" height="44" /> Home</a></li>
			<li><a class="button" href="//pokemonshowdown.com/dex/">Pok&eacute;dex</a></li>
			<li><a class="button cur" href="/">Replays</a></li>
			<li><a class="button" href="//pokemonshowdown.com/ladder/">Ladder</a></li>
			<li><a class="button nav-last" href="//pokemonshowdown.com/forums/">Forum</a></li>
			<li><a class="button greenbutton nav-first nav-last" href="//play.pokemonshowdown.com/">Play</a></li>
		</ul></div>
	</header>

	<div class="main" id="main">

		<noscript><section class="section">You need to enable JavaScript to use this page; sorry!</section></noscript>

	</div>

</div>

<script defer nomodule src="//play.pokemonshowdown.com/js/lib/ps-polyfill.js"></script>
<script defer src="//play.pokemonshowdown.com/js/lib/preact.min.js"></script>

<script defer src="//play.pokemonshowdown.com/config/config.js?6dec07f6"></script>
<script defer src="//play.pokemonshowdown.com/js/lib/jquery-1.11.0.min.js"></script>
<script defer src="//play.pokemonshowdown.com/js/lib/html-sanitizer-minified.js"></script>
<script defer src="//play.pokemonshowdown.com/js/battle-sound.js"></script>
<script defer src="//play.pokemonshowdown.com/js/battledata.js?0.6315294753075389"></script>
<script defer src="//play.pokemonshowdown.com/data/pokedex-mini.js?0.7603743185311358"></script>
<script defer src="//play.pokemonshowdown.com/data/pokedex-mini-bw.js?0.030888842834281283"></script>
<script defer src="//play.pokemonshowdown.com/data/graphics.js?0.05593094747507488"></script>
<script defer src="//play.pokemonshowdown.com/data/pokedex.js?0.47064822249611904"></script>
<script defer src="//play.pokemonshowdown.com/data/moves.js?0.8583693120512459"></script>
<script defer src="//play.pokemonshowdown.com/data/abilities.js?0.16017181182386842"></script>
<script defer src="//play.pokemonshowdown.com/data/items.js?0.4163379185673943"></script>
<script defer src="//play.pokemonshowdown.com/data/teambuilder-tables.js?0.31075597372830477"></script>
<script defer src="//play.pokemonshowdown.com/js/battle-tooltips.js?0.6536193500708172"></script>
<script defer src="//play.pokemonshowdown.com/js/battle.js?0.1916591943277901"></script>

<script defer src="js/utils.js?e31f9a17"></script>
<script defer src="js/replays-battle.js?7008c182"></script>

<!-- don't scrape this data! just add .json or .log after the URL!
Full API docs: https://github.com/smogon/pokemon-showdown-client/blob/master/WEB-API.md -->
<script type="text/plain" class="log" id="replaylog-smogtours-gen3ou-798365">
|inactive|Battle timer is ON: inactive players will automatically lose when time's up.
|t:|1728850224
|gametype|singles
|player|p1|Mister Tim|101|
|player|p2|Amir|acetrainerf-gen4dp|
|teamsize|p1|6
|teamsize|p2|6
|gen|3
|tier|[Gen 3] OU
|rule|Sleep Clause Mod: Limit one foe put to sleep
|rule|Switch Priority Clause Mod: Faster Pokémon switch first
|rule|Species Clause: Limit one of each Pokémon
|rule|OHKO Clause: OHKO moves are banned
|rule|Evasion Items Clause: Evasion items are banned
|rule|Evasion Moves Clause: Evasion moves are banned
|rule|Endless Battle Clause: Forcing endless battles is banned
|rule|HP Percentage Mod: HP is shown in percentages
|rule|One Boost Passer Clause: Limit one Baton Passer that has a way to boost its stats
|rule|Freeze Clause Mod: Limit one foe frozen
|
|t:|1728850224
|start
|switch|p1a: Salamence|Salamence, M|100/100
|switch|p2a: Salamence|Salamence, M|100/100
|-ability|p1a: Salamence|Intimidate|boost
|-unboost|p2a: Salamence|atk|1
|-ability|p2a: Salamence|Intimidate|boost
|-unboost|p1a: Salamence|atk|1
|turn|1
|inactive|Amir has 270 seconds left.
|
|t:|1728850258
|switch|p1a: Snorlax|Snorlax, M|100/100
|switch|p2a: Starmie|Starmie|100/100
|
|upkeep
|turn|2
|inactive|Amir has 270 seconds left.
|
|t:|1728850298
|move|p2a: Starmie|Thunder Wave|p1a: Snorlax
|-status|p1a: Snorlax|par
|move|p1a: Snorlax|Body Slam|p2a: Starmie
|-damage|p2a: Starmie|26/100
|
|-heal|p2a: Starmie|32/100|[from] item: Leftovers
|upkeep
|turn|3
|inactive|Amir has 270 seconds left.
|
|t:|1728850305
|move|p2a: Starmie|Recover|p2a: Starmie
|-heal|p2a: Starmie|82/100
|move|p1a: Snorlax|Body Slam|p2a: Starmie
|-damage|p2a: Starmie|11/100
|-status|p2a: Starmie|par
|
|-heal|p2a: Starmie|17/100 par|[from] item: Leftovers
|upkeep
|turn|4
|inactive|Amir has 270 seconds left.
|
|t:|1728850317
|-curestatus|p2a: Starmie|par|[from] ability: Natural Cure
|switch|p2a: Skarmory|Skarmory, M|100/100
|move|p1a: Snorlax|Body Slam|p2a: Skarmory
|-resisted|p2a: Skarmory
|-damage|p2a: Skarmory|78/100
|
|upkeep
|turn|5
|
|t:|1728850338
|switch|p1a: Salamence|Salamence, M|100/100
|-ability|p1a: Salamence|Intimidate|boost
|-unboost|p2a: Skarmory|atk|1
|move|p2a: Skarmory|Spikes|p1a: Salamence
|-sidestart|p1: Mister Tim|Spikes
|
|upkeep
|turn|6
|inactive|Amir has 270 seconds left.
|
|t:|1728850358
|switch|p2a: Salamence|Salamence, M|100/100
|-ability|p2a: Salamence|Intimidate|boost
|-unboost|p1a: Salamence|atk|1
|move|p1a: Salamence|Dragon Dance|p1a: Salamence
|-boost|p1a: Salamence|atk|1
|-boost|p1a: Salamence|spe|1
|
|upkeep
|turn|7
|inactive|Amir has 270 seconds left.
|
|t:|1728850374
|switch|p2a: Flygon|Flygon, F|100/100
|move|p1a: Salamence|Rock Slide|p2a: Flygon
|-resisted|p2a: Flygon
|-damage|p2a: Flygon|89/100
|
|-heal|p2a: Flygon|95/100|[from] item: Leftovers
|upkeep
|turn|8
|inactive|Mister Tim has 270 seconds left.
|
|t:|1728850411
|switch|p1a: Snorlax|Snorlax, M|100/100 par
|-damage|p1a: Snorlax|88/100 par|[from] Spikes
|move|p2a: Flygon|Toxic|p1a: Snorlax|[miss]
|-miss|p2a: Flygon|p1a: Snorlax
|
|-heal|p2a: Flygon|100/100|[from] item: Leftovers
|upkeep
|turn|9
|inactive|Mister Tim has 270 seconds left.
|
|t:|1728850424
|-singleturn|p1a: Snorlax|move: Focus Punch
|move|p2a: Flygon|Earthquake|p1a: Snorlax
|-damage|p1a: Snorlax|61/100 par
|move|p1a: Snorlax|Focus Punch||[still]
|cant|p1a: Snorlax|Focus Punch|Focus Punch
|
|upkeep
|turn|10
|inactive|Mister Tim has 270 seconds left.
|
|t:|1728850433
|switch|p1a: Celebi|Celebi|100/100
|-damage|p1a: Celebi|88/100|[from] Spikes
|move|p2a: Flygon|Rock Slide|p1a: Celebi
|-damage|p1a: Celebi|77/100
|
|-heal|p1a: Celebi|83/100|[from] item: Leftovers
|upkeep
|turn|11
|inactive|Mister Tim has 270 seconds left.
|inactive|Amir has 270 seconds left.
|inactive|Amir has 240 seconds left.
|inactive|Amir has 210 seconds left.
|
|t:|1728850517
|move|p2a: Flygon|Toxic|p1a: Celebi
|-status|p1a: Celebi|tox
|move|p1a: Celebi|Swords Dance|p1a: Celebi
|-boost|p1a: Celebi|atk|2
|
|-heal|p1a: Celebi|90/100 tox|[from] item: Leftovers
|-damage|p1a: Celebi|83/100 tox|[from] psn
|upkeep
|turn|12
|inactive|Amir has 210 seconds left.
|
|t:|1728850553
|move|p1a: Celebi|Baton Pass|p1a: Celebi
|inactive|Mister Tim has 270 seconds left.
|
|t:|1728850576
|-curestatus|p1a: Celebi|tox|[from] ability: Natural Cure
|switch|p1a: Salamence|Salamence, M|100/100|[from] Baton Pass
|-ability|p1a: Salamence|Intimidate|boost
|-unboost|p2a: Flygon|atk|1
|move|p2a: Flygon|Rock Slide|p1a: Salamence
|-supereffective|p1a: Salamence
|-damage|p1a: Salamence|73/100
|
|-heal|p1a: Salamence|79/100|[from] item: Leftovers
|upkeep
|turn|13
|inactive|Mister Tim has 270 seconds left.
|
|t:|1728850590
|move|p1a: Salamence|Dragon Dance|p1a: Salamence
|-boost|p1a: Salamence|atk|1
|-boost|p1a: Salamence|spe|1
|move|p2a: Flygon|Toxic|p1a: Salamence
|-status|p1a: Salamence|tox
|
|-heal|p1a: Salamence|85/100 tox|[from] item: Leftovers
|-damage|p1a: Salamence|79/100 tox|[from] psn
|upkeep
|turn|14
|
|t:|1728850601
|move|p2a: Flygon|Protect|p2a: Flygon
|-singleturn|p2a: Flygon|Protect
|move|p1a: Salamence|Hidden Power|p2a: Flygon
|-activate|p2a: Flygon|Protect
|
|-heal|p1a: Salamence|85/100 tox|[from] item: Leftovers
|-damage|p1a: Salamence|73/100 tox|[from] psn
|upkeep
|turn|15
|inactive|Amir has 180 seconds left.
|
|t:|1728850631
|switch|p2a: Skarmory|Skarmory, M|78/100
|move|p1a: Salamence|Rock Slide|p2a: Skarmory
|-damage|p2a: Skarmory|17/100
|
|-heal|p1a: Salamence|79/100 tox|[from] item: Leftovers
|-damage|p1a: Salamence|61/100 tox|[from] psn
|upkeep
|turn|16
|
|t:|1728850646
|move|p1a: Salamence|Hidden Power|p2a: Skarmory
|-resisted|p2a: Skarmory
|-damage|p2a: Skarmory|0 fnt
|faint|p2a: Skarmory
|
|t:|1728850651
|switch|p2a: Salamence|Salamence, M|100/100
|-ability|p2a: Salamence|Intimidate|boost
|-unboost|p1a: Salamence|atk|1
|
|-heal|p1a: Salamence|67/100 tox|[from] item: Leftovers
|-damage|p1a: Salamence|43/100 tox|[from] psn
|upkeep
|turn|17
|
|t:|1728850661
|switch|p2a: Flygon|Flygon, F|100/100
|move|p1a: Salamence|Hidden Power|p2a: Flygon
|-damage|p2a: Flygon|28/100
|
|-heal|p1a: Salamence|49/100 tox|[from] item: Leftovers
|-damage|p1a: Salamence|19/100 tox|[from] psn
|-heal|p2a: Flygon|34/100|[from] item: Leftovers
|upkeep
|turn|18
|
|t:|1728850676
|switch|p1a: Snorlax|Snorlax, M|61/100 par
|-damage|p1a: Snorlax|49/100 par|[from] Spikes
|move|p2a: Flygon|Toxic||[still]
|-fail|p2a: Flygon
|
|-heal|p2a: Flygon|40/100|[from] item: Leftovers
|upkeep
|turn|19
|
|t:|1728850684
|move|p2a: Flygon|Rock Slide|p1a: Snorlax
|-damage|p1a: Snorlax|33/100 par
|cant|p1a: Snorlax|flinch
|
|-heal|p2a: Flygon|46/100|[from] item: Leftovers
|upkeep
|turn|20
|
|t:|1728850690
|move|p2a: Flygon|Rock Slide|p1a: Snorlax
|-damage|p1a: Snorlax|19/100 par
|move|p1a: Snorlax|Self-Destruct|p2a: Flygon
|-damage|p2a: Flygon|0 fnt
|faint|p1a: Snorlax
|faint|p2a: Flygon
|inactive|Mister Tim has 270 seconds left.
|
|t:|1728850745
|switch|p2a: Salamence|Salamence, M|100/100
|switch|p1a: Salamence|Salamence, M|19/100 tox
|-ability|p1a: Salamence|Intimidate|boost
|-unboost|p2a: Salamence|atk|1
|-ability|p2a: Salamence|Intimidate|boost
|-unboost|p1a: Salamence|atk|1
|
|-heal|p1a: Salamence|25/100 tox|[from] item: Leftovers
|-damage|p1a: Salamence|19/100 tox|[from] psn
|upkeep
|turn|21
|inactive|Amir has 180 seconds left.
|
|t:|1728850766
|move|p1a: Salamence|Rock Slide|p2a: Salamence
|-supereffective|p2a: Salamence
|-damage|p2a: Salamence|46/100
|move|p2a: Salamence|Wish|p2a: Salamence
|
|-heal|p1a: Salamence|25/100 tox|[from] item: Leftovers
|-damage|p1a: Salamence|13/100 tox|[from] psn
|-heal|p2a: Salamence|52/100|[from] item: Leftovers
|upkeep
|turn|22
|inactive|Amir has 180 seconds left.
|
|t:|1728850780
|switch|p2a: Blissey|Blissey, F|100/100
|move|p1a: Salamence|Rock Slide|p2a: Blissey
|-damage|p2a: Blissey|79/100
|
|-heal|p2a: Blissey|100/100|[from] move: Wish|[wisher] Salamence
|-heal|p1a: Salamence|19/100 tox|[from] item: Leftovers
|-damage|p1a: Salamence|1/100 tox|[from] psn
|upkeep
|turn|23
|inactive|Mister Tim has 270 seconds left.
|inactive|Amir has 180 seconds left.
|
|t:|1728850788
|move|p1a: Salamence|Rock Slide|p2a: Blissey
|-damage|p2a: Blissey|80/100
|move|p2a: Blissey|Soft-Boiled|p2a: Blissey
|-heal|p2a: Blissey|100/100
|
|-heal|p1a: Salamence|7/100 tox|[from] item: Leftovers
|-damage|p1a: Salamence|0 fnt|[from] psn
|faint|p1a: Salamence
|upkeep
|inactive|Mister Tim has 270 seconds left.
|
|t:|1728850795
|switch|p1a: Metagross|Metagross|100/100
|-damage|p1a: Metagross|88/100|[from] Spikes
|turn|24
|inactive|Amir has 180 seconds left.
|inactive|Amir has 150 seconds left.
|
|t:|1728850867
|move|p1a: Metagross|Meteor Mash|p2a: Blissey
|-damage|p2a: Blissey|41/100
|move|p2a: Blissey|Thunderbolt|p1a: Metagross
|-damage|p1a: Metagross|61/100
|
|-heal|p2a: Blissey|47/100|[from] item: Leftovers
|upkeep
|turn|25
|inactive|Amir has 120 seconds left.
|
|t:|1728850886
|move|p1a: Metagross|Meteor Mash|p2a: Blissey
|-damage|p2a: Blissey|0 fnt
|-boost|p1a: Metagross|atk|1
|faint|p2a: Blissey
|
|t:|1728850891
|switch|p2a: Salamence|Salamence, M|52/100
|-ability|p2a: Salamence|Intimidate|boost
|-fail|p1a: Metagross|unboost|[from] ability: Clear Body|[of] p1a: Metagross
|
|-heal|p2a: Salamence|58/100|[from] item: Leftovers
|upkeep
|turn|26
|
|t:|1728850913
|move|p2a: Salamence|Fire Blast|p1a: Metagross|[miss]
|-miss|p2a: Salamence|p1a: Metagross
|move|p1a: Metagross|Meteor Mash|p2a: Salamence|[miss]
|-miss|p1a: Metagross|p2a: Salamence
|
|-heal|p2a: Salamence|65/100|[from] item: Leftovers
|upkeep
|turn|27
|
|t:|1728850927
|switch|p1a: Tyranitar|Tyranitar, M|100/100
|-damage|p1a: Tyranitar|88/100|[from] Spikes
|-weather|Sandstorm|[from] ability: Sand Stream|[of] p1a: Tyranitar
|move|p2a: Salamence|Fire Blast|p1a: Tyranitar
|-resisted|p1a: Tyranitar
|-damage|p1a: Tyranitar|65/100
|
|-weather|Sandstorm|[upkeep]
|-damage|p2a: Salamence|58/100|[from] Sandstorm
|-heal|p2a: Salamence|65/100|[from] item: Leftovers
|upkeep
|turn|28
|
|t:|1728850941
|move|p2a: Salamence|Brick Break|p1a: Tyranitar
|-supereffective|p1a: Tyranitar
|-damage|p1a: Tyranitar|0 fnt
|faint|p1a: Tyranitar
|
|t:|1728850945
|switch|p1a: Aerodactyl|Aerodactyl, M|100/100
|
|-weather|Sandstorm|[upkeep]
|-damage|p2a: Salamence|58/100|[from] Sandstorm
|-heal|p2a: Salamence|65/100|[from] item: Leftovers
|upkeep
|turn|29
|inactive|Amir has 150 seconds left.
|
|t:|1728850974
|switch|p2a: Starmie|Starmie|17/100
|move|p1a: Aerodactyl|Substitute|p1a: Aerodactyl
|-start|p1a: Aerodactyl|Substitute
|-damage|p1a: Aerodactyl|76/100
|
|-weather|Sandstorm|[upkeep]
|-damage|p2a: Starmie|11/100|[from] Sandstorm
|-heal|p2a: Starmie|17/100|[from] item: Leftovers
|upkeep
|turn|30
|
|t:|1728850981
|move|p1a: Aerodactyl|Hidden Power|p2a: Starmie
|-damage|p2a: Starmie|0 fnt
|faint|p2a: Starmie
|
|t:|1728850986
|switch|p2a: Celebi|Celebi|100/100
|
|-weather|Sandstorm|[upkeep]
|-damage|p2a: Celebi|94/100|[from] Sandstorm
|-heal|p2a: Celebi|100/100|[from] item: Leftovers
|upkeep
|turn|31
|
|t:|1728850991
|move|p1a: Aerodactyl|Hidden Power|p2a: Celebi
|-supereffective|p2a: Celebi
|-damage|p2a: Celebi|45/100
|move|p2a: Celebi|Psychic|p1a: Aerodactyl
|-end|p1a: Aerodactyl|Substitute
|
|-weather|Sandstorm|[upkeep]
|-damage|p2a: Celebi|39/100|[from] Sandstorm
|-heal|p2a: Celebi|45/100|[from] item: Leftovers
|upkeep
|turn|32
|
|t:|1728850995
|switch|p2a: Salamence|Salamence, M|65/100
|-ability|p2a: Salamence|Intimidate|boost
|-unboost|p1a: Aerodactyl|atk|1
|move|p1a: Aerodactyl|Hidden Power|p2a: Salamence
|-damage|p2a: Salamence|33/100
|
|-weather|Sandstorm|[upkeep]
|-damage|p2a: Salamence|27/100|[from] Sandstorm
|-heal|p2a: Salamence|33/100|[from] item: Leftovers
|upkeep
|turn|33
|
|t:|1728851020
|move|p1a: Aerodactyl|Hidden Power|p2a: Salamence
|-damage|p2a: Salamence|2/100
|move|p2a: Salamence|Wish|p2a: Salamence
|
|-weather|Sandstorm|[upkeep]
|-damage|p2a: Salamence|0 fnt|[from] Sandstorm
|faint|p2a: Salamence
|upkeep
|
|t:|1728851024
|switch|p2a: Celebi|Celebi|45/100
|turn|34
|
|t:|1728851032
|switch|p1a: Metagross|Metagross|61/100
|-damage|p1a: Metagross|49/100|[from] Spikes
|move|p2a: Celebi|Psychic|p1a: Metagross
|-resisted|p1a: Metagross
|-damage|p1a: Metagross|39/100
|
|-heal|p2a: Celebi|95/100|[from] move: Wish|[wisher] Salamence
|-weather|Sandstorm|[upkeep]
|-damage|p2a: Celebi|89/100|[from] Sandstorm
|-heal|p2a: Celebi|95/100|[from] item: Leftovers
|upkeep
|turn|35
|
|t:|1728851037
|move|p2a: Celebi|Hidden Power|p1a: Metagross
|-supereffective|p1a: Metagross
|-damage|p1a: Metagross|0 fnt
|faint|p1a: Metagross
|
|t:|1728851046
|switch|p1a: Aerodactyl|Aerodactyl, M|76/100
|
|-weather|Sandstorm|[upkeep]
|-damage|p2a: Celebi|89/100|[from] Sandstorm
|-heal|p2a: Celebi|95/100|[from] item: Leftovers
|upkeep
|turn|36
|inactive|Mister Tim has 270 seconds left.
|
|t:|1728851081
|move|p1a: Aerodactyl|Hidden Power|p2a: Celebi
|-supereffective|p2a: Celebi
|-damage|p2a: Celebi|38/100
|move|p2a: Celebi|Psychic|p1a: Aerodactyl
|-crit|p1a: Aerodactyl
|-damage|p1a: Aerodactyl|0 fnt
|faint|p1a: Aerodactyl
|c|☆Mister Tim|bs
|c|☆Mister Tim|ggs
|-message|Mister Tim forfeited.
|
|win|Amir

</script>
<script type="application/json" class="data" id="replaydata-smogtours-gen3ou-798365">
{"id":"smogtours-gen3ou-798365","format":"[Gen 3] OU","players":["Mister Tim","Amir"],"uploadtime":1728851094,"views":123,"formatid":"gen3ou","rating":null,"private":1,"password":null}
</script>

<script defer src="js/replays.js?9d40a366"></script>
