<!DOCTYPE html>
<meta charset="utf-8" />
<meta name="viewport" content="width=device-width" />

<title>[Gen 3] OU: BCLLCB vs. A Welcome Guest - Replays - Pok&eacute;mon Showdown!</title>

<meta name="description" content="Watch a replay of a Pok&eacute;mon battle between BCLLCB and A Welcome Guest! Format: [Gen 3] OU; Date: Oct 4, 2024" />
<!--

Hey, you! Looking in the source for the replay log?

You can find them in JSON format, just add `.json` at the end of a replay URL.

https://replay.pokemonshowdown.com/gen7randomdoublesbattle-865046831.json

Or, if you only need the log itself, add `.log` instead:

https://replay.pokemonshowdown.com/gen7randomdoublesbattle-865046831.log

-->

<link rel="stylesheet" href="//pokemonshowdown.com/style/global.css?0.023195364461161105" />
<link rel="stylesheet" href="//play.pokemonshowdown.com/style/font-awesome.css?0.13261647063804238" />
<link rel="stylesheet" href="//play.pokemonshowdown.com/style/battle.css?0.8753245789963631" />
<link rel="stylesheet" href="//play.pokemonshowdown.com/style/utilichart.css?0.8627959624976733" />

<!-- Global site tag (gtag.js) - Google Analytics -->
<script async src="https://www.googletagmanager.com/gtag/js?id=UA-26211653-1"></script>
<script>
  window.dataLayer = window.dataLayer || [];
  function gtag(){dataLayer.push(arguments);}
  gtag('js', new Date());

  gtag('config', 'UA-26211653-1');
</script>
<!-- End Google Analytics -->
<!-- Venatus Ad Manager - Install in <HEAD> of page -->
	<script src="https://hb.vntsm.com/v3/live/ad-manager.min.js" type="text/javascript" data-site-id="642aba63ec9a7b11c3c9c1be" data-mode="scan" async></script>
<!-- / Venatus Ad Manager -->

<style>
	@media (max-width:820px) {
		.battle {
			margin: 0 auto;
		}
		.battle-log {
			margin: 7px auto 0;
			max-width: 640px;
			height: 300px;
			position: static;
		}
	}
	.optgroup {
		display: inline-block;
		line-height: 22px;
		font-size: 10pt;
	}
	.optgroup .button {
		height: 25px;
		padding-top: 0;
		padding-bottom: 0;
	}
	.optgroup button.button {
		padding-left: 12px;
		padding-right: 12px;
	}
	.linklist {
		list-style: none;
		margin: 0.5em 0;
		padding: 0;
	}
	.linklist li {
		padding: 2px 0;
	}
	.sidebar {
		float: left;
		width: 320px;
	}
	.bar-wrapper {
		max-width: 1100px;
		margin: 0 auto;
	}
	.bar-wrapper.has-sidebar {
		max-width: 1430px;
	}
	.mainbar {
		margin: 0;
		padding-right: 1px;
	}
	.mainbar.has-sidebar {
		margin-left: 330px;
	}
	@media (min-width: 1511px) {
		.sidebar {
			width: 400px;
		}
		.bar-wrapper.has-sidebar {
			max-width: 1510px;
		}
		.mainbar.has-sidebar {
			margin-left: 410px;
		}
	}
	.section.first-section {
		margin-top: 9px;
	}
	.blocklink small {
		white-space: normal;
	}
	.button {
		vertical-align: middle;
	}
	.replay-controls {
		padding-top: 10px;
	}
	.replay-controls h1 {
		font-size: 16pt;
		font-weight: normal;
		color: #CCC;
	}
	.pagelink {
		text-align: center;
	}
	.pagelink a {
		width: 150px;
	}
	.textbox, .button {
		font-size: 11pt;
		vertical-align: middle;
	}
	@media (max-width: 450px) {
		.button {
			font-size: 9pt;
		}
	}
</style>

<div>

	<header>
		<div class="nav-wrapper"><ul class="nav">
			<li><a class="button nav-first" href="//pokemonshowdown.com/"><img src="//pokemonshowdown.com/images/pokemonshowdownbeta.png" srcset="//pokemonshowdown.com/images/pokemonshowdownbeta.png 1x, //pokemonshowdown.com/images/pokemonshowdownbeta@2x.png 2x" alt="Pok&eacute;mon Showdown" width="146" height="44" /> Home</a></li>
			<li><a class="button" href="//pokemonshowdown.com/dex/">Pok&eacute;dex</a></li>
			<li><a class="button cur" href="/">Replays</a></li>
			<li><a class="button" href="//pokemonshowdown.com/ladder/">Ladder</a></li>
			<li><a class="button nav-last" href="//pokemonshowdown.com/forums/">Forum</a></li>
			<li><a class="button greenbutton nav-first nav-last" href="//play.pokemonshowdown.com/">Play</a></li>
		</ul></div>
	</header>

	<div class="main" id="main">

		<noscript><section class="section">You need to enable JavaScript to use this page; sorry!</section></noscript>

	</div>

</div>

<script defer nomodule src="//play.pokemonshowdown.com/js/lib/ps-polyfill.js"></script>
<script defer src="//play.pokemonshowdown.com/js/lib/preact.min.js"></script>

<script defer src="//play.pokemonshowdown.com/config/config.js?2bddbc15"></script>
<script defer src="//play.pokemonshowdown.com/js/lib/jquery-1.11.0.min.js"></script>
<script defer src="//play.pokemonshowdown.com/js/lib/html-sanitizer-minified.js"></script>
<script defer src="//play.pokemonshowdown.com/js/battle-sound.js"></script>
<script defer src="//play.pokemonshowdown.com/js/battledata.js?0.7209276989879541"></script>
<script defer src="//play.pokemonshowdown.com/data/pokedex-mini.js?0.6111056340867951"></script>
<script defer src="//play.pokemonshowdown.com/data/pokedex-mini-bw.js?0.3532142036491459"></script>
<script defer src="//play.pokemonshowdown.com/data/graphics.js?0.24223875632456182"></script>
<script defer src="//play.pokemonshowdown.com/data/pokedex.js?0.38839984266356864"></script>
<script defer src="//play.pokemonshowdown.com/data/moves.js?0.21866028504024015"></script>
<script defer src="//play.pokemonshowdown.com/data/abilities.js?0.2005157953846628"></script>
<script defer src="//play.pokemonshowdown.com/data/items.js?0.9894211263848525"></script>
<script defer src="//play.pokemonshowdown.com/data/teambuilder-tables.js?0.6008791140282215"></script>
<script defer src="//play.pokemonshowdown.com/js/battle-tooltips.js?0.7580118955022959"></script>
<script defer src="//play.pokemonshowdown.com/js/battle.js?0.6057722274234274"></script>

<script defer src="js/utils.js?e31f9a17"></script>
<script defer src="js/replays-battle.js?7008c182"></script>

<!-- don't scrape this data! just add .json or .log after the URL!
Full API docs: https://github.com/smogon/pokemon-showdown-client/blob/master/WEB-API.md -->
<script type="text/plain" class="log" id="replaylog-gen3ou-2215918377-q1o3a5s0yr6rvc7tfo6bij6qwsle2bvpw">
|j|☆BCLLCB
|j|☆A Welcome Guest
|t:|1728062078
|gametype|singles
|player|p1|BCLLCB|hilbert|
|player|p2|A Welcome Guest|brycen|
|teamsize|p1|6
|teamsize|p2|6
|gen|3
|tier|[Gen 3] OU
|rule|Sleep Clause Mod: Limit one foe put to sleep
|rule|Switch Priority Clause Mod: Faster Pokémon switch first
|rule|Species Clause: Limit one of each Pokémon
|rule|OHKO Clause: OHKO moves are banned
|rule|Evasion Items Clause: Evasion items are banned
|rule|Evasion Moves Clause: Evasion moves are banned
|rule|Endless Battle Clause: Forcing endless battles is banned
|rule|HP Percentage Mod: HP is shown in percentages
|rule|One Boost Passer Clause: Limit one Baton Passer that has a way to boost its stats
|rule|Freeze Clause Mod: Limit one foe frozen
|
|t:|1728062078
|start
|switch|p1a: The Captain|Gyarados, M|100/100
|switch|p2a: Tyranocif|Tyranitar, F|100/100
|-ability|p1a: The Captain|Intimidate|boost
|-unboost|p2a: Tyranocif|atk|1
|-weather|Sandstorm|[from] ability: Sand Stream|[of] p2a: Tyranocif
|turn|1
|c|☆A Welcome Guest|hf
|
|t:|1728062092
|switch|p2a: Milobellus|Milotic, F|100/100
|move|p1a: The Captain|Dragon Dance|p1a: The Captain
|-boost|p1a: The Captain|atk|1
|-boost|p1a: The Captain|spe|1
|
|-weather|Sandstorm|[upkeep]
|-damage|p1a: The Captain|94/100|[from] Sandstorm
|-damage|p2a: Milobellus|94/100|[from] Sandstorm
|-heal|p1a: The Captain|100/100|[from] item: Leftovers
|-heal|p2a: Milobellus|100/100|[from] item: Leftovers
|upkeep
|turn|2
|c|☆BCLLCB|glhf
|
|t:|1728062099
|switch|p2a: Ptéra|Aerodactyl, M|100/100
|move|p1a: The Captain|Taunt|p2a: Ptéra
|-start|p2a: Ptéra|move: Taunt
|
|-weather|Sandstorm|[upkeep]
|-damage|p1a: The Captain|94/100|[from] Sandstorm
|-heal|p1a: The Captain|100/100|[from] item: Leftovers
|upkeep
|turn|3
|
|t:|1728062115
|switch|p2a: Kaorine|Claydol|100/100
|switch|p1a: The Disc Jockey|Claydol|100/100
|
|-weather|Sandstorm|[upkeep]
|upkeep
|turn|4
|
|t:|1728062127
|switch|p2a: Foretress|Forretress, M|100/100
|move|p1a: The Disc Jockey|Reflect|p1a: The Disc Jockey
|-sidestart|p1: BCLLCB|Reflect
|
|-weather|Sandstorm|[upkeep]
|upkeep
|turn|5
|
|t:|1728062131
|move|p1a: The Disc Jockey|Explosion|p2a: Foretress
|-resisted|p2a: Foretress
|-damage|p2a: Foretress|59/100
|faint|p1a: The Disc Jockey
|
|t:|1728062141
|switch|p1a: The Gumshoe|Houndoom, F|100/100
|
|-weather|Sandstorm|[upkeep]
|-damage|p1a: The Gumshoe|94/100|[from] Sandstorm
|-heal|p1a: The Gumshoe|100/100|[from] item: Leftovers
|-heal|p2a: Foretress|65/100|[from] item: Leftovers
|upkeep
|turn|6
|
|t:|1728062148
|switch|p2a: Milobellus|Milotic, F|100/100
|move|p1a: The Gumshoe|Fire Blast|p2a: Milobellus
|-resisted|p2a: Milobellus
|-damage|p2a: Milobellus|80/100
|-status|p2a: Milobellus|brn
|
|-weather|Sandstorm|[upkeep]
|-damage|p1a: The Gumshoe|94/100|[from] Sandstorm
|-damage|p2a: Milobellus|74/100 brn|[from] Sandstorm
|-heal|p1a: The Gumshoe|100/100|[from] item: Leftovers
|-heal|p2a: Milobellus|80/100 brn|[from] item: Leftovers
|-damage|p2a: Milobellus|67/100 brn|[from] brn
|upkeep
|turn|7
|
|t:|1728062164
|move|p1a: The Gumshoe|Beat Up|p2a: Milobellus
|-damage|p2a: Milobellus|65/100 brn
|-damage|p2a: Milobellus|61/100 brn
|-damage|p2a: Milobellus|59/100 brn
|-damage|p2a: Milobellus|56/100 brn
|-damage|p2a: Milobellus|54/100 brn
|-hitcount|p2a: Milobellus|5
|move|p2a: Milobellus|Recover|p2a: Milobellus
|-heal|p2a: Milobellus|100/100 brn
|
|-weather|Sandstorm|[upkeep]
|-damage|p1a: The Gumshoe|94/100|[from] Sandstorm
|-damage|p2a: Milobellus|94/100 brn|[from] Sandstorm
|-heal|p1a: The Gumshoe|100/100|[from] item: Leftovers
|-heal|p2a: Milobellus|100/100 brn|[from] item: Leftovers
|-damage|p2a: Milobellus|88/100 brn|[from] brn
|upkeep
|turn|8
|
|t:|1728062178
|switch|p1a: The Tech support|Porygon2|100/100
|-ability|p1a: The Tech support|Marvel Scale|[from] ability: Trace|[of] p2a: Milobellus
|move|p2a: Milobellus|Refresh|p2a: Milobellus
|-curestatus|p2a: Milobellus|brn|[msg]
|
|-sideend|p1: BCLLCB|Reflect
|-weather|Sandstorm|[upkeep]
|-damage|p2a: Milobellus|82/100|[from] Sandstorm
|-damage|p1a: The Tech support|94/100|[from] Sandstorm
|-heal|p2a: Milobellus|88/100|[from] item: Leftovers
|-heal|p1a: The Tech support|100/100|[from] item: Leftovers
|upkeep
|turn|9
|
|t:|1728062186
|switch|p2a: Foretress|Forretress, M|65/100
|move|p1a: The Tech support|Thunderbolt|p2a: Foretress
|-damage|p2a: Foretress|44/100
|-status|p2a: Foretress|par
|
|-weather|Sandstorm|[upkeep]
|-damage|p1a: The Tech support|94/100|[from] Sandstorm
|-heal|p1a: The Tech support|100/100|[from] item: Leftovers
|-heal|p2a: Foretress|50/100 par|[from] item: Leftovers
|upkeep
|turn|10
|
|t:|1728062191
|move|p1a: The Tech support|Thunderbolt|p2a: Foretress
|-damage|p2a: Foretress|29/100 par
|move|p2a: Foretress|Spikes|p1a: The Tech support
|-sidestart|p1: BCLLCB|Spikes
|
|-weather|Sandstorm|[upkeep]
|-damage|p1a: The Tech support|94/100|[from] Sandstorm
|-heal|p1a: The Tech support|100/100|[from] item: Leftovers
|-heal|p2a: Foretress|35/100 par|[from] item: Leftovers
|upkeep
|turn|11
|
|t:|1728062194
|move|p1a: The Tech support|Thunderbolt|p2a: Foretress
|-damage|p2a: Foretress|14/100 par
|cant|p2a: Foretress|par
|
|-weather|Sandstorm|[upkeep]
|-damage|p1a: The Tech support|94/100|[from] Sandstorm
|-heal|p1a: The Tech support|100/100|[from] item: Leftovers
|-heal|p2a: Foretress|21/100 par|[from] item: Leftovers
|upkeep
|turn|12
|
|t:|1728062198
|move|p1a: The Tech support|Thunderbolt|p2a: Foretress
|-damage|p2a: Foretress|0 fnt
|faint|p2a: Foretress
|
|t:|1728062204
|switch|p2a: Chapignon|Breloom, M|100/100
|
|-weather|Sandstorm|[upkeep]
|-damage|p2a: Chapignon|94/100|[from] Sandstorm
|-damage|p1a: The Tech support|94/100|[from] Sandstorm
|-heal|p2a: Chapignon|100/100|[from] item: Leftovers
|-heal|p1a: The Tech support|100/100|[from] item: Leftovers
|upkeep
|turn|13
|
|t:|1728062209
|move|p2a: Chapignon|Spore|p1a: The Tech support
|-status|p1a: The Tech support|slp|[from] move: Spore
|cant|p1a: The Tech support|slp
|
|-weather|Sandstorm|[upkeep]
|-damage|p2a: Chapignon|94/100|[from] Sandstorm
|-damage|p1a: The Tech support|94/100 slp|[from] Sandstorm
|-heal|p2a: Chapignon|100/100|[from] item: Leftovers
|-heal|p1a: The Tech support|100/100 slp|[from] item: Leftovers
|upkeep
|turn|14
|
|t:|1728062214
|switch|p1a: The Captain|Gyarados, M|100/100
|-ability|p1a: The Captain|Intimidate|boost
|-unboost|p2a: Chapignon|atk|1
|move|p2a: Chapignon|Substitute|p2a: Chapignon
|-start|p2a: Chapignon|Substitute
|-damage|p2a: Chapignon|76/100
|
|-weather|Sandstorm|[upkeep]
|-damage|p2a: Chapignon|70/100|[from] Sandstorm
|-damage|p1a: The Captain|94/100|[from] Sandstorm
|-heal|p2a: Chapignon|76/100|[from] item: Leftovers
|-heal|p1a: The Captain|100/100|[from] item: Leftovers
|upkeep
|turn|15
|
|t:|1728062217
|-singleturn|p2a: Chapignon|move: Focus Punch
|move|p1a: The Captain|Hidden Power|p2a: Chapignon
|-end|p2a: Chapignon|Substitute
|move|p2a: Chapignon|Focus Punch|p1a: The Captain
|-resisted|p1a: The Captain
|-damage|p1a: The Captain|70/100
|
|-weather|Sandstorm|[upkeep]
|-damage|p2a: Chapignon|70/100|[from] Sandstorm
|-damage|p1a: The Captain|64/100|[from] Sandstorm
|-heal|p2a: Chapignon|76/100|[from] item: Leftovers
|-heal|p1a: The Captain|70/100|[from] item: Leftovers
|upkeep
|turn|16
|
|t:|1728062227
|switch|p2a: Ptéra|Aerodactyl, M|100/100
|move|p1a: The Captain|Hidden Power|p2a: Ptéra
|-damage|p2a: Ptéra|55/100
|
|-weather|Sandstorm|[upkeep]
|-damage|p1a: The Captain|64/100|[from] Sandstorm
|-heal|p1a: The Captain|70/100|[from] item: Leftovers
|upkeep
|turn|17
|
|t:|1728062233
|move|p2a: Ptéra|Rock Slide|p1a: The Captain
|-supereffective|p1a: The Captain
|-damage|p1a: The Captain|0 fnt
|faint|p1a: The Captain
|
|t:|1728062237
|switch|p1a: The Imposter|Breloom, M, shiny|100/100
|-damage|p1a: The Imposter|88/100|[from] Spikes
|
|-weather|Sandstorm|[upkeep]
|-damage|p1a: The Imposter|82/100|[from] Sandstorm
|-heal|p1a: The Imposter|88/100|[from] item: Leftovers
|upkeep
|turn|18
|
|t:|1728062258
|switch|p2a: Chapignon|Breloom, M|76/100
|move|p1a: The Imposter|Swords Dance|p1a: The Imposter
|-boost|p1a: The Imposter|atk|2
|
|-weather|Sandstorm|[upkeep]
|-damage|p2a: Chapignon|70/100|[from] Sandstorm
|-damage|p1a: The Imposter|82/100|[from] Sandstorm
|-heal|p2a: Chapignon|76/100|[from] item: Leftovers
|-heal|p1a: The Imposter|88/100|[from] item: Leftovers
|upkeep
|turn|19
|
|t:|1728062265
|move|p1a: The Imposter|Mach Punch|p2a: Chapignon
|-damage|p2a: Chapignon|3/100
|move|p2a: Chapignon|Substitute|p2a: Chapignon
|-fail|p2a: Chapignon|move: Substitute|[weak]
|
|-weather|Sandstorm|[upkeep]
|-damage|p2a: Chapignon|0 fnt|[from] Sandstorm
|-damage|p1a: The Imposter|82/100|[from] Sandstorm
|faint|p2a: Chapignon
|-heal|p1a: The Imposter|88/100|[from] item: Leftovers
|upkeep
|
|t:|1728062267
|switch|p2a: Kaorine|Claydol|100/100
|turn|20
|
|t:|1728062272
|move|p1a: The Imposter|Spore|p2a: Kaorine
|-status|p2a: Kaorine|slp|[from] move: Spore
|cant|p2a: Kaorine|slp
|
|-weather|Sandstorm|[upkeep]
|-damage|p1a: The Imposter|82/100|[from] Sandstorm
|-heal|p1a: The Imposter|88/100|[from] item: Leftovers
|upkeep
|turn|21
|
|t:|1728062276
|move|p1a: The Imposter|Swords Dance|p1a: The Imposter
|-boost|p1a: The Imposter|atk|2
|cant|p2a: Kaorine|slp
|
|-weather|Sandstorm|[upkeep]
|-damage|p1a: The Imposter|82/100|[from] Sandstorm
|-heal|p1a: The Imposter|88/100|[from] item: Leftovers
|upkeep
|turn|22
|
|t:|1728062281
|move|p1a: The Imposter|Sky Uppercut|p2a: Kaorine
|-resisted|p2a: Kaorine
|-damage|p2a: Kaorine|51/100 slp
|cant|p2a: Kaorine|slp
|
|-weather|Sandstorm|[upkeep]
|-damage|p1a: The Imposter|82/100|[from] Sandstorm
|-heal|p1a: The Imposter|88/100|[from] item: Leftovers
|-heal|p2a: Kaorine|58/100 slp|[from] item: Leftovers
|upkeep
|turn|23
|
|t:|1728062304
|move|p1a: The Imposter|Sky Uppercut|p2a: Kaorine
|-resisted|p2a: Kaorine
|-crit|p2a: Kaorine
|-damage|p2a: Kaorine|0 fnt
|faint|p2a: Kaorine
|
|t:|1728062309
|switch|p2a: Milobellus|Milotic, F|88/100
|
|-weather|Sandstorm|[upkeep]
|-damage|p1a: The Imposter|82/100|[from] Sandstorm
|-damage|p2a: Milobellus|82/100|[from] Sandstorm
|-heal|p1a: The Imposter|88/100|[from] item: Leftovers
|-heal|p2a: Milobellus|88/100|[from] item: Leftovers
|upkeep
|turn|24
|c|☆BCLLCB|yikes mb
|
|t:|1728062313
|move|p1a: The Imposter|Sky Uppercut|p2a: Milobellus|[miss]
|-miss|p1a: The Imposter|p2a: Milobellus
|move|p2a: Milobellus|Ice Beam|p1a: The Imposter
|-supereffective|p1a: The Imposter
|-damage|p1a: The Imposter|7/100
|
|-weather|Sandstorm|[upkeep]
|-damage|p1a: The Imposter|1/100|[from] Sandstorm
|-damage|p2a: Milobellus|82/100|[from] Sandstorm
|-heal|p1a: The Imposter|7/100|[from] item: Leftovers
|-heal|p2a: Milobellus|88/100|[from] item: Leftovers
|upkeep
|turn|25
|
|t:|1728062330
|move|p1a: The Imposter|Sky Uppercut|p2a: Milobellus
|-damage|p2a: Milobellus|0 fnt
|faint|p2a: Milobellus
|c|☆A Welcome Guest|ggs
|c|☆BCLLCB|gg
|c|☆BCLLCB|had me in the first half, not gonna lie
|
|t:|1728062361
|switch|p2a: Ptéra|Aerodactyl, M|55/100
|
|-weather|Sandstorm|[upkeep]
|-damage|p1a: The Imposter|1/100|[from] Sandstorm
|-heal|p1a: The Imposter|7/100|[from] item: Leftovers
|upkeep
|turn|26
|
|t:|1728062366
|move|p1a: The Imposter|Mach Punch|p2a: Ptéra
|-damage|p2a: Ptéra|0 fnt
|faint|p2a: Ptéra
|
|t:|1728062368
|switch|p2a: Tyranocif|Tyranitar, F|100/100
|
|-weather|Sandstorm|[upkeep]
|-damage|p1a: The Imposter|1/100|[from] Sandstorm
|-heal|p1a: The Imposter|7/100|[from] item: Leftovers
|upkeep
|turn|27
|
|t:|1728062372
|move|p1a: The Imposter|Mach Punch|p2a: Tyranocif
|-supereffective|p2a: Tyranocif
|-damage|p2a: Tyranocif|0 fnt
|faint|p2a: Tyranocif
|
|win|BCLLCB

</script>
<script type="application/json" class="data" id="replaydata-gen3ou-2215918377-q1o3a5s0yr6rvc7tfo6bij6qwsle2bvpw">
{"id":"gen3ou-2215918377","format":"[Gen 3] OU","players":["BCLLCB","A Welcome Guest"],"uploadtime":1728062379,"views":82,"formatid":"gen3ou","rating":null,"private":1,"password":"q1o3a5s0yr6rvc7tfo6bij6qwsle2bv"}
</script>

<script defer src="js/replays.js?9d40a366"></script>
