<!DOCTYPE html>
<meta charset="utf-8" />
<meta name="viewport" content="width=device-width" />

<title>[Gen 3] OU: guebor vs. ShotoNC - Replays - Pok&eacute;mon Showdown!</title>

<meta name="description" content="Watch a replay of a Pok&eacute;mon battle between guebor and ShotoNC! Format: [Gen 3] OU; Date: Oct 20, 2024" />
<!--

Hey, you! Looking in the source for the replay log?

You can find them in JSON format, just add `.json` at the end of a replay URL.

https://replay.pokemonshowdown.com/gen7randomdoublesbattle-865046831.json

Or, if you only need the log itself, add `.log` instead:

https://replay.pokemonshowdown.com/gen7randomdoublesbattle-865046831.log

-->

<link rel="stylesheet" href="//pokemonshowdown.com/style/global.css?0.767286132409787" />
<link rel="stylesheet" href="//play.pokemonshowdown.com/style/font-awesome.css?0.9266228007934947" />
<link rel="stylesheet" href="//play.pokemonshowdown.com/style/battle.css?0.7924700842790926" />
<link rel="stylesheet" href="//play.pokemonshowdown.com/style/utilichart.css?0.8777417872839479" />

<!-- Global site tag (gtag.js) - Google Analytics -->
<script async src="https://www.googletagmanager.com/gtag/js?id=UA-26211653-1"></script>
<script>
  window.dataLayer = window.dataLayer || [];
  function gtag(){dataLayer.push(arguments);}
  gtag('js', new Date());

  gtag('config', 'UA-26211653-1');
</script>
<!-- End Google Analytics -->
<!-- Venatus Ad Manager - Install in <HEAD> of page -->
	<script src="https://hb.vntsm.com/v3/live/ad-manager.min.js" type="text/javascript" data-site-id="642aba63ec9a7b11c3c9c1be" data-mode="scan" async></script>
<!-- / Venatus Ad Manager -->

<style>
	@media (max-width:820px) {
		.battle {
			margin: 0 auto;
		}
		.battle-log {
			margin: 7px auto 0;
			max-width: 640px;
			height: 300px;
			position: static;
		}
	}
	.optgroup {
		display: inline-block;
		line-height: 22px;
		font-size: 10pt;
	}
	.optgroup .button {
		height: 25px;
		padding-top: 0;
		padding-bottom: 0;
	}
	.optgroup button.button {
		padding-left: 12px;
		padding-right: 12px;
	}
	.linklist {
		list-style: none;
		margin: 0.5em 0;
		padding: 0;
	}
	.linklist li {
		padding: 2px 0;
	}
	.sidebar {
		float: left;
		width: 320px;
	}
	.bar-wrapper {
		max-width: 1100px;
		margin: 0 auto;
	}
	.bar-wrapper.has-sidebar {
		max-width: 1430px;
	}
	.mainbar {
		margin: 0;
		padding-right: 1px;
	}
	.mainbar.has-sidebar {
		margin-left: 330px;
	}
	@media (min-width: 1511px) {
		.sidebar {
			width: 400px;
		}
		.bar-wrapper.has-sidebar {
			max-width: 1510px;
		}
		.mainbar.has-sidebar {
			margin-left: 410px;
		}
	}
	.section.first-section {
		margin-top: 9px;
	}
	.blocklink small {
		white-space: normal;
	}
	.button {
		vertical-align: middle;
	}
	.replay-controls {
		padding-top: 10px;
	}
	.replay-controls h1 {
		font-size: 16pt;
		font-weight: normal;
		color: #CCC;
	}
	.pagelink {
		text-align: center;
	}
	.pagelink a {
		width: 150px;
	}
	.textbox, .button {
		font-size: 11pt;
		vertical-align: middle;
	}
	@media (max-width: 450px) {
		.button {
			font-size: 9pt;
		}
	}
</style>

<div>

	<header>
		<div class="nav-wrapper"><ul class="nav">
			<li><a class="button nav-first" href="//pokemonshowdown.com/"><img src="//pokemonshowdown.com/images/pokemonshowdownbeta.png" srcset="//pokemonshowdown.com/images/pokemonshowdownbeta.png 1x, //pokemonshowdown.com/images/pokemonshowdownbeta@2x.png 2x" alt="Pok&eacute;mon Showdown" width="146" height="44" /> Home</a></li>
			<li><a class="button" href="//pokemonshowdown.com/dex/">Pok&eacute;dex</a></li>
			<li><a class="button cur" href="/">Replays</a></li>
			<li><a class="button" href="//pokemonshowdown.com/ladder/">Ladder</a></li>
			<li><a class="button nav-last" href="//pokemonshowdown.com/forums/">Forum</a></li>
			<li><a class="button greenbutton nav-first nav-last" href="//play.pokemonshowdown.com/">Play</a></li>
		</ul></div>
	</header>

	<div class="main" id="main">

		<noscript><section class="section">You need to enable JavaScript to use this page; sorry!</section></noscript>

	</div>

</div>

<script defer nomodule src="//play.pokemonshowdown.com/js/lib/ps-polyfill.js"></script>
<script defer src="//play.pokemonshowdown.com/js/lib/preact.min.js"></script>

<script defer src="//play.pokemonshowdown.com/config/config.js?6dec07f6"></script>
<script defer src="//play.pokemonshowdown.com/js/lib/jquery-1.11.0.min.js"></script>
<script defer src="//play.pokemonshowdown.com/js/lib/html-sanitizer-minified.js"></script>
<script defer src="//play.pokemonshowdown.com/js/battle-sound.js"></script>
<script defer src="//play.pokemonshowdown.com/js/battledata.js?0.6315294753075389"></script>
<script defer src="//play.pokemonshowdown.com/data/pokedex-mini.js?0.7603743185311358"></script>
<script defer src="//play.pokemonshowdown.com/data/pokedex-mini-bw.js?0.030888842834281283"></script>
<script defer src="//play.pokemonshowdown.com/data/graphics.js?0.05593094747507488"></script>
<script defer src="//play.pokemonshowdown.com/data/pokedex.js?0.47064822249611904"></script>
<script defer src="//play.pokemonshowdown.com/data/moves.js?0.8583693120512459"></script>
<script defer src="//play.pokemonshowdown.com/data/abilities.js?0.16017181182386842"></script>
<script defer src="//play.pokemonshowdown.com/data/items.js?0.4163379185673943"></script>
<script defer src="//play.pokemonshowdown.com/data/teambuilder-tables.js?0.31075597372830477"></script>
<script defer src="//play.pokemonshowdown.com/js/battle-tooltips.js?0.6536193500708172"></script>
<script defer src="//play.pokemonshowdown.com/js/battle.js?0.1916591943277901"></script>

<script defer src="js/utils.js?e31f9a17"></script>
<script defer src="js/replays-battle.js?7008c182"></script>

<!-- don't scrape this data! just add .json or .log after the URL!
Full API docs: https://github.com/smogon/pokemon-showdown-client/blob/master/WEB-API.md -->
<script type="text/plain" class="log" id="replaylog-smogtours-gen3ou-800703">
|inactive|Battle timer is ON: inactive players will automatically lose when time's up.
|t:|1729452317
|gametype|singles
|player|p1|guebor|colress|
|player|p2|ShotoNC|benga|
|teamsize|p1|6
|teamsize|p2|6
|gen|3
|tier|[Gen 3] OU
|rule|Sleep Clause Mod: Limit one foe put to sleep
|rule|Switch Priority Clause Mod: Faster Pokémon switch first
|rule|Species Clause: Limit one of each Pokémon
|rule|OHKO Clause: OHKO moves are banned
|rule|Evasion Items Clause: Evasion items are banned
|rule|Evasion Moves Clause: Evasion moves are banned
|rule|Endless Battle Clause: Forcing endless battles is banned
|rule|HP Percentage Mod: HP is shown in percentages
|rule|One Boost Passer Clause: Limit one Baton Passer that has a way to boost its stats
|rule|Freeze Clause Mod: Limit one foe frozen
|
|t:|1729452317
|start
|switch|p1a: Andy|Zapdos|100/100
|switch|p2a: Salamence|Salamence, M|100/100
|-ability|p2a: Salamence|Intimidate|boost
|-unboost|p1a: Andy|atk|1
|turn|1
|
|t:|1729452346
|switch|p2a: Blissey|Blissey, F|100/100
|move|p1a: Andy|Thunder Wave|p2a: Blissey
|-status|p2a: Blissey|par
|
|upkeep
|turn|2
|inactive|ShotoNC has 270 seconds left.
|
|t:|1729452391
|switch|p1a: Malcolm|Breloom, M|100/100
|move|p2a: Blissey|Ice Beam|p1a: Malcolm
|-supereffective|p1a: Malcolm
|-damage|p1a: Malcolm|33/100
|-status|p1a: Malcolm|frz
|
|-heal|p1a: Malcolm|39/100 frz|[from] item: Leftovers
|upkeep
|turn|3
|inactive|guebor has 270 seconds left.
|inactive|ShotoNC has 240 seconds left.
|
|t:|1729452423
|switch|p1a: Jimmi|Snorlax, M|100/100
|-curestatus|p2a: Blissey|par|[from] ability: Natural Cure
|switch|p2a: Salamence|Salamence, M|100/100
|-ability|p2a: Salamence|Intimidate|boost
|-unboost|p1a: Jimmi|atk|1
|
|upkeep
|turn|4
|inactive|ShotoNC has 240 seconds left.
|
|t:|1729452432
|move|p2a: Salamence|Brick Break|p1a: Jimmi
|-supereffective|p1a: Jimmi
|-crit|p1a: Jimmi
|-damage|p1a: Jimmi|28/100
|move|p1a: Jimmi|Body Slam|p2a: Salamence
|-damage|p2a: Salamence|71/100
|
|-heal|p2a: Salamence|77/100|[from] item: Leftovers
|-heal|p1a: Jimmi|35/100|[from] item: Leftovers
|upkeep
|turn|5
|inactive|guebor has 270 seconds left.
|
|t:|1729452455
|switch|p1a: Andy|Zapdos|100/100
|move|p2a: Salamence|Brick Break|p1a: Andy
|-resisted|p1a: Andy
|-damage|p1a: Andy|88/100
|
|-heal|p1a: Andy|95/100|[from] item: Leftovers
|-heal|p2a: Salamence|83/100|[from] item: Leftovers
|upkeep
|turn|6
|inactive|guebor has 270 seconds left.
|
|t:|1729452464
|switch|p2a: Blissey|Blissey, F|100/100
|move|p1a: Andy|Thunder Wave|p2a: Blissey
|-status|p2a: Blissey|par
|
|-heal|p1a: Andy|100/100|[from] item: Leftovers
|upkeep
|turn|7
|inactive|guebor has 270 seconds left.
|
|t:|1729452478
|switch|p1a: Jimmi|Snorlax, M|35/100
|move|p2a: Blissey|Ice Beam|p1a: Jimmi
|-damage|p1a: Jimmi|24/100
|
|-heal|p1a: Jimmi|30/100|[from] item: Leftovers
|upkeep
|turn|8
|inactive|guebor has 270 seconds left.
|
|t:|1729452494
|-singleturn|p1a: Jimmi|move: Focus Punch
|-curestatus|p2a: Blissey|par|[from] ability: Natural Cure
|switch|p2a: Salamence|Salamence, M|83/100
|-ability|p2a: Salamence|Intimidate|boost
|-unboost|p1a: Jimmi|atk|1
|move|p1a: Jimmi|Focus Punch|p2a: Salamence
|-resisted|p2a: Salamence
|-damage|p2a: Salamence|65/100
|
|-heal|p2a: Salamence|71/100|[from] item: Leftovers
|-heal|p1a: Jimmi|37/100|[from] item: Leftovers
|upkeep
|turn|9
|inactive|guebor has 270 seconds left.
|
|t:|1729452525
|switch|p1a: Lucinda|Charizard, F|100/100
|move|p2a: Salamence|Dragon Claw|p1a: Lucinda
|-damage|p1a: Lucinda|49/100
|
|-heal|p1a: Lucinda|55/100|[from] item: Leftovers
|-heal|p2a: Salamence|77/100|[from] item: Leftovers
|upkeep
|turn|10
|inactive|ShotoNC has 240 seconds left.
|
|t:|1729452551
|switch|p2a: Swampert|Swampert, M|100/100
|move|p1a: Lucinda|Hidden Power|p2a: Swampert
|-damage|p2a: Swampert|80/100
|
|-heal|p1a: Lucinda|61/100|[from] item: Leftovers
|upkeep
|turn|11
|
|t:|1729452570
|-singleturn|p2a: Swampert|move: Focus Punch
|switch|p1a: Cain the Main Man|Swampert, M|100/100
|move|p2a: Swampert|Focus Punch|p1a: Cain the Main Man
|-damage|p1a: Cain the Main Man|51/100
|
|-heal|p1a: Cain the Main Man|57/100|[from] item: Leftovers
|upkeep
|turn|12
|
|t:|1729452580
|move|p1a: Cain the Main Man|Hydro Pump|p2a: Swampert|[miss]
|-miss|p1a: Cain the Main Man|p2a: Swampert
|move|p2a: Swampert|Curse|p2a: Swampert
|-unboost|p2a: Swampert|spe|1
|-boost|p2a: Swampert|atk|1
|-boost|p2a: Swampert|def|1
|
|-heal|p1a: Cain the Main Man|63/100|[from] item: Leftovers
|upkeep
|turn|13
|
|t:|1729452603
|move|p1a: Cain the Main Man|Hydro Pump|p2a: Swampert|[miss]
|-miss|p1a: Cain the Main Man|p2a: Swampert
|move|p2a: Swampert|Earthquake|p1a: Cain the Main Man
|-damage|p1a: Cain the Main Man|0 fnt
|faint|p1a: Cain the Main Man
|
|t:|1729452624
|switch|p1a: Andy|Zapdos|100/100
|
|upkeep
|turn|14
|
|t:|1729452638
|switch|p2a: Blissey|Blissey, F|100/100
|move|p1a: Andy|Hidden Power|p2a: Blissey
|-damage|p2a: Blissey|91/100
|
|-heal|p2a: Blissey|97/100|[from] item: Leftovers
|upkeep
|turn|15
|
|t:|1729452656
|switch|p2a: Salamence|Salamence, M|77/100
|-ability|p2a: Salamence|Intimidate|boost
|-unboost|p1a: Andy|atk|1
|move|p1a: Andy|Thunder Wave|p2a: Salamence
|-status|p2a: Salamence|par
|
|-heal|p2a: Salamence|83/100 par|[from] item: Leftovers
|upkeep
|turn|16
|inactive|ShotoNC has 210 seconds left.
|inactive|ShotoNC has 180 seconds left.
|
|t:|1729452705
|switch|p1a: Lucinda|Charizard, F|61/100
|switch|p2a: Magneton|Magneton|100/100
|
|-heal|p1a: Lucinda|67/100|[from] item: Leftovers
|upkeep
|turn|17
|inactive|ShotoNC has 180 seconds left.
|
|t:|1729452719
|move|p2a: Magneton|Endure|p2a: Magneton
|-singleturn|p2a: Magneton|move: Endure
|move|p1a: Lucinda|Fire Blast|p2a: Magneton
|-supereffective|p2a: Magneton
|-activate|p2a: Magneton|move: Endure
|-damage|p2a: Magneton|1/100
|
|-heal|p1a: Lucinda|73/100|[from] item: Leftovers
|-enditem|p2a: Magneton|Salac Berry|[eat]
|-boost|p2a: Magneton|spe|1|[from] item: Salac Berry
|upkeep
|turn|18
|
|t:|1729452739
|switch|p1a: Andy|Zapdos|100/100
|move|p2a: Magneton|Thunderbolt|p1a: Andy
|-damage|p1a: Andy|50/100
|
|-heal|p1a: Andy|56/100|[from] item: Leftovers
|upkeep
|turn|19
|inactive|ShotoNC has 180 seconds left.
|
|t:|1729452758
|move|p2a: Magneton|Toxic|p1a: Andy|[miss]
|-miss|p2a: Magneton|p1a: Andy
|move|p1a: Andy|Hidden Power|p2a: Magneton
|-resisted|p2a: Magneton
|-damage|p2a: Magneton|0 fnt
|faint|p2a: Magneton
|inactive|ShotoNC has 180 seconds left.
|
|t:|1729452784
|switch|p2a: Blissey|Blissey, F|97/100
|
|-heal|p1a: Andy|62/100|[from] item: Leftovers
|-heal|p2a: Blissey|100/100|[from] item: Leftovers
|upkeep
|turn|20
|inactive|ShotoNC has 150 seconds left.
|
|t:|1729452807
|switch|p1a: Jimmi|Snorlax, M|37/100
|move|p2a: Blissey|Thunderbolt|p1a: Jimmi
|-damage|p1a: Jimmi|26/100
|
|-heal|p1a: Jimmi|32/100|[from] item: Leftovers
|upkeep
|turn|21
|
|t:|1729452816
|switch|p2a: Salamence|Salamence, M|83/100 par
|-ability|p2a: Salamence|Intimidate|boost
|-unboost|p1a: Jimmi|atk|1
|move|p1a: Jimmi|Body Slam|p2a: Salamence
|-damage|p2a: Salamence|52/100 par
|
|-heal|p1a: Jimmi|38/100|[from] item: Leftovers
|-heal|p2a: Salamence|59/100 par|[from] item: Leftovers
|upkeep
|turn|22
|
|t:|1729452832
|switch|p1a: Lucinda|Charizard, F|73/100
|cant|p2a: Salamence|par
|
|-heal|p1a: Lucinda|79/100|[from] item: Leftovers
|-heal|p2a: Salamence|65/100 par|[from] item: Leftovers
|upkeep
|turn|23
|
|t:|1729452841
|switch|p2a: Swampert|Swampert, M|80/100
|move|p1a: Lucinda|Toxic|p2a: Swampert
|-status|p2a: Swampert|tox
|-enditem|p2a: Swampert|Lum Berry|[eat]
|-curestatus|p2a: Swampert|tox|[msg]
|
|-heal|p1a: Lucinda|85/100|[from] item: Leftovers
|upkeep
|turn|24
|
|t:|1729452857
|switch|p1a: Andy|Zapdos|62/100
|move|p2a: Swampert|Surf|p1a: Andy
|-damage|p1a: Andy|30/100
|
|-heal|p1a: Andy|36/100|[from] item: Leftovers
|upkeep
|turn|25
|inactive|ShotoNC has 150 seconds left.
|
|t:|1729452882
|switch|p2a: Blissey|Blissey, F|100/100
|move|p1a: Andy|Baton Pass|p1a: Andy
|
|t:|1729452888
|switch|p1a: Jimmi|Snorlax, M|38/100|[from] Baton Pass
|
|-heal|p1a: Jimmi|44/100|[from] item: Leftovers
|upkeep
|turn|26
|inactive|ShotoNC has 150 seconds left.
|
|t:|1729452903
|-singleturn|p1a: Jimmi|move: Focus Punch
|switch|p2a: Skarmory|Skarmory, F|100/100
|move|p1a: Jimmi|Focus Punch|p2a: Skarmory
|-damage|p2a: Skarmory|74/100
|
|-heal|p2a: Skarmory|80/100|[from] item: Leftovers
|-heal|p1a: Jimmi|50/100|[from] item: Leftovers
|upkeep
|turn|27
|inactive|ShotoNC has 150 seconds left.
|
|t:|1729452926
|move|p2a: Skarmory|Drill Peck|p1a: Jimmi
|-damage|p1a: Jimmi|31/100
|move|p1a: Jimmi|Body Slam|p2a: Skarmory
|-resisted|p2a: Skarmory
|-damage|p2a: Skarmory|70/100
|
|-heal|p2a: Skarmory|76/100|[from] item: Leftovers
|-heal|p1a: Jimmi|38/100|[from] item: Leftovers
|upkeep
|turn|28
|
|t:|1729452938
|switch|p1a: Andy|Zapdos|36/100
|move|p2a: Skarmory|Drill Peck|p1a: Andy
|-resisted|p1a: Andy
|-damage|p1a: Andy|23/100
|
|-heal|p1a: Andy|29/100|[from] item: Leftovers
|-heal|p2a: Skarmory|82/100|[from] item: Leftovers
|upkeep
|turn|29
|
|t:|1729452949
|switch|p2a: Blissey|Blissey, F|100/100
|move|p1a: Andy|Baton Pass|p1a: Andy
|
|t:|1729452955
|switch|p1a: Malcolm|Breloom, M|39/100 frz|[from] Baton Pass
|
|-heal|p1a: Malcolm|45/100 frz|[from] item: Leftovers
|upkeep
|turn|30
|inactive|guebor has 270 seconds left.
|inactive|ShotoNC has 150 seconds left.
|
|t:|1729452969
|cant|p1a: Malcolm|frz
|move|p2a: Blissey|Ice Beam|p1a: Malcolm
|-supereffective|p1a: Malcolm
|-damage|p1a: Malcolm|0 fnt
|faint|p1a: Malcolm
|
|t:|1729452977
|switch|p1a: Jimmi|Snorlax, M|38/100
|
|-heal|p1a: Jimmi|44/100|[from] item: Leftovers
|upkeep
|turn|31
|
|t:|1729452982
|switch|p2a: Skarmory|Skarmory, F|82/100
|move|p1a: Jimmi|Body Slam|p2a: Skarmory
|-resisted|p2a: Skarmory
|-damage|p2a: Skarmory|71/100
|-status|p2a: Skarmory|par
|
|-heal|p1a: Jimmi|50/100|[from] item: Leftovers
|-heal|p2a: Skarmory|77/100 par|[from] item: Leftovers
|upkeep
|turn|32
|
|t:|1729452995
|switch|p1a: Lucinda|Charizard, F|85/100
|move|p2a: Skarmory|Drill Peck|p1a: Lucinda
|-damage|p1a: Lucinda|53/100
|
|-heal|p1a: Lucinda|59/100|[from] item: Leftovers
|-heal|p2a: Skarmory|83/100 par|[from] item: Leftovers
|upkeep
|turn|33
|inactive|ShotoNC has 150 seconds left.
|
|t:|1729453021
|switch|p2a: Blissey|Blissey, F|100/100
|move|p1a: Lucinda|Fire Blast|p2a: Blissey
|-damage|p2a: Blissey|81/100
|
|-heal|p1a: Lucinda|65/100|[from] item: Leftovers
|-heal|p2a: Blissey|88/100|[from] item: Leftovers
|upkeep
|turn|34
|inactive|ShotoNC has 150 seconds left.
|
|t:|1729453034
|move|p1a: Lucinda|Toxic|p2a: Blissey
|-status|p2a: Blissey|tox
|move|p2a: Blissey|Ice Beam|p1a: Lucinda
|-damage|p1a: Lucinda|43/100
|
|-heal|p1a: Lucinda|49/100|[from] item: Leftovers
|-heal|p2a: Blissey|94/100 tox|[from] item: Leftovers
|-damage|p2a: Blissey|88/100 tox|[from] psn
|upkeep
|turn|35
|inactive|ShotoNC has 150 seconds left.
|
|t:|1729453044
|switch|p1a: Jimmi|Snorlax, M|50/100
|move|p2a: Blissey|Thunderbolt|p1a: Jimmi
|-damage|p1a: Jimmi|39/100
|
|-heal|p2a: Blissey|94/100 tox|[from] item: Leftovers
|-damage|p2a: Blissey|81/100 tox|[from] psn
|-heal|p1a: Jimmi|45/100|[from] item: Leftovers
|upkeep
|turn|36
|
|t:|1729453054
|-singleturn|p1a: Jimmi|move: Focus Punch
|-curestatus|p2a: Blissey|tox|[from] ability: Natural Cure
|switch|p2a: Skarmory|Skarmory, F|83/100 par
|move|p1a: Jimmi|Focus Punch|p2a: Skarmory
|-damage|p2a: Skarmory|57/100 par
|
|-heal|p1a: Jimmi|52/100|[from] item: Leftovers
|-heal|p2a: Skarmory|63/100 par|[from] item: Leftovers
|upkeep
|turn|37
|
|t:|1729453072
|switch|p1a: Andy|Zapdos|29/100
|move|p2a: Skarmory|Drill Peck|p1a: Andy
|-resisted|p1a: Andy
|-damage|p1a: Andy|16/100
|
|-heal|p1a: Andy|22/100|[from] item: Leftovers
|-heal|p2a: Skarmory|69/100 par|[from] item: Leftovers
|upkeep
|turn|38
|
|t:|1729453086
|move|p1a: Andy|Thunderbolt|p2a: Skarmory
|-supereffective|p2a: Skarmory
|-damage|p2a: Skarmory|0 fnt
|faint|p2a: Skarmory
|inactive|ShotoNC has 150 seconds left.
|
|t:|1729453114
|switch|p2a: Blissey|Blissey, F|81/100
|
|-heal|p1a: Andy|28/100|[from] item: Leftovers
|-heal|p2a: Blissey|88/100|[from] item: Leftovers
|upkeep
|turn|39
|inactive|ShotoNC has 150 seconds left.
|
|t:|1729453126
|move|p1a: Andy|Baton Pass|p1a: Andy
|
|t:|1729453127
|switch|p1a: Jimmi|Snorlax, M|52/100|[from] Baton Pass
|move|p2a: Blissey|Thunderbolt|p1a: Jimmi
|-damage|p1a: Jimmi|42/100
|
|-heal|p2a: Blissey|94/100|[from] item: Leftovers
|-heal|p1a: Jimmi|48/100|[from] item: Leftovers
|upkeep
|turn|40
|inactive|ShotoNC has 150 seconds left.
|
|t:|1729453162
|move|p2a: Blissey|Ice Beam|p1a: Jimmi
|-damage|p1a: Jimmi|39/100
|move|p1a: Jimmi|Body Slam|p2a: Blissey
|-damage|p2a: Blissey|60/100
|-status|p2a: Blissey|par
|
|-heal|p1a: Jimmi|45/100|[from] item: Leftovers
|-heal|p2a: Blissey|67/100 par|[from] item: Leftovers
|upkeep
|turn|41
|inactive|ShotoNC has 120 seconds left.
|
|t:|1729453197
|-singleturn|p1a: Jimmi|move: Focus Punch
|-curestatus|p2a: Blissey|par|[from] ability: Natural Cure
|switch|p2a: Salamence|Salamence, M|65/100 par
|-ability|p2a: Salamence|Intimidate|boost
|-unboost|p1a: Jimmi|atk|1
|move|p1a: Jimmi|Focus Punch|p2a: Salamence
|-resisted|p2a: Salamence
|-damage|p2a: Salamence|45/100 par
|
|-heal|p1a: Jimmi|51/100|[from] item: Leftovers
|-heal|p2a: Salamence|51/100 par|[from] item: Leftovers
|upkeep
|turn|42
|
|t:|1729453222
|move|p1a: Jimmi|Self-Destruct|p2a: Salamence
|-damage|p2a: Salamence|0 fnt
|faint|p1a: Jimmi
|faint|p2a: Salamence
|
|t:|1729453231
|switch|p2a: Blissey|Blissey, F|67/100
|switch|p1a: Jeri|Tyranitar, M|100/100
|-weather|Sandstorm|[from] ability: Sand Stream|[of] p1a: Jeri
|
|-weather|Sandstorm|[upkeep]
|-damage|p2a: Blissey|60/100|[from] Sandstorm
|-heal|p2a: Blissey|67/100|[from] item: Leftovers
|upkeep
|turn|43
|inactive|ShotoNC has 90 seconds left.
|
|t:|1729453262
|switch|p2a: Claydol|Claydol|100/100
|move|p1a: Jeri|Crunch|p2a: Claydol
|-supereffective|p2a: Claydol
|-damage|p2a: Claydol|35/100
|
|-weather|Sandstorm|[upkeep]
|-heal|p2a: Claydol|41/100|[from] item: Leftovers
|upkeep
|turn|44
|inactive|ShotoNC has 90 seconds left.
|inactive|guebor has 270 seconds left.
|
|t:|1729453288
|switch|p2a: Swampert|Swampert, M|80/100
|switch|p1a: Lucinda|Charizard, F|49/100
|
|-weather|Sandstorm|[upkeep]
|-damage|p1a: Lucinda|43/100|[from] Sandstorm
|-heal|p1a: Lucinda|49/100|[from] item: Leftovers
|upkeep
|turn|45
|
|t:|1729453299
|move|p1a: Lucinda|Toxic|p2a: Swampert
|-status|p2a: Swampert|tox
|move|p2a: Swampert|Surf|p1a: Lucinda
|-supereffective|p1a: Lucinda
|-crit|p1a: Lucinda
|-damage|p1a: Lucinda|0 fnt
|faint|p1a: Lucinda
|
|t:|1729453311
|switch|p1a: Andy|Zapdos|28/100
|
|-weather|Sandstorm|[upkeep]
|-damage|p1a: Andy|22/100|[from] Sandstorm
|-heal|p1a: Andy|28/100|[from] item: Leftovers
|-damage|p2a: Swampert|74/100 tox|[from] psn
|upkeep
|turn|46
|inactive|ShotoNC has 90 seconds left.
|inactive|ShotoNC has 60 seconds left.
|
|t:|1729453360
|switch|p2a: Blissey|Blissey, F|67/100
|move|p1a: Andy|Hidden Power|p2a: Blissey
|-damage|p2a: Blissey|58/100
|
|-weather|Sandstorm|[upkeep]
|-damage|p1a: Andy|22/100|[from] Sandstorm
|-damage|p2a: Blissey|51/100|[from] Sandstorm
|-heal|p1a: Andy|28/100|[from] item: Leftovers
|-heal|p2a: Blissey|58/100|[from] item: Leftovers
|upkeep
|turn|47
|inactive|ShotoNC has 60 seconds left.
|inactive|ShotoNC has 30 seconds left.
|
|t:|1729453398
|move|p1a: Andy|Baton Pass|p1a: Andy
|
|t:|1729453401
|switch|p1a: Jeri|Tyranitar, M|100/100|[from] Baton Pass
|move|p2a: Blissey|Ice Beam|p1a: Jeri
|-damage|p1a: Jeri|85/100
|
|-weather|Sandstorm|[upkeep]
|-damage|p2a: Blissey|51/100|[from] Sandstorm
|-heal|p1a: Jeri|91/100|[from] item: Leftovers
|-heal|p2a: Blissey|58/100|[from] item: Leftovers
|upkeep
|turn|48
|inactive|ShotoNC has 30 seconds left.
|
|t:|1729453421
|move|p1a: Jeri|Crunch|p2a: Blissey
|-damage|p2a: Blissey|44/100
|move|p2a: Blissey|Soft-Boiled|p2a: Blissey
|-heal|p2a: Blissey|94/100
|
|-weather|Sandstorm|[upkeep]
|-damage|p2a: Blissey|88/100|[from] Sandstorm
|-heal|p1a: Jeri|97/100|[from] item: Leftovers
|-heal|p2a: Blissey|94/100|[from] item: Leftovers
|upkeep
|turn|49
|inactive|ShotoNC has 30 seconds left.
|
|t:|1729453433
|move|p1a: Jeri|Crunch|p2a: Blissey
|-damage|p2a: Blissey|80/100
|move|p2a: Blissey|Wish|p2a: Blissey
|
|-weather|Sandstorm|[upkeep]
|-damage|p2a: Blissey|73/100|[from] Sandstorm
|-heal|p1a: Jeri|100/100|[from] item: Leftovers
|-heal|p2a: Blissey|80/100|[from] item: Leftovers
|upkeep
|turn|50
|inactive|ShotoNC has 30 seconds left.
|
|t:|1729453444
|move|p1a: Jeri|Crunch|p2a: Blissey
|-damage|p2a: Blissey|66/100
|-unboost|p2a: Blissey|spd|1
|move|p2a: Blissey|Ice Beam|p1a: Jeri
|-damage|p1a: Jeri|84/100
|-status|p1a: Jeri|frz
|
|-heal|p2a: Blissey|100/100|[from] move: Wish|[wisher] Blissey
|-weather|Sandstorm|[upkeep]
|-damage|p2a: Blissey|94/100|[from] Sandstorm
|-heal|p1a: Jeri|90/100 frz|[from] item: Leftovers
|-heal|p2a: Blissey|100/100|[from] item: Leftovers
|upkeep
|turn|51
|inactive|guebor has 270 seconds left.
|inactive|ShotoNC has 30 seconds left.
|
|t:|1729453458
|cant|p1a: Jeri|frz
|move|p2a: Blissey|Thunderbolt|p1a: Jeri
|-damage|p1a: Jeri|76/100 frz
|
|-weather|Sandstorm|[upkeep]
|-damage|p2a: Blissey|94/100|[from] Sandstorm
|-heal|p1a: Jeri|82/100 frz|[from] item: Leftovers
|-heal|p2a: Blissey|100/100|[from] item: Leftovers
|upkeep
|turn|52
|inactive|guebor has 270 seconds left.
|inactive|ShotoNC has 30 seconds left.
|
|t:|1729453466
|-curestatus|p1a: Jeri|frz|[msg]
|move|p1a: Jeri|Brick Break|p2a: Blissey
|-supereffective|p2a: Blissey
|-damage|p2a: Blissey|65/100
|move|p2a: Blissey|Wish|p2a: Blissey
|
|-weather|Sandstorm|[upkeep]
|-damage|p2a: Blissey|59/100|[from] Sandstorm
|-heal|p1a: Jeri|88/100|[from] item: Leftovers
|-heal|p2a: Blissey|65/100|[from] item: Leftovers
|upkeep
|turn|53
|inactive|guebor has 270 seconds left.
|inactive|ShotoNC has 30 seconds left.
|
|t:|1729453476
|move|p1a: Jeri|Brick Break|p2a: Blissey
|-supereffective|p2a: Blissey
|-crit|p2a: Blissey
|-damage|p2a: Blissey|0 fnt
|faint|p2a: Blissey
|inactive|ShotoNC has 30 seconds left.
|
|t:|1729453484
|switch|p2a: Swampert|Swampert, M|74/100 tox
|
|-heal|p2a: Swampert|100/100 tox|[from] move: Wish|[wisher] Blissey
|-weather|Sandstorm|[upkeep]
|-heal|p1a: Jeri|94/100|[from] item: Leftovers
|-damage|p2a: Swampert|94/100 tox|[from] psn
|upkeep
|turn|54
|inactive|guebor has 270 seconds left.
|
|t:|1729453503
|move|p1a: Jeri|Crunch|p2a: Swampert
|-damage|p2a: Swampert|61/100 tox
|move|p2a: Swampert|Surf|p1a: Jeri
|-supereffective|p1a: Jeri
|-damage|p1a: Jeri|44/100
|
|-weather|Sandstorm|[upkeep]
|-heal|p1a: Jeri|50/100|[from] item: Leftovers
|-damage|p2a: Swampert|48/100 tox|[from] psn
|upkeep
|turn|55
|
|t:|1729453511
|move|p1a: Jeri|Crunch|p2a: Swampert
|-damage|p2a: Swampert|14/100 tox
|move|p2a: Swampert|Surf|p1a: Jeri
|-supereffective|p1a: Jeri
|-damage|p1a: Jeri|0 fnt
|faint|p1a: Jeri
|
|t:|1729453518
|switch|p1a: Andy|Zapdos|28/100
|
|-weather|Sandstorm|[upkeep]
|-damage|p1a: Andy|22/100|[from] Sandstorm
|-heal|p1a: Andy|28/100|[from] item: Leftovers
|-damage|p2a: Swampert|0 fnt|[from] psn
|faint|p2a: Swampert
|upkeep
|
|t:|1729453525
|switch|p2a: Claydol|Claydol|41/100
|turn|56
|
|t:|1729453542
|move|p1a: Andy|Hidden Power|p2a: Claydol
|-supereffective|p2a: Claydol
|-damage|p2a: Claydol|1/100
|move|p2a: Claydol|Explosion|p1a: Andy
|-damage|p1a: Andy|0 fnt
|faint|p2a: Claydol
|faint|p1a: Andy
|
|tie
|c|☆ShotoNC|gg
|c|☆guebor|gg
|c|☆ShotoNC|remattch of game 2 xD
|c|☆guebor|yeah, that was crazy

</script>
<script type="application/json" class="data" id="replaydata-smogtours-gen3ou-800703">
{"id":"smogtours-gen3ou-800703","format":"[Gen 3] OU","players":["guebor","ShotoNC"],"uploadtime":1729453542,"views":77,"formatid":"gen3ou","rating":null,"private":0,"password":null}
</script>

<script defer src="js/replays.js?9d40a366"></script>
