<!DOCTYPE html>
<meta charset="utf-8" />
<meta name="viewport" content="width=device-width" />

<title>[Gen 3] OU: Apostic vs. Elisy - Replays - Pok&eacute;mon Showdown!</title>

<meta name="description" content="Watch a replay of a Pok&eacute;mon battle between Apostic and Elisy! Format: [Gen 3] OU; Date: Oct 12, 2024" />
<!--

Hey, you! Looking in the source for the replay log?

You can find them in JSON format, just add `.json` at the end of a replay URL.

https://replay.pokemonshowdown.com/gen7randomdoublesbattle-865046831.json

Or, if you only need the log itself, add `.log` instead:

https://replay.pokemonshowdown.com/gen7randomdoublesbattle-865046831.log

-->

<link rel="stylesheet" href="//pokemonshowdown.com/style/global.css?0.767286132409787" />
<link rel="stylesheet" href="//play.pokemonshowdown.com/style/font-awesome.css?0.9266228007934947" />
<link rel="stylesheet" href="//play.pokemonshowdown.com/style/battle.css?0.7924700842790926" />
<link rel="stylesheet" href="//play.pokemonshowdown.com/style/utilichart.css?0.8777417872839479" />

<!-- Global site tag (gtag.js) - Google Analytics -->
<script async src="https://www.googletagmanager.com/gtag/js?id=UA-26211653-1"></script>
<script>
  window.dataLayer = window.dataLayer || [];
  function gtag(){dataLayer.push(arguments);}
  gtag('js', new Date());

  gtag('config', 'UA-26211653-1');
</script>
<!-- End Google Analytics -->
<!-- Venatus Ad Manager - Install in <HEAD> of page -->
	<script src="https://hb.vntsm.com/v3/live/ad-manager.min.js" type="text/javascript" data-site-id="642aba63ec9a7b11c3c9c1be" data-mode="scan" async></script>
<!-- / Venatus Ad Manager -->

<style>
	@media (max-width:820px) {
		.battle {
			margin: 0 auto;
		}
		.battle-log {
			margin: 7px auto 0;
			max-width: 640px;
			height: 300px;
			position: static;
		}
	}
	.optgroup {
		display: inline-block;
		line-height: 22px;
		font-size: 10pt;
	}
	.optgroup .button {
		height: 25px;
		padding-top: 0;
		padding-bottom: 0;
	}
	.optgroup button.button {
		padding-left: 12px;
		padding-right: 12px;
	}
	.linklist {
		list-style: none;
		margin: 0.5em 0;
		padding: 0;
	}
	.linklist li {
		padding: 2px 0;
	}
	.sidebar {
		float: left;
		width: 320px;
	}
	.bar-wrapper {
		max-width: 1100px;
		margin: 0 auto;
	}
	.bar-wrapper.has-sidebar {
		max-width: 1430px;
	}
	.mainbar {
		margin: 0;
		padding-right: 1px;
	}
	.mainbar.has-sidebar {
		margin-left: 330px;
	}
	@media (min-width: 1511px) {
		.sidebar {
			width: 400px;
		}
		.bar-wrapper.has-sidebar {
			max-width: 1510px;
		}
		.mainbar.has-sidebar {
			margin-left: 410px;
		}
	}
	.section.first-section {
		margin-top: 9px;
	}
	.blocklink small {
		white-space: normal;
	}
	.button {
		vertical-align: middle;
	}
	.replay-controls {
		padding-top: 10px;
	}
	.replay-controls h1 {
		font-size: 16pt;
		font-weight: normal;
		color: #CCC;
	}
	.pagelink {
		text-align: center;
	}
	.pagelink a {
		width: 150px;
	}
	.textbox, .button {
		font-size: 11pt;
		vertical-align: middle;
	}
	@media (max-width: 450px) {
		.button {
			font-size: 9pt;
		}
	}
</style>

<div>

	<header>
		<div class="nav-wrapper"><ul class="nav">
			<li><a class="button nav-first" href="//pokemonshowdown.com/"><img src="//pokemonshowdown.com/images/pokemonshowdownbeta.png" srcset="//pokemonshowdown.com/images/pokemonshowdownbeta.png 1x, //pokemonshowdown.com/images/pokemonshowdownbeta@2x.png 2x" alt="Pok&eacute;mon Showdown" width="146" height="44" /> Home</a></li>
			<li><a class="button" href="//pokemonshowdown.com/dex/">Pok&eacute;dex</a></li>
			<li><a class="button cur" href="/">Replays</a></li>
			<li><a class="button" href="//pokemonshowdown.com/ladder/">Ladder</a></li>
			<li><a class="button nav-last" href="//pokemonshowdown.com/forums/">Forum</a></li>
			<li><a class="button greenbutton nav-first nav-last" href="//play.pokemonshowdown.com/">Play</a></li>
		</ul></div>
	</header>

	<div class="main" id="main">

		<noscript><section class="section">You need to enable JavaScript to use this page; sorry!</section></noscript>

	</div>

</div>

<script defer nomodule src="//play.pokemonshowdown.com/js/lib/ps-polyfill.js"></script>
<script defer src="//play.pokemonshowdown.com/js/lib/preact.min.js"></script>

<script defer src="//play.pokemonshowdown.com/config/config.js?6dec07f6"></script>
<script defer src="//play.pokemonshowdown.com/js/lib/jquery-1.11.0.min.js"></script>
<script defer src="//play.pokemonshowdown.com/js/lib/html-sanitizer-minified.js"></script>
<script defer src="//play.pokemonshowdown.com/js/battle-sound.js"></script>
<script defer src="//play.pokemonshowdown.com/js/battledata.js?0.6315294753075389"></script>
<script defer src="//play.pokemonshowdown.com/data/pokedex-mini.js?0.7603743185311358"></script>
<script defer src="//play.pokemonshowdown.com/data/pokedex-mini-bw.js?0.030888842834281283"></script>
<script defer src="//play.pokemonshowdown.com/data/graphics.js?0.05593094747507488"></script>
<script defer src="//play.pokemonshowdown.com/data/pokedex.js?0.47064822249611904"></script>
<script defer src="//play.pokemonshowdown.com/data/moves.js?0.8583693120512459"></script>
<script defer src="//play.pokemonshowdown.com/data/abilities.js?0.16017181182386842"></script>
<script defer src="//play.pokemonshowdown.com/data/items.js?0.4163379185673943"></script>
<script defer src="//play.pokemonshowdown.com/data/teambuilder-tables.js?0.31075597372830477"></script>
<script defer src="//play.pokemonshowdown.com/js/battle-tooltips.js?0.6536193500708172"></script>
<script defer src="//play.pokemonshowdown.com/js/battle.js?0.1916591943277901"></script>

<script defer src="js/utils.js?e31f9a17"></script>
<script defer src="js/replays-battle.js?7008c182"></script>

<!-- don't scrape this data! just add .json or .log after the URL!
Full API docs: https://github.com/smogon/pokemon-showdown-client/blob/master/WEB-API.md -->
<script type="text/plain" class="log" id="replaylog-smogtours-gen3ou-797463">
|inactive|Battle timer is ON: inactive players will automatically lose when time's up.
|t:|1728745668
|gametype|singles
|player|p1|Apostic|170|
|player|p2|Elisy|miku-flying|
|teamsize|p1|6
|teamsize|p2|6
|gen|3
|tier|[Gen 3] OU
|rule|Sleep Clause Mod: Limit one foe put to sleep
|rule|Switch Priority Clause Mod: Faster Pokémon switch first
|rule|Species Clause: Limit one of each Pokémon
|rule|OHKO Clause: OHKO moves are banned
|rule|Evasion Items Clause: Evasion items are banned
|rule|Evasion Moves Clause: Evasion moves are banned
|rule|Endless Battle Clause: Forcing endless battles is banned
|rule|HP Percentage Mod: HP is shown in percentages
|rule|One Boost Passer Clause: Limit one Baton Passer that has a way to boost its stats
|rule|Freeze Clause Mod: Limit one foe frozen
|
|t:|1728745668
|start
|switch|p1a: Metagross|Metagross|100/100
|switch|p2a: Zapdos|Zapdos|100/100
|turn|1
|c|☆Elisy|/log Elisy made the replay of this battle unlisted.
|c|☆Elisy|hf
|inactive|Elisy has 270 seconds left.
|c|☆Apostic|u 2!
|
|t:|1728745728
|switch|p2a: Jirachi|Jirachi|100/100
|move|p1a: Metagross|Meteor Mash|p2a: Jirachi|[miss]
|-miss|p1a: Metagross|p2a: Jirachi
|
|upkeep
|turn|2
|
|t:|1728745750
|switch|p1a: Blissey|Blissey, F|100/100
|move|p2a: Jirachi|Fire Punch|p1a: Blissey
|-damage|p1a: Blissey|93/100
|
|-heal|p1a: Blissey|99/100|[from] item: Leftovers
|upkeep
|turn|3
|
|t:|1728745761
|switch|p1a: Tyranitar|Tyranitar, F|100/100
|-weather|Sandstorm|[from] ability: Sand Stream|[of] p1a: Tyranitar
|move|p2a: Jirachi|Toxic|p1a: Tyranitar
|-status|p1a: Tyranitar|tox
|
|-weather|Sandstorm|[upkeep]
|-damage|p1a: Tyranitar|94/100 tox|[from] psn
|upkeep
|turn|4
|inactive|Elisy has 270 seconds left.
|
|t:|1728745788
|switch|p2a: Zapdos|Zapdos|100/100
|move|p1a: Tyranitar|Fire Blast|p2a: Zapdos
|-damage|p2a: Zapdos|74/100
|-status|p2a: Zapdos|brn
|
|-weather|Sandstorm|[upkeep]
|-damage|p2a: Zapdos|68/100 brn|[from] Sandstorm
|-heal|p2a: Zapdos|74/100 brn|[from] item: Leftovers
|-damage|p2a: Zapdos|62/100 brn|[from] brn
|-heal|p1a: Tyranitar|100/100 tox|[from] item: Leftovers
|-damage|p1a: Tyranitar|88/100 tox|[from] psn
|upkeep
|turn|5
|inactive|Elisy has 270 seconds left.
|
|t:|1728745804
|switch|p2a: Jirachi|Jirachi|100/100
|switch|p1a: Blissey|Blissey, F|99/100
|
|-weather|Sandstorm|[upkeep]
|-damage|p1a: Blissey|93/100|[from] Sandstorm
|-heal|p1a: Blissey|99/100|[from] item: Leftovers
|upkeep
|turn|6
|
|t:|1728745812
|move|p2a: Jirachi|Toxic|p1a: Blissey
|-status|p1a: Blissey|tox
|move|p1a: Blissey|Thunderbolt|p2a: Jirachi
|-damage|p2a: Jirachi|84/100
|
|-weather|Sandstorm|[upkeep]
|-damage|p1a: Blissey|93/100 tox|[from] Sandstorm
|-heal|p2a: Jirachi|90/100|[from] item: Leftovers
|-heal|p1a: Blissey|99/100 tox|[from] item: Leftovers
|-damage|p1a: Blissey|93/100 tox|[from] psn
|upkeep
|turn|7
|inactive|Elisy has 270 seconds left.
|
|t:|1728745826
|-curestatus|p1a: Blissey|tox|[from] ability: Natural Cure
|switch|p1a: Tyranitar|Tyranitar, F|88/100 tox
|move|p2a: Jirachi|Wish|p2a: Jirachi
|
|-weather|Sandstorm|[upkeep]
|-heal|p2a: Jirachi|96/100|[from] item: Leftovers
|-heal|p1a: Tyranitar|94/100 tox|[from] item: Leftovers
|-damage|p1a: Tyranitar|88/100 tox|[from] psn
|upkeep
|turn|8
|
|t:|1728745831
|switch|p2a: Zapdos|Zapdos|62/100 brn
|move|p1a: Tyranitar|Crunch|p2a: Zapdos
|-damage|p2a: Zapdos|37/100 brn
|-unboost|p2a: Zapdos|spd|1
|
|-heal|p2a: Zapdos|87/100 brn|[from] move: Wish|[wisher] Jirachi
|-weather|Sandstorm|[upkeep]
|-damage|p2a: Zapdos|81/100 brn|[from] Sandstorm
|-heal|p2a: Zapdos|87/100 brn|[from] item: Leftovers
|-damage|p2a: Zapdos|74/100 brn|[from] brn
|-heal|p1a: Tyranitar|94/100 tox|[from] item: Leftovers
|-damage|p1a: Tyranitar|82/100 tox|[from] psn
|upkeep
|turn|9
|inactive|Elisy has 270 seconds left.
|
|t:|1728745859
|switch|p2a: Tyranitar|Tyranitar, M|100/100
|move|p1a: Tyranitar|Crunch|p2a: Tyranitar
|-resisted|p2a: Tyranitar
|-damage|p2a: Tyranitar|85/100
|-unboost|p2a: Tyranitar|spd|1
|
|-weather|Sandstorm|[upkeep]
|-heal|p2a: Tyranitar|91/100|[from] item: Leftovers
|-heal|p1a: Tyranitar|88/100 tox|[from] item: Leftovers
|-damage|p1a: Tyranitar|70/100 tox|[from] psn
|upkeep
|turn|10
|
|t:|1728745867
|-singleturn|p1a: Tyranitar|move: Focus Punch
|move|p2a: Tyranitar|Hidden Power|p1a: Tyranitar
|-supereffective|p1a: Tyranitar
|-damage|p1a: Tyranitar|34/100 tox
|move|p1a: Tyranitar|Focus Punch||[still]
|cant|p1a: Tyranitar|Focus Punch|Focus Punch
|
|-weather|Sandstorm|[upkeep]
|-heal|p2a: Tyranitar|97/100|[from] item: Leftovers
|-heal|p1a: Tyranitar|40/100 tox|[from] item: Leftovers
|-damage|p1a: Tyranitar|15/100 tox|[from] psn
|upkeep
|turn|11
|inactive|Elisy has 270 seconds left.
|
|t:|1728745875
|move|p2a: Tyranitar|Pursuit|p1a: Tyranitar
|-resisted|p1a: Tyranitar
|-damage|p1a: Tyranitar|8/100 tox
|move|p1a: Tyranitar|Fire Blast|p2a: Tyranitar
|-resisted|p2a: Tyranitar
|-damage|p2a: Tyranitar|71/100
|
|-weather|Sandstorm|[upkeep]
|-heal|p2a: Tyranitar|77/100|[from] item: Leftovers
|-heal|p1a: Tyranitar|14/100 tox|[from] item: Leftovers
|-damage|p1a: Tyranitar|0 fnt|[from] psn
|faint|p1a: Tyranitar
|upkeep
|
|t:|1728745879
|switch|p1a: Forretress|Forretress, M|100/100
|turn|12
|
|t:|1728745887
|switch|p1a: Blissey|Blissey, F|93/100
|move|p2a: Tyranitar|Flamethrower|p1a: Blissey
|-crit|p1a: Blissey
|-damage|p1a: Blissey|70/100
|
|-weather|Sandstorm|[upkeep]
|-damage|p1a: Blissey|64/100|[from] Sandstorm
|-heal|p2a: Tyranitar|83/100|[from] item: Leftovers
|-heal|p1a: Blissey|70/100|[from] item: Leftovers
|upkeep
|turn|13
|
|t:|1728745898
|switch|p2a: Jirachi|Jirachi|96/100
|move|p1a: Blissey|Thunderbolt|p2a: Jirachi
|-damage|p2a: Jirachi|80/100
|
|-weather|Sandstorm|[upkeep]
|-damage|p1a: Blissey|64/100|[from] Sandstorm
|-heal|p2a: Jirachi|86/100|[from] item: Leftovers
|-heal|p1a: Blissey|70/100|[from] item: Leftovers
|upkeep
|turn|14
|
|t:|1728745908
|move|p2a: Jirachi|Toxic|p1a: Blissey
|-status|p1a: Blissey|tox
|move|p1a: Blissey|Thunderbolt|p2a: Jirachi
|-damage|p2a: Jirachi|69/100
|
|-weather|Sandstorm|[upkeep]
|-damage|p1a: Blissey|64/100 tox|[from] Sandstorm
|-heal|p2a: Jirachi|75/100|[from] item: Leftovers
|-heal|p1a: Blissey|70/100 tox|[from] item: Leftovers
|-damage|p1a: Blissey|64/100 tox|[from] psn
|upkeep
|turn|15
|
|t:|1728745914
|move|p2a: Jirachi|Fire Punch|p1a: Blissey
|-damage|p1a: Blissey|57/100 tox
|move|p1a: Blissey|Thunderbolt|p2a: Jirachi
|-damage|p2a: Jirachi|57/100
|
|-weather|Sandstorm|[upkeep]
|-damage|p1a: Blissey|50/100 tox|[from] Sandstorm
|-heal|p2a: Jirachi|63/100|[from] item: Leftovers
|-heal|p1a: Blissey|57/100 tox|[from] item: Leftovers
|-damage|p1a: Blissey|44/100 tox|[from] psn
|upkeep
|turn|16
|
|t:|1728745921
|move|p2a: Jirachi|Wish|p2a: Jirachi
|move|p1a: Blissey|Soft-Boiled|p1a: Blissey
|-heal|p1a: Blissey|94/100 tox
|
|-weather|Sandstorm|[upkeep]
|-damage|p1a: Blissey|88/100 tox|[from] Sandstorm
|-heal|p2a: Jirachi|70/100|[from] item: Leftovers
|-heal|p1a: Blissey|94/100 tox|[from] item: Leftovers
|-damage|p1a: Blissey|76/100 tox|[from] psn
|upkeep
|turn|17
|
|t:|1728745926
|move|p2a: Jirachi|Fire Punch|p1a: Blissey
|-crit|p1a: Blissey
|-damage|p1a: Blissey|62/100 tox
|move|p1a: Blissey|Thunderbolt|p2a: Jirachi
|-damage|p2a: Jirachi|52/100
|
|-heal|p2a: Jirachi|100/100|[from] move: Wish|[wisher] Jirachi
|-weather|Sandstorm|[upkeep]
|-damage|p1a: Blissey|56/100 tox|[from] Sandstorm
|-heal|p1a: Blissey|62/100 tox|[from] item: Leftovers
|-damage|p1a: Blissey|38/100 tox|[from] psn
|upkeep
|turn|18
|
|t:|1728745936
|move|p2a: Jirachi|Fire Punch|p1a: Blissey
|-damage|p1a: Blissey|31/100 tox
|move|p1a: Blissey|Soft-Boiled|p1a: Blissey
|-heal|p1a: Blissey|81/100 tox
|
|-weather|Sandstorm|[upkeep]
|-damage|p1a: Blissey|75/100 tox|[from] Sandstorm
|-heal|p1a: Blissey|81/100 tox|[from] item: Leftovers
|-damage|p1a: Blissey|50/100 tox|[from] psn
|upkeep
|turn|19
|
|t:|1728745951
|-curestatus|p1a: Blissey|tox|[from] ability: Natural Cure
|switch|p1a: Aerodactyl|Aerodactyl, F|100/100
|move|p2a: Jirachi|Fire Punch|p1a: Aerodactyl
|-resisted|p1a: Aerodactyl
|-damage|p1a: Aerodactyl|89/100
|
|-weather|Sandstorm|[upkeep]
|upkeep
|turn|20
|
|t:|1728745961
|move|p2a: Jirachi|Protect|p2a: Jirachi
|-singleturn|p2a: Jirachi|Protect
|move|p1a: Aerodactyl|Earthquake|p2a: Jirachi
|-activate|p2a: Jirachi|Protect
|
|-weather|Sandstorm|[upkeep]
|upkeep
|turn|21
|
|t:|1728745977
|switch|p1a: Blissey|Blissey, F|50/100
|switch|p2a: Flygon|Flygon, F|100/100
|
|-weather|Sandstorm|[upkeep]
|-damage|p1a: Blissey|44/100|[from] Sandstorm
|-heal|p1a: Blissey|50/100|[from] item: Leftovers
|upkeep
|turn|22
|
|t:|1728745982
|switch|p2a: Jirachi|Jirachi|100/100
|move|p1a: Blissey|Soft-Boiled|p1a: Blissey
|-heal|p1a: Blissey|99/100
|
|-weather|Sandstorm|[upkeep]
|-damage|p1a: Blissey|94/100|[from] Sandstorm
|-heal|p1a: Blissey|99/100|[from] item: Leftovers
|upkeep
|turn|23
|
|t:|1728745987
|move|p2a: Jirachi|Toxic|p1a: Blissey
|-status|p1a: Blissey|tox
|move|p1a: Blissey|Thunderbolt|p2a: Jirachi
|-damage|p2a: Jirachi|83/100
|-status|p2a: Jirachi|par
|
|-weather|Sandstorm|[upkeep]
|-damage|p1a: Blissey|94/100 tox|[from] Sandstorm
|-heal|p1a: Blissey|99/100 tox|[from] item: Leftovers
|-damage|p1a: Blissey|94/100 tox|[from] psn
|-heal|p2a: Jirachi|89/100 par|[from] item: Leftovers
|upkeep
|turn|24
|
|t:|1728746011
|move|p1a: Blissey|Thunderbolt|p2a: Jirachi
|-crit|p2a: Jirachi
|-damage|p2a: Jirachi|53/100 par
|move|p2a: Jirachi|Toxic|p1a: Blissey
|-fail|p1a: Blissey|tox
|
|-weather|Sandstorm|[upkeep]
|-damage|p1a: Blissey|88/100 tox|[from] Sandstorm
|-heal|p1a: Blissey|94/100 tox|[from] item: Leftovers
|-damage|p1a: Blissey|81/100 tox|[from] psn
|-heal|p2a: Jirachi|59/100 par|[from] item: Leftovers
|upkeep
|turn|25
|
|t:|1728746027
|-curestatus|p1a: Blissey|tox|[from] ability: Natural Cure
|switch|p1a: Metagross|Metagross|100/100
|cant|p2a: Jirachi|par
|
|-weather|Sandstorm|[upkeep]
|-heal|p2a: Jirachi|65/100 par|[from] item: Leftovers
|upkeep
|turn|26
|
|t:|1728746036
|cant|p2a: Jirachi|par
|move|p1a: Metagross|Meteor Mash|p2a: Jirachi
|-resisted|p2a: Jirachi
|-damage|p2a: Jirachi|30/100 par
|
|-weather|Sandstorm|[upkeep]
|-heal|p2a: Jirachi|36/100 par|[from] item: Leftovers
|upkeep
|turn|27
|
|t:|1728746059
|switch|p2a: Skarmory|Skarmory, F|100/100
|move|p1a: Metagross|Meteor Mash|p2a: Skarmory
|-resisted|p2a: Skarmory
|-damage|p2a: Skarmory|65/100
|
|-weather|Sandstorm|[upkeep]
|-heal|p2a: Skarmory|71/100|[from] item: Leftovers
|upkeep
|turn|28
|
|t:|1728746070
|move|p1a: Metagross|Meteor Mash|p2a: Skarmory
|-resisted|p2a: Skarmory
|-damage|p2a: Skarmory|40/100
|move|p2a: Skarmory|Spikes|p1a: Metagross
|-sidestart|p1: Apostic|Spikes
|
|-weather|Sandstorm|[upkeep]
|-heal|p2a: Skarmory|46/100|[from] item: Leftovers
|upkeep
|turn|29
|
|t:|1728746075
|move|p2a: Skarmory|Protect|p2a: Skarmory
|-singleturn|p2a: Skarmory|Protect
|move|p1a: Metagross|Meteor Mash|p2a: Skarmory
|-activate|p2a: Skarmory|Protect
|
|-weather|Sandstorm|[upkeep]
|-heal|p2a: Skarmory|52/100|[from] item: Leftovers
|upkeep
|turn|30
|
|t:|1728746080
|move|p1a: Metagross|Meteor Mash|p2a: Skarmory
|-resisted|p2a: Skarmory
|-damage|p2a: Skarmory|20/100
|move|p2a: Skarmory|Roar|p1a: Metagross
|drag|p1a: Aerodactyl|Aerodactyl, F|89/100
|
|-weather|Sandstorm|[upkeep]
|-heal|p2a: Skarmory|26/100|[from] item: Leftovers
|upkeep
|turn|31
|
|t:|1728746090
|move|p2a: Skarmory|Protect|p2a: Skarmory
|-singleturn|p2a: Skarmory|Protect
|move|p1a: Aerodactyl|Rock Slide|p2a: Skarmory
|-activate|p2a: Skarmory|Protect
|
|-weather|Sandstorm|[upkeep]
|-heal|p2a: Skarmory|32/100|[from] item: Leftovers
|upkeep
|turn|32
|
|t:|1728746097
|switch|p1a: Forretress|Forretress, M|100/100
|-damage|p1a: Forretress|88/100|[from] Spikes
|switch|p2a: Jirachi|Jirachi|36/100 par
|
|-weather|Sandstorm|[upkeep]
|-heal|p1a: Forretress|94/100|[from] item: Leftovers
|-heal|p2a: Jirachi|42/100 par|[from] item: Leftovers
|upkeep
|turn|33
|
|t:|1728746109
|switch|p2a: Flygon|Flygon, F|100/100
|move|p1a: Forretress|Earthquake|p2a: Flygon
|-immune|p2a: Flygon
|
|-weather|Sandstorm|[upkeep]
|-heal|p1a: Forretress|100/100|[from] item: Leftovers
|upkeep
|turn|34
|
|t:|1728746115
|move|p2a: Flygon|Toxic|p1a: Forretress
|-immune|p1a: Forretress
|move|p1a: Forretress|Spikes|p2a: Flygon
|-sidestart|p2: Elisy|Spikes
|
|-weather|Sandstorm|[upkeep]
|upkeep
|turn|35
|
|t:|1728746118
|move|p2a: Flygon|Flamethrower|p1a: Forretress
|-supereffective|p1a: Forretress
|-damage|p1a: Forretress|42/100
|move|p1a: Forretress|Rapid Spin|p2a: Flygon
|-damage|p2a: Flygon|97/100
|-sideend|p1: Apostic|Spikes|[from] move: Rapid Spin|[of] p1a: Forretress
|
|-weather|Sandstorm|[upkeep]
|-heal|p2a: Flygon|100/100|[from] item: Leftovers
|-heal|p1a: Forretress|48/100|[from] item: Leftovers
|upkeep
|turn|36
|
|t:|1728746125
|switch|p1a: Blissey|Blissey, F|81/100
|move|p2a: Flygon|Toxic|p1a: Blissey
|-status|p1a: Blissey|tox
|
|-weather|Sandstorm|[upkeep]
|-damage|p1a: Blissey|75/100 tox|[from] Sandstorm
|-heal|p1a: Blissey|81/100 tox|[from] item: Leftovers
|-damage|p1a: Blissey|75/100 tox|[from] psn
|upkeep
|turn|37
|
|t:|1728746132
|move|p2a: Flygon|Protect|p2a: Flygon
|-singleturn|p2a: Flygon|Protect
|move|p1a: Blissey|Toxic|p2a: Flygon
|-activate|p2a: Flygon|Protect
|
|-weather|Sandstorm|[upkeep]
|-damage|p1a: Blissey|69/100 tox|[from] Sandstorm
|-heal|p1a: Blissey|75/100 tox|[from] item: Leftovers
|-damage|p1a: Blissey|63/100 tox|[from] psn
|upkeep
|turn|38
|
|t:|1728746141
|switch|p2a: Jirachi|Jirachi|42/100 par
|-damage|p2a: Jirachi|30/100 par|[from] Spikes
|move|p1a: Blissey|Ice Beam|p2a: Jirachi
|-resisted|p2a: Jirachi
|-damage|p2a: Jirachi|22/100 par
|
|-weather|Sandstorm|[upkeep]
|-damage|p1a: Blissey|57/100 tox|[from] Sandstorm
|-heal|p1a: Blissey|63/100 tox|[from] item: Leftovers
|-damage|p1a: Blissey|45/100 tox|[from] psn
|-heal|p2a: Jirachi|28/100 par|[from] item: Leftovers
|upkeep
|turn|39
|
|t:|1728746148
|-curestatus|p1a: Blissey|tox|[from] ability: Natural Cure
|switch|p1a: Aerodactyl|Aerodactyl, F|89/100
|cant|p2a: Jirachi|par
|
|-weather|Sandstorm|[upkeep]
|-heal|p2a: Jirachi|34/100 par|[from] item: Leftovers
|upkeep
|turn|40
|
|t:|1728746159
|move|p2a: Jirachi|Protect|p2a: Jirachi
|-singleturn|p2a: Jirachi|Protect
|move|p1a: Aerodactyl|Rock Slide|p2a: Jirachi|[miss]
|-miss|p1a: Aerodactyl|p2a: Jirachi
|
|-weather|Sandstorm|[upkeep]
|-heal|p2a: Jirachi|41/100 par|[from] item: Leftovers
|upkeep
|turn|41
|
|t:|1728746164
|move|p1a: Aerodactyl|Rock Slide|p2a: Jirachi
|-resisted|p2a: Jirachi
|-damage|p2a: Jirachi|20/100 par
|move|p2a: Jirachi|Wish|p2a: Jirachi
|
|-weather|Sandstorm|[upkeep]
|-heal|p2a: Jirachi|26/100 par|[from] item: Leftovers
|upkeep
|turn|42
|
|t:|1728746172
|move|p1a: Aerodactyl|Rock Slide|p2a: Jirachi
|-resisted|p2a: Jirachi
|-crit|p2a: Jirachi
|-damage|p2a: Jirachi|0 fnt
|faint|p2a: Jirachi
|
|t:|1728746179
|switch|p2a: Skarmory|Skarmory, F|32/100
|
|-heal|p2a: Skarmory|82/100|[from] move: Wish|[wisher] Jirachi
|-weather|Sandstorm|[upkeep]
|-heal|p2a: Skarmory|88/100|[from] item: Leftovers
|upkeep
|turn|43
|
|t:|1728746185
|switch|p1a: Forretress|Forretress, M|48/100
|move|p2a: Skarmory|Spikes|p1a: Forretress
|-sidestart|p1: Apostic|Spikes
|
|-weather|Sandstorm|[upkeep]
|-heal|p2a: Skarmory|94/100|[from] item: Leftovers
|-heal|p1a: Forretress|54/100|[from] item: Leftovers
|upkeep
|turn|44
|
|t:|1728746191
|move|p1a: Forretress|Spikes|p2a: Skarmory
|-sidestart|p2: Elisy|Spikes
|move|p2a: Skarmory|Roar|p1a: Forretress
|drag|p1a: Aerodactyl|Aerodactyl, F|89/100
|
|-weather|Sandstorm|[upkeep]
|-heal|p2a: Skarmory|99/100|[from] item: Leftovers
|upkeep
|turn|45
|
|t:|1728746198
|move|p1a: Aerodactyl|Rock Slide|p2a: Skarmory
|-crit|p2a: Skarmory
|-damage|p2a: Skarmory|23/100
|cant|p2a: Skarmory|flinch
|
|-weather|Sandstorm|[upkeep]
|-heal|p2a: Skarmory|29/100|[from] item: Leftovers
|upkeep
|turn|46
|
|t:|1728746208
|switch|p1a: Forretress|Forretress, M|54/100
|-damage|p1a: Forretress|42/100|[from] Spikes
|move|p2a: Skarmory|Protect||[still]
|-fail|p2a: Skarmory
|
|-weather|Sandstorm|[upkeep]
|-heal|p2a: Skarmory|35/100|[from] item: Leftovers
|-heal|p1a: Forretress|48/100|[from] item: Leftovers
|upkeep
|turn|47
|
|t:|1728746216
|move|p1a: Forretress|Spikes|p2a: Skarmory
|-sidestart|p2: Elisy|Spikes
|move|p2a: Skarmory|Roar|p1a: Forretress
|drag|p1a: Blissey|Blissey, F|45/100
|-damage|p1a: Blissey|32/100|[from] Spikes
|
|-weather|Sandstorm|[upkeep]
|-damage|p1a: Blissey|26/100|[from] Sandstorm
|-heal|p2a: Skarmory|41/100|[from] item: Leftovers
|-heal|p1a: Blissey|32/100|[from] item: Leftovers
|upkeep
|turn|48
|
|t:|1728746224
|switch|p2a: Zapdos|Zapdos|74/100 brn
|move|p1a: Blissey|Soft-Boiled|p1a: Blissey
|-heal|p1a: Blissey|82/100
|
|-weather|Sandstorm|[upkeep]
|-damage|p2a: Zapdos|68/100 brn|[from] Sandstorm
|-damage|p1a: Blissey|76/100|[from] Sandstorm
|-heal|p2a: Zapdos|74/100 brn|[from] item: Leftovers
|-damage|p2a: Zapdos|62/100 brn|[from] brn
|-heal|p1a: Blissey|82/100|[from] item: Leftovers
|upkeep
|turn|49
|
|t:|1728746232
|move|p2a: Zapdos|Rest|p2a: Zapdos
|-status|p2a: Zapdos|slp|[from] move: Rest
|-heal|p2a: Zapdos|100/100 slp|[silent]
|move|p1a: Blissey|Ice Beam|p2a: Zapdos
|-supereffective|p2a: Zapdos
|-damage|p2a: Zapdos|63/100 slp
|
|-weather|Sandstorm|[upkeep]
|-damage|p2a: Zapdos|56/100 slp|[from] Sandstorm
|-damage|p1a: Blissey|76/100|[from] Sandstorm
|-heal|p2a: Zapdos|63/100 slp|[from] item: Leftovers
|-heal|p1a: Blissey|82/100|[from] item: Leftovers
|upkeep
|turn|50
|
|t:|1728746239
|cant|p2a: Zapdos|slp
|move|p2a: Zapdos|Sleep Talk|p2a: Zapdos
|move|p2a: Zapdos|Thunderbolt|p1a: Blissey|[from]Sleep Talk
|-crit|p1a: Blissey
|-damage|p1a: Blissey|49/100
|move|p1a: Blissey|Ice Beam|p2a: Zapdos
|-supereffective|p2a: Zapdos
|-damage|p2a: Zapdos|24/100 slp
|
|-weather|Sandstorm|[upkeep]
|-damage|p2a: Zapdos|18/100 slp|[from] Sandstorm
|-damage|p1a: Blissey|42/100|[from] Sandstorm
|-heal|p2a: Zapdos|24/100 slp|[from] item: Leftovers
|-heal|p1a: Blissey|49/100|[from] item: Leftovers
|upkeep
|turn|51
|inactive|Elisy has 270 seconds left.
|
|t:|1728746277
|switch|p2a: Tyranitar|Tyranitar, M|83/100
|-damage|p2a: Tyranitar|58/100|[from] Spikes
|move|p1a: Blissey|Ice Beam|p2a: Tyranitar
|-damage|p2a: Tyranitar|35/100
|
|-weather|Sandstorm|[upkeep]
|-damage|p1a: Blissey|42/100|[from] Sandstorm
|-heal|p2a: Tyranitar|41/100|[from] item: Leftovers
|-heal|p1a: Blissey|49/100|[from] item: Leftovers
|upkeep
|turn|52
|inactive|Elisy has 270 seconds left.
|
|t:|1728746291
|move|p2a: Tyranitar|Crunch|p1a: Blissey
|-crit|p1a: Blissey
|-damage|p1a: Blissey|20/100
|move|p1a: Blissey|Soft-Boiled|p1a: Blissey
|-heal|p1a: Blissey|70/100
|
|-weather|Sandstorm|[upkeep]
|-damage|p1a: Blissey|64/100|[from] Sandstorm
|-heal|p2a: Tyranitar|47/100|[from] item: Leftovers
|-heal|p1a: Blissey|70/100|[from] item: Leftovers
|upkeep
|turn|53
|inactive|Elisy has 270 seconds left.
|
|t:|1728746297
|move|p2a: Tyranitar|Crunch|p1a: Blissey
|-damage|p1a: Blissey|55/100
|move|p1a: Blissey|Thunderbolt|p2a: Tyranitar
|-damage|p2a: Tyranitar|23/100
|
|-weather|Sandstorm|[upkeep]
|-damage|p1a: Blissey|49/100|[from] Sandstorm
|-heal|p2a: Tyranitar|29/100|[from] item: Leftovers
|-heal|p1a: Blissey|55/100|[from] item: Leftovers
|upkeep
|turn|54
|inactive|Elisy has 270 seconds left.
|
|t:|1728746309
|move|p2a: Tyranitar|Crunch|p1a: Blissey
|-damage|p1a: Blissey|40/100
|move|p1a: Blissey|Soft-Boiled|p1a: Blissey
|-heal|p1a: Blissey|90/100
|
|-weather|Sandstorm|[upkeep]
|-damage|p1a: Blissey|84/100|[from] Sandstorm
|-heal|p2a: Tyranitar|35/100|[from] item: Leftovers
|-heal|p1a: Blissey|90/100|[from] item: Leftovers
|upkeep
|turn|55
|
|t:|1728746315
|move|p2a: Tyranitar|Crunch|p1a: Blissey
|-damage|p1a: Blissey|74/100
|-unboost|p1a: Blissey|spd|1
|move|p1a: Blissey|Thunderbolt|p2a: Tyranitar
|-damage|p2a: Tyranitar|13/100
|
|-weather|Sandstorm|[upkeep]
|-damage|p1a: Blissey|68/100|[from] Sandstorm
|-heal|p2a: Tyranitar|19/100|[from] item: Leftovers
|-heal|p1a: Blissey|74/100|[from] item: Leftovers
|upkeep
|turn|56
|
|t:|1728746323
|move|p2a: Tyranitar|Crunch|p1a: Blissey
|-crit|p1a: Blissey
|-damage|p1a: Blissey|25/100
|-unboost|p1a: Blissey|spd|1
|move|p1a: Blissey|Thunderbolt|p2a: Tyranitar
|-damage|p2a: Tyranitar|0 fnt
|faint|p2a: Tyranitar
|inactive|Elisy has 270 seconds left.
|
|t:|1728746357
|switch|p2a: Aerodactyl|Aerodactyl, M|100/100
|
|-weather|Sandstorm|[upkeep]
|-damage|p1a: Blissey|19/100|[from] Sandstorm
|-heal|p1a: Blissey|25/100|[from] item: Leftovers
|upkeep
|turn|57
|
|t:|1728746362
|switch|p1a: Forretress|Forretress, M|48/100
|-damage|p1a: Forretress|36/100|[from] Spikes
|move|p2a: Aerodactyl|Earthquake|p1a: Forretress
|-damage|p1a: Forretress|0 fnt
|faint|p1a: Forretress
|
|t:|1728746368
|switch|p1a: Aerodactyl|Aerodactyl, F|89/100
|
|-weather|Sandstorm|[upkeep]
|upkeep
|turn|58
|
|t:|1728746372
|switch|p2a: Flygon|Flygon, F|100/100
|move|p1a: Aerodactyl|Rock Slide|p2a: Flygon|[miss]
|-miss|p1a: Aerodactyl|p2a: Flygon
|
|-weather|Sandstorm|[upkeep]
|upkeep
|turn|59
|
|t:|1728746381
|move|p1a: Aerodactyl|Rock Slide|p2a: Flygon
|-resisted|p2a: Flygon
|-damage|p2a: Flygon|82/100
|move|p2a: Flygon|Earthquake|p1a: Aerodactyl
|-immune|p1a: Aerodactyl
|
|-weather|Sandstorm|[upkeep]
|-heal|p2a: Flygon|88/100|[from] item: Leftovers
|upkeep
|turn|60
|
|t:|1728746393
|switch|p1a: Blissey|Blissey, F|25/100
|-damage|p1a: Blissey|13/100|[from] Spikes
|move|p2a: Flygon|Earthquake|p1a: Blissey
|-damage|p1a: Blissey|0 fnt
|faint|p1a: Blissey
|
|t:|1728746400
|switch|p1a: Venusaur|Venusaur, F|100/100
|-damage|p1a: Venusaur|88/100|[from] Spikes
|
|-weather|Sandstorm|[upkeep]
|-damage|p1a: Venusaur|82/100|[from] Sandstorm
|-heal|p2a: Flygon|94/100|[from] item: Leftovers
|-heal|p1a: Venusaur|88/100|[from] item: Leftovers
|upkeep
|turn|61
|inactive|Elisy has 270 seconds left.
|
|t:|1728746451
|move|p2a: Flygon|Protect|p2a: Flygon
|-singleturn|p2a: Flygon|Protect
|move|p1a: Venusaur|Sleep Powder|p2a: Flygon|[miss]
|-miss|p1a: Venusaur|p2a: Flygon
|
|-weather|Sandstorm|[upkeep]
|-damage|p1a: Venusaur|82/100|[from] Sandstorm
|-heal|p2a: Flygon|99/100|[from] item: Leftovers
|-heal|p1a: Venusaur|88/100|[from] item: Leftovers
|upkeep
|turn|62
|
|t:|1728746468
|move|p2a: Flygon|Flamethrower|p1a: Venusaur
|-supereffective|p1a: Venusaur
|-damage|p1a: Venusaur|60/100
|-status|p1a: Venusaur|brn
|move|p1a: Venusaur|Sleep Powder|p2a: Flygon
|-status|p2a: Flygon|slp|[from] move: Sleep Powder
|
|-weather|Sandstorm|[upkeep]
|-damage|p1a: Venusaur|54/100 brn|[from] Sandstorm
|-heal|p2a: Flygon|100/100 slp|[from] item: Leftovers
|-heal|p1a: Venusaur|60/100 brn|[from] item: Leftovers
|-damage|p1a: Venusaur|48/100 brn|[from] brn
|upkeep
|turn|63
|
|t:|1728746481
|switch|p2a: Skarmory|Skarmory, F|41/100
|move|p1a: Venusaur|Leech Seed|p2a: Skarmory|[miss]
|-miss|p1a: Venusaur|p2a: Skarmory
|
|-weather|Sandstorm|[upkeep]
|-damage|p1a: Venusaur|42/100 brn|[from] Sandstorm
|-heal|p1a: Venusaur|48/100 brn|[from] item: Leftovers
|-damage|p1a: Venusaur|36/100 brn|[from] brn
|-heal|p2a: Skarmory|47/100|[from] item: Leftovers
|upkeep
|turn|64
|
|t:|1728746495
|switch|p2a: Aerodactyl|Aerodactyl, M|100/100
|move|p1a: Venusaur|Hidden Power|p2a: Aerodactyl
|-resisted|p2a: Aerodactyl
|-damage|p2a: Aerodactyl|85/100
|
|-weather|Sandstorm|[upkeep]
|-damage|p1a: Venusaur|30/100 brn|[from] Sandstorm
|-heal|p1a: Venusaur|36/100 brn|[from] item: Leftovers
|-damage|p1a: Venusaur|23/100 brn|[from] brn
|upkeep
|turn|65
|
|t:|1728746509
|move|p2a: Aerodactyl|Rock Slide|p1a: Venusaur|[miss]
|-miss|p2a: Aerodactyl|p1a: Venusaur
|move|p1a: Venusaur|Leech Seed|p2a: Aerodactyl
|-start|p2a: Aerodactyl|move: Leech Seed
|
|-weather|Sandstorm|[upkeep]
|-damage|p1a: Venusaur|17/100 brn|[from] Sandstorm
|-damage|p2a: Aerodactyl|72/100|[from] Leech Seed|[of] p1a: Venusaur
|-heal|p1a: Venusaur|27/100 brn|[silent]
|-heal|p1a: Venusaur|33/100 brn|[from] item: Leftovers
|-damage|p1a: Venusaur|21/100 brn|[from] brn
|upkeep
|turn|66
|
|t:|1728746521
|switch|p2a: Skarmory|Skarmory, F|47/100
|move|p1a: Venusaur|Giga Drain|p2a: Skarmory
|-resisted|p2a: Skarmory
|-damage|p2a: Skarmory|37/100
|-heal|p1a: Venusaur|25/100 brn|[from] drain|[of] p2a: Skarmory
|
|-weather|Sandstorm|[upkeep]
|-damage|p1a: Venusaur|19/100 brn|[from] Sandstorm
|-heal|p1a: Venusaur|25/100 brn|[from] item: Leftovers
|-damage|p1a: Venusaur|13/100 brn|[from] brn
|-heal|p2a: Skarmory|43/100|[from] item: Leftovers
|upkeep
|turn|67
|
|t:|1728746528
|switch|p1a: Metagross|Metagross|100/100
|-damage|p1a: Metagross|88/100|[from] Spikes
|move|p2a: Skarmory|Protect||[still]
|-fail|p2a: Skarmory
|
|-weather|Sandstorm|[upkeep]
|-heal|p2a: Skarmory|49/100|[from] item: Leftovers
|upkeep
|turn|68
|
|t:|1728746535
|move|p2a: Skarmory|Protect|p2a: Skarmory
|-singleturn|p2a: Skarmory|Protect
|move|p1a: Metagross|Meteor Mash|p2a: Skarmory
|-activate|p2a: Skarmory|Protect
|
|-weather|Sandstorm|[upkeep]
|-heal|p2a: Skarmory|55/100|[from] item: Leftovers
|upkeep
|turn|69
|
|t:|1728746545
|move|p1a: Metagross|Meteor Mash|p2a: Skarmory|[miss]
|-miss|p1a: Metagross|p2a: Skarmory
|move|p2a: Skarmory|Roar|p1a: Metagross
|drag|p1a: Venusaur|Venusaur, F|13/100 brn
|-damage|p1a: Venusaur|0 fnt|[from] Spikes
|faint|p1a: Venusaur
|
|t:|1728746552
|switch|p1a: Metagross|Metagross|88/100
|-damage|p1a: Metagross|76/100|[from] Spikes
|
|-weather|Sandstorm|[upkeep]
|-heal|p2a: Skarmory|61/100|[from] item: Leftovers
|upkeep
|turn|70
|
|t:|1728746559
|move|p2a: Skarmory|Protect|p2a: Skarmory
|-singleturn|p2a: Skarmory|Protect
|move|p1a: Metagross|Meteor Mash|p2a: Skarmory|[miss]
|-miss|p1a: Metagross|p2a: Skarmory
|
|-weather|Sandstorm|[upkeep]
|-heal|p2a: Skarmory|67/100|[from] item: Leftovers
|upkeep
|turn|71
|
|t:|1728746567
|move|p1a: Metagross|Meteor Mash|p2a: Skarmory
|-resisted|p2a: Skarmory
|-damage|p2a: Skarmory|32/100
|move|p2a: Skarmory|Spikes|p1a: Metagross
|-sidestart|p1: Apostic|Spikes
|
|-weather|Sandstorm|[upkeep]
|-heal|p2a: Skarmory|38/100|[from] item: Leftovers
|upkeep
|turn|72
|
|t:|1728746575
|move|p2a: Skarmory|Protect|p2a: Skarmory
|-singleturn|p2a: Skarmory|Protect
|move|p1a: Metagross|Meteor Mash|p2a: Skarmory
|-activate|p2a: Skarmory|Protect
|
|-weather|Sandstorm|[upkeep]
|-heal|p2a: Skarmory|44/100|[from] item: Leftovers
|upkeep
|turn|73
|
|t:|1728746579
|move|p1a: Metagross|Meteor Mash|p2a: Skarmory|[miss]
|-miss|p1a: Metagross|p2a: Skarmory
|move|p2a: Skarmory|Roar|p1a: Metagross
|drag|p1a: Aerodactyl|Aerodactyl, F|89/100
|
|-weather|Sandstorm|[upkeep]
|-heal|p2a: Skarmory|50/100|[from] item: Leftovers
|upkeep
|turn|74
|
|t:|1728746586
|move|p2a: Skarmory|Protect|p2a: Skarmory
|-singleturn|p2a: Skarmory|Protect
|move|p1a: Aerodactyl|Rock Slide|p2a: Skarmory|[miss]
|-miss|p1a: Aerodactyl|p2a: Skarmory
|
|-weather|Sandstorm|[upkeep]
|-heal|p2a: Skarmory|56/100|[from] item: Leftovers
|upkeep
|turn|75
|
|t:|1728746591
|switch|p2a: Flygon|Flygon, F|100/100 slp
|move|p1a: Aerodactyl|Rock Slide|p2a: Flygon
|-resisted|p2a: Flygon
|-damage|p2a: Flygon|82/100 slp
|
|-weather|Sandstorm|[upkeep]
|-heal|p2a: Flygon|88/100 slp|[from] item: Leftovers
|upkeep
|turn|76
|
|t:|1728746596
|switch|p1a: Metagross|Metagross|76/100
|-damage|p1a: Metagross|59/100|[from] Spikes
|switch|p2a: Skarmory|Skarmory, F|56/100
|
|-weather|Sandstorm|[upkeep]
|-heal|p2a: Skarmory|62/100|[from] item: Leftovers
|upkeep
|turn|77
|
|t:|1728746603
|move|p1a: Metagross|Rock Slide|p2a: Skarmory
|-damage|p2a: Skarmory|29/100
|cant|p2a: Skarmory|flinch
|
|-weather|Sandstorm|[upkeep]
|-heal|p2a: Skarmory|35/100|[from] item: Leftovers
|upkeep
|turn|78
|
|t:|1728746609
|move|p2a: Skarmory|Protect|p2a: Skarmory
|-singleturn|p2a: Skarmory|Protect
|move|p1a: Metagross|Rock Slide|p2a: Skarmory
|-activate|p2a: Skarmory|Protect
|
|-weather|Sandstorm|[upkeep]
|-heal|p2a: Skarmory|41/100|[from] item: Leftovers
|upkeep
|turn|79
|
|t:|1728746615
|switch|p2a: Flygon|Flygon, F|88/100 slp
|move|p1a: Metagross|Rock Slide|p2a: Flygon
|-resisted|p2a: Flygon
|-damage|p2a: Flygon|71/100 slp
|
|-weather|Sandstorm|[upkeep]
|-heal|p2a: Flygon|77/100 slp|[from] item: Leftovers
|upkeep
|turn|80
|
|t:|1728746621
|switch|p1a: Aerodactyl|Aerodactyl, F|89/100
|cant|p2a: Flygon|slp
|
|-weather|Sandstorm|[upkeep]
|-heal|p2a: Flygon|83/100 slp|[from] item: Leftovers
|upkeep
|turn|81
|
|t:|1728746630
|switch|p2a: Skarmory|Skarmory, F|41/100
|move|p1a: Aerodactyl|Double-Edge|p2a: Skarmory
|-resisted|p2a: Skarmory
|-damage|p2a: Skarmory|20/100
|
|-weather|Sandstorm|[upkeep]
|-heal|p2a: Skarmory|26/100|[from] item: Leftovers
|upkeep
|turn|82
|
|t:|1728746638
|switch|p1a: Metagross|Metagross|59/100
|-damage|p1a: Metagross|43/100|[from] Spikes
|move|p2a: Skarmory|Protect||[still]
|-fail|p2a: Skarmory
|
|-weather|Sandstorm|[upkeep]
|-heal|p2a: Skarmory|32/100|[from] item: Leftovers
|upkeep
|turn|83
|
|t:|1728746643
|move|p2a: Skarmory|Protect|p2a: Skarmory
|-singleturn|p2a: Skarmory|Protect
|move|p1a: Metagross|Rock Slide|p2a: Skarmory|[miss]
|-miss|p1a: Metagross|p2a: Skarmory
|
|-weather|Sandstorm|[upkeep]
|-heal|p2a: Skarmory|38/100|[from] item: Leftovers
|upkeep
|turn|84
|
|t:|1728746648
|switch|p2a: Flygon|Flygon, F|83/100 slp
|move|p1a: Metagross|Rock Slide|p2a: Flygon
|-resisted|p2a: Flygon
|-damage|p2a: Flygon|65/100 slp
|
|-weather|Sandstorm|[upkeep]
|-heal|p2a: Flygon|71/100 slp|[from] item: Leftovers
|upkeep
|turn|85
|
|t:|1728746656
|switch|p1a: Aerodactyl|Aerodactyl, F|89/100
|cant|p2a: Flygon|slp
|
|-weather|Sandstorm|[upkeep]
|-heal|p2a: Flygon|77/100 slp|[from] item: Leftovers
|upkeep
|turn|86
|
|t:|1728746664
|switch|p2a: Zapdos|Zapdos|24/100 slp
|move|p1a: Aerodactyl|Rock Slide|p2a: Zapdos|[miss]
|-miss|p1a: Aerodactyl|p2a: Zapdos
|
|-weather|Sandstorm|[upkeep]
|-damage|p2a: Zapdos|18/100 slp|[from] Sandstorm
|-heal|p2a: Zapdos|24/100 slp|[from] item: Leftovers
|upkeep
|turn|87
|
|t:|1728746670
|switch|p2a: Flygon|Flygon, F|77/100 slp
|move|p1a: Aerodactyl|Rock Slide|p2a: Flygon
|-resisted|p2a: Flygon
|-damage|p2a: Flygon|59/100 slp
|
|-weather|Sandstorm|[upkeep]
|-heal|p2a: Flygon|65/100 slp|[from] item: Leftovers
|upkeep
|turn|88
|
|t:|1728746676
|switch|p1a: Metagross|Metagross|43/100
|-damage|p1a: Metagross|26/100|[from] Spikes
|cant|p2a: Flygon|slp
|
|-weather|Sandstorm|[upkeep]
|-heal|p2a: Flygon|71/100 slp|[from] item: Leftovers
|upkeep
|turn|89
|
|t:|1728746683
|switch|p2a: Zapdos|Zapdos|24/100 slp
|move|p1a: Metagross|Meteor Mash|p2a: Zapdos
|-resisted|p2a: Zapdos
|-damage|p2a: Zapdos|0 fnt
|faint|p2a: Zapdos
|
|t:|1728746690
|switch|p2a: Skarmory|Skarmory, F|38/100
|
|-weather|Sandstorm|[upkeep]
|-heal|p2a: Skarmory|44/100|[from] item: Leftovers
|upkeep
|turn|90
|
|t:|1728746696
|move|p1a: Metagross|Meteor Mash|p2a: Skarmory
|-resisted|p2a: Skarmory
|-damage|p2a: Skarmory|8/100
|move|p2a: Skarmory|Spikes|p1a: Metagross
|-sidestart|p1: Apostic|Spikes
|
|-weather|Sandstorm|[upkeep]
|-heal|p2a: Skarmory|14/100|[from] item: Leftovers
|upkeep
|turn|91
|
|t:|1728746702
|switch|p1a: Aerodactyl|Aerodactyl, F|89/100
|move|p2a: Skarmory|Protect||[still]
|-fail|p2a: Skarmory
|
|-weather|Sandstorm|[upkeep]
|-heal|p2a: Skarmory|20/100|[from] item: Leftovers
|upkeep
|turn|92
|
|t:|1728746707
|move|p2a: Skarmory|Protect|p2a: Skarmory
|-singleturn|p2a: Skarmory|Protect
|move|p1a: Aerodactyl|Rock Slide|p2a: Skarmory
|-activate|p2a: Skarmory|Protect
|
|-weather|Sandstorm|[upkeep]
|-heal|p2a: Skarmory|26/100|[from] item: Leftovers
|upkeep
|turn|93
|
|t:|1728746713
|switch|p2a: Flygon|Flygon, F|71/100 slp
|move|p1a: Aerodactyl|Rock Slide|p2a: Flygon
|-resisted|p2a: Flygon
|-damage|p2a: Flygon|49/100 slp
|
|-weather|Sandstorm|[upkeep]
|-heal|p2a: Flygon|55/100 slp|[from] item: Leftovers
|upkeep
|turn|94
|
|t:|1728746718
|move|p1a: Aerodactyl|Rock Slide|p2a: Flygon
|-resisted|p2a: Flygon
|-damage|p2a: Flygon|36/100 slp
|-curestatus|p2a: Flygon|slp|[msg]
|move|p2a: Flygon|Flamethrower|p1a: Aerodactyl
|-resisted|p1a: Aerodactyl
|-damage|p1a: Aerodactyl|78/100
|
|-weather|Sandstorm|[upkeep]
|-heal|p2a: Flygon|42/100|[from] item: Leftovers
|upkeep
|turn|95
|
|t:|1728746725
|move|p2a: Flygon|Protect|p2a: Flygon
|-singleturn|p2a: Flygon|Protect
|move|p1a: Aerodactyl|Rock Slide|p2a: Flygon
|-activate|p2a: Flygon|Protect
|
|-weather|Sandstorm|[upkeep]
|-heal|p2a: Flygon|48/100|[from] item: Leftovers
|upkeep
|turn|96
|
|t:|1728746730
|switch|p1a: Metagross|Metagross|26/100
|-damage|p1a: Metagross|1/100|[from] Spikes
|move|p2a: Flygon|Toxic|p1a: Metagross
|-immune|p1a: Metagross
|
|-weather|Sandstorm|[upkeep]
|-heal|p2a: Flygon|54/100|[from] item: Leftovers
|upkeep
|turn|97
|
|t:|1728746735
|move|p2a: Flygon|Protect|p2a: Flygon
|-singleturn|p2a: Flygon|Protect
|move|p1a: Metagross|Explosion|p2a: Flygon
|-activate|p2a: Flygon|Protect
|faint|p1a: Metagross
|
|t:|1728746738
|switch|p1a: Aerodactyl|Aerodactyl, F|78/100
|
|-weather|Sandstorm|[upkeep]
|-heal|p2a: Flygon|61/100|[from] item: Leftovers
|upkeep
|turn|98
|
|t:|1728746746
|move|p1a: Aerodactyl|Double-Edge|p2a: Flygon
|-damage|p2a: Flygon|17/100
|move|p2a: Flygon|Toxic|p1a: Aerodactyl
|-status|p1a: Aerodactyl|tox
|
|-weather|Sandstorm|[upkeep]
|-damage|p1a: Aerodactyl|72/100 tox|[from] psn
|-heal|p2a: Flygon|23/100|[from] item: Leftovers
|upkeep
|turn|99
|
|t:|1728746752
|move|p2a: Flygon|Protect|p2a: Flygon
|-singleturn|p2a: Flygon|Protect
|move|p1a: Aerodactyl|Double-Edge|p2a: Flygon
|-activate|p2a: Flygon|Protect
|
|-weather|Sandstorm|[upkeep]
|-damage|p1a: Aerodactyl|60/100 tox|[from] psn
|-heal|p2a: Flygon|29/100|[from] item: Leftovers
|upkeep
|turn|100
|
|t:|1728746762
|switch|p2a: Aerodactyl|Aerodactyl, M|72/100
|move|p1a: Aerodactyl|Double-Edge|p2a: Aerodactyl
|-resisted|p2a: Aerodactyl
|-damage|p2a: Aerodactyl|27/100
|
|-weather|Sandstorm|[upkeep]
|-damage|p1a: Aerodactyl|42/100 tox|[from] psn
|upkeep
|turn|101
|
|t:|1728746774
|move|p1a: Aerodactyl|Double-Edge|p2a: Aerodactyl
|-resisted|p2a: Aerodactyl
|-damage|p2a: Aerodactyl|0 fnt
|faint|p2a: Aerodactyl
|
|t:|1728746778
|switch|p2a: Flygon|Flygon, F|29/100
|
|-weather|Sandstorm|[upkeep]
|-damage|p1a: Aerodactyl|18/100 tox|[from] psn
|-heal|p2a: Flygon|35/100|[from] item: Leftovers
|upkeep
|turn|102
|
|t:|1728746782
|move|p2a: Flygon|Protect|p2a: Flygon
|-singleturn|p2a: Flygon|Protect
|move|p1a: Aerodactyl|Double-Edge|p2a: Flygon
|-activate|p2a: Flygon|Protect
|
|-weather|Sandstorm|[upkeep]
|-damage|p1a: Aerodactyl|0 fnt|[from] psn
|faint|p1a: Aerodactyl
|
|win|Elisy
|upkeep
|c|☆Apostic|gg
|c|☆Elisy|gg
|player|p1|

</script>
<script type="application/json" class="data" id="replaydata-smogtours-gen3ou-797463">
{"id":"smogtours-gen3ou-797463","format":"[Gen 3] OU","players":["Apostic","Elisy"],"uploadtime":1728746782,"views":97,"formatid":"gen3ou","rating":null,"private":1,"password":null}
</script>

<script defer src="js/replays.js?9d40a366"></script>
