<!DOCTYPE html>
<meta charset="utf-8" />
<meta name="viewport" content="width=device-width" />

<title>[Gen 3] OU: DanteADV vs. TryOut2001 - Replays - Pok&eacute;mon Showdown!</title>

<meta name="description" content="Watch a replay of a Pok&eacute;mon battle between DanteADV and TryOut2001! Format: [Gen 3] OU; Date: Oct 3, 2024" />
<!--

Hey, you! Looking in the source for the replay log?

You can find them in JSON format, just add `.json` at the end of a replay URL.

https://replay.pokemonshowdown.com/gen7randomdoublesbattle-865046831.json

Or, if you only need the log itself, add `.log` instead:

https://replay.pokemonshowdown.com/gen7randomdoublesbattle-865046831.log

-->

<link rel="stylesheet" href="//pokemonshowdown.com/style/global.css?0.023195364461161105" />
<link rel="stylesheet" href="//play.pokemonshowdown.com/style/font-awesome.css?0.13261647063804238" />
<link rel="stylesheet" href="//play.pokemonshowdown.com/style/battle.css?0.8753245789963631" />
<link rel="stylesheet" href="//play.pokemonshowdown.com/style/utilichart.css?0.8627959624976733" />

<!-- Global site tag (gtag.js) - Google Analytics -->
<script async src="https://www.googletagmanager.com/gtag/js?id=UA-26211653-1"></script>
<script>
  window.dataLayer = window.dataLayer || [];
  function gtag(){dataLayer.push(arguments);}
  gtag('js', new Date());

  gtag('config', 'UA-26211653-1');
</script>
<!-- End Google Analytics -->
<!-- Venatus Ad Manager - Install in <HEAD> of page -->
	<script src="https://hb.vntsm.com/v3/live/ad-manager.min.js" type="text/javascript" data-site-id="642aba63ec9a7b11c3c9c1be" data-mode="scan" async></script>
<!-- / Venatus Ad Manager -->

<style>
	@media (max-width:820px) {
		.battle {
			margin: 0 auto;
		}
		.battle-log {
			margin: 7px auto 0;
			max-width: 640px;
			height: 300px;
			position: static;
		}
	}
	.optgroup {
		display: inline-block;
		line-height: 22px;
		font-size: 10pt;
	}
	.optgroup .button {
		height: 25px;
		padding-top: 0;
		padding-bottom: 0;
	}
	.optgroup button.button {
		padding-left: 12px;
		padding-right: 12px;
	}
	.linklist {
		list-style: none;
		margin: 0.5em 0;
		padding: 0;
	}
	.linklist li {
		padding: 2px 0;
	}
	.sidebar {
		float: left;
		width: 320px;
	}
	.bar-wrapper {
		max-width: 1100px;
		margin: 0 auto;
	}
	.bar-wrapper.has-sidebar {
		max-width: 1430px;
	}
	.mainbar {
		margin: 0;
		padding-right: 1px;
	}
	.mainbar.has-sidebar {
		margin-left: 330px;
	}
	@media (min-width: 1511px) {
		.sidebar {
			width: 400px;
		}
		.bar-wrapper.has-sidebar {
			max-width: 1510px;
		}
		.mainbar.has-sidebar {
			margin-left: 410px;
		}
	}
	.section.first-section {
		margin-top: 9px;
	}
	.blocklink small {
		white-space: normal;
	}
	.button {
		vertical-align: middle;
	}
	.replay-controls {
		padding-top: 10px;
	}
	.replay-controls h1 {
		font-size: 16pt;
		font-weight: normal;
		color: #CCC;
	}
	.pagelink {
		text-align: center;
	}
	.pagelink a {
		width: 150px;
	}
	.textbox, .button {
		font-size: 11pt;
		vertical-align: middle;
	}
	@media (max-width: 450px) {
		.button {
			font-size: 9pt;
		}
	}
</style>

<div>

	<header>
		<div class="nav-wrapper"><ul class="nav">
			<li><a class="button nav-first" href="//pokemonshowdown.com/"><img src="//pokemonshowdown.com/images/pokemonshowdownbeta.png" srcset="//pokemonshowdown.com/images/pokemonshowdownbeta.png 1x, //pokemonshowdown.com/images/pokemonshowdownbeta@2x.png 2x" alt="Pok&eacute;mon Showdown" width="146" height="44" /> Home</a></li>
			<li><a class="button" href="//pokemonshowdown.com/dex/">Pok&eacute;dex</a></li>
			<li><a class="button cur" href="/">Replays</a></li>
			<li><a class="button" href="//pokemonshowdown.com/ladder/">Ladder</a></li>
			<li><a class="button nav-last" href="//pokemonshowdown.com/forums/">Forum</a></li>
			<li><a class="button greenbutton nav-first nav-last" href="//play.pokemonshowdown.com/">Play</a></li>
		</ul></div>
	</header>

	<div class="main" id="main">

		<noscript><section class="section">You need to enable JavaScript to use this page; sorry!</section></noscript>

	</div>

</div>

<script defer nomodule src="//play.pokemonshowdown.com/js/lib/ps-polyfill.js"></script>
<script defer src="//play.pokemonshowdown.com/js/lib/preact.min.js"></script>

<script defer src="//play.pokemonshowdown.com/config/config.js?2bddbc15"></script>
<script defer src="//play.pokemonshowdown.com/js/lib/jquery-1.11.0.min.js"></script>
<script defer src="//play.pokemonshowdown.com/js/lib/html-sanitizer-minified.js"></script>
<script defer src="//play.pokemonshowdown.com/js/battle-sound.js"></script>
<script defer src="//play.pokemonshowdown.com/js/battledata.js?0.7209276989879541"></script>
<script defer src="//play.pokemonshowdown.com/data/pokedex-mini.js?0.6111056340867951"></script>
<script defer src="//play.pokemonshowdown.com/data/pokedex-mini-bw.js?0.3532142036491459"></script>
<script defer src="//play.pokemonshowdown.com/data/graphics.js?0.24223875632456182"></script>
<script defer src="//play.pokemonshowdown.com/data/pokedex.js?0.38839984266356864"></script>
<script defer src="//play.pokemonshowdown.com/data/moves.js?0.21866028504024015"></script>
<script defer src="//play.pokemonshowdown.com/data/abilities.js?0.2005157953846628"></script>
<script defer src="//play.pokemonshowdown.com/data/items.js?0.9894211263848525"></script>
<script defer src="//play.pokemonshowdown.com/data/teambuilder-tables.js?0.6008791140282215"></script>
<script defer src="//play.pokemonshowdown.com/js/battle-tooltips.js?0.7580118955022959"></script>
<script defer src="//play.pokemonshowdown.com/js/battle.js?0.6057722274234274"></script>

<script defer src="js/utils.js?e31f9a17"></script>
<script defer src="js/replays-battle.js?7008c182"></script>

<!-- don't scrape this data! just add .json or .log after the URL!
Full API docs: https://github.com/smogon/pokemon-showdown-client/blob/master/WEB-API.md -->
<script type="text/plain" class="log" id="replaylog-smogtours-gen3ou-794281">
|inactive|Battle timer is ON: inactive players will automatically lose when time's up.
|t:|1727978473
|gametype|singles
|player|p1|DanteADV|102|
|player|p2|TryOut2001|hugh|
|teamsize|p1|6
|teamsize|p2|6
|gen|3
|tier|[Gen 3] OU
|rule|Sleep Clause Mod: Limit one foe put to sleep
|rule|Switch Priority Clause Mod: Faster Pokémon switch first
|rule|Species Clause: Limit one of each Pokémon
|rule|OHKO Clause: OHKO moves are banned
|rule|Evasion Items Clause: Evasion items are banned
|rule|Evasion Moves Clause: Evasion moves are banned
|rule|Endless Battle Clause: Forcing endless battles is banned
|rule|HP Percentage Mod: HP is shown in percentages
|rule|One Boost Passer Clause: Limit one Baton Passer that has a way to boost its stats
|rule|Freeze Clause Mod: Limit one foe frozen
|
|t:|1727978473
|start
|switch|p1a: Skarmory|Skarmory, M|100/100
|switch|p2a: Salamence|Salamence, F|100/100
|-ability|p2a: Salamence|Intimidate|boost
|-unboost|p1a: Skarmory|atk|1
|turn|1
|c|☆TryOut2001|gl and hf
|
|t:|1727978493
|switch|p2a: Magneton|Magneton|100/100
|move|p1a: Skarmory|Spikes|p2a: Magneton
|-sidestart|p2: TryOut2001|Spikes
|
|upkeep
|turn|2
|
|t:|1727978503
|move|p2a: Magneton|Thunderbolt|p1a: Skarmory
|-supereffective|p1a: Skarmory
|-crit|p1a: Skarmory
|-damage|p1a: Skarmory|0 fnt
|faint|p1a: Skarmory
|
|t:|1727978511
|switch|p1a: Nidoking|Nidoking, M|100/100
|
|upkeep
|turn|3
|
|t:|1727978522
|switch|p2a: Claydol|Claydol|100/100
|move|p1a: Nidoking|Sludge Bomb|p2a: Claydol
|-resisted|p2a: Claydol
|-damage|p2a: Claydol|81/100
|
|-heal|p2a: Claydol|87/100|[from] item: Leftovers
|upkeep
|turn|4
|
|t:|1727978537
|switch|p1a: Swampert|Swampert, M|100/100
|move|p2a: Claydol|Psychic|p1a: Swampert
|-damage|p1a: Swampert|80/100
|
|-heal|p2a: Claydol|93/100|[from] item: Leftovers
|-heal|p1a: Swampert|87/100|[from] item: Leftovers
|upkeep
|turn|5
|
|t:|1727978552
|switch|p2a: Suicune|Suicune|100/100
|-damage|p2a: Suicune|88/100|[from] Spikes
|move|p1a: Swampert|Ice Beam|p2a: Suicune
|-resisted|p2a: Suicune
|-damage|p2a: Suicune|81/100
|
|-heal|p2a: Suicune|88/100|[from] item: Leftovers
|-heal|p1a: Swampert|93/100|[from] item: Leftovers
|upkeep
|turn|6
|
|t:|1727978566
|switch|p1a: Celebi|Celebi|100/100
|move|p2a: Suicune|Calm Mind|p2a: Suicune
|-boost|p2a: Suicune|spa|1
|-boost|p2a: Suicune|spd|1
|
|-heal|p2a: Suicune|94/100|[from] item: Leftovers
|upkeep
|turn|7
|
|t:|1727978576
|move|p1a: Celebi|Leech Seed|p2a: Suicune
|-start|p2a: Suicune|move: Leech Seed
|move|p2a: Suicune|Roar|p1a: Celebi
|drag|p1a: Starmie|Starmie|100/100
|
|-heal|p2a: Suicune|99/100|[from] item: Leftovers
|-damage|p2a: Suicune|88/100|[from] Leech Seed|[of] p1a: Starmie
|upkeep
|turn|8
|
|t:|1727978585
|switch|p2a: Blissey|Blissey, F|100/100
|-damage|p2a: Blissey|88/100|[from] Spikes
|move|p1a: Starmie|Thunder Wave|p2a: Blissey
|-status|p2a: Blissey|par
|
|-heal|p2a: Blissey|94/100 par|[from] item: Leftovers
|upkeep
|turn|9
|
|t:|1727978600
|switch|p1a: Nidoking|Nidoking, M|100/100
|move|p2a: Blissey|Seismic Toss|p1a: Nidoking
|-damage|p1a: Nidoking|67/100
|
|-heal|p1a: Nidoking|73/100|[from] item: Leftovers
|-heal|p2a: Blissey|100/100 par|[from] item: Leftovers
|upkeep
|turn|10
|
|t:|1727978619
|-singleturn|p1a: Nidoking|move: Focus Punch
|-curestatus|p2a: Blissey|par|[from] ability: Natural Cure
|switch|p2a: Claydol|Claydol|93/100
|move|p1a: Nidoking|Focus Punch|p2a: Claydol
|-resisted|p2a: Claydol
|-damage|p2a: Claydol|72/100
|
|-heal|p1a: Nidoking|79/100|[from] item: Leftovers
|-heal|p2a: Claydol|78/100|[from] item: Leftovers
|upkeep
|turn|11
|inactive|DanteADV has 270 seconds left.
|
|t:|1727978646
|switch|p1a: Swampert|Swampert, M|93/100
|move|p2a: Claydol|Rapid Spin|p1a: Swampert
|-damage|p1a: Swampert|89/100
|-sideend|p2: TryOut2001|Spikes|[from] move: Rapid Spin|[of] p2a: Claydol
|
|-heal|p2a: Claydol|84/100|[from] item: Leftovers
|-heal|p1a: Swampert|95/100|[from] item: Leftovers
|upkeep
|turn|12
|
|t:|1727978660
|switch|p2a: Blissey|Blissey, F|100/100
|move|p1a: Swampert|Protect||[still]
|-fail|p1a: Swampert
|
|-heal|p1a: Swampert|100/100|[from] item: Leftovers
|upkeep
|turn|13
|
|t:|1727978674
|move|p2a: Blissey|Ice Beam|p1a: Swampert
|-damage|p1a: Swampert|79/100
|move|p1a: Swampert|Earthquake|p2a: Blissey
|-damage|p2a: Blissey|66/100
|
|-heal|p2a: Blissey|72/100|[from] item: Leftovers
|-heal|p1a: Swampert|86/100|[from] item: Leftovers
|upkeep
|turn|14
|
|t:|1727978689
|move|p1a: Swampert|Protect|p1a: Swampert
|-singleturn|p1a: Swampert|Protect
|move|p2a: Blissey|Seismic Toss|p1a: Swampert
|-activate|p1a: Swampert|Protect
|
|-heal|p2a: Blissey|78/100|[from] item: Leftovers
|-heal|p1a: Swampert|92/100|[from] item: Leftovers
|upkeep
|turn|15
|
|t:|1727978697
|move|p2a: Blissey|Wish|p2a: Blissey
|move|p1a: Swampert|Earthquake|p2a: Blissey
|-damage|p2a: Blissey|43/100
|
|-heal|p2a: Blissey|49/100|[from] item: Leftovers
|-heal|p1a: Swampert|98/100|[from] item: Leftovers
|upkeep
|turn|16
|
|t:|1727978711
|move|p2a: Blissey|Soft-Boiled|p2a: Blissey
|-heal|p2a: Blissey|99/100
|move|p1a: Swampert|Ice Beam|p2a: Blissey
|-crit|p2a: Blissey
|-damage|p2a: Blissey|84/100
|
|-heal|p2a: Blissey|100/100|[from] move: Wish|[wisher] Blissey
|-heal|p1a: Swampert|100/100|[from] item: Leftovers
|upkeep
|turn|17
|
|t:|1727978720
|move|p2a: Blissey|Seismic Toss|p1a: Swampert
|-damage|p1a: Swampert|76/100
|move|p1a: Swampert|Earthquake|p2a: Blissey
|-damage|p2a: Blissey|66/100
|
|-heal|p2a: Blissey|72/100|[from] item: Leftovers
|-heal|p1a: Swampert|82/100|[from] item: Leftovers
|upkeep
|turn|18
|
|t:|1727978728
|switch|p1a: Tyranitar|Tyranitar, F|100/100
|-weather|Sandstorm|[from] ability: Sand Stream|[of] p1a: Tyranitar
|move|p2a: Blissey|Wish|p2a: Blissey
|
|-weather|Sandstorm|[upkeep]
|-damage|p2a: Blissey|66/100|[from] Sandstorm
|-heal|p2a: Blissey|72/100|[from] item: Leftovers
|upkeep
|turn|19
|inactive|DanteADV has 270 seconds left.
|inactive|TryOut2001 has 270 seconds left.
|
|t:|1727978769
|switch|p1a: Celebi|Celebi|100/100
|switch|p2a: Suicune|Suicune|88/100
|
|-heal|p2a: Suicune|100/100|[from] move: Wish|[wisher] Blissey
|-weather|Sandstorm|[upkeep]
|-damage|p1a: Celebi|94/100|[from] Sandstorm
|-damage|p2a: Suicune|94/100|[from] Sandstorm
|-heal|p1a: Celebi|100/100|[from] item: Leftovers
|-heal|p2a: Suicune|100/100|[from] item: Leftovers
|upkeep
|turn|20
|inactive|TryOut2001 has 270 seconds left.
|
|t:|1727978780
|switch|p2a: Salamence|Salamence, F|100/100
|-ability|p2a: Salamence|Intimidate|boost
|-unboost|p1a: Celebi|atk|1
|move|p1a: Celebi|Leech Seed|p2a: Salamence
|-start|p2a: Salamence|move: Leech Seed
|
|-weather|Sandstorm|[upkeep]
|-damage|p2a: Salamence|94/100|[from] Sandstorm
|-damage|p1a: Celebi|94/100|[from] Sandstorm
|-damage|p2a: Salamence|82/100|[from] Leech Seed|[of] p1a: Celebi
|-heal|p1a: Celebi|100/100|[silent]
|upkeep
|turn|21
|inactive|DanteADV has 270 seconds left.
|inactive|TryOut2001 has 270 seconds left.
|
|t:|1727978797
|switch|p1a: Swampert|Swampert, M|82/100
|move|p2a: Salamence|Earthquake|p1a: Swampert
|-damage|p1a: Swampert|44/100
|
|-weather|Sandstorm|[upkeep]
|-damage|p2a: Salamence|76/100|[from] Sandstorm
|-damage|p2a: Salamence|64/100|[from] Leech Seed|[of] p1a: Swampert
|-heal|p1a: Swampert|54/100|[silent]
|-heal|p1a: Swampert|61/100|[from] item: Leftovers
|upkeep
|turn|22
|inactive|TryOut2001 has 270 seconds left.
|
|t:|1727978809
|switch|p2a: Blissey|Blissey, F|72/100
|move|p1a: Swampert|Earthquake|p2a: Blissey
|-crit|p2a: Blissey
|-damage|p2a: Blissey|0 fnt
|faint|p2a: Blissey
|inactive|TryOut2001 has 270 seconds left.
|
|t:|1727978828
|switch|p2a: Suicune|Suicune|100/100
|
|-weather|Sandstorm|[upkeep]
|-damage|p2a: Suicune|94/100|[from] Sandstorm
|-heal|p2a: Suicune|100/100|[from] item: Leftovers
|-heal|p1a: Swampert|67/100|[from] item: Leftovers
|upkeep
|turn|23
|inactive|DanteADV has 270 seconds left.
|
|t:|1727978840
|switch|p1a: Celebi|Celebi|100/100
|move|p2a: Suicune|Calm Mind|p2a: Suicune
|-boost|p2a: Suicune|spa|1
|-boost|p2a: Suicune|spd|1
|
|-weather|Sandstorm|[upkeep]
|-damage|p1a: Celebi|94/100|[from] Sandstorm
|-damage|p2a: Suicune|94/100|[from] Sandstorm
|-heal|p1a: Celebi|100/100|[from] item: Leftovers
|-heal|p2a: Suicune|100/100|[from] item: Leftovers
|upkeep
|turn|24
|inactive|TryOut2001 has 270 seconds left.
|
|t:|1727978850
|move|p1a: Celebi|Leech Seed|p2a: Suicune
|-start|p2a: Suicune|move: Leech Seed
|move|p2a: Suicune|Calm Mind|p2a: Suicune
|-boost|p2a: Suicune|spa|1
|-boost|p2a: Suicune|spd|1
|
|-weather|Sandstorm|[upkeep]
|-damage|p1a: Celebi|94/100|[from] Sandstorm
|-damage|p2a: Suicune|94/100|[from] Sandstorm
|-heal|p1a: Celebi|100/100|[from] item: Leftovers
|-heal|p2a: Suicune|100/100|[from] item: Leftovers
|-damage|p2a: Suicune|88/100|[from] Leech Seed|[of] p1a: Celebi
|upkeep
|turn|25
|inactive|TryOut2001 has 270 seconds left.
|inactive|DanteADV has 270 seconds left.
|
|t:|1727978873
|move|p1a: Celebi|Calm Mind|p1a: Celebi
|-boost|p1a: Celebi|spa|1
|-boost|p1a: Celebi|spd|1
|move|p2a: Suicune|Roar|p1a: Celebi
|drag|p1a: Nidoking|Nidoking, M|79/100
|
|-weather|Sandstorm|[upkeep]
|-damage|p2a: Suicune|82/100|[from] Sandstorm
|-heal|p1a: Nidoking|85/100|[from] item: Leftovers
|-heal|p2a: Suicune|88/100|[from] item: Leftovers
|-damage|p2a: Suicune|76/100|[from] Leech Seed|[of] p1a: Nidoking
|-heal|p1a: Nidoking|100/100|[silent]
|upkeep
|turn|26
|inactive|DanteADV has 270 seconds left.
|inactive|TryOut2001 has 270 seconds left.
|
|t:|1727978885
|switch|p1a: Starmie|Starmie|100/100
|move|p2a: Suicune|Surf|p1a: Starmie
|-resisted|p1a: Starmie
|-damage|p1a: Starmie|62/100
|
|-weather|Sandstorm|[upkeep]
|-damage|p1a: Starmie|55/100|[from] Sandstorm
|-damage|p2a: Suicune|69/100|[from] Sandstorm
|-heal|p1a: Starmie|62/100|[from] item: Leftovers
|-heal|p2a: Suicune|76/100|[from] item: Leftovers
|-damage|p2a: Suicune|63/100|[from] Leech Seed|[of] p1a: Starmie
|-heal|p1a: Starmie|77/100|[silent]
|upkeep
|turn|27
|inactive|TryOut2001 has 270 seconds left.
|
|t:|1727978897
|switch|p2a: Magneton|Magneton|100/100
|move|p1a: Starmie|Thunder Wave|p2a: Magneton
|-status|p2a: Magneton|par
|
|-weather|Sandstorm|[upkeep]
|-damage|p1a: Starmie|71/100|[from] Sandstorm
|-heal|p1a: Starmie|77/100|[from] item: Leftovers
|upkeep
|turn|28
|inactive|TryOut2001 has 270 seconds left.
|
|t:|1727978906
|switch|p1a: Nidoking|Nidoking, M|100/100
|cant|p2a: Magneton|par
|
|-weather|Sandstorm|[upkeep]
|upkeep
|turn|29
|
|t:|1727978915
|switch|p2a: Claydol|Claydol|84/100
|move|p1a: Nidoking|Fire Blast|p2a: Claydol
|-damage|p2a: Claydol|62/100
|
|-weather|Sandstorm|[upkeep]
|-heal|p2a: Claydol|68/100|[from] item: Leftovers
|upkeep
|turn|30
|
|t:|1727978930
|switch|p1a: Starmie|Starmie|77/100
|move|p2a: Claydol|Psychic|p1a: Starmie
|-resisted|p1a: Starmie
|-damage|p1a: Starmie|65/100
|
|-weather|Sandstorm|[upkeep]
|-damage|p1a: Starmie|59/100|[from] Sandstorm
|-heal|p1a: Starmie|65/100|[from] item: Leftovers
|-heal|p2a: Claydol|74/100|[from] item: Leftovers
|upkeep
|turn|31
|
|t:|1727978942
|switch|p2a: Magneton|Magneton|100/100 par
|move|p1a: Starmie|Recover|p1a: Starmie
|-heal|p1a: Starmie|100/100
|
|-weather|Sandstorm|[upkeep]
|-damage|p1a: Starmie|94/100|[from] Sandstorm
|-heal|p1a: Starmie|100/100|[from] item: Leftovers
|upkeep
|turn|32
|
|t:|1727978952
|switch|p1a: Nidoking|Nidoking, M|100/100
|switch|p2a: Salamence|Salamence, F|64/100
|-ability|p2a: Salamence|Intimidate|boost
|-unboost|p1a: Nidoking|atk|1
|
|-weather|Sandstorm|[upkeep]
|-damage|p2a: Salamence|57/100|[from] Sandstorm
|upkeep
|turn|33
|
|t:|1727978978
|switch|p1a: Starmie|Starmie|100/100
|move|p2a: Salamence|Earthquake|p1a: Starmie
|-crit|p1a: Starmie
|-damage|p1a: Starmie|0 fnt
|faint|p1a: Starmie
|inactive|DanteADV has 270 seconds left.
|
|t:|1727978998
|switch|p1a: Swampert|Swampert, M|67/100
|
|-weather|Sandstorm|[upkeep]
|-damage|p2a: Salamence|51/100|[from] Sandstorm
|-heal|p1a: Swampert|73/100|[from] item: Leftovers
|upkeep
|turn|34
|inactive|DanteADV has 270 seconds left.
|
|t:|1727979019
|switch|p2a: Suicune|Suicune|63/100
|move|p1a: Swampert|Ice Beam|p2a: Suicune
|-resisted|p2a: Suicune
|-damage|p2a: Suicune|56/100
|-status|p2a: Suicune|frz
|
|-weather|Sandstorm|[upkeep]
|-damage|p2a: Suicune|50/100 frz|[from] Sandstorm
|-heal|p2a: Suicune|56/100 frz|[from] item: Leftovers
|-heal|p1a: Swampert|79/100|[from] item: Leftovers
|upkeep
|turn|35
|
|t:|1727979029
|move|p1a: Swampert|Earthquake|p2a: Suicune
|-damage|p2a: Suicune|37/100 frz
|cant|p2a: Suicune|frz
|
|-weather|Sandstorm|[upkeep]
|-damage|p2a: Suicune|30/100 frz|[from] Sandstorm
|-heal|p2a: Suicune|37/100 frz|[from] item: Leftovers
|-heal|p1a: Swampert|85/100|[from] item: Leftovers
|upkeep
|turn|36
|
|t:|1727979040
|switch|p2a: Claydol|Claydol|74/100
|move|p1a: Swampert|Earthquake|p2a: Claydol
|-immune|p2a: Claydol
|
|-weather|Sandstorm|[upkeep]
|-heal|p2a: Claydol|80/100|[from] item: Leftovers
|-heal|p1a: Swampert|92/100|[from] item: Leftovers
|upkeep
|turn|37
|
|t:|1727979049
|move|p1a: Swampert|Protect|p1a: Swampert
|-singleturn|p1a: Swampert|Protect
|move|p2a: Claydol|Psychic|p1a: Swampert
|-activate|p1a: Swampert|Protect
|
|-weather|Sandstorm|[upkeep]
|-heal|p2a: Claydol|86/100|[from] item: Leftovers
|-heal|p1a: Swampert|98/100|[from] item: Leftovers
|upkeep
|turn|38
|
|t:|1727979057
|switch|p1a: Nidoking|Nidoking, M|100/100
|move|p2a: Claydol|Explosion|p1a: Nidoking
|-damage|p1a: Nidoking|0 fnt
|faint|p2a: Claydol
|faint|p1a: Nidoking
|
|t:|1727979084
|switch|p1a: Swampert|Swampert, M|98/100
|switch|p2a: Magneton|Magneton|100/100 par
|
|-weather|Sandstorm|[upkeep]
|-heal|p1a: Swampert|100/100|[from] item: Leftovers
|upkeep
|turn|39
|
|t:|1727979092
|move|p1a: Swampert|Earthquake|p2a: Magneton
|-supereffective|p2a: Magneton
|-damage|p2a: Magneton|0 fnt
|faint|p2a: Magneton
|
|t:|1727979097
|switch|p2a: Salamence|Salamence, F|51/100
|-ability|p2a: Salamence|Intimidate|boost
|-unboost|p1a: Swampert|atk|1
|
|-weather|Sandstorm|[upkeep]
|-damage|p2a: Salamence|45/100|[from] Sandstorm
|upkeep
|turn|40
|
|t:|1727979106
|switch|p2a: Suicune|Suicune|37/100 frz
|move|p1a: Swampert|Protect||[still]
|-fail|p1a: Swampert
|
|-weather|Sandstorm|[upkeep]
|-damage|p2a: Suicune|30/100 frz|[from] Sandstorm
|-heal|p2a: Suicune|37/100 frz|[from] item: Leftovers
|upkeep
|turn|41
|
|t:|1727979113
|switch|p2a: Salamence|Salamence, F|45/100
|-ability|p2a: Salamence|Intimidate|boost
|-unboost|p1a: Swampert|atk|1
|switch|p1a: Celebi|Celebi|100/100
|
|-weather|Sandstorm|[upkeep]
|-damage|p2a: Salamence|39/100|[from] Sandstorm
|-damage|p1a: Celebi|94/100|[from] Sandstorm
|-heal|p1a: Celebi|100/100|[from] item: Leftovers
|upkeep
|turn|42
|
|t:|1727979139
|switch|p1a: Swampert|Swampert, M|100/100
|move|p2a: Salamence|Hidden Power|p1a: Swampert
|-damage|p1a: Swampert|60/100
|
|-weather|Sandstorm|[upkeep]
|-damage|p2a: Salamence|33/100|[from] Sandstorm
|-heal|p1a: Swampert|67/100|[from] item: Leftovers
|upkeep
|turn|43
|
|t:|1727979152
|move|p2a: Salamence|Hidden Power|p1a: Swampert
|-damage|p1a: Swampert|22/100
|move|p1a: Swampert|Ice Beam|p2a: Salamence
|-supereffective|p2a: Salamence
|-damage|p2a: Salamence|0 fnt
|faint|p2a: Salamence
|
|t:|1727979158
|switch|p2a: Metagross|Metagross|100/100
|
|-weather|Sandstorm|[upkeep]
|-heal|p1a: Swampert|28/100|[from] item: Leftovers
|upkeep
|turn|44
|
|t:|1727979164
|move|p1a: Swampert|Protect|p1a: Swampert
|-singleturn|p1a: Swampert|Protect
|move|p2a: Metagross|Agility|p2a: Metagross
|-boost|p2a: Metagross|spe|2
|
|-weather|Sandstorm|[upkeep]
|-heal|p1a: Swampert|34/100|[from] item: Leftovers
|upkeep
|turn|45
|
|t:|1727979183
|switch|p1a: Tyranitar|Tyranitar, F|100/100
|move|p2a: Metagross|Earthquake|p1a: Tyranitar
|-supereffective|p1a: Tyranitar
|-damage|p1a: Tyranitar|36/100
|
|-weather|Sandstorm|[upkeep]
|upkeep
|turn|46
|
|t:|1727979190
|move|p2a: Metagross|Meteor Mash|p1a: Tyranitar
|-supereffective|p1a: Tyranitar
|-damage|p1a: Tyranitar|0 fnt
|faint|p1a: Tyranitar
|
|t:|1727979198
|switch|p1a: Celebi|Celebi|100/100
|
|-weather|Sandstorm|[upkeep]
|-damage|p1a: Celebi|94/100|[from] Sandstorm
|-heal|p1a: Celebi|100/100|[from] item: Leftovers
|upkeep
|turn|47
|
|t:|1727979203
|move|p2a: Metagross|Meteor Mash|p1a: Celebi
|-damage|p1a: Celebi|66/100
|move|p1a: Celebi|Leech Seed|p2a: Metagross
|-start|p2a: Metagross|move: Leech Seed
|
|-weather|Sandstorm|[upkeep]
|-damage|p1a: Celebi|60/100|[from] Sandstorm
|-damage|p2a: Metagross|88/100|[from] Leech Seed|[of] p1a: Celebi
|-heal|p1a: Celebi|71/100|[silent]
|-heal|p1a: Celebi|77/100|[from] item: Leftovers
|upkeep
|turn|48
|
|t:|1727979220
|move|p2a: Metagross|Meteor Mash|p1a: Celebi
|-damage|p1a: Celebi|41/100
|move|p1a: Celebi|Psychic|p2a: Metagross
|-resisted|p2a: Metagross
|-damage|p2a: Metagross|79/100
|
|-weather|Sandstorm|[upkeep]
|-damage|p1a: Celebi|35/100|[from] Sandstorm
|-heal|p2a: Metagross|85/100|[from] item: Leftovers
|-damage|p2a: Metagross|72/100|[from] Leech Seed|[of] p1a: Celebi
|-heal|p1a: Celebi|46/100|[silent]
|-heal|p1a: Celebi|52/100|[from] item: Leftovers
|upkeep
|turn|49
|
|t:|1727979230
|switch|p1a: Swampert|Swampert, M|34/100
|move|p2a: Metagross|Meteor Mash|p1a: Swampert
|-resisted|p1a: Swampert
|-damage|p1a: Swampert|17/100
|
|-weather|Sandstorm|[upkeep]
|-heal|p2a: Metagross|79/100|[from] item: Leftovers
|-damage|p2a: Metagross|66/100|[from] Leech Seed|[of] p1a: Swampert
|-heal|p1a: Swampert|28/100|[silent]
|-heal|p1a: Swampert|34/100|[from] item: Leftovers
|upkeep
|turn|50
|
|t:|1727979245
|move|p2a: Metagross|Earthquake|p1a: Swampert
|-damage|p1a: Swampert|10/100
|move|p1a: Swampert|Earthquake|p2a: Metagross
|-supereffective|p2a: Metagross
|-damage|p2a: Metagross|13/100
|
|-weather|Sandstorm|[upkeep]
|-heal|p2a: Metagross|20/100|[from] item: Leftovers
|-damage|p2a: Metagross|7/100|[from] Leech Seed|[of] p1a: Swampert
|-heal|p1a: Swampert|21/100|[silent]
|-heal|p1a: Swampert|27/100|[from] item: Leftovers
|upkeep
|turn|51
|
|t:|1727979256
|move|p1a: Swampert|Protect|p1a: Swampert
|-singleturn|p1a: Swampert|Protect
|move|p2a: Metagross|Earthquake|p1a: Swampert
|-activate|p1a: Swampert|Protect
|
|-weather|Sandstorm|[upkeep]
|-heal|p2a: Metagross|13/100|[from] item: Leftovers
|-damage|p2a: Metagross|1/100|[from] Leech Seed|[of] p1a: Swampert
|-heal|p1a: Swampert|38/100|[silent]
|-heal|p1a: Swampert|44/100|[from] item: Leftovers
|upkeep
|turn|52
|c|☆TryOut2001|well gg on 1. round
|-message|TryOut2001 forfeited.
|
|win|DanteADV

</script>
<script type="application/json" class="data" id="replaydata-smogtours-gen3ou-794281">
{"id":"smogtours-gen3ou-794281","format":"[Gen 3] OU","players":["DanteADV","TryOut2001"],"uploadtime":1727979275,"views":78,"formatid":"gen3ou","rating":null,"private":0,"password":null}
</script>

<script defer src="js/replays.js?9d40a366"></script>
