<!DOCTYPE html>
<meta charset="utf-8" />
<meta name="viewport" content="width=device-width" />

<title>[Gen 3] OU: garhamsandich vs. Sieeeffmon - Replays - Pok&eacute;mon Showdown!</title>

<meta name="description" content="Watch a replay of a Pok&eacute;mon battle between garhamsandich and Sieeeffmon! Format: [Gen 3] OU; Date: Nov 12, 2024" />
<!--

Hey, you! Looking in the source for the replay log?

You can find them in JSON format, just add `.json` at the end of a replay URL.

https://replay.pokemonshowdown.com/gen7randomdoublesbattle-865046831.json

Or, if you only need the log itself, add `.log` instead:

https://replay.pokemonshowdown.com/gen7randomdoublesbattle-865046831.log

-->

<link rel="stylesheet" href="//pokemonshowdown.com/style/global.css?0.767286132409787" />
<link rel="stylesheet" href="//play.pokemonshowdown.com/style/font-awesome.css?0.9266228007934947" />
<link rel="stylesheet" href="//play.pokemonshowdown.com/style/battle.css?0.7924700842790926" />
<link rel="stylesheet" href="//play.pokemonshowdown.com/style/utilichart.css?0.8777417872839479" />

<!-- Global site tag (gtag.js) - Google Analytics -->
<script async src="https://www.googletagmanager.com/gtag/js?id=UA-26211653-1"></script>
<script>
  window.dataLayer = window.dataLayer || [];
  function gtag(){dataLayer.push(arguments);}
  gtag('js', new Date());

  gtag('config', 'UA-26211653-1');
</script>
<!-- End Google Analytics -->
<!-- Venatus Ad Manager - Install in <HEAD> of page -->
	<script src="https://hb.vntsm.com/v3/live/ad-manager.min.js" type="text/javascript" data-site-id="642aba63ec9a7b11c3c9c1be" data-mode="scan" async></script>
<!-- / Venatus Ad Manager -->

<style>
	@media (max-width:820px) {
		.battle {
			margin: 0 auto;
		}
		.battle-log {
			margin: 7px auto 0;
			max-width: 640px;
			height: 300px;
			position: static;
		}
	}
	.optgroup {
		display: inline-block;
		line-height: 22px;
		font-size: 10pt;
	}
	.optgroup .button {
		height: 25px;
		padding-top: 0;
		padding-bottom: 0;
	}
	.optgroup button.button {
		padding-left: 12px;
		padding-right: 12px;
	}
	.linklist {
		list-style: none;
		margin: 0.5em 0;
		padding: 0;
	}
	.linklist li {
		padding: 2px 0;
	}
	.sidebar {
		float: left;
		width: 320px;
	}
	.bar-wrapper {
		max-width: 1100px;
		margin: 0 auto;
	}
	.bar-wrapper.has-sidebar {
		max-width: 1430px;
	}
	.mainbar {
		margin: 0;
		padding-right: 1px;
	}
	.mainbar.has-sidebar {
		margin-left: 330px;
	}
	@media (min-width: 1511px) {
		.sidebar {
			width: 400px;
		}
		.bar-wrapper.has-sidebar {
			max-width: 1510px;
		}
		.mainbar.has-sidebar {
			margin-left: 410px;
		}
	}
	.section.first-section {
		margin-top: 9px;
	}
	.blocklink small {
		white-space: normal;
	}
	.button {
		vertical-align: middle;
	}
	.replay-controls {
		padding-top: 10px;
	}
	.replay-controls h1 {
		font-size: 16pt;
		font-weight: normal;
		color: #CCC;
	}
	.pagelink {
		text-align: center;
	}
	.pagelink a {
		width: 150px;
	}
	.textbox, .button {
		font-size: 11pt;
		vertical-align: middle;
	}
	@media (max-width: 450px) {
		.button {
			font-size: 9pt;
		}
	}
</style>

<div>

	<header>
		<div class="nav-wrapper"><ul class="nav">
			<li><a class="button nav-first" href="//pokemonshowdown.com/"><img src="//pokemonshowdown.com/images/pokemonshowdownbeta.png" srcset="//pokemonshowdown.com/images/pokemonshowdownbeta.png 1x, //pokemonshowdown.com/images/pokemonshowdownbeta@2x.png 2x" alt="Pok&eacute;mon Showdown" width="146" height="44" /> Home</a></li>
			<li><a class="button" href="//pokemonshowdown.com/dex/">Pok&eacute;dex</a></li>
			<li><a class="button cur" href="/">Replays</a></li>
			<li><a class="button" href="//pokemonshowdown.com/ladder/">Ladder</a></li>
			<li><a class="button nav-last" href="//pokemonshowdown.com/forums/">Forum</a></li>
			<li><a class="button greenbutton nav-first nav-last" href="//play.pokemonshowdown.com/">Play</a></li>
		</ul></div>
	</header>

	<div class="main" id="main">

		<noscript><section class="section">You need to enable JavaScript to use this page; sorry!</section></noscript>

	</div>

</div>

<script defer nomodule src="//play.pokemonshowdown.com/js/lib/ps-polyfill.js"></script>
<script defer src="//play.pokemonshowdown.com/js/lib/preact.min.js"></script>

<script defer src="//play.pokemonshowdown.com/config/config.js?6dec07f6"></script>
<script defer src="//play.pokemonshowdown.com/js/lib/jquery-1.11.0.min.js"></script>
<script defer src="//play.pokemonshowdown.com/js/lib/html-sanitizer-minified.js"></script>
<script defer src="//play.pokemonshowdown.com/js/battle-sound.js"></script>
<script defer src="//play.pokemonshowdown.com/js/battledata.js?0.6315294753075389"></script>
<script defer src="//play.pokemonshowdown.com/data/pokedex-mini.js?0.7603743185311358"></script>
<script defer src="//play.pokemonshowdown.com/data/pokedex-mini-bw.js?0.030888842834281283"></script>
<script defer src="//play.pokemonshowdown.com/data/graphics.js?0.05593094747507488"></script>
<script defer src="//play.pokemonshowdown.com/data/pokedex.js?0.47064822249611904"></script>
<script defer src="//play.pokemonshowdown.com/data/moves.js?0.8583693120512459"></script>
<script defer src="//play.pokemonshowdown.com/data/abilities.js?0.16017181182386842"></script>
<script defer src="//play.pokemonshowdown.com/data/items.js?0.4163379185673943"></script>
<script defer src="//play.pokemonshowdown.com/data/teambuilder-tables.js?0.31075597372830477"></script>
<script defer src="//play.pokemonshowdown.com/js/battle-tooltips.js?0.6536193500708172"></script>
<script defer src="//play.pokemonshowdown.com/js/battle.js?0.1916591943277901"></script>

<script defer src="js/utils.js?e31f9a17"></script>
<script defer src="js/replays-battle.js?7008c182"></script>

<!-- don't scrape this data! just add .json or .log after the URL!
Full API docs: https://github.com/smogon/pokemon-showdown-client/blob/master/WEB-API.md -->
<script type="text/plain" class="log" id="replaylog-smogtours-gen3ou-806096">
|inactive|Battle timer is ON: inactive players will automatically lose when time's up.
|t:|1731432884
|gametype|singles
|player|p1|garhamsandich|170|
|player|p2|Sieeeffmon|266|
|teamsize|p1|6
|teamsize|p2|6
|gen|3
|tier|[Gen 3] OU
|rule|Sleep Clause Mod: Limit one foe put to sleep
|rule|Switch Priority Clause Mod: Faster Pokémon switch first
|rule|Species Clause: Limit one of each Pokémon
|rule|OHKO Clause: OHKO moves are banned
|rule|Evasion Items Clause: Evasion items are banned
|rule|Evasion Moves Clause: Evasion moves are banned
|rule|Endless Battle Clause: Forcing endless battles is banned
|rule|HP Percentage Mod: HP is shown in percentages
|rule|One Boost Passer Clause: Limit one Baton Passer that has a way to boost its stats
|rule|Freeze Clause Mod: Limit one foe frozen
|
|t:|1731432884
|start
|switch|p1a: Zapdos|Zapdos|100/100
|switch|p2a: Tyranitar|Tyranitar, M|100/100
|-weather|Sandstorm|[from] ability: Sand Stream|[of] p2a: Tyranitar
|turn|1
|c|☆Sieeeffmon|glhf
|inactive|garhamsandich has 270 seconds left.
|inactive|Sieeeffmon has 270 seconds left.
|c|☆garhamsandich|u2
|
|t:|1731432928
|switch|p1a: Swampert|Swampert, F|100/100
|move|p2a: Tyranitar|Rock Slide|p1a: Swampert
|-resisted|p1a: Swampert
|-crit|p1a: Swampert
|-damage|p1a: Swampert|68/100
|
|-weather|Sandstorm|[upkeep]
|-heal|p1a: Swampert|74/100|[from] item: Leftovers
|upkeep
|turn|2
|inactive|garhamsandich has 270 seconds left.
|inactive|Sieeeffmon has 270 seconds left.
|
|t:|1731432976
|switch|p2a: Blissey|Blissey, F|100/100
|move|p1a: Swampert|Toxic|p2a: Blissey
|-status|p2a: Blissey|tox
|
|-weather|Sandstorm|[upkeep]
|-damage|p2a: Blissey|94/100 tox|[from] Sandstorm
|-heal|p1a: Swampert|80/100|[from] item: Leftovers
|-heal|p2a: Blissey|100/100 tox|[from] item: Leftovers
|-damage|p2a: Blissey|94/100 tox|[from] psn
|upkeep
|turn|3
|inactive|Sieeeffmon has 270 seconds left.
|
|t:|1731432987
|-curestatus|p2a: Blissey|tox|[from] ability: Natural Cure
|switch|p2a: Skarmory|Skarmory, M|100/100
|move|p1a: Swampert|Protect||[still]
|-fail|p1a: Swampert
|
|-weather|Sandstorm|[upkeep]
|-heal|p1a: Swampert|86/100|[from] item: Leftovers
|upkeep
|turn|4
|
|t:|1731433001
|switch|p1a: Forretress|Forretress, F|100/100
|move|p2a: Skarmory|Spikes|p1a: Forretress
|-sidestart|p1: garhamsandich|Spikes
|
|-weather|Sandstorm|[upkeep]
|upkeep
|turn|5
|
|t:|1731433016
|move|p2a: Skarmory|Drill Peck|p1a: Forretress
|-damage|p1a: Forretress|84/100
|move|p1a: Forretress|Spikes|p2a: Skarmory
|-sidestart|p2: Sieeeffmon|Spikes
|
|-weather|Sandstorm|[upkeep]
|-heal|p1a: Forretress|90/100|[from] item: Leftovers
|upkeep
|turn|6
|inactive|garhamsandich has 270 seconds left.
|
|t:|1731433027
|move|p2a: Skarmory|Drill Peck|p1a: Forretress
|-damage|p1a: Forretress|72/100
|move|p1a: Forretress|Rapid Spin|p2a: Skarmory
|-resisted|p2a: Skarmory
|-damage|p2a: Skarmory|99/100
|-sideend|p1: garhamsandich|Spikes|[from] move: Rapid Spin|[of] p1a: Forretress
|
|-weather|Sandstorm|[upkeep]
|-heal|p2a: Skarmory|100/100|[from] item: Leftovers
|-heal|p1a: Forretress|78/100|[from] item: Leftovers
|upkeep
|turn|7
|
|t:|1731433032
|switch|p1a: Zapdos|Zapdos|100/100
|move|p2a: Skarmory|Spikes|p1a: Zapdos
|-sidestart|p1: garhamsandich|Spikes
|
|-weather|Sandstorm|[upkeep]
|-damage|p1a: Zapdos|94/100|[from] Sandstorm
|-heal|p1a: Zapdos|100/100|[from] item: Leftovers
|upkeep
|turn|8
|
|t:|1731433045
|switch|p2a: Claydol|Claydol|100/100
|move|p1a: Zapdos|Toxic|p2a: Claydol
|-status|p2a: Claydol|tox
|
|-weather|Sandstorm|[upkeep]
|-damage|p1a: Zapdos|94/100|[from] Sandstorm
|-heal|p1a: Zapdos|100/100|[from] item: Leftovers
|-damage|p2a: Claydol|94/100 tox|[from] psn
|upkeep
|turn|9
|
|t:|1731433061
|switch|p1a: Forretress|Forretress, F|78/100
|-damage|p1a: Forretress|66/100|[from] Spikes
|move|p2a: Claydol|Rapid Spin|p1a: Forretress
|-resisted|p1a: Forretress
|-damage|p1a: Forretress|64/100
|-sideend|p2: Sieeeffmon|Spikes|[from] move: Rapid Spin|[of] p2a: Claydol
|
|-weather|Sandstorm|[upkeep]
|-heal|p2a: Claydol|100/100 tox|[from] item: Leftovers
|-damage|p2a: Claydol|88/100 tox|[from] psn
|-heal|p1a: Forretress|71/100|[from] item: Leftovers
|upkeep
|turn|10
|
|t:|1731433069
|switch|p2a: Jirachi|Jirachi|100/100
|move|p1a: Forretress|Spikes|p2a: Jirachi
|-sidestart|p2: Sieeeffmon|Spikes
|
|-weather|Sandstorm|[upkeep]
|-heal|p1a: Forretress|77/100|[from] item: Leftovers
|upkeep
|turn|11
|
|t:|1731433077
|switch|p1a: Celebi|Celebi|100/100
|-damage|p1a: Celebi|88/100|[from] Spikes
|move|p2a: Jirachi|Toxic|p1a: Celebi|[miss]
|-miss|p2a: Jirachi|p1a: Celebi
|
|-weather|Sandstorm|[upkeep]
|-damage|p1a: Celebi|82/100|[from] Sandstorm
|-heal|p1a: Celebi|88/100|[from] item: Leftovers
|upkeep
|turn|12
|
|t:|1731433095
|move|p2a: Jirachi|Toxic|p1a: Celebi
|-status|p1a: Celebi|tox
|move|p1a: Celebi|Leech Seed|p2a: Jirachi
|-start|p2a: Jirachi|move: Leech Seed
|
|-weather|Sandstorm|[upkeep]
|-damage|p1a: Celebi|82/100 tox|[from] Sandstorm
|-heal|p1a: Celebi|88/100 tox|[from] item: Leftovers
|-damage|p2a: Jirachi|88/100|[from] Leech Seed|[of] p1a: Celebi
|-heal|p1a: Celebi|100/100 tox|[silent]
|-damage|p1a: Celebi|94/100 tox|[from] psn
|upkeep
|turn|13
|
|t:|1731433101
|switch|p2a: Skarmory|Skarmory, M|100/100
|-curestatus|p1a: Celebi|tox|[from] ability: Natural Cure
|switch|p1a: Aerodactyl|Aerodactyl, F|100/100
|
|-weather|Sandstorm|[upkeep]
|upkeep
|turn|14
|
|t:|1731433112
|move|p2a: Skarmory|Protect|p2a: Skarmory
|-singleturn|p2a: Skarmory|Protect
|move|p1a: Aerodactyl|Rock Slide|p2a: Skarmory
|-activate|p2a: Skarmory|Protect
|
|-weather|Sandstorm|[upkeep]
|upkeep
|turn|15
|
|t:|1731433135
|switch|p2a: Jirachi|Jirachi|88/100
|-damage|p2a: Jirachi|76/100|[from] Spikes
|move|p1a: Aerodactyl|Rock Slide|p2a: Jirachi
|-resisted|p2a: Jirachi
|-damage|p2a: Jirachi|61/100
|
|-weather|Sandstorm|[upkeep]
|-heal|p2a: Jirachi|67/100|[from] item: Leftovers
|upkeep
|turn|16
|
|t:|1731433154
|switch|p1a: Zapdos|Zapdos|100/100
|move|p2a: Jirachi|Fire Punch|p1a: Zapdos
|-damage|p1a: Zapdos|89/100
|
|-weather|Sandstorm|[upkeep]
|-damage|p1a: Zapdos|83/100|[from] Sandstorm
|-heal|p2a: Jirachi|73/100|[from] item: Leftovers
|-heal|p1a: Zapdos|89/100|[from] item: Leftovers
|upkeep
|turn|17
|
|t:|1731433160
|move|p2a: Jirachi|Protect|p2a: Jirachi
|-singleturn|p2a: Jirachi|Protect
|move|p1a: Zapdos|Thunderbolt|p2a: Jirachi
|-activate|p2a: Jirachi|Protect
|
|-weather|Sandstorm|[upkeep]
|-damage|p1a: Zapdos|83/100|[from] Sandstorm
|-heal|p2a: Jirachi|79/100|[from] item: Leftovers
|-heal|p1a: Zapdos|89/100|[from] item: Leftovers
|upkeep
|turn|18
|
|t:|1731433169
|switch|p2a: Blissey|Blissey, F|94/100
|-damage|p2a: Blissey|82/100|[from] Spikes
|move|p1a: Zapdos|Thunderbolt|p2a: Blissey
|-damage|p2a: Blissey|66/100
|
|-weather|Sandstorm|[upkeep]
|-damage|p1a: Zapdos|83/100|[from] Sandstorm
|-damage|p2a: Blissey|60/100|[from] Sandstorm
|-heal|p1a: Zapdos|89/100|[from] item: Leftovers
|-heal|p2a: Blissey|66/100|[from] item: Leftovers
|upkeep
|turn|19
|
|t:|1731433174
|move|p1a: Zapdos|Toxic|p2a: Blissey
|-status|p2a: Blissey|tox
|move|p2a: Blissey|Soft-Boiled|p2a: Blissey
|-heal|p2a: Blissey|100/100 tox
|
|-weather|Sandstorm|[upkeep]
|-damage|p1a: Zapdos|83/100|[from] Sandstorm
|-damage|p2a: Blissey|94/100 tox|[from] Sandstorm
|-heal|p1a: Zapdos|89/100|[from] item: Leftovers
|-heal|p2a: Blissey|100/100 tox|[from] item: Leftovers
|-damage|p2a: Blissey|94/100 tox|[from] psn
|upkeep
|turn|20
|
|t:|1731433179
|move|p2a: Blissey|Ice Beam|p1a: Zapdos
|-supereffective|p1a: Zapdos
|-damage|p1a: Zapdos|55/100
|move|p1a: Zapdos|Roar|p2a: Blissey
|-curestatus|p2a: Blissey|tox|[from] ability: Natural Cure
|drag|p2a: Tyranitar|Tyranitar, M|100/100
|-damage|p2a: Tyranitar|88/100|[from] Spikes
|
|-weather|Sandstorm|[upkeep]
|-damage|p1a: Zapdos|49/100|[from] Sandstorm
|-heal|p1a: Zapdos|55/100|[from] item: Leftovers
|-heal|p2a: Tyranitar|94/100|[from] item: Leftovers
|upkeep
|turn|21
|
|t:|1731433200
|-singleturn|p2a: Tyranitar|move: Focus Punch
|switch|p1a: Celebi|Celebi|94/100
|-damage|p1a: Celebi|82/100|[from] Spikes
|move|p2a: Tyranitar|Focus Punch|p1a: Celebi
|-resisted|p1a: Celebi
|-damage|p1a: Celebi|61/100
|
|-weather|Sandstorm|[upkeep]
|-damage|p1a: Celebi|54/100|[from] Sandstorm
|-heal|p1a: Celebi|61/100|[from] item: Leftovers
|-heal|p2a: Tyranitar|99/100|[from] item: Leftovers
|upkeep
|turn|22
|
|t:|1731433213
|-singleturn|p2a: Tyranitar|move: Focus Punch
|switch|p1a: Swampert|Swampert, F|86/100
|-damage|p1a: Swampert|74/100|[from] Spikes
|move|p2a: Tyranitar|Focus Punch|p1a: Swampert
|-damage|p1a: Swampert|34/100
|
|-weather|Sandstorm|[upkeep]
|-heal|p2a: Tyranitar|100/100|[from] item: Leftovers
|-heal|p1a: Swampert|40/100|[from] item: Leftovers
|upkeep
|turn|23
|
|t:|1731433231
|switch|p2a: Skarmory|Skarmory, M|100/100
|move|p1a: Swampert|Surf|p2a: Skarmory
|-damage|p2a: Skarmory|74/100
|
|-weather|Sandstorm|[upkeep]
|-heal|p2a: Skarmory|80/100|[from] item: Leftovers
|-heal|p1a: Swampert|46/100|[from] item: Leftovers
|upkeep
|turn|24
|
|t:|1731433252
|switch|p1a: Forretress|Forretress, F|77/100
|-damage|p1a: Forretress|64/100|[from] Spikes
|move|p2a: Skarmory|Roar|p1a: Forretress
|drag|p1a: Celebi|Celebi|61/100
|-damage|p1a: Celebi|48/100|[from] Spikes
|
|-weather|Sandstorm|[upkeep]
|-damage|p1a: Celebi|42/100|[from] Sandstorm
|-heal|p1a: Celebi|48/100|[from] item: Leftovers
|-heal|p2a: Skarmory|86/100|[from] item: Leftovers
|upkeep
|turn|25
|
|t:|1731433269
|move|p1a: Celebi|Hidden Power|p2a: Skarmory
|-supereffective|p2a: Skarmory
|-damage|p2a: Skarmory|56/100
|move|p2a: Skarmory|Drill Peck|p1a: Celebi
|-supereffective|p1a: Celebi
|-damage|p1a: Celebi|17/100
|
|-weather|Sandstorm|[upkeep]
|-damage|p1a: Celebi|11/100|[from] Sandstorm
|-heal|p1a: Celebi|17/100|[from] item: Leftovers
|-heal|p2a: Skarmory|62/100|[from] item: Leftovers
|upkeep
|turn|26
|inactive|Sieeeffmon has 270 seconds left.
|
|t:|1731433298
|move|p1a: Celebi|Recover|p1a: Celebi
|-heal|p1a: Celebi|67/100
|move|p2a: Skarmory|Drill Peck|p1a: Celebi
|-supereffective|p1a: Celebi
|-damage|p1a: Celebi|37/100
|
|-weather|Sandstorm|[upkeep]
|-damage|p1a: Celebi|30/100|[from] Sandstorm
|-heal|p1a: Celebi|37/100|[from] item: Leftovers
|-heal|p2a: Skarmory|68/100|[from] item: Leftovers
|upkeep
|turn|27
|
|t:|1731433307
|move|p1a: Celebi|Recover|p1a: Celebi
|-heal|p1a: Celebi|87/100
|move|p2a: Skarmory|Spikes|p1a: Celebi
|-sidestart|p1: garhamsandich|Spikes
|
|-weather|Sandstorm|[upkeep]
|-damage|p1a: Celebi|80/100|[from] Sandstorm
|-heal|p1a: Celebi|87/100|[from] item: Leftovers
|-heal|p2a: Skarmory|74/100|[from] item: Leftovers
|upkeep
|turn|28
|
|t:|1731433312
|move|p1a: Celebi|Leech Seed|p2a: Skarmory
|-start|p2a: Skarmory|move: Leech Seed
|move|p2a: Skarmory|Roar|p1a: Celebi
|drag|p1a: Blissey|Blissey, F|100/100
|-damage|p1a: Blissey|84/100|[from] Spikes
|
|-weather|Sandstorm|[upkeep]
|-damage|p1a: Blissey|78/100|[from] Sandstorm
|-heal|p2a: Skarmory|80/100|[from] item: Leftovers
|-damage|p2a: Skarmory|68/100|[from] Leech Seed|[of] p1a: Blissey
|-heal|p1a: Blissey|84/100|[silent]
|-heal|p1a: Blissey|90/100|[from] item: Leftovers
|upkeep
|turn|29
|
|t:|1731433334
|switch|p2a: Blissey|Blissey, F|94/100
|-damage|p2a: Blissey|82/100|[from] Spikes
|move|p1a: Blissey|Thunderbolt|p2a: Blissey
|-damage|p2a: Blissey|71/100
|
|-weather|Sandstorm|[upkeep]
|-damage|p2a: Blissey|65/100|[from] Sandstorm
|-damage|p1a: Blissey|84/100|[from] Sandstorm
|-heal|p2a: Blissey|71/100|[from] item: Leftovers
|-heal|p1a: Blissey|90/100|[from] item: Leftovers
|upkeep
|turn|30
|
|t:|1731433353
|move|p2a: Blissey|Ice Beam|p1a: Blissey
|-damage|p1a: Blissey|80/100
|move|p1a: Blissey|Toxic|p2a: Blissey
|-status|p2a: Blissey|tox
|
|-weather|Sandstorm|[upkeep]
|-damage|p2a: Blissey|65/100 tox|[from] Sandstorm
|-damage|p1a: Blissey|74/100|[from] Sandstorm
|-heal|p2a: Blissey|71/100 tox|[from] item: Leftovers
|-damage|p2a: Blissey|65/100 tox|[from] psn
|-heal|p1a: Blissey|80/100|[from] item: Leftovers
|upkeep
|turn|31
|
|t:|1731433359
|move|p2a: Blissey|Soft-Boiled|p2a: Blissey
|-heal|p2a: Blissey|100/100 tox
|move|p1a: Blissey|Soft-Boiled|p1a: Blissey
|-heal|p1a: Blissey|100/100
|
|-weather|Sandstorm|[upkeep]
|-damage|p2a: Blissey|94/100 tox|[from] Sandstorm
|-damage|p1a: Blissey|94/100|[from] Sandstorm
|-heal|p2a: Blissey|100/100 tox|[from] item: Leftovers
|-damage|p2a: Blissey|88/100 tox|[from] psn
|-heal|p1a: Blissey|100/100|[from] item: Leftovers
|upkeep
|turn|32
|
|t:|1731433377
|-curestatus|p2a: Blissey|tox|[from] ability: Natural Cure
|switch|p2a: Jirachi|Jirachi|79/100
|-damage|p2a: Jirachi|67/100|[from] Spikes
|switch|p1a: Zapdos|Zapdos|55/100
|
|-weather|Sandstorm|[upkeep]
|-damage|p1a: Zapdos|49/100|[from] Sandstorm
|-heal|p2a: Jirachi|73/100|[from] item: Leftovers
|-heal|p1a: Zapdos|55/100|[from] item: Leftovers
|upkeep
|turn|33
|
|t:|1731433395
|move|p2a: Jirachi|Protect|p2a: Jirachi
|-singleturn|p2a: Jirachi|Protect
|move|p1a: Zapdos|Rest|p1a: Zapdos
|-status|p1a: Zapdos|slp|[from] move: Rest
|-heal|p1a: Zapdos|100/100 slp|[silent]
|
|-weather|Sandstorm|[upkeep]
|-damage|p1a: Zapdos|94/100 slp|[from] Sandstorm
|-heal|p2a: Jirachi|79/100|[from] item: Leftovers
|-heal|p1a: Zapdos|100/100 slp|[from] item: Leftovers
|upkeep
|turn|34
|
|t:|1731433411
|switch|p2a: Tyranitar|Tyranitar, M|100/100
|-damage|p2a: Tyranitar|88/100|[from] Spikes
|cant|p1a: Zapdos|slp
|
|-weather|Sandstorm|[upkeep]
|-damage|p1a: Zapdos|94/100 slp|[from] Sandstorm
|-heal|p1a: Zapdos|100/100 slp|[from] item: Leftovers
|-heal|p2a: Tyranitar|94/100|[from] item: Leftovers
|upkeep
|turn|35
|
|t:|1731433425
|switch|p1a: Celebi|Celebi|87/100
|-damage|p1a: Celebi|70/100|[from] Spikes
|move|p2a: Tyranitar|Rock Slide|p1a: Celebi|[miss]
|-miss|p2a: Tyranitar|p1a: Celebi
|
|-weather|Sandstorm|[upkeep]
|-damage|p1a: Celebi|64/100|[from] Sandstorm
|-heal|p1a: Celebi|70/100|[from] item: Leftovers
|-heal|p2a: Tyranitar|99/100|[from] item: Leftovers
|upkeep
|turn|36
|
|t:|1731433431
|move|p1a: Celebi|Giga Drain|p2a: Tyranitar
|-supereffective|p2a: Tyranitar
|-damage|p2a: Tyranitar|61/100
|-heal|p1a: Celebi|88/100|[from] drain|[of] p2a: Tyranitar
|move|p2a: Tyranitar|Hidden Power|p1a: Celebi
|-supereffective|p1a: Celebi
|-damage|p1a: Celebi|17/100
|
|-weather|Sandstorm|[upkeep]
|-damage|p1a: Celebi|11/100|[from] Sandstorm
|-heal|p1a: Celebi|17/100|[from] item: Leftovers
|-heal|p2a: Tyranitar|67/100|[from] item: Leftovers
|upkeep
|turn|37
|
|t:|1731433439
|move|p1a: Celebi|Recover|p1a: Celebi
|-heal|p1a: Celebi|67/100
|move|p2a: Tyranitar|Hidden Power|p1a: Celebi
|-supereffective|p1a: Celebi
|-damage|p1a: Celebi|0 fnt
|faint|p1a: Celebi
|
|t:|1731433446
|switch|p1a: Aerodactyl|Aerodactyl, F|100/100
|
|-weather|Sandstorm|[upkeep]
|-heal|p2a: Tyranitar|73/100|[from] item: Leftovers
|upkeep
|turn|38
|
|t:|1731433460
|switch|p2a: Claydol|Claydol|88/100 tox
|move|p1a: Aerodactyl|Earthquake|p2a: Claydol
|-immune|p2a: Claydol
|
|-weather|Sandstorm|[upkeep]
|-heal|p2a: Claydol|94/100 tox|[from] item: Leftovers
|-damage|p2a: Claydol|88/100 tox|[from] psn
|upkeep
|turn|39
|
|t:|1731433483
|switch|p1a: Forretress|Forretress, F|64/100
|-damage|p1a: Forretress|48/100|[from] Spikes
|move|p2a: Claydol|Rapid Spin|p1a: Forretress
|-resisted|p1a: Forretress
|-damage|p1a: Forretress|46/100
|-sideend|p2: Sieeeffmon|Spikes|[from] move: Rapid Spin|[of] p2a: Claydol
|
|-weather|Sandstorm|[upkeep]
|-heal|p2a: Claydol|94/100 tox|[from] item: Leftovers
|-damage|p2a: Claydol|82/100 tox|[from] psn
|-heal|p1a: Forretress|52/100|[from] item: Leftovers
|upkeep
|turn|40
|
|t:|1731433488
|switch|p2a: Skarmory|Skarmory, M|68/100
|move|p1a: Forretress|Rapid Spin|p2a: Skarmory
|-resisted|p2a: Skarmory
|-damage|p2a: Skarmory|66/100
|-sideend|p1: garhamsandich|Spikes|[from] move: Rapid Spin|[of] p1a: Forretress
|
|-weather|Sandstorm|[upkeep]
|-heal|p2a: Skarmory|72/100|[from] item: Leftovers
|-heal|p1a: Forretress|58/100|[from] item: Leftovers
|upkeep
|turn|41
|
|t:|1731433499
|move|p2a: Skarmory|Spikes|p1a: Forretress
|-sidestart|p1: garhamsandich|Spikes
|move|p1a: Forretress|Spikes|p2a: Skarmory
|-sidestart|p2: Sieeeffmon|Spikes
|
|-weather|Sandstorm|[upkeep]
|-heal|p2a: Skarmory|78/100|[from] item: Leftovers
|-heal|p1a: Forretress|65/100|[from] item: Leftovers
|upkeep
|turn|42
|
|t:|1731433507
|switch|p1a: Zapdos|Zapdos|100/100 slp
|move|p2a: Skarmory|Drill Peck|p1a: Zapdos
|-resisted|p1a: Zapdos
|-damage|p1a: Zapdos|89/100 slp
|
|-weather|Sandstorm|[upkeep]
|-damage|p1a: Zapdos|83/100 slp|[from] Sandstorm
|-heal|p1a: Zapdos|89/100 slp|[from] item: Leftovers
|-heal|p2a: Skarmory|84/100|[from] item: Leftovers
|upkeep
|turn|43
|
|t:|1731433512
|switch|p2a: Tyranitar|Tyranitar, M|73/100
|-damage|p2a: Tyranitar|61/100|[from] Spikes
|cant|p1a: Zapdos|slp
|
|-weather|Sandstorm|[upkeep]
|-damage|p1a: Zapdos|83/100 slp|[from] Sandstorm
|-heal|p1a: Zapdos|89/100 slp|[from] item: Leftovers
|-heal|p2a: Tyranitar|67/100|[from] item: Leftovers
|upkeep
|turn|44
|
|t:|1731433519
|switch|p1a: Swampert|Swampert, F|46/100
|-damage|p1a: Swampert|34/100|[from] Spikes
|move|p2a: Tyranitar|Rock Slide|p1a: Swampert
|-resisted|p1a: Swampert
|-damage|p1a: Swampert|19/100
|
|-weather|Sandstorm|[upkeep]
|-heal|p2a: Tyranitar|73/100|[from] item: Leftovers
|-heal|p1a: Swampert|25/100|[from] item: Leftovers
|upkeep
|turn|45
|
|t:|1731433535
|move|p1a: Swampert|Protect|p1a: Swampert
|-singleturn|p1a: Swampert|Protect
|move|p2a: Tyranitar|Earthquake|p1a: Swampert
|-activate|p1a: Swampert|Protect
|
|-weather|Sandstorm|[upkeep]
|-heal|p2a: Tyranitar|79/100|[from] item: Leftovers
|-heal|p1a: Swampert|31/100|[from] item: Leftovers
|upkeep
|turn|46
|
|t:|1731433549
|switch|p2a: Skarmory|Skarmory, M|84/100
|move|p1a: Swampert|Surf|p2a: Skarmory
|-damage|p2a: Skarmory|43/100
|
|-weather|Sandstorm|[upkeep]
|-heal|p2a: Skarmory|49/100|[from] item: Leftovers
|-heal|p1a: Swampert|37/100|[from] item: Leftovers
|upkeep
|turn|47
|
|t:|1731433561
|move|p1a: Swampert|Surf|p2a: Skarmory
|-damage|p2a: Skarmory|22/100
|move|p2a: Skarmory|Roar|p1a: Swampert
|drag|p1a: Aerodactyl|Aerodactyl, F|100/100
|
|-weather|Sandstorm|[upkeep]
|-heal|p2a: Skarmory|28/100|[from] item: Leftovers
|upkeep
|turn|48
|
|t:|1731433565
|move|p2a: Skarmory|Protect|p2a: Skarmory
|-singleturn|p2a: Skarmory|Protect
|move|p1a: Aerodactyl|Rock Slide|p2a: Skarmory|[miss]
|-miss|p1a: Aerodactyl|p2a: Skarmory
|
|-weather|Sandstorm|[upkeep]
|-heal|p2a: Skarmory|34/100|[from] item: Leftovers
|upkeep
|turn|49
|
|t:|1731433570
|switch|p1a: Swampert|Swampert, F|37/100
|-damage|p1a: Swampert|25/100|[from] Spikes
|switch|p2a: Jirachi|Jirachi|79/100
|-damage|p2a: Jirachi|67/100|[from] Spikes
|
|-weather|Sandstorm|[upkeep]
|-heal|p2a: Jirachi|73/100|[from] item: Leftovers
|-heal|p1a: Swampert|31/100|[from] item: Leftovers
|upkeep
|turn|50
|
|t:|1731433577
|move|p2a: Jirachi|Toxic|p1a: Swampert
|-status|p1a: Swampert|tox
|move|p1a: Swampert|Surf|p2a: Jirachi
|-damage|p2a: Jirachi|37/100
|
|-weather|Sandstorm|[upkeep]
|-heal|p2a: Jirachi|43/100|[from] item: Leftovers
|-heal|p1a: Swampert|37/100 tox|[from] item: Leftovers
|-damage|p1a: Swampert|31/100 tox|[from] psn
|upkeep
|turn|51
|
|t:|1731433583
|move|p2a: Jirachi|Wish|p2a: Jirachi
|move|p1a: Swampert|Refresh|p1a: Swampert
|-curestatus|p1a: Swampert|tox|[msg]
|
|-weather|Sandstorm|[upkeep]
|-heal|p2a: Jirachi|49/100|[from] item: Leftovers
|-heal|p1a: Swampert|37/100|[from] item: Leftovers
|upkeep
|turn|52
|
|t:|1731433598
|move|p2a: Jirachi|Toxic|p1a: Swampert
|-status|p1a: Swampert|tox
|move|p1a: Swampert|Surf|p2a: Jirachi
|-damage|p2a: Jirachi|25/100
|
|-heal|p2a: Jirachi|75/100|[from] move: Wish|[wisher] Jirachi
|-weather|Sandstorm|[upkeep]
|-heal|p2a: Jirachi|81/100|[from] item: Leftovers
|-heal|p1a: Swampert|44/100 tox|[from] item: Leftovers
|-damage|p1a: Swampert|37/100 tox|[from] psn
|upkeep
|turn|53
|
|t:|1731433625
|switch|p2a: Blissey|Blissey, F|88/100
|-damage|p2a: Blissey|76/100|[from] Spikes
|move|p1a: Swampert|Refresh|p1a: Swampert
|-curestatus|p1a: Swampert|tox|[msg]
|
|-weather|Sandstorm|[upkeep]
|-damage|p2a: Blissey|70/100|[from] Sandstorm
|-heal|p1a: Swampert|44/100|[from] item: Leftovers
|-heal|p2a: Blissey|76/100|[from] item: Leftovers
|upkeep
|turn|54
|
|t:|1731433636
|move|p1a: Swampert|Protect|p1a: Swampert
|-singleturn|p1a: Swampert|Protect
|move|p2a: Blissey|Ice Beam|p1a: Swampert
|-activate|p1a: Swampert|Protect
|
|-weather|Sandstorm|[upkeep]
|-damage|p2a: Blissey|70/100|[from] Sandstorm
|-heal|p1a: Swampert|50/100|[from] item: Leftovers
|-heal|p2a: Blissey|76/100|[from] item: Leftovers
|upkeep
|turn|55
|
|t:|1731433641
|switch|p1a: Blissey|Blissey, F|100/100
|-damage|p1a: Blissey|88/100|[from] Spikes
|move|p2a: Blissey|Ice Beam|p1a: Blissey
|-damage|p1a: Blissey|77/100
|
|-weather|Sandstorm|[upkeep]
|-damage|p2a: Blissey|70/100|[from] Sandstorm
|-damage|p1a: Blissey|71/100|[from] Sandstorm
|-heal|p2a: Blissey|76/100|[from] item: Leftovers
|-heal|p1a: Blissey|77/100|[from] item: Leftovers
|upkeep
|turn|56
|
|t:|1731433657
|switch|p2a: Jirachi|Jirachi|81/100
|-damage|p2a: Jirachi|69/100|[from] Spikes
|move|p1a: Blissey|Soft-Boiled|p1a: Blissey
|-heal|p1a: Blissey|100/100
|
|-weather|Sandstorm|[upkeep]
|-damage|p1a: Blissey|94/100|[from] Sandstorm
|-heal|p2a: Jirachi|75/100|[from] item: Leftovers
|-heal|p1a: Blissey|100/100|[from] item: Leftovers
|upkeep
|turn|57
|
|t:|1731433666
|switch|p1a: Swampert|Swampert, F|50/100
|-damage|p1a: Swampert|37/100|[from] Spikes
|move|p2a: Jirachi|Toxic|p1a: Swampert
|-status|p1a: Swampert|tox
|
|-weather|Sandstorm|[upkeep]
|-heal|p2a: Jirachi|81/100|[from] item: Leftovers
|-heal|p1a: Swampert|44/100 tox|[from] item: Leftovers
|-damage|p1a: Swampert|37/100 tox|[from] psn
|upkeep
|turn|58
|
|t:|1731433690
|move|p2a: Jirachi|Fire Punch|p1a: Swampert
|-resisted|p1a: Swampert
|-damage|p1a: Swampert|30/100 tox
|move|p1a: Swampert|Refresh|p1a: Swampert
|-curestatus|p1a: Swampert|tox|[msg]
|
|-weather|Sandstorm|[upkeep]
|-heal|p2a: Jirachi|87/100|[from] item: Leftovers
|-heal|p1a: Swampert|36/100|[from] item: Leftovers
|upkeep
|turn|59
|
|t:|1731433694
|move|p2a: Jirachi|Toxic|p1a: Swampert
|-status|p1a: Swampert|tox
|move|p1a: Swampert|Surf|p2a: Jirachi
|-damage|p2a: Jirachi|62/100
|
|-weather|Sandstorm|[upkeep]
|-heal|p2a: Jirachi|68/100|[from] item: Leftovers
|-heal|p1a: Swampert|42/100 tox|[from] item: Leftovers
|-damage|p1a: Swampert|36/100 tox|[from] psn
|upkeep
|turn|60
|
|t:|1731433708
|switch|p2a: Blissey|Blissey, F|76/100
|-damage|p2a: Blissey|63/100|[from] Spikes
|move|p1a: Swampert|Refresh|p1a: Swampert
|-curestatus|p1a: Swampert|tox|[msg]
|
|-weather|Sandstorm|[upkeep]
|-damage|p2a: Blissey|57/100|[from] Sandstorm
|-heal|p1a: Swampert|42/100|[from] item: Leftovers
|-heal|p2a: Blissey|63/100|[from] item: Leftovers
|upkeep
|turn|61
|
|t:|1731433712
|move|p1a: Swampert|Protect|p1a: Swampert
|-singleturn|p1a: Swampert|Protect
|move|p2a: Blissey|Calm Mind|p2a: Blissey
|-boost|p2a: Blissey|spa|1
|-boost|p2a: Blissey|spd|1
|
|-weather|Sandstorm|[upkeep]
|-damage|p2a: Blissey|57/100|[from] Sandstorm
|-heal|p1a: Swampert|49/100|[from] item: Leftovers
|-heal|p2a: Blissey|63/100|[from] item: Leftovers
|upkeep
|turn|62
|
|t:|1731433718
|switch|p1a: Blissey|Blissey, F|100/100
|-damage|p1a: Blissey|88/100|[from] Spikes
|move|p2a: Blissey|Ice Beam|p1a: Blissey
|-damage|p1a: Blissey|72/100
|
|-weather|Sandstorm|[upkeep]
|-damage|p2a: Blissey|57/100|[from] Sandstorm
|-damage|p1a: Blissey|65/100|[from] Sandstorm
|-heal|p2a: Blissey|63/100|[from] item: Leftovers
|-heal|p1a: Blissey|72/100|[from] item: Leftovers
|upkeep
|turn|63
|
|t:|1731433730
|move|p2a: Blissey|Soft-Boiled|p2a: Blissey
|-heal|p2a: Blissey|100/100
|move|p1a: Blissey|Soft-Boiled|p1a: Blissey
|-heal|p1a: Blissey|100/100
|
|-weather|Sandstorm|[upkeep]
|-damage|p2a: Blissey|94/100|[from] Sandstorm
|-damage|p1a: Blissey|94/100|[from] Sandstorm
|-heal|p2a: Blissey|100/100|[from] item: Leftovers
|-heal|p1a: Blissey|100/100|[from] item: Leftovers
|upkeep
|turn|64
|
|t:|1731433744
|switch|p2a: Jirachi|Jirachi|68/100
|-damage|p2a: Jirachi|56/100|[from] Spikes
|move|p1a: Blissey|Toxic|p2a: Jirachi
|-immune|p2a: Jirachi
|
|-weather|Sandstorm|[upkeep]
|-damage|p1a: Blissey|94/100|[from] Sandstorm
|-heal|p2a: Jirachi|62/100|[from] item: Leftovers
|-heal|p1a: Blissey|100/100|[from] item: Leftovers
|upkeep
|turn|65
|
|t:|1731433748
|switch|p1a: Swampert|Swampert, F|49/100
|-damage|p1a: Swampert|36/100|[from] Spikes
|move|p2a: Jirachi|Wish|p2a: Jirachi
|
|-weather|Sandstorm|[upkeep]
|-heal|p2a: Jirachi|68/100|[from] item: Leftovers
|-heal|p1a: Swampert|42/100|[from] item: Leftovers
|upkeep
|turn|66
|
|t:|1731433762
|move|p2a: Jirachi|Toxic|p1a: Swampert|[miss]
|-miss|p2a: Jirachi|p1a: Swampert
|move|p1a: Swampert|Surf|p2a: Jirachi
|-damage|p2a: Jirachi|45/100
|
|-heal|p2a: Jirachi|95/100|[from] move: Wish|[wisher] Jirachi
|-weather|Sandstorm|[upkeep]
|-heal|p2a: Jirachi|100/100|[from] item: Leftovers
|-heal|p1a: Swampert|49/100|[from] item: Leftovers
|upkeep
|turn|67
|
|t:|1731433767
|move|p2a: Jirachi|Toxic|p1a: Swampert
|-status|p1a: Swampert|tox
|move|p1a: Swampert|Surf|p2a: Jirachi
|-damage|p2a: Jirachi|78/100
|
|-weather|Sandstorm|[upkeep]
|-heal|p2a: Jirachi|84/100|[from] item: Leftovers
|-heal|p1a: Swampert|55/100 tox|[from] item: Leftovers
|-damage|p1a: Swampert|49/100 tox|[from] psn
|upkeep
|turn|68
|
|t:|1731433786
|move|p2a: Jirachi|Wish|p2a: Jirachi
|move|p1a: Swampert|Refresh|p1a: Swampert
|-curestatus|p1a: Swampert|tox|[msg]
|
|-weather|Sandstorm|[upkeep]
|-heal|p2a: Jirachi|90/100|[from] item: Leftovers
|-heal|p1a: Swampert|55/100|[from] item: Leftovers
|upkeep
|turn|69
|
|t:|1731433796
|switch|p2a: Skarmory|Skarmory, M|34/100
|move|p1a: Swampert|Surf|p2a: Skarmory
|-damage|p2a: Skarmory|9/100
|
|-heal|p2a: Skarmory|59/100|[from] move: Wish|[wisher] Jirachi
|-weather|Sandstorm|[upkeep]
|-heal|p2a: Skarmory|65/100|[from] item: Leftovers
|-heal|p1a: Swampert|61/100|[from] item: Leftovers
|upkeep
|turn|70
|
|t:|1731433805
|move|p2a: Skarmory|Spikes|p1a: Swampert
|-sidestart|p1: garhamsandich|Spikes
|move|p1a: Swampert|Surf|p2a: Skarmory
|-damage|p2a: Skarmory|38/100
|
|-weather|Sandstorm|[upkeep]
|-heal|p2a: Skarmory|44/100|[from] item: Leftovers
|-heal|p1a: Swampert|67/100|[from] item: Leftovers
|upkeep
|turn|71
|
|t:|1731433809
|move|p2a: Skarmory|Protect|p2a: Skarmory
|-singleturn|p2a: Skarmory|Protect
|move|p1a: Swampert|Surf|p2a: Skarmory
|-activate|p2a: Skarmory|Protect
|
|-weather|Sandstorm|[upkeep]
|-heal|p2a: Skarmory|50/100|[from] item: Leftovers
|-heal|p1a: Swampert|73/100|[from] item: Leftovers
|upkeep
|turn|72
|
|t:|1731433822
|switch|p2a: Blissey|Blissey, F|100/100
|-damage|p2a: Blissey|88/100|[from] Spikes
|move|p1a: Swampert|Surf|p2a: Blissey
|-crit|p2a: Blissey
|-damage|p2a: Blissey|66/100
|
|-weather|Sandstorm|[upkeep]
|-damage|p2a: Blissey|60/100|[from] Sandstorm
|-heal|p1a: Swampert|80/100|[from] item: Leftovers
|-heal|p2a: Blissey|66/100|[from] item: Leftovers
|upkeep
|turn|73
|
|t:|1731433833
|move|p1a: Swampert|Toxic|p2a: Blissey|[miss]
|-miss|p1a: Swampert|p2a: Blissey
|move|p2a: Blissey|Calm Mind|p2a: Blissey
|-boost|p2a: Blissey|spa|1
|-boost|p2a: Blissey|spd|1
|
|-weather|Sandstorm|[upkeep]
|-damage|p2a: Blissey|60/100|[from] Sandstorm
|-heal|p1a: Swampert|86/100|[from] item: Leftovers
|-heal|p2a: Blissey|66/100|[from] item: Leftovers
|upkeep
|turn|74
|
|t:|1731433837
|switch|p1a: Blissey|Blissey, F|100/100
|-damage|p1a: Blissey|84/100|[from] Spikes
|move|p2a: Blissey|Ice Beam|p1a: Blissey
|-damage|p1a: Blissey|69/100
|
|-weather|Sandstorm|[upkeep]
|-damage|p2a: Blissey|60/100|[from] Sandstorm
|-damage|p1a: Blissey|63/100|[from] Sandstorm
|-heal|p2a: Blissey|66/100|[from] item: Leftovers
|-heal|p1a: Blissey|69/100|[from] item: Leftovers
|upkeep
|turn|75
|
|t:|1731433845
|move|p2a: Blissey|Ice Beam|p1a: Blissey
|-damage|p1a: Blissey|55/100
|move|p1a: Blissey|Soft-Boiled|p1a: Blissey
|-heal|p1a: Blissey|100/100
|
|-weather|Sandstorm|[upkeep]
|-damage|p2a: Blissey|60/100|[from] Sandstorm
|-damage|p1a: Blissey|94/100|[from] Sandstorm
|-heal|p2a: Blissey|66/100|[from] item: Leftovers
|-heal|p1a: Blissey|100/100|[from] item: Leftovers
|upkeep
|turn|76
|
|t:|1731433848
|move|p2a: Blissey|Soft-Boiled|p2a: Blissey
|-heal|p2a: Blissey|100/100
|move|p1a: Blissey|Toxic|p2a: Blissey
|-status|p2a: Blissey|tox
|
|-weather|Sandstorm|[upkeep]
|-damage|p2a: Blissey|94/100 tox|[from] Sandstorm
|-damage|p1a: Blissey|94/100|[from] Sandstorm
|-heal|p2a: Blissey|100/100 tox|[from] item: Leftovers
|-damage|p2a: Blissey|94/100 tox|[from] psn
|-heal|p1a: Blissey|100/100|[from] item: Leftovers
|upkeep
|turn|77
|
|t:|1731433854
|-curestatus|p2a: Blissey|tox|[from] ability: Natural Cure
|switch|p2a: Jirachi|Jirachi|90/100
|-damage|p2a: Jirachi|78/100|[from] Spikes
|switch|p1a: Swampert|Swampert, F|86/100
|-damage|p1a: Swampert|69/100|[from] Spikes
|
|-weather|Sandstorm|[upkeep]
|-heal|p2a: Jirachi|84/100|[from] item: Leftovers
|-heal|p1a: Swampert|75/100|[from] item: Leftovers
|upkeep
|turn|78
|
|t:|1731433860
|move|p2a: Jirachi|Toxic|p1a: Swampert
|-status|p1a: Swampert|tox
|move|p1a: Swampert|Surf|p2a: Jirachi
|-damage|p2a: Jirachi|59/100
|
|-weather|Sandstorm|[upkeep]
|-heal|p2a: Jirachi|65/100|[from] item: Leftovers
|-heal|p1a: Swampert|82/100 tox|[from] item: Leftovers
|-damage|p1a: Swampert|75/100 tox|[from] psn
|upkeep
|turn|79
|
|t:|1731433870
|move|p2a: Jirachi|Wish|p2a: Jirachi
|move|p1a: Swampert|Refresh|p1a: Swampert
|-curestatus|p1a: Swampert|tox|[msg]
|
|-weather|Sandstorm|[upkeep]
|-heal|p2a: Jirachi|72/100|[from] item: Leftovers
|-heal|p1a: Swampert|82/100|[from] item: Leftovers
|upkeep
|turn|80
|inactive|Sieeeffmon disconnected and has 300 seconds to reconnect!
|player|p2|
|inactive|Sieeeffmon reconnected and has 300 seconds left.
|player|p2|Sieeeffmon|266|
|
|t:|1731433891
|switch|p1a: Zapdos|Zapdos|89/100 slp
|move|p2a: Jirachi|Wish||[still]
|-fail|p2a: Jirachi
|
|-heal|p2a: Jirachi|100/100|[from] move: Wish|[wisher] Jirachi
|-weather|Sandstorm|[upkeep]
|-damage|p1a: Zapdos|83/100 slp|[from] Sandstorm
|-heal|p1a: Zapdos|89/100 slp|[from] item: Leftovers
|upkeep
|turn|81
|
|t:|1731433908
|move|p2a: Jirachi|Wish|p2a: Jirachi
|-curestatus|p1a: Zapdos|slp|[msg]
|move|p1a: Zapdos|Thunderbolt|p2a: Jirachi
|-damage|p2a: Jirachi|70/100
|
|-weather|Sandstorm|[upkeep]
|-damage|p1a: Zapdos|83/100|[from] Sandstorm
|-heal|p2a: Jirachi|76/100|[from] item: Leftovers
|-heal|p1a: Zapdos|89/100|[from] item: Leftovers
|upkeep
|turn|82
|
|t:|1731433921
|switch|p2a: Claydol|Claydol|82/100 tox
|switch|p1a: Swampert|Swampert, F|82/100
|-damage|p1a: Swampert|65/100|[from] Spikes
|
|-heal|p2a: Claydol|100/100 tox|[from] move: Wish|[wisher] Jirachi
|-weather|Sandstorm|[upkeep]
|-damage|p2a: Claydol|94/100 tox|[from] psn
|-heal|p1a: Swampert|71/100|[from] item: Leftovers
|upkeep
|turn|83
|inactive|garhamsandich has 270 seconds left.
|
|t:|1731433968
|switch|p2a: Blissey|Blissey, F|94/100
|-damage|p2a: Blissey|82/100|[from] Spikes
|move|p1a: Swampert|Refresh||[still]
|-fail|p1a: Swampert
|
|-weather|Sandstorm|[upkeep]
|-damage|p2a: Blissey|76/100|[from] Sandstorm
|-heal|p1a: Swampert|77/100|[from] item: Leftovers
|-heal|p2a: Blissey|82/100|[from] item: Leftovers
|upkeep
|turn|84
|
|t:|1731433983
|switch|p1a: Blissey|Blissey, F|100/100
|-damage|p1a: Blissey|84/100|[from] Spikes
|move|p2a: Blissey|Calm Mind|p2a: Blissey
|-boost|p2a: Blissey|spa|1
|-boost|p2a: Blissey|spd|1
|
|-weather|Sandstorm|[upkeep]
|-damage|p2a: Blissey|76/100|[from] Sandstorm
|-damage|p1a: Blissey|78/100|[from] Sandstorm
|-heal|p2a: Blissey|82/100|[from] item: Leftovers
|-heal|p1a: Blissey|84/100|[from] item: Leftovers
|upkeep
|turn|85
|
|t:|1731433993
|move|p2a: Blissey|Thunderbolt|p1a: Blissey
|-damage|p1a: Blissey|70/100
|move|p1a: Blissey|Toxic|p2a: Blissey
|-status|p2a: Blissey|tox
|
|-weather|Sandstorm|[upkeep]
|-damage|p2a: Blissey|76/100 tox|[from] Sandstorm
|-damage|p1a: Blissey|64/100|[from] Sandstorm
|-heal|p2a: Blissey|82/100 tox|[from] item: Leftovers
|-damage|p2a: Blissey|76/100 tox|[from] psn
|-heal|p1a: Blissey|70/100|[from] item: Leftovers
|upkeep
|turn|86
|
|t:|1731433999
|-curestatus|p2a: Blissey|tox|[from] ability: Natural Cure
|switch|p2a: Jirachi|Jirachi|76/100
|-damage|p2a: Jirachi|64/100|[from] Spikes
|switch|p1a: Forretress|Forretress, F|65/100
|-damage|p1a: Forretress|48/100|[from] Spikes
|
|-weather|Sandstorm|[upkeep]
|-heal|p2a: Jirachi|70/100|[from] item: Leftovers
|-heal|p1a: Forretress|54/100|[from] item: Leftovers
|upkeep
|turn|87
|
|t:|1731434007
|switch|p1a: Zapdos|Zapdos|89/100
|move|p2a: Jirachi|Fire Punch|p1a: Zapdos
|-damage|p1a: Zapdos|77/100
|
|-weather|Sandstorm|[upkeep]
|-damage|p1a: Zapdos|71/100|[from] Sandstorm
|-heal|p2a: Jirachi|76/100|[from] item: Leftovers
|-heal|p1a: Zapdos|77/100|[from] item: Leftovers
|upkeep
|turn|88
|inactive|garhamsandich has 270 seconds left.
|
|t:|1731434014
|move|p2a: Jirachi|Protect|p2a: Jirachi
|-singleturn|p2a: Jirachi|Protect
|move|p1a: Zapdos|Thunderbolt|p2a: Jirachi
|-activate|p2a: Jirachi|Protect
|
|-weather|Sandstorm|[upkeep]
|-damage|p1a: Zapdos|71/100|[from] Sandstorm
|-heal|p2a: Jirachi|82/100|[from] item: Leftovers
|-heal|p1a: Zapdos|77/100|[from] item: Leftovers
|upkeep
|turn|89
|
|t:|1731434024
|move|p2a: Jirachi|Toxic|p1a: Zapdos|[miss]
|-miss|p2a: Jirachi|p1a: Zapdos
|move|p1a: Zapdos|Thunderbolt|p2a: Jirachi
|-damage|p2a: Jirachi|51/100
|
|-weather|Sandstorm|[upkeep]
|-damage|p1a: Zapdos|71/100|[from] Sandstorm
|-heal|p2a: Jirachi|58/100|[from] item: Leftovers
|-heal|p1a: Zapdos|77/100|[from] item: Leftovers
|upkeep
|turn|90
|
|t:|1731434028
|move|p2a: Jirachi|Protect|p2a: Jirachi
|-singleturn|p2a: Jirachi|Protect
|move|p1a: Zapdos|Thunderbolt|p2a: Jirachi
|-activate|p2a: Jirachi|Protect
|
|-weather|Sandstorm|[upkeep]
|-damage|p1a: Zapdos|71/100|[from] Sandstorm
|-heal|p2a: Jirachi|64/100|[from] item: Leftovers
|-heal|p1a: Zapdos|77/100|[from] item: Leftovers
|upkeep
|turn|91
|
|t:|1731434034
|switch|p1a: Swampert|Swampert, F|77/100
|-damage|p1a: Swampert|61/100|[from] Spikes
|move|p2a: Jirachi|Wish|p2a: Jirachi
|
|-weather|Sandstorm|[upkeep]
|-heal|p2a: Jirachi|70/100|[from] item: Leftovers
|-heal|p1a: Swampert|67/100|[from] item: Leftovers
|upkeep
|turn|92
|
|t:|1731434051
|switch|p2a: Skarmory|Skarmory, M|50/100
|switch|p1a: Forretress|Forretress, F|54/100
|-damage|p1a: Forretress|38/100|[from] Spikes
|
|-heal|p2a: Skarmory|99/100|[from] move: Wish|[wisher] Jirachi
|-weather|Sandstorm|[upkeep]
|-heal|p2a: Skarmory|100/100|[from] item: Leftovers
|-heal|p1a: Forretress|44/100|[from] item: Leftovers
|upkeep
|turn|93
|
|t:|1731434061
|move|p2a: Skarmory|Drill Peck|p1a: Forretress
|-damage|p1a: Forretress|28/100
|move|p1a: Forretress|Rapid Spin|p2a: Skarmory
|-resisted|p2a: Skarmory
|-damage|p2a: Skarmory|99/100
|-sideend|p1: garhamsandich|Spikes|[from] move: Rapid Spin|[of] p1a: Forretress
|
|-weather|Sandstorm|[upkeep]
|-heal|p2a: Skarmory|100/100|[from] item: Leftovers
|-heal|p1a: Forretress|34/100|[from] item: Leftovers
|upkeep
|turn|94
|
|t:|1731434069
|move|p2a: Skarmory|Spikes|p1a: Forretress
|-sidestart|p1: garhamsandich|Spikes
|move|p1a: Forretress|Spikes|p2a: Skarmory
|-sidestart|p2: Sieeeffmon|Spikes
|
|-weather|Sandstorm|[upkeep]
|-heal|p1a: Forretress|41/100|[from] item: Leftovers
|upkeep
|turn|95
|
|t:|1731434073
|move|p2a: Skarmory|Drill Peck|p1a: Forretress
|-damage|p1a: Forretress|24/100
|move|p1a: Forretress|Rapid Spin|p2a: Skarmory
|-resisted|p2a: Skarmory
|-damage|p2a: Skarmory|99/100
|-sideend|p1: garhamsandich|Spikes|[from] move: Rapid Spin|[of] p1a: Forretress
|
|-weather|Sandstorm|[upkeep]
|-heal|p2a: Skarmory|100/100|[from] item: Leftovers
|-heal|p1a: Forretress|30/100|[from] item: Leftovers
|upkeep
|turn|96
|
|t:|1731434078
|move|p2a: Skarmory|Spikes|p1a: Forretress
|-sidestart|p1: garhamsandich|Spikes
|move|p1a: Forretress|Spikes|p2a: Skarmory
|-sidestart|p2: Sieeeffmon|Spikes
|
|-weather|Sandstorm|[upkeep]
|-heal|p1a: Forretress|37/100|[from] item: Leftovers
|upkeep
|turn|97
|
|t:|1731434081
|switch|p1a: Zapdos|Zapdos|77/100
|move|p2a: Skarmory|Drill Peck|p1a: Zapdos
|-resisted|p1a: Zapdos
|-crit|p1a: Zapdos
|-damage|p1a: Zapdos|55/100
|
|-weather|Sandstorm|[upkeep]
|-damage|p1a: Zapdos|48/100|[from] Sandstorm
|-heal|p1a: Zapdos|55/100|[from] item: Leftovers
|upkeep
|turn|98
|
|t:|1731434091
|move|p2a: Skarmory|Protect|p2a: Skarmory
|-singleturn|p2a: Skarmory|Protect
|move|p1a: Zapdos|Thunderbolt|p2a: Skarmory
|-activate|p2a: Skarmory|Protect
|
|-weather|Sandstorm|[upkeep]
|-damage|p1a: Zapdos|48/100|[from] Sandstorm
|-heal|p1a: Zapdos|55/100|[from] item: Leftovers
|upkeep
|turn|99
|
|t:|1731434095
|switch|p2a: Claydol|Claydol|94/100 tox
|move|p1a: Zapdos|Roar|p2a: Claydol
|drag|p2a: Jirachi|Jirachi|70/100
|-damage|p2a: Jirachi|45/100|[from] Spikes
|
|-weather|Sandstorm|[upkeep]
|-damage|p1a: Zapdos|48/100|[from] Sandstorm
|-heal|p2a: Jirachi|51/100|[from] item: Leftovers
|-heal|p1a: Zapdos|55/100|[from] item: Leftovers
|upkeep
|turn|100
|
|t:|1731434104
|move|p2a: Jirachi|Protect|p2a: Jirachi
|-singleturn|p2a: Jirachi|Protect
|move|p1a: Zapdos|Thunderbolt|p2a: Jirachi
|-activate|p2a: Jirachi|Protect
|
|-weather|Sandstorm|[upkeep]
|-damage|p1a: Zapdos|48/100|[from] Sandstorm
|-heal|p2a: Jirachi|57/100|[from] item: Leftovers
|-heal|p1a: Zapdos|55/100|[from] item: Leftovers
|upkeep
|turn|101
|
|t:|1731434109
|move|p2a: Jirachi|Wish|p2a: Jirachi
|move|p1a: Zapdos|Thunderbolt|p2a: Jirachi
|-damage|p2a: Jirachi|26/100
|
|-weather|Sandstorm|[upkeep]
|-damage|p1a: Zapdos|48/100|[from] Sandstorm
|-heal|p2a: Jirachi|32/100|[from] item: Leftovers
|-heal|p1a: Zapdos|55/100|[from] item: Leftovers
|upkeep
|turn|102
|
|t:|1731434118
|move|p2a: Jirachi|Protect|p2a: Jirachi
|-singleturn|p2a: Jirachi|Protect
|move|p1a: Zapdos|Roar|p2a: Jirachi
|-activate|p2a: Jirachi|Protect
|
|-heal|p2a: Jirachi|82/100|[from] move: Wish|[wisher] Jirachi
|-weather|Sandstorm|[upkeep]
|-damage|p1a: Zapdos|48/100|[from] Sandstorm
|-heal|p2a: Jirachi|88/100|[from] item: Leftovers
|-heal|p1a: Zapdos|55/100|[from] item: Leftovers
|upkeep
|turn|103
|
|t:|1731434135
|switch|p1a: Swampert|Swampert, F|67/100
|-damage|p1a: Swampert|55/100|[from] Spikes
|move|p2a: Jirachi|Toxic|p1a: Swampert
|-status|p1a: Swampert|tox
|
|-weather|Sandstorm|[upkeep]
|-heal|p2a: Jirachi|95/100|[from] item: Leftovers
|-heal|p1a: Swampert|61/100 tox|[from] item: Leftovers
|-damage|p1a: Swampert|55/100 tox|[from] psn
|upkeep
|turn|104
|
|t:|1731434139
|switch|p2a: Skarmory|Skarmory, M|100/100
|move|p1a: Swampert|Refresh|p1a: Swampert
|-curestatus|p1a: Swampert|tox|[msg]
|
|-weather|Sandstorm|[upkeep]
|-heal|p1a: Swampert|61/100|[from] item: Leftovers
|upkeep
|turn|105
|
|t:|1731434156
|move|p2a: Skarmory|Spikes|p1a: Swampert
|-sidestart|p1: garhamsandich|Spikes
|move|p1a: Swampert|Surf|p2a: Skarmory
|-damage|p2a: Skarmory|76/100
|
|-weather|Sandstorm|[upkeep]
|-heal|p2a: Skarmory|82/100|[from] item: Leftovers
|-heal|p1a: Swampert|67/100|[from] item: Leftovers
|upkeep
|turn|106
|
|t:|1731434180
|switch|p1a: Forretress|Forretress, F|37/100
|-damage|p1a: Forretress|20/100|[from] Spikes
|move|p2a: Skarmory|Spikes|p1a: Forretress
|-sidestart|p1: garhamsandich|Spikes
|
|-weather|Sandstorm|[upkeep]
|-heal|p2a: Skarmory|88/100|[from] item: Leftovers
|-heal|p1a: Forretress|26/100|[from] item: Leftovers
|upkeep
|turn|107
|
|t:|1731434185
|move|p2a: Skarmory|Drill Peck|p1a: Forretress
|-damage|p1a: Forretress|10/100
|move|p1a: Forretress|Rapid Spin|p2a: Skarmory
|-resisted|p2a: Skarmory
|-damage|p2a: Skarmory|86/100
|-sideend|p1: garhamsandich|Spikes|[from] move: Rapid Spin|[of] p1a: Forretress
|
|-weather|Sandstorm|[upkeep]
|-heal|p2a: Skarmory|92/100|[from] item: Leftovers
|-heal|p1a: Forretress|16/100|[from] item: Leftovers
|upkeep
|turn|108
|
|t:|1731434194
|move|p2a: Skarmory|Spikes|p1a: Forretress
|-sidestart|p1: garhamsandich|Spikes
|move|p1a: Forretress|Rapid Spin|p2a: Skarmory
|-resisted|p2a: Skarmory
|-damage|p2a: Skarmory|91/100
|-sideend|p1: garhamsandich|Spikes|[from] move: Rapid Spin|[of] p1a: Forretress
|
|-weather|Sandstorm|[upkeep]
|-heal|p2a: Skarmory|97/100|[from] item: Leftovers
|-heal|p1a: Forretress|22/100|[from] item: Leftovers
|upkeep
|turn|109
|
|t:|1731434197
|switch|p1a: Zapdos|Zapdos|55/100
|move|p2a: Skarmory|Drill Peck|p1a: Zapdos
|-resisted|p1a: Zapdos
|-damage|p1a: Zapdos|44/100
|
|-weather|Sandstorm|[upkeep]
|-damage|p1a: Zapdos|37/100|[from] Sandstorm
|-heal|p1a: Zapdos|44/100|[from] item: Leftovers
|-heal|p2a: Skarmory|100/100|[from] item: Leftovers
|upkeep
|turn|110
|
|t:|1731434203
|move|p2a: Skarmory|Protect|p2a: Skarmory
|-singleturn|p2a: Skarmory|Protect
|move|p1a: Zapdos|Rest|p1a: Zapdos
|-status|p1a: Zapdos|slp|[from] move: Rest
|-heal|p1a: Zapdos|100/100 slp|[silent]
|
|-weather|Sandstorm|[upkeep]
|-damage|p1a: Zapdos|94/100 slp|[from] Sandstorm
|-heal|p1a: Zapdos|100/100 slp|[from] item: Leftovers
|upkeep
|turn|111
|
|t:|1731434206
|switch|p1a: Forretress|Forretress, F|22/100
|move|p2a: Skarmory|Spikes|p1a: Forretress
|-sidestart|p1: garhamsandich|Spikes
|
|-weather|Sandstorm|[upkeep]
|-heal|p1a: Forretress|28/100|[from] item: Leftovers
|upkeep
|turn|112
|
|t:|1731434211
|switch|p1a: Zapdos|Zapdos|100/100 slp
|move|p2a: Skarmory|Drill Peck|p1a: Zapdos
|-resisted|p1a: Zapdos
|-damage|p1a: Zapdos|89/100 slp
|
|-weather|Sandstorm|[upkeep]
|-damage|p1a: Zapdos|83/100 slp|[from] Sandstorm
|-heal|p1a: Zapdos|89/100 slp|[from] item: Leftovers
|upkeep
|turn|113
|inactive|garhamsandich has 270 seconds left.
|
|t:|1731434254
|switch|p1a: Swampert|Swampert, F|67/100
|-damage|p1a: Swampert|55/100|[from] Spikes
|move|p2a: Skarmory|Spikes|p1a: Swampert
|-sidestart|p1: garhamsandich|Spikes
|
|-weather|Sandstorm|[upkeep]
|-heal|p1a: Swampert|61/100|[from] item: Leftovers
|upkeep
|turn|114
|
|t:|1731434265
|move|p2a: Skarmory|Spikes|p1a: Swampert
|-sidestart|p1: garhamsandich|Spikes
|move|p1a: Swampert|Refresh||[still]
|-fail|p1a: Swampert
|
|-weather|Sandstorm|[upkeep]
|-heal|p1a: Swampert|67/100|[from] item: Leftovers
|upkeep
|turn|115
|
|t:|1731434273
|move|p1a: Swampert|Protect|p1a: Swampert
|-singleturn|p1a: Swampert|Protect
|move|p2a: Skarmory|Roar|p1a: Swampert
|-activate|p1a: Swampert|Protect
|
|-weather|Sandstorm|[upkeep]
|-heal|p1a: Swampert|73/100|[from] item: Leftovers
|upkeep
|turn|116
|
|t:|1731434277
|move|p1a: Swampert|Surf|p2a: Skarmory
|-damage|p2a: Skarmory|72/100
|move|p2a: Skarmory|Roar|p1a: Swampert
|drag|p1a: Forretress|Forretress, F|28/100
|-damage|p1a: Forretress|3/100|[from] Spikes
|
|-weather|Sandstorm|[upkeep]
|-heal|p2a: Skarmory|78/100|[from] item: Leftovers
|-heal|p1a: Forretress|10/100|[from] item: Leftovers
|upkeep
|turn|117
|
|t:|1731434287
|switch|p1a: Zapdos|Zapdos|89/100 slp
|move|p2a: Skarmory|Drill Peck|p1a: Zapdos
|-resisted|p1a: Zapdos
|-damage|p1a: Zapdos|77/100 slp
|
|-weather|Sandstorm|[upkeep]
|-damage|p1a: Zapdos|70/100 slp|[from] Sandstorm
|-heal|p1a: Zapdos|77/100 slp|[from] item: Leftovers
|-heal|p2a: Skarmory|84/100|[from] item: Leftovers
|upkeep
|turn|118
|
|t:|1731434292
|switch|p2a: Claydol|Claydol|94/100 tox
|cant|p1a: Zapdos|slp
|
|-weather|Sandstorm|[upkeep]
|-damage|p1a: Zapdos|70/100 slp|[from] Sandstorm
|-heal|p1a: Zapdos|77/100 slp|[from] item: Leftovers
|-heal|p2a: Claydol|100/100 tox|[from] item: Leftovers
|-damage|p2a: Claydol|94/100 tox|[from] psn
|upkeep
|turn|119
|
|t:|1731434297
|switch|p1a: Forretress|Forretress, F|10/100
|-damage|p1a: Forretress|0 fnt|[from] Spikes
|faint|p1a: Forretress
|
|t:|1731434299
|switch|p1a: Aerodactyl|Aerodactyl, F|100/100
|
|-weather|Sandstorm|[upkeep]
|-heal|p2a: Claydol|100/100 tox|[from] item: Leftovers
|-damage|p2a: Claydol|88/100 tox|[from] psn
|upkeep
|turn|120
|
|t:|1731434307
|move|p1a: Aerodactyl|Double-Edge|p2a: Claydol
|-damage|p2a: Claydol|38/100 tox
|move|p2a: Claydol|Rapid Spin|p1a: Aerodactyl
|-resisted|p1a: Aerodactyl
|-damage|p1a: Aerodactyl|97/100
|-sideend|p2: Sieeeffmon|Spikes|[from] move: Rapid Spin|[of] p2a: Claydol
|
|-weather|Sandstorm|[upkeep]
|-heal|p2a: Claydol|44/100 tox|[from] item: Leftovers
|-damage|p2a: Claydol|26/100 tox|[from] psn
|upkeep
|turn|121
|
|t:|1731434319
|switch|p1a: Swampert|Swampert, F|73/100
|-damage|p1a: Swampert|48/100|[from] Spikes
|switch|p2a: Skarmory|Skarmory, M|84/100
|
|-weather|Sandstorm|[upkeep]
|-heal|p2a: Skarmory|90/100|[from] item: Leftovers
|-heal|p1a: Swampert|55/100|[from] item: Leftovers
|upkeep
|turn|122
|
|t:|1731434328
|move|p1a: Swampert|Protect|p1a: Swampert
|-singleturn|p1a: Swampert|Protect
|move|p2a: Skarmory|Roar|p1a: Swampert
|-activate|p1a: Swampert|Protect
|
|-weather|Sandstorm|[upkeep]
|-heal|p2a: Skarmory|96/100|[from] item: Leftovers
|-heal|p1a: Swampert|61/100|[from] item: Leftovers
|upkeep
|turn|123
|
|t:|1731434333
|move|p1a: Swampert|Refresh||[still]
|-fail|p1a: Swampert
|move|p2a: Skarmory|Roar|p1a: Swampert
|drag|p1a: Blissey|Blissey, F|70/100
|-damage|p1a: Blissey|45/100|[from] Spikes
|
|-weather|Sandstorm|[upkeep]
|-damage|p1a: Blissey|39/100|[from] Sandstorm
|-heal|p2a: Skarmory|100/100|[from] item: Leftovers
|-heal|p1a: Blissey|45/100|[from] item: Leftovers
|upkeep
|turn|124
|
|t:|1731434341
|move|p1a: Blissey|Soft-Boiled|p1a: Blissey
|-heal|p1a: Blissey|95/100
|move|p2a: Skarmory|Roar|p1a: Blissey
|drag|p1a: Zapdos|Zapdos|77/100 slp
|
|-weather|Sandstorm|[upkeep]
|-damage|p1a: Zapdos|70/100 slp|[from] Sandstorm
|-heal|p1a: Zapdos|77/100 slp|[from] item: Leftovers
|upkeep
|turn|125
|
|t:|1731434350
|switch|p2a: Tyranitar|Tyranitar, M|79/100
|cant|p1a: Zapdos|slp
|
|-weather|Sandstorm|[upkeep]
|-damage|p1a: Zapdos|70/100 slp|[from] Sandstorm
|-heal|p1a: Zapdos|77/100 slp|[from] item: Leftovers
|-heal|p2a: Tyranitar|85/100|[from] item: Leftovers
|upkeep
|turn|126
|
|t:|1731434355
|switch|p1a: Swampert|Swampert, F|61/100
|-damage|p1a: Swampert|36/100|[from] Spikes
|move|p2a: Tyranitar|Rock Slide|p1a: Swampert
|-resisted|p1a: Swampert
|-damage|p1a: Swampert|20/100
|
|-weather|Sandstorm|[upkeep]
|-heal|p2a: Tyranitar|91/100|[from] item: Leftovers
|-heal|p1a: Swampert|26/100|[from] item: Leftovers
|upkeep
|turn|127
|
|t:|1731434362
|switch|p2a: Skarmory|Skarmory, M|100/100
|move|p1a: Swampert|Protect||[still]
|-fail|p1a: Swampert
|
|-weather|Sandstorm|[upkeep]
|-heal|p1a: Swampert|32/100|[from] item: Leftovers
|upkeep
|turn|128
|
|t:|1731434367
|move|p1a: Swampert|Protect|p1a: Swampert
|-singleturn|p1a: Swampert|Protect
|move|p2a: Skarmory|Roar|p1a: Swampert
|-activate|p1a: Swampert|Protect
|
|-weather|Sandstorm|[upkeep]
|-heal|p1a: Swampert|38/100|[from] item: Leftovers
|upkeep
|turn|129
|
|t:|1731434370
|move|p1a: Swampert|Surf|p2a: Skarmory
|-damage|p2a: Skarmory|72/100
|move|p2a: Skarmory|Roar|p1a: Swampert
|drag|p1a: Zapdos|Zapdos|77/100 slp
|
|-weather|Sandstorm|[upkeep]
|-damage|p1a: Zapdos|70/100 slp|[from] Sandstorm
|-heal|p1a: Zapdos|77/100 slp|[from] item: Leftovers
|-heal|p2a: Skarmory|78/100|[from] item: Leftovers
|upkeep
|turn|130
|c|☆garhamsandich|gg
|-message|garhamsandich forfeited.
|
|win|Sieeeffmon

</script>
<script type="application/json" class="data" id="replaydata-smogtours-gen3ou-806096">
{"id":"smogtours-gen3ou-806096","format":"[Gen 3] OU","players":["garhamsandich","Sieeeffmon"],"uploadtime":1731434377,"views":7,"formatid":"gen3ou","rating":null,"private":0,"password":null}
</script>

<script defer src="js/replays.js?9d40a366"></script>
