<!DOCTYPE html>
<meta charset="utf-8" />
<meta name="viewport" content="width=device-width" />

<title>[Gen 3] OU: dunsparce_real vs. Scansafatiche - Replays - Pok&eacute;mon Showdown!</title>

<meta name="description" content="Watch a replay of a Pok&eacute;mon battle between dunsparce_real and Scansafatiche! Format: [Gen 3] OU; Date: Oct 17, 2024" />
<!--

Hey, you! Looking in the source for the replay log?

You can find them in JSON format, just add `.json` at the end of a replay URL.

https://replay.pokemonshowdown.com/gen7randomdoublesbattle-865046831.json

Or, if you only need the log itself, add `.log` instead:

https://replay.pokemonshowdown.com/gen7randomdoublesbattle-865046831.log

-->

<link rel="stylesheet" href="//pokemonshowdown.com/style/global.css?0.767286132409787" />
<link rel="stylesheet" href="//play.pokemonshowdown.com/style/font-awesome.css?0.9266228007934947" />
<link rel="stylesheet" href="//play.pokemonshowdown.com/style/battle.css?0.7924700842790926" />
<link rel="stylesheet" href="//play.pokemonshowdown.com/style/utilichart.css?0.8777417872839479" />

<!-- Global site tag (gtag.js) - Google Analytics -->
<script async src="https://www.googletagmanager.com/gtag/js?id=UA-26211653-1"></script>
<script>
  window.dataLayer = window.dataLayer || [];
  function gtag(){dataLayer.push(arguments);}
  gtag('js', new Date());

  gtag('config', 'UA-26211653-1');
</script>
<!-- End Google Analytics -->
<!-- Venatus Ad Manager - Install in <HEAD> of page -->
	<script src="https://hb.vntsm.com/v3/live/ad-manager.min.js" type="text/javascript" data-site-id="642aba63ec9a7b11c3c9c1be" data-mode="scan" async></script>
<!-- / Venatus Ad Manager -->

<style>
	@media (max-width:820px) {
		.battle {
			margin: 0 auto;
		}
		.battle-log {
			margin: 7px auto 0;
			max-width: 640px;
			height: 300px;
			position: static;
		}
	}
	.optgroup {
		display: inline-block;
		line-height: 22px;
		font-size: 10pt;
	}
	.optgroup .button {
		height: 25px;
		padding-top: 0;
		padding-bottom: 0;
	}
	.optgroup button.button {
		padding-left: 12px;
		padding-right: 12px;
	}
	.linklist {
		list-style: none;
		margin: 0.5em 0;
		padding: 0;
	}
	.linklist li {
		padding: 2px 0;
	}
	.sidebar {
		float: left;
		width: 320px;
	}
	.bar-wrapper {
		max-width: 1100px;
		margin: 0 auto;
	}
	.bar-wrapper.has-sidebar {
		max-width: 1430px;
	}
	.mainbar {
		margin: 0;
		padding-right: 1px;
	}
	.mainbar.has-sidebar {
		margin-left: 330px;
	}
	@media (min-width: 1511px) {
		.sidebar {
			width: 400px;
		}
		.bar-wrapper.has-sidebar {
			max-width: 1510px;
		}
		.mainbar.has-sidebar {
			margin-left: 410px;
		}
	}
	.section.first-section {
		margin-top: 9px;
	}
	.blocklink small {
		white-space: normal;
	}
	.button {
		vertical-align: middle;
	}
	.replay-controls {
		padding-top: 10px;
	}
	.replay-controls h1 {
		font-size: 16pt;
		font-weight: normal;
		color: #CCC;
	}
	.pagelink {
		text-align: center;
	}
	.pagelink a {
		width: 150px;
	}
	.textbox, .button {
		font-size: 11pt;
		vertical-align: middle;
	}
	@media (max-width: 450px) {
		.button {
			font-size: 9pt;
		}
	}
</style>

<div>

	<header>
		<div class="nav-wrapper"><ul class="nav">
			<li><a class="button nav-first" href="//pokemonshowdown.com/"><img src="//pokemonshowdown.com/images/pokemonshowdownbeta.png" srcset="//pokemonshowdown.com/images/pokemonshowdownbeta.png 1x, //pokemonshowdown.com/images/pokemonshowdownbeta@2x.png 2x" alt="Pok&eacute;mon Showdown" width="146" height="44" /> Home</a></li>
			<li><a class="button" href="//pokemonshowdown.com/dex/">Pok&eacute;dex</a></li>
			<li><a class="button cur" href="/">Replays</a></li>
			<li><a class="button" href="//pokemonshowdown.com/ladder/">Ladder</a></li>
			<li><a class="button nav-last" href="//pokemonshowdown.com/forums/">Forum</a></li>
			<li><a class="button greenbutton nav-first nav-last" href="//play.pokemonshowdown.com/">Play</a></li>
		</ul></div>
	</header>

	<div class="main" id="main">

		<noscript><section class="section">You need to enable JavaScript to use this page; sorry!</section></noscript>

	</div>

</div>

<script defer nomodule src="//play.pokemonshowdown.com/js/lib/ps-polyfill.js"></script>
<script defer src="//play.pokemonshowdown.com/js/lib/preact.min.js"></script>

<script defer src="//play.pokemonshowdown.com/config/config.js?6dec07f6"></script>
<script defer src="//play.pokemonshowdown.com/js/lib/jquery-1.11.0.min.js"></script>
<script defer src="//play.pokemonshowdown.com/js/lib/html-sanitizer-minified.js"></script>
<script defer src="//play.pokemonshowdown.com/js/battle-sound.js"></script>
<script defer src="//play.pokemonshowdown.com/js/battledata.js?0.6315294753075389"></script>
<script defer src="//play.pokemonshowdown.com/data/pokedex-mini.js?0.7603743185311358"></script>
<script defer src="//play.pokemonshowdown.com/data/pokedex-mini-bw.js?0.030888842834281283"></script>
<script defer src="//play.pokemonshowdown.com/data/graphics.js?0.05593094747507488"></script>
<script defer src="//play.pokemonshowdown.com/data/pokedex.js?0.47064822249611904"></script>
<script defer src="//play.pokemonshowdown.com/data/moves.js?0.8583693120512459"></script>
<script defer src="//play.pokemonshowdown.com/data/abilities.js?0.16017181182386842"></script>
<script defer src="//play.pokemonshowdown.com/data/items.js?0.4163379185673943"></script>
<script defer src="//play.pokemonshowdown.com/data/teambuilder-tables.js?0.31075597372830477"></script>
<script defer src="//play.pokemonshowdown.com/js/battle-tooltips.js?0.6536193500708172"></script>
<script defer src="//play.pokemonshowdown.com/js/battle.js?0.1916591943277901"></script>

<script defer src="js/utils.js?e31f9a17"></script>
<script defer src="js/replays-battle.js?7008c182"></script>

<!-- don't scrape this data! just add .json or .log after the URL!
Full API docs: https://github.com/smogon/pokemon-showdown-client/blob/master/WEB-API.md -->
<script type="text/plain" class="log" id="replaylog-smogtours-gen3ou-799407">
|inactive|Battle timer is ON: inactive players will automatically lose when time's up.
|t:|1729203328
|gametype|singles
|player|p1|dunsparce_real|guitarist|
|player|p2|Scansafatiche|n|
|teamsize|p1|6
|teamsize|p2|6
|gen|3
|tier|[Gen 3] OU
|rule|Sleep Clause Mod: Limit one foe put to sleep
|rule|Switch Priority Clause Mod: Faster Pokémon switch first
|rule|Species Clause: Limit one of each Pokémon
|rule|OHKO Clause: OHKO moves are banned
|rule|Evasion Items Clause: Evasion items are banned
|rule|Evasion Moves Clause: Evasion moves are banned
|rule|Endless Battle Clause: Forcing endless battles is banned
|rule|HP Percentage Mod: HP is shown in percentages
|rule|One Boost Passer Clause: Limit one Baton Passer that has a way to boost its stats
|rule|Freeze Clause Mod: Limit one foe frozen
|
|t:|1729203328
|start
|switch|p1a: Stapler|Skarmory, F|100/100
|switch|p2a: Magneton|Magneton|100/100
|turn|1
|c|☆dunsparce_real|glhf
|c|☆Scansafatiche|glhf
|c|☆Scansafatiche|one sec have to mute my audio
|c|☆Scansafatiche|got jump scared
|
|t:|1729203352
|move|p2a: Magneton|Thunderbolt|p1a: Stapler
|-supereffective|p1a: Stapler
|-damage|p1a: Stapler|0 fnt
|faint|p1a: Stapler
|c|☆dunsparce_real|lol np
|
|t:|1729203360
|switch|p1a: King the Wildfire|Aerodactyl, F|100/100
|
|upkeep
|turn|2
|
|t:|1729203374
|switch|p2a: Skarmory|Skarmory, M|100/100
|move|p1a: King the Wildfire|Earthquake|p2a: Skarmory
|-immune|p2a: Skarmory
|
|upkeep
|turn|3
|inactive|Scansafatiche has 270 seconds left.
|
|t:|1729203405
|switch|p1a: The Geng|Gengar, M|100/100
|move|p2a: Skarmory|Spikes|p1a: The Geng
|-sidestart|p1: dunsparce_real|Spikes
|
|upkeep
|turn|4
|
|t:|1729203412
|switch|p2a: Dusclops|Dusclops, F|100/100
|move|p1a: The Geng|Will-O-Wisp|p2a: Dusclops
|-status|p2a: Dusclops|brn
|
|-damage|p2a: Dusclops|88/100 brn|[from] brn
|upkeep
|turn|5
|inactive|dunsparce_real has 270 seconds left.
|inactive|Scansafatiche has 270 seconds left.
|
|t:|1729203453
|move|p1a: The Geng|Thunderbolt|p2a: Dusclops
|-damage|p2a: Dusclops|67/100 brn
|move|p2a: Dusclops|Will-O-Wisp|p1a: The Geng
|-status|p1a: The Geng|brn
|
|-damage|p1a: The Geng|88/100 brn|[from] brn
|-heal|p2a: Dusclops|73/100 brn|[from] item: Leftovers
|-damage|p2a: Dusclops|61/100 brn|[from] brn
|upkeep
|turn|6
|inactive|Scansafatiche has 270 seconds left.
|
|t:|1729203459
|switch|p1a: SUPERCOMPUTER|Metagross|100/100
|-damage|p1a: SUPERCOMPUTER|88/100|[from] Spikes
|move|p2a: Dusclops|Rest|p2a: Dusclops
|-status|p2a: Dusclops|slp|[from] move: Rest
|-heal|p2a: Dusclops|100/100 slp|[silent]
|
|-heal|p1a: SUPERCOMPUTER|94/100|[from] item: Leftovers
|upkeep
|turn|7
|inactive|Scansafatiche has 270 seconds left.
|inactive|dunsparce_real has 270 seconds left.
|
|t:|1729203488
|switch|p2a: Skarmory|Skarmory, M|100/100
|move|p1a: SUPERCOMPUTER|Agility|p1a: SUPERCOMPUTER
|-boost|p1a: SUPERCOMPUTER|spe|2
|
|-heal|p1a: SUPERCOMPUTER|100/100|[from] item: Leftovers
|upkeep
|turn|8
|
|t:|1729203496
|move|p2a: Skarmory|Protect|p2a: Skarmory
|-singleturn|p2a: Skarmory|Protect
|move|p1a: SUPERCOMPUTER|Meteor Mash|p2a: Skarmory
|-activate|p2a: Skarmory|Protect
|
|upkeep
|turn|9
|
|t:|1729203503
|move|p1a: SUPERCOMPUTER|Meteor Mash|p2a: Skarmory
|-resisted|p2a: Skarmory
|-damage|p2a: Skarmory|79/100
|move|p2a: Skarmory|Spikes|p1a: SUPERCOMPUTER
|-sidestart|p1: dunsparce_real|Spikes
|
|-heal|p2a: Skarmory|85/100|[from] item: Leftovers
|upkeep
|turn|10
|inactive|Scansafatiche has 270 seconds left.
|
|t:|1729203516
|switch|p1a: The Geng|Gengar, M|88/100 brn
|move|p2a: Skarmory|Protect||[still]
|-fail|p2a: Skarmory
|
|-heal|p1a: The Geng|94/100 brn|[from] item: Leftovers
|-damage|p1a: The Geng|82/100 brn|[from] brn
|-heal|p2a: Skarmory|91/100|[from] item: Leftovers
|upkeep
|turn|11
|
|t:|1729203519
|switch|p2a: Dusclops|Dusclops, F|100/100 slp
|move|p1a: The Geng|Thunderbolt|p2a: Dusclops
|-damage|p2a: Dusclops|79/100 slp
|
|-heal|p1a: The Geng|88/100 brn|[from] item: Leftovers
|-damage|p1a: The Geng|76/100 brn|[from] brn
|-heal|p2a: Dusclops|85/100 slp|[from] item: Leftovers
|upkeep
|turn|12
|
|t:|1729203545
|switch|p1a: King the Wildfire|Aerodactyl, F|100/100
|cant|p2a: Dusclops|slp
|
|-heal|p2a: Dusclops|91/100 slp|[from] item: Leftovers
|upkeep
|turn|13
|
|t:|1729203554
|switch|p2a: Suicune|Suicune|100/100
|move|p1a: King the Wildfire|Rock Slide|p2a: Suicune
|-damage|p2a: Suicune|72/100
|
|-heal|p2a: Suicune|79/100|[from] item: Leftovers
|upkeep
|turn|14
|inactive|dunsparce_real has 270 seconds left.
|
|t:|1729203588
|switch|p1a: The Geng|Gengar, M|76/100 brn
|move|p2a: Suicune|Surf|p1a: The Geng
|-damage|p1a: The Geng|39/100 brn
|
|-heal|p1a: The Geng|45/100 brn|[from] item: Leftovers
|-damage|p1a: The Geng|33/100 brn|[from] brn
|-heal|p2a: Suicune|85/100|[from] item: Leftovers
|upkeep
|turn|15
|
|t:|1729203593
|switch|p2a: Dusclops|Dusclops, F|91/100 slp
|move|p1a: The Geng|Thunderbolt|p2a: Dusclops
|-damage|p2a: Dusclops|72/100 slp
|
|-heal|p1a: The Geng|39/100 brn|[from] item: Leftovers
|-damage|p1a: The Geng|27/100 brn|[from] brn
|-heal|p2a: Dusclops|78/100 slp|[from] item: Leftovers
|upkeep
|turn|16
|
|t:|1729203607
|switch|p1a: King the Wildfire|Aerodactyl, F|100/100
|cant|p2a: Dusclops|slp
|
|-heal|p2a: Dusclops|84/100 slp|[from] item: Leftovers
|upkeep
|turn|17
|
|t:|1729203629
|switch|p1a: The Geng|Gengar, M|27/100 brn
|-curestatus|p2a: Dusclops|slp|[msg]
|move|p2a: Dusclops|Will-O-Wisp|p1a: The Geng
|-fail|p1a: The Geng|brn
|
|-heal|p1a: The Geng|33/100 brn|[from] item: Leftovers
|-damage|p1a: The Geng|21/100 brn|[from] brn
|-heal|p2a: Dusclops|90/100|[from] item: Leftovers
|upkeep
|turn|18
|inactive|Scansafatiche has 270 seconds left.
|
|t:|1729203658
|move|p1a: The Geng|Will-O-Wisp|p2a: Dusclops
|-status|p2a: Dusclops|brn
|move|p2a: Dusclops|Rest|p2a: Dusclops
|-status|p2a: Dusclops|slp|[from] move: Rest
|-heal|p2a: Dusclops|100/100 slp|[silent]
|
|-heal|p1a: The Geng|27/100 brn|[from] item: Leftovers
|-damage|p1a: The Geng|14/100 brn|[from] brn
|upkeep
|turn|19
|
|t:|1729203668
|switch|p1a: King the Wildfire|Aerodactyl, F|100/100
|cant|p2a: Dusclops|slp
|
|upkeep
|turn|20
|
|t:|1729203681
|switch|p2a: Skarmory|Skarmory, M|91/100
|move|p1a: King the Wildfire|Rock Slide|p2a: Skarmory
|-damage|p2a: Skarmory|53/100
|
|-heal|p2a: Skarmory|59/100|[from] item: Leftovers
|upkeep
|turn|21
|
|t:|1729203692
|move|p2a: Skarmory|Protect|p2a: Skarmory
|-singleturn|p2a: Skarmory|Protect
|move|p1a: King the Wildfire|Rock Slide|p2a: Skarmory
|-activate|p2a: Skarmory|Protect
|
|-heal|p2a: Skarmory|65/100|[from] item: Leftovers
|upkeep
|turn|22
|
|t:|1729203708
|switch|p2a: Magneton|Magneton|100/100
|move|p1a: King the Wildfire|Rock Slide|p2a: Magneton
|-resisted|p2a: Magneton
|-damage|p2a: Magneton|64/100
|
|upkeep
|turn|23
|
|t:|1729203727
|switch|p1a: The Geng|Gengar, M|14/100 brn
|move|p2a: Magneton|Substitute|p2a: Magneton
|-start|p2a: Magneton|Substitute
|-damage|p2a: Magneton|40/100
|
|-heal|p1a: The Geng|21/100 brn|[from] item: Leftovers
|-damage|p1a: The Geng|8/100 brn|[from] brn
|upkeep
|turn|24
|
|t:|1729203748
|move|p1a: The Geng|Thunderbolt|p2a: Magneton
|-resisted|p2a: Magneton
|-end|p2a: Magneton|Substitute
|move|p2a: Magneton|Substitute|p2a: Magneton
|-start|p2a: Magneton|Substitute
|-damage|p2a: Magneton|15/100
|
|-heal|p1a: The Geng|14/100 brn|[from] item: Leftovers
|-damage|p1a: The Geng|2/100 brn|[from] brn
|upkeep
|turn|25
|
|t:|1729203757
|move|p1a: The Geng|Explosion|p2a: Magneton
|-resisted|p2a: Magneton
|-end|p2a: Magneton|Substitute
|faint|p1a: The Geng
|inactive|dunsparce_real has 270 seconds left.
|
|t:|1729203774
|switch|p1a: King the Wildfire|Aerodactyl, F|100/100
|
|upkeep
|turn|26
|
|t:|1729203778
|move|p1a: King the Wildfire|Double-Edge|p2a: Magneton
|-resisted|p2a: Magneton
|-damage|p2a: Magneton|0 fnt
|faint|p2a: Magneton
|
|t:|1729203802
|switch|p2a: Skarmory|Skarmory, M|65/100
|
|-heal|p2a: Skarmory|71/100|[from] item: Leftovers
|upkeep
|turn|27
|
|t:|1729203807
|switch|p1a: Garlic|Jolteon, F|100/100
|-damage|p1a: Garlic|84/100|[from] Spikes
|move|p2a: Skarmory|Toxic|p1a: Garlic
|-status|p1a: Garlic|tox
|
|-heal|p1a: Garlic|90/100 tox|[from] item: Leftovers
|-damage|p1a: Garlic|84/100 tox|[from] psn
|-heal|p2a: Skarmory|77/100|[from] item: Leftovers
|upkeep
|turn|28
|
|t:|1729203819
|move|p2a: Skarmory|Protect|p2a: Skarmory
|-singleturn|p2a: Skarmory|Protect
|move|p1a: Garlic|Thunderbolt|p2a: Skarmory
|-activate|p2a: Skarmory|Protect
|
|-heal|p1a: Garlic|90/100 tox|[from] item: Leftovers
|-damage|p1a: Garlic|78/100 tox|[from] psn
|-heal|p2a: Skarmory|83/100|[from] item: Leftovers
|upkeep
|turn|29
|
|t:|1729203826
|switch|p2a: Dusclops|Dusclops, F|100/100 slp
|move|p1a: Garlic|Baton Pass|p1a: Garlic
|
|t:|1729203835
|switch|p1a: SUPERCOMPUTER|Metagross|100/100|[from] Baton Pass
|-damage|p1a: SUPERCOMPUTER|84/100|[from] Spikes
|
|-heal|p1a: SUPERCOMPUTER|90/100|[from] item: Leftovers
|upkeep
|turn|30
|
|t:|1729203840
|switch|p2a: Skarmory|Skarmory, M|83/100
|move|p1a: SUPERCOMPUTER|Meteor Mash|p2a: Skarmory
|-resisted|p2a: Skarmory
|-crit|p2a: Skarmory
|-damage|p2a: Skarmory|39/100
|-boost|p1a: SUPERCOMPUTER|atk|1
|
|-heal|p1a: SUPERCOMPUTER|96/100|[from] item: Leftovers
|-heal|p2a: Skarmory|45/100|[from] item: Leftovers
|upkeep
|turn|31
|
|t:|1729203852
|move|p1a: SUPERCOMPUTER|Meteor Mash|p2a: Skarmory|[miss]
|-miss|p1a: SUPERCOMPUTER|p2a: Skarmory
|move|p2a: Skarmory|Roar|p1a: SUPERCOMPUTER
|drag|p1a: Garlic|Jolteon, F|78/100 tox
|-damage|p1a: Garlic|61/100 tox|[from] Spikes
|
|-heal|p1a: Garlic|67/100 tox|[from] item: Leftovers
|-damage|p1a: Garlic|61/100 tox|[from] psn
|-heal|p2a: Skarmory|51/100|[from] item: Leftovers
|upkeep
|turn|32
|
|t:|1729203862
|switch|p2a: Dusclops|Dusclops, F|100/100 slp
|move|p1a: Garlic|Baton Pass|p1a: Garlic
|
|t:|1729203868
|switch|p1a: King the Wildfire|Aerodactyl, F|100/100|[from] Baton Pass
|
|upkeep
|turn|33
|
|t:|1729203874
|move|p1a: King the Wildfire|Rock Slide|p2a: Dusclops
|-damage|p2a: Dusclops|50/100 slp
|cant|p2a: Dusclops|slp
|
|-heal|p2a: Dusclops|56/100 slp|[from] item: Leftovers
|upkeep
|turn|34
|
|t:|1729203896
|switch|p1a: Garlic|Jolteon, F|61/100 tox
|-damage|p1a: Garlic|45/100 tox|[from] Spikes
|-curestatus|p2a: Dusclops|slp|[msg]
|move|p2a: Dusclops|Rest|p2a: Dusclops
|-status|p2a: Dusclops|slp|[from] move: Rest
|-heal|p2a: Dusclops|100/100 slp|[silent]
|
|-heal|p1a: Garlic|51/100 tox|[from] item: Leftovers
|-damage|p1a: Garlic|45/100 tox|[from] psn
|upkeep
|turn|35
|
|t:|1729203903
|move|p1a: Garlic|Baton Pass|p1a: Garlic
|
|t:|1729203908
|switch|p1a: King the Wildfire|Aerodactyl, F|100/100|[from] Baton Pass
|cant|p2a: Dusclops|slp
|move|p2a: Dusclops|Sleep Talk|p2a: Dusclops
|move|p2a: Dusclops|Shadow Ball|p1a: King the Wildfire|[from]Sleep Talk
|-damage|p1a: King the Wildfire|66/100
|
|upkeep
|turn|36
|
|t:|1729203915
|move|p1a: King the Wildfire|Rock Slide|p2a: Dusclops
|-damage|p2a: Dusclops|50/100 slp
|cant|p2a: Dusclops|slp
|move|p2a: Dusclops|Sleep Talk|p2a: Dusclops
|move|p2a: Dusclops|Shadow Ball|p1a: King the Wildfire|[from]Sleep Talk
|-crit|p1a: King the Wildfire
|-damage|p1a: King the Wildfire|0 fnt
|faint|p1a: King the Wildfire
|
|t:|1729203929
|switch|p1a: SUPERCOMPUTER|Metagross|96/100
|-damage|p1a: SUPERCOMPUTER|80/100|[from] Spikes
|
|-heal|p1a: SUPERCOMPUTER|86/100|[from] item: Leftovers
|-heal|p2a: Dusclops|56/100 slp|[from] item: Leftovers
|upkeep
|turn|37
|
|t:|1729203958
|move|p1a: SUPERCOMPUTER|Meteor Mash|p2a: Dusclops
|-damage|p2a: Dusclops|2/100 slp
|-curestatus|p2a: Dusclops|slp|[msg]
|move|p2a: Dusclops|Will-O-Wisp|p1a: SUPERCOMPUTER|[miss]
|-miss|p2a: Dusclops|p1a: SUPERCOMPUTER
|
|-heal|p1a: SUPERCOMPUTER|92/100|[from] item: Leftovers
|-heal|p2a: Dusclops|8/100|[from] item: Leftovers
|upkeep
|turn|38
|
|t:|1729203977
|move|p1a: SUPERCOMPUTER|Meteor Mash|p2a: Dusclops
|-damage|p2a: Dusclops|0 fnt
|faint|p2a: Dusclops
|inactive|Scansafatiche has 270 seconds left.
|
|t:|1729203987
|switch|p2a: Alakazam|Alakazam, F|100/100
|
|-heal|p1a: SUPERCOMPUTER|98/100|[from] item: Leftovers
|upkeep
|turn|39
|
|t:|1729204000
|move|p2a: Alakazam|Fire Punch|p1a: SUPERCOMPUTER
|-supereffective|p1a: SUPERCOMPUTER
|-damage|p1a: SUPERCOMPUTER|38/100
|move|p1a: SUPERCOMPUTER|Agility|p1a: SUPERCOMPUTER
|-boost|p1a: SUPERCOMPUTER|spe|2
|
|-heal|p1a: SUPERCOMPUTER|44/100|[from] item: Leftovers
|upkeep
|turn|40
|
|t:|1729204008
|switch|p2a: Skarmory|Skarmory, M|51/100
|move|p1a: SUPERCOMPUTER|Meteor Mash|p2a: Skarmory|[miss]
|-miss|p1a: SUPERCOMPUTER|p2a: Skarmory
|
|-heal|p1a: SUPERCOMPUTER|50/100|[from] item: Leftovers
|-heal|p2a: Skarmory|57/100|[from] item: Leftovers
|upkeep
|turn|41
|
|t:|1729204014
|move|p2a: Skarmory|Protect|p2a: Skarmory
|-singleturn|p2a: Skarmory|Protect
|move|p1a: SUPERCOMPUTER|Meteor Mash|p2a: Skarmory
|-activate|p2a: Skarmory|Protect
|
|-heal|p1a: SUPERCOMPUTER|56/100|[from] item: Leftovers
|-heal|p2a: Skarmory|63/100|[from] item: Leftovers
|upkeep
|turn|42
|
|t:|1729204018
|move|p1a: SUPERCOMPUTER|Meteor Mash|p2a: Skarmory
|-resisted|p2a: Skarmory
|-damage|p2a: Skarmory|41/100
|move|p2a: Skarmory|Spikes|p1a: SUPERCOMPUTER
|-sidestart|p1: dunsparce_real|Spikes
|
|-heal|p1a: SUPERCOMPUTER|62/100|[from] item: Leftovers
|-heal|p2a: Skarmory|47/100|[from] item: Leftovers
|upkeep
|turn|43
|
|t:|1729204023
|move|p2a: Skarmory|Protect|p2a: Skarmory
|-singleturn|p2a: Skarmory|Protect
|move|p1a: SUPERCOMPUTER|Meteor Mash|p2a: Skarmory
|-activate|p2a: Skarmory|Protect
|
|-heal|p1a: SUPERCOMPUTER|68/100|[from] item: Leftovers
|-heal|p2a: Skarmory|53/100|[from] item: Leftovers
|upkeep
|turn|44
|
|t:|1729204026
|move|p1a: SUPERCOMPUTER|Meteor Mash|p2a: Skarmory|[miss]
|-miss|p1a: SUPERCOMPUTER|p2a: Skarmory
|move|p2a: Skarmory|Roar|p1a: SUPERCOMPUTER
|drag|p1a: Shrek 2|Swampert, F|100/100
|-damage|p1a: Shrek 2|76/100|[from] Spikes
|
|-heal|p1a: Shrek 2|82/100|[from] item: Leftovers
|-heal|p2a: Skarmory|59/100|[from] item: Leftovers
|upkeep
|turn|45
|
|t:|1729204056
|-singleturn|p1a: Shrek 2|move: Focus Punch
|move|p2a: Skarmory|Toxic|p1a: Shrek 2
|-status|p1a: Shrek 2|tox
|move|p1a: Shrek 2|Focus Punch|p2a: Skarmory
|-damage|p2a: Skarmory|32/100
|
|-heal|p1a: Shrek 2|88/100 tox|[from] item: Leftovers
|-damage|p1a: Shrek 2|82/100 tox|[from] psn
|-heal|p2a: Skarmory|38/100|[from] item: Leftovers
|upkeep
|turn|46
|
|t:|1729204077
|switch|p1a: Garlic|Jolteon, F|45/100 tox
|-damage|p1a: Garlic|20/100 tox|[from] Spikes
|move|p2a: Skarmory|Protect||[still]
|-fail|p2a: Skarmory
|
|-heal|p1a: Garlic|26/100 tox|[from] item: Leftovers
|-damage|p1a: Garlic|20/100 tox|[from] psn
|-heal|p2a: Skarmory|44/100|[from] item: Leftovers
|upkeep
|turn|47
|
|t:|1729204085
|move|p2a: Skarmory|Protect|p2a: Skarmory
|-singleturn|p2a: Skarmory|Protect
|move|p1a: Garlic|Thunderbolt|p2a: Skarmory
|-activate|p2a: Skarmory|Protect
|
|-heal|p1a: Garlic|26/100 tox|[from] item: Leftovers
|-damage|p1a: Garlic|14/100 tox|[from] psn
|-heal|p2a: Skarmory|50/100|[from] item: Leftovers
|upkeep
|turn|48
|inactive|Scansafatiche has 270 seconds left.
|
|t:|1729204117
|switch|p2a: Alakazam|Alakazam, F|100/100
|move|p1a: Garlic|Thunderbolt|p2a: Alakazam
|-damage|p2a: Alakazam|35/100
|
|-heal|p1a: Garlic|20/100 tox|[from] item: Leftovers
|-damage|p1a: Garlic|2/100 tox|[from] psn
|-heal|p2a: Alakazam|41/100|[from] item: Leftovers
|upkeep
|turn|49
|inactive|Scansafatiche has 270 seconds left.
|
|t:|1729204125
|move|p1a: Garlic|Thunderbolt|p2a: Alakazam
|-damage|p2a: Alakazam|0 fnt
|faint|p2a: Alakazam
|
|t:|1729204128
|switch|p2a: Aerodactyl|Aerodactyl, M|100/100
|
|-heal|p1a: Garlic|8/100 tox|[from] item: Leftovers
|-damage|p1a: Garlic|0 fnt|[from] psn
|faint|p1a: Garlic
|upkeep
|
|t:|1729204140
|switch|p1a: Shrek 2|Swampert, F|82/100 tox
|-damage|p1a: Shrek 2|57/100 tox|[from] Spikes
|turn|50
|
|t:|1729204145
|switch|p2a: Suicune|Suicune|85/100
|move|p1a: Shrek 2|Hydro Pump|p2a: Suicune
|-resisted|p2a: Suicune
|-damage|p2a: Suicune|66/100
|
|-heal|p2a: Suicune|73/100|[from] item: Leftovers
|-heal|p1a: Shrek 2|63/100 tox|[from] item: Leftovers
|-damage|p1a: Shrek 2|57/100 tox|[from] psn
|upkeep
|turn|51
|
|t:|1729204149
|switch|p1a: SUPERCOMPUTER|Metagross|68/100
|-damage|p1a: SUPERCOMPUTER|44/100|[from] Spikes
|move|p2a: Suicune|Calm Mind|p2a: Suicune
|-boost|p2a: Suicune|spa|1
|-boost|p2a: Suicune|spd|1
|
|-heal|p2a: Suicune|79/100|[from] item: Leftovers
|-heal|p1a: SUPERCOMPUTER|50/100|[from] item: Leftovers
|upkeep
|turn|52
|
|t:|1729204165
|move|p2a: Suicune|Surf|p1a: SUPERCOMPUTER
|-damage|p1a: SUPERCOMPUTER|0 fnt
|faint|p1a: SUPERCOMPUTER
|
|t:|1729204167
|switch|p1a: Shrek 2|Swampert, F|57/100 tox
|-damage|p1a: Shrek 2|32/100 tox|[from] Spikes
|
|-heal|p2a: Suicune|85/100|[from] item: Leftovers
|-heal|p1a: Shrek 2|38/100 tox|[from] item: Leftovers
|-damage|p1a: Shrek 2|32/100 tox|[from] psn
|upkeep
|turn|53
|
|t:|1729204179
|move|p2a: Suicune|Surf|p1a: Shrek 2
|-damage|p1a: Shrek 2|0 fnt
|faint|p1a: Shrek 2
|
|win|Scansafatiche
|c|☆Scansafatiche|gg
|c|☆dunsparce_real|gg
|player|p1|
|c|☆Scansafatiche|/log Scansafatiche made the replay of this battle unlisted.

</script>
<script type="application/json" class="data" id="replaydata-smogtours-gen3ou-799407">
{"id":"smogtours-gen3ou-799407","format":"[Gen 3] OU","players":["dunsparce_real","Scansafatiche"],"uploadtime":1729204179,"views":105,"formatid":"gen3ou","rating":null,"private":1,"password":null}
</script>

<script defer src="js/replays.js?9d40a366"></script>
