<!DOCTYPE html>
<meta charset="utf-8" />
<meta name="viewport" content="width=device-width" />

<title>[Gen 3] OU: coffeepour vs. tahat squared - Replays - Pok&eacute;mon Showdown!</title>

<meta name="description" content="Watch a replay of a Pok&eacute;mon battle between coffeepour and tahat squared! Format: [Gen 3] OU; Date: Oct 13, 2024" />
<!--

Hey, you! Looking in the source for the replay log?

You can find them in JSON format, just add `.json` at the end of a replay URL.

https://replay.pokemonshowdown.com/gen7randomdoublesbattle-865046831.json

Or, if you only need the log itself, add `.log` instead:

https://replay.pokemonshowdown.com/gen7randomdoublesbattle-865046831.log

-->

<link rel="stylesheet" href="//pokemonshowdown.com/style/global.css?0.023195364461161105" />
<link rel="stylesheet" href="//play.pokemonshowdown.com/style/font-awesome.css?0.13261647063804238" />
<link rel="stylesheet" href="//play.pokemonshowdown.com/style/battle.css?0.8753245789963631" />
<link rel="stylesheet" href="//play.pokemonshowdown.com/style/utilichart.css?0.8627959624976733" />

<!-- Global site tag (gtag.js) - Google Analytics -->
<script async src="https://www.googletagmanager.com/gtag/js?id=UA-26211653-1"></script>
<script>
  window.dataLayer = window.dataLayer || [];
  function gtag(){dataLayer.push(arguments);}
  gtag('js', new Date());

  gtag('config', 'UA-26211653-1');
</script>
<!-- End Google Analytics -->
<!-- Venatus Ad Manager - Install in <HEAD> of page -->
	<script src="https://hb.vntsm.com/v3/live/ad-manager.min.js" type="text/javascript" data-site-id="642aba63ec9a7b11c3c9c1be" data-mode="scan" async></script>
<!-- / Venatus Ad Manager -->

<style>
	@media (max-width:820px) {
		.battle {
			margin: 0 auto;
		}
		.battle-log {
			margin: 7px auto 0;
			max-width: 640px;
			height: 300px;
			position: static;
		}
	}
	.optgroup {
		display: inline-block;
		line-height: 22px;
		font-size: 10pt;
	}
	.optgroup .button {
		height: 25px;
		padding-top: 0;
		padding-bottom: 0;
	}
	.optgroup button.button {
		padding-left: 12px;
		padding-right: 12px;
	}
	.linklist {
		list-style: none;
		margin: 0.5em 0;
		padding: 0;
	}
	.linklist li {
		padding: 2px 0;
	}
	.sidebar {
		float: left;
		width: 320px;
	}
	.bar-wrapper {
		max-width: 1100px;
		margin: 0 auto;
	}
	.bar-wrapper.has-sidebar {
		max-width: 1430px;
	}
	.mainbar {
		margin: 0;
		padding-right: 1px;
	}
	.mainbar.has-sidebar {
		margin-left: 330px;
	}
	@media (min-width: 1511px) {
		.sidebar {
			width: 400px;
		}
		.bar-wrapper.has-sidebar {
			max-width: 1510px;
		}
		.mainbar.has-sidebar {
			margin-left: 410px;
		}
	}
	.section.first-section {
		margin-top: 9px;
	}
	.blocklink small {
		white-space: normal;
	}
	.button {
		vertical-align: middle;
	}
	.replay-controls {
		padding-top: 10px;
	}
	.replay-controls h1 {
		font-size: 16pt;
		font-weight: normal;
		color: #CCC;
	}
	.pagelink {
		text-align: center;
	}
	.pagelink a {
		width: 150px;
	}
	.textbox, .button {
		font-size: 11pt;
		vertical-align: middle;
	}
	@media (max-width: 450px) {
		.button {
			font-size: 9pt;
		}
	}
</style>

<div>

	<header>
		<div class="nav-wrapper"><ul class="nav">
			<li><a class="button nav-first" href="//pokemonshowdown.com/"><img src="//pokemonshowdown.com/images/pokemonshowdownbeta.png" srcset="//pokemonshowdown.com/images/pokemonshowdownbeta.png 1x, //pokemonshowdown.com/images/pokemonshowdownbeta@2x.png 2x" alt="Pok&eacute;mon Showdown" width="146" height="44" /> Home</a></li>
			<li><a class="button" href="//pokemonshowdown.com/dex/">Pok&eacute;dex</a></li>
			<li><a class="button cur" href="/">Replays</a></li>
			<li><a class="button" href="//pokemonshowdown.com/ladder/">Ladder</a></li>
			<li><a class="button nav-last" href="//pokemonshowdown.com/forums/">Forum</a></li>
			<li><a class="button greenbutton nav-first nav-last" href="//play.pokemonshowdown.com/">Play</a></li>
		</ul></div>
	</header>

	<div class="main" id="main">

		<noscript><section class="section">You need to enable JavaScript to use this page; sorry!</section></noscript>

	</div>

</div>

<script defer nomodule src="//play.pokemonshowdown.com/js/lib/ps-polyfill.js"></script>
<script defer src="//play.pokemonshowdown.com/js/lib/preact.min.js"></script>

<script defer src="//play.pokemonshowdown.com/config/config.js?2bddbc15"></script>
<script defer src="//play.pokemonshowdown.com/js/lib/jquery-1.11.0.min.js"></script>
<script defer src="//play.pokemonshowdown.com/js/lib/html-sanitizer-minified.js"></script>
<script defer src="//play.pokemonshowdown.com/js/battle-sound.js"></script>
<script defer src="//play.pokemonshowdown.com/js/battledata.js?0.7209276989879541"></script>
<script defer src="//play.pokemonshowdown.com/data/pokedex-mini.js?0.6111056340867951"></script>
<script defer src="//play.pokemonshowdown.com/data/pokedex-mini-bw.js?0.3532142036491459"></script>
<script defer src="//play.pokemonshowdown.com/data/graphics.js?0.24223875632456182"></script>
<script defer src="//play.pokemonshowdown.com/data/pokedex.js?0.38839984266356864"></script>
<script defer src="//play.pokemonshowdown.com/data/moves.js?0.21866028504024015"></script>
<script defer src="//play.pokemonshowdown.com/data/abilities.js?0.2005157953846628"></script>
<script defer src="//play.pokemonshowdown.com/data/items.js?0.9894211263848525"></script>
<script defer src="//play.pokemonshowdown.com/data/teambuilder-tables.js?0.6008791140282215"></script>
<script defer src="//play.pokemonshowdown.com/js/battle-tooltips.js?0.7580118955022959"></script>
<script defer src="//play.pokemonshowdown.com/js/battle.js?0.6057722274234274"></script>

<script defer src="js/utils.js?e31f9a17"></script>
<script defer src="js/replays-battle.js?7008c182"></script>

<!-- don't scrape this data! just add .json or .log after the URL!
Full API docs: https://github.com/smogon/pokemon-showdown-client/blob/master/WEB-API.md -->
<script type="text/plain" class="log" id="replaylog-smogtours-gen3ou-798164">
|inactive|Battle timer is ON: inactive players will automatically lose when time's up.
|t:|1728839025
|gametype|singles
|player|p1|coffeepour|2|
|player|p2|tahat squared|265|
|teamsize|p1|6
|teamsize|p2|6
|gen|3
|tier|[Gen 3] OU
|rule|Sleep Clause Mod: Limit one foe put to sleep
|rule|Switch Priority Clause Mod: Faster Pokémon switch first
|rule|Species Clause: Limit one of each Pokémon
|rule|OHKO Clause: OHKO moves are banned
|rule|Evasion Items Clause: Evasion items are banned
|rule|Evasion Moves Clause: Evasion moves are banned
|rule|Endless Battle Clause: Forcing endless battles is banned
|rule|HP Percentage Mod: HP is shown in percentages
|rule|One Boost Passer Clause: Limit one Baton Passer that has a way to boost its stats
|rule|Freeze Clause Mod: Limit one foe frozen
|
|t:|1728839025
|start
|switch|p1a: Metagross|Metagross|100/100
|switch|p2a: Metagross|Metagross|100/100
|turn|1
|c|☆tahat squared|hf
|
|t:|1728839048
|switch|p2a: Skarmory|Skarmory, M|100/100
|move|p1a: Metagross|Earthquake|p2a: Skarmory
|-immune|p2a: Skarmory
|
|upkeep
|turn|2
|c|☆coffeepour|thanks you too
|
|t:|1728839058
|switch|p1a: Zapdos|Zapdos|100/100
|move|p2a: Skarmory|Spikes|p1a: Zapdos
|-sidestart|p1: coffeepour|Spikes
|
|upkeep
|turn|3
|
|t:|1728839068
|switch|p2a: Claydol|Claydol|100/100
|move|p1a: Zapdos|Thunderbolt|p2a: Claydol
|-immune|p2a: Claydol
|
|upkeep
|turn|4
|
|t:|1728839078
|switch|p2a: Blissey|Blissey, F|100/100
|move|p1a: Zapdos|Toxic|p2a: Blissey
|-status|p2a: Blissey|tox
|
|-damage|p2a: Blissey|94/100 tox|[from] psn
|upkeep
|turn|5
|
|t:|1728839087
|switch|p1a: Metagross|Metagross|100/100
|-damage|p1a: Metagross|88/100|[from] Spikes
|-curestatus|p2a: Blissey|tox|[from] ability: Natural Cure
|switch|p2a: Claydol|Claydol|100/100
|
|upkeep
|turn|6
|
|t:|1728839096
|move|p2a: Claydol|Psychic|p1a: Metagross
|-resisted|p1a: Metagross
|-damage|p1a: Metagross|83/100
|move|p1a: Metagross|Meteor Mash|p2a: Claydol
|-damage|p2a: Claydol|17/100
|-boost|p1a: Metagross|atk|1
|
|-heal|p2a: Claydol|24/100|[from] item: Leftovers
|upkeep
|turn|7
|
|t:|1728839115
|switch|p2a: Skarmory|Skarmory, M|100/100
|move|p1a: Metagross|Meteor Mash|p2a: Skarmory
|-resisted|p2a: Skarmory
|-damage|p2a: Skarmory|54/100
|
|-heal|p2a: Skarmory|60/100|[from] item: Leftovers
|upkeep
|turn|8
|
|t:|1728839124
|switch|p2a: Claydol|Claydol|24/100
|move|p1a: Metagross|Meteor Mash|p2a: Claydol|[miss]
|-miss|p1a: Metagross|p2a: Claydol
|
|-heal|p2a: Claydol|30/100|[from] item: Leftovers
|upkeep
|turn|9
|c|☆tahat squared|mb
|
|t:|1728839131
|move|p2a: Claydol|Earthquake|p1a: Metagross
|-supereffective|p1a: Metagross
|-damage|p1a: Metagross|32/100
|move|p1a: Metagross|Meteor Mash|p2a: Claydol
|-damage|p2a: Claydol|0 fnt
|faint|p2a: Claydol
|c|☆coffeepour|all good
|
|t:|1728839144
|switch|p2a: Suicune|Suicune|100/100
|
|upkeep
|turn|10
|
|t:|1728839151
|switch|p1a: Zapdos|Zapdos|100/100
|move|p2a: Suicune|Surf|p1a: Zapdos
|-damage|p1a: Zapdos|72/100
|
|-heal|p1a: Zapdos|78/100|[from] item: Leftovers
|upkeep
|turn|11
|
|t:|1728839157
|switch|p1a: Metagross|Metagross|32/100
|-damage|p1a: Metagross|20/100|[from] Spikes
|switch|p2a: Blissey|Blissey, F|94/100
|
|-heal|p2a: Blissey|100/100|[from] item: Leftovers
|upkeep
|turn|12
|
|t:|1728839166
|switch|p2a: Metagross|Metagross|100/100
|move|p1a: Metagross|Explosion|p2a: Metagross
|-resisted|p2a: Metagross
|-damage|p2a: Metagross|0 fnt
|faint|p1a: Metagross
|faint|p2a: Metagross
|inactive|coffeepour has 270 seconds left.
|
|t:|1728839197
|switch|p2a: Gengar|Gengar, M|100/100
|switch|p1a: Zapdos|Zapdos|78/100
|
|-heal|p1a: Zapdos|84/100|[from] item: Leftovers
|upkeep
|turn|13
|inactive|coffeepour has 270 seconds left.
|inactive|coffeepour has 240 seconds left.
|
|t:|1728839255
|switch|p1a: Swampert|Swampert, F|100/100
|-damage|p1a: Swampert|88/100|[from] Spikes
|move|p2a: Gengar|Will-O-Wisp|p1a: Swampert|[miss]
|-miss|p2a: Gengar|p1a: Swampert
|
|-heal|p1a: Swampert|94/100|[from] item: Leftovers
|upkeep
|turn|14
|
|t:|1728839264
|switch|p2a: Suicune|Suicune|100/100
|move|p1a: Swampert|Surf|p2a: Suicune
|-resisted|p2a: Suicune
|-damage|p2a: Suicune|90/100
|
|-heal|p2a: Suicune|97/100|[from] item: Leftovers
|-heal|p1a: Swampert|100/100|[from] item: Leftovers
|upkeep
|turn|15
|
|t:|1728839272
|move|p2a: Suicune|Calm Mind|p2a: Suicune
|-boost|p2a: Suicune|spa|1
|-boost|p2a: Suicune|spd|1
|move|p1a: Swampert|Toxic|p2a: Suicune
|-status|p2a: Suicune|tox
|
|-heal|p2a: Suicune|100/100 tox|[from] item: Leftovers
|-damage|p2a: Suicune|94/100 tox|[from] psn
|upkeep
|turn|16
|
|t:|1728839282
|switch|p1a: Zapdos|Zapdos|84/100
|move|p2a: Suicune|Surf|p1a: Zapdos
|-damage|p1a: Zapdos|41/100
|
|-heal|p1a: Zapdos|47/100|[from] item: Leftovers
|-heal|p2a: Suicune|100/100 tox|[from] item: Leftovers
|-damage|p2a: Suicune|88/100 tox|[from] psn
|upkeep
|turn|17
|
|t:|1728839293
|switch|p2a: Blissey|Blissey, F|100/100
|move|p1a: Zapdos|Thunderbolt|p2a: Blissey
|-damage|p2a: Blissey|84/100
|
|-heal|p1a: Zapdos|53/100|[from] item: Leftovers
|-heal|p2a: Blissey|90/100|[from] item: Leftovers
|upkeep
|turn|18
|
|t:|1728839301
|switch|p1a: Tyranitar|Tyranitar, M|100/100
|-damage|p1a: Tyranitar|88/100|[from] Spikes
|-weather|Sandstorm|[from] ability: Sand Stream|[of] p1a: Tyranitar
|move|p2a: Blissey|Calm Mind|p2a: Blissey
|-boost|p2a: Blissey|spa|1
|-boost|p2a: Blissey|spd|1
|
|-weather|Sandstorm|[upkeep]
|-damage|p2a: Blissey|84/100|[from] Sandstorm
|-heal|p2a: Blissey|90/100|[from] item: Leftovers
|upkeep
|turn|19
|
|t:|1728839311
|switch|p2a: Skarmory|Skarmory, M|60/100
|move|p1a: Tyranitar|Rock Slide|p2a: Skarmory
|-damage|p2a: Skarmory|8/100
|
|-weather|Sandstorm|[upkeep]
|-heal|p2a: Skarmory|14/100|[from] item: Leftovers
|upkeep
|turn|20
|
|t:|1728839319
|move|p2a: Skarmory|Toxic|p1a: Tyranitar
|-status|p1a: Tyranitar|tox
|move|p1a: Tyranitar|Rock Slide|p2a: Skarmory
|-damage|p2a: Skarmory|0 fnt
|faint|p2a: Skarmory
|
|t:|1728839326
|switch|p2a: Suicune|Suicune|88/100 tox
|
|-weather|Sandstorm|[upkeep]
|-damage|p2a: Suicune|82/100 tox|[from] Sandstorm
|-heal|p2a: Suicune|88/100 tox|[from] item: Leftovers
|-damage|p2a: Suicune|82/100 tox|[from] psn
|-damage|p1a: Tyranitar|82/100 tox|[from] psn
|upkeep
|turn|21
|
|t:|1728839337
|move|p2a: Suicune|Calm Mind|p2a: Suicune
|-boost|p2a: Suicune|spa|1
|-boost|p2a: Suicune|spd|1
|move|p1a: Tyranitar|Rock Slide|p2a: Suicune
|-damage|p2a: Suicune|30/100 tox
|
|-weather|Sandstorm|[upkeep]
|-damage|p2a: Suicune|24/100 tox|[from] Sandstorm
|-heal|p2a: Suicune|30/100 tox|[from] item: Leftovers
|-damage|p2a: Suicune|17/100 tox|[from] psn
|-damage|p1a: Tyranitar|70/100 tox|[from] psn
|upkeep
|turn|22
|
|t:|1728839348
|switch|p1a: Zapdos|Zapdos|53/100
|move|p2a: Suicune|Rest|p2a: Suicune
|-status|p2a: Suicune|slp|[from] move: Rest
|-heal|p2a: Suicune|100/100 slp|[silent]
|
|-weather|Sandstorm|[upkeep]
|-damage|p1a: Zapdos|47/100|[from] Sandstorm
|-damage|p2a: Suicune|94/100 slp|[from] Sandstorm
|-heal|p1a: Zapdos|53/100|[from] item: Leftovers
|-heal|p2a: Suicune|100/100 slp|[from] item: Leftovers
|upkeep
|turn|23
|
|t:|1728839360
|move|p1a: Zapdos|Thunderbolt|p2a: Suicune
|-supereffective|p2a: Suicune
|-damage|p2a: Suicune|62/100 slp
|cant|p2a: Suicune|slp
|move|p2a: Suicune|Sleep Talk|p2a: Suicune
|move|p2a: Suicune|Surf|p1a: Zapdos|[from]Sleep Talk
|-damage|p1a: Zapdos|11/100
|
|-weather|Sandstorm|[upkeep]
|-damage|p1a: Zapdos|5/100|[from] Sandstorm
|-damage|p2a: Suicune|56/100 slp|[from] Sandstorm
|-heal|p1a: Zapdos|11/100|[from] item: Leftovers
|-heal|p2a: Suicune|62/100 slp|[from] item: Leftovers
|upkeep
|turn|24
|
|t:|1728839372
|cant|p2a: Suicune|slp
|move|p2a: Suicune|Sleep Talk|p2a: Suicune
|move|p2a: Suicune|Calm Mind|p2a: Suicune|[from]Sleep Talk
|-boost|p2a: Suicune|spa|1
|-boost|p2a: Suicune|spd|1
|move|p1a: Zapdos|Roar|p2a: Suicune
|drag|p2a: Gengar|Gengar, M|100/100
|
|-weather|Sandstorm|[upkeep]
|-damage|p2a: Gengar|95/100|[from] Sandstorm
|-damage|p1a: Zapdos|5/100|[from] Sandstorm
|-heal|p2a: Gengar|100/100|[from] item: Leftovers
|-heal|p1a: Zapdos|11/100|[from] item: Leftovers
|upkeep
|turn|25
|
|t:|1728839387
|switch|p1a: Swampert|Swampert, F|100/100
|-damage|p1a: Swampert|88/100|[from] Spikes
|move|p2a: Gengar|Thunderbolt|p1a: Swampert
|-immune|p1a: Swampert
|
|-weather|Sandstorm|[upkeep]
|-damage|p2a: Gengar|95/100|[from] Sandstorm
|-heal|p2a: Gengar|100/100|[from] item: Leftovers
|-heal|p1a: Swampert|94/100|[from] item: Leftovers
|upkeep
|turn|26
|
|t:|1728839414
|switch|p1a: Dugtrio|Dugtrio, M|100/100
|-damage|p1a: Dugtrio|88/100|[from] Spikes
|move|p2a: Gengar|Will-O-Wisp|p1a: Dugtrio
|-status|p1a: Dugtrio|brn
|
|-weather|Sandstorm|[upkeep]
|-damage|p2a: Gengar|95/100|[from] Sandstorm
|-damage|p1a: Dugtrio|76/100 brn|[from] brn
|-heal|p2a: Gengar|100/100|[from] item: Leftovers
|upkeep
|turn|27
|
|t:|1728839424
|move|p1a: Dugtrio|Earthquake|p2a: Gengar
|-immune|p2a: Gengar
|move|p2a: Gengar|Ice Punch|p1a: Dugtrio
|-supereffective|p1a: Dugtrio
|-damage|p1a: Dugtrio|0 fnt
|faint|p1a: Dugtrio
|
|t:|1728839426
|switch|p1a: Aerodactyl|Aerodactyl, M|100/100
|
|-weather|Sandstorm|[upkeep]
|-damage|p2a: Gengar|95/100|[from] Sandstorm
|-heal|p2a: Gengar|100/100|[from] item: Leftovers
|upkeep
|turn|28
|
|t:|1728839435
|move|p1a: Aerodactyl|Rock Slide|p2a: Gengar|[miss]
|-miss|p1a: Aerodactyl|p2a: Gengar
|move|p2a: Gengar|Will-O-Wisp|p1a: Aerodactyl
|-status|p1a: Aerodactyl|brn
|
|-weather|Sandstorm|[upkeep]
|-damage|p2a: Gengar|95/100|[from] Sandstorm
|-damage|p1a: Aerodactyl|88/100 brn|[from] brn
|-heal|p2a: Gengar|100/100|[from] item: Leftovers
|upkeep
|turn|29
|
|t:|1728839445
|move|p1a: Aerodactyl|Rock Slide|p2a: Gengar
|-damage|p2a: Gengar|60/100
|move|p2a: Gengar|Thunderbolt|p1a: Aerodactyl
|-supereffective|p1a: Aerodactyl
|-damage|p1a: Aerodactyl|4/100 brn
|
|-weather|Sandstorm|[upkeep]
|-damage|p2a: Gengar|54/100|[from] Sandstorm
|-damage|p1a: Aerodactyl|0 fnt|[from] brn
|faint|p1a: Aerodactyl
|-heal|p2a: Gengar|60/100|[from] item: Leftovers
|upkeep
|
|t:|1728839452
|switch|p1a: Swampert|Swampert, F|94/100
|-damage|p1a: Swampert|82/100|[from] Spikes
|turn|30
|
|t:|1728839458
|move|p2a: Gengar|Will-O-Wisp|p1a: Swampert
|-status|p1a: Swampert|brn
|move|p1a: Swampert|Surf|p2a: Gengar
|-damage|p2a: Gengar|24/100
|
|-weather|Sandstorm|[upkeep]
|-damage|p2a: Gengar|18/100|[from] Sandstorm
|-heal|p2a: Gengar|24/100|[from] item: Leftovers
|-heal|p1a: Swampert|88/100 brn|[from] item: Leftovers
|-damage|p1a: Swampert|76/100 brn|[from] brn
|upkeep
|turn|31
|
|t:|1728839469
|move|p2a: Gengar|Taunt|p1a: Swampert
|-start|p1a: Swampert|move: Taunt
|move|p1a: Swampert|Surf|p2a: Gengar
|-damage|p2a: Gengar|0 fnt
|faint|p2a: Gengar
|
|t:|1728839476
|switch|p2a: Suicune|Suicune|62/100 slp
|
|-weather|Sandstorm|[upkeep]
|-damage|p2a: Suicune|56/100 slp|[from] Sandstorm
|-heal|p2a: Suicune|62/100 slp|[from] item: Leftovers
|-heal|p1a: Swampert|82/100 brn|[from] item: Leftovers
|-damage|p1a: Swampert|69/100 brn|[from] brn
|upkeep
|turn|32
|
|t:|1728839494
|switch|p1a: Tyranitar|Tyranitar, M|70/100 tox
|-damage|p1a: Tyranitar|57/100 tox|[from] Spikes
|cant|p2a: Suicune|slp
|move|p2a: Suicune|Sleep Talk|p2a: Suicune
|move|p2a: Suicune|Calm Mind|p2a: Suicune|[from]Sleep Talk
|-boost|p2a: Suicune|spa|1
|-boost|p2a: Suicune|spd|1
|
|-weather|Sandstorm|[upkeep]
|-damage|p2a: Suicune|56/100 slp|[from] Sandstorm
|-heal|p2a: Suicune|62/100 slp|[from] item: Leftovers
|-damage|p1a: Tyranitar|51/100 tox|[from] psn
|upkeep
|turn|33
|
|t:|1728839512
|cant|p2a: Suicune|slp
|move|p2a: Suicune|Sleep Talk|p2a: Suicune
|move|p2a: Suicune|Rest|p2a: Suicune|[from]Sleep Talk
|move|p1a: Tyranitar|Rock Slide|p2a: Suicune
|-damage|p2a: Suicune|14/100 slp
|
|-weather|Sandstorm|[upkeep]
|-damage|p2a: Suicune|8/100 slp|[from] Sandstorm
|-heal|p2a: Suicune|14/100 slp|[from] item: Leftovers
|-damage|p1a: Tyranitar|39/100 tox|[from] psn
|upkeep
|turn|34
|
|t:|1728839522
|-curestatus|p2a: Suicune|slp|[msg]
|move|p2a: Suicune|Surf|p1a: Tyranitar
|-supereffective|p1a: Tyranitar
|-damage|p1a: Tyranitar|0 fnt
|faint|p1a: Tyranitar
|
|t:|1728839525
|switch|p1a: Zapdos|Zapdos|11/100
|
|-weather|Sandstorm|[upkeep]
|-damage|p1a: Zapdos|5/100|[from] Sandstorm
|-damage|p2a: Suicune|8/100|[from] Sandstorm
|-heal|p1a: Zapdos|11/100|[from] item: Leftovers
|-heal|p2a: Suicune|14/100|[from] item: Leftovers
|upkeep
|turn|35
|
|t:|1728839534
|switch|p2a: Blissey|Blissey, F|90/100
|move|p1a: Zapdos|Thunderbolt|p2a: Blissey
|-damage|p2a: Blissey|74/100
|
|-weather|Sandstorm|[upkeep]
|-damage|p1a: Zapdos|5/100|[from] Sandstorm
|-damage|p2a: Blissey|68/100|[from] Sandstorm
|-heal|p1a: Zapdos|11/100|[from] item: Leftovers
|-heal|p2a: Blissey|74/100|[from] item: Leftovers
|upkeep
|turn|36
|
|t:|1728839544
|switch|p1a: Swampert|Swampert, F|69/100 brn
|-damage|p1a: Swampert|57/100 brn|[from] Spikes
|move|p2a: Blissey|Ice Beam|p1a: Swampert
|-crit|p1a: Swampert
|-damage|p1a: Swampert|9/100 brn
|
|-weather|Sandstorm|[upkeep]
|-damage|p2a: Blissey|68/100|[from] Sandstorm
|-heal|p1a: Swampert|15/100 brn|[from] item: Leftovers
|-damage|p1a: Swampert|3/100 brn|[from] brn
|-heal|p2a: Blissey|74/100|[from] item: Leftovers
|upkeep
|turn|37
|c|☆tahat squared|gg
|c|☆coffeepour|gg
|
|t:|1728839555
|move|p1a: Swampert|Toxic|p2a: Blissey
|-status|p2a: Blissey|tox
|move|p2a: Blissey|Ice Beam|p1a: Swampert
|-damage|p1a: Swampert|0 fnt
|faint|p1a: Swampert
|
|t:|1728839559
|switch|p1a: Zapdos|Zapdos|11/100
|
|-weather|Sandstorm|[upkeep]
|-damage|p1a: Zapdos|5/100|[from] Sandstorm
|-damage|p2a: Blissey|68/100 tox|[from] Sandstorm
|-heal|p1a: Zapdos|11/100|[from] item: Leftovers
|-heal|p2a: Blissey|74/100 tox|[from] item: Leftovers
|-damage|p2a: Blissey|68/100 tox|[from] psn
|upkeep
|turn|38
|
|t:|1728839568
|-curestatus|p2a: Blissey|tox|[from] ability: Natural Cure
|switch|p2a: Suicune|Suicune|14/100
|move|p1a: Zapdos|Thunderbolt|p2a: Suicune
|-supereffective|p2a: Suicune
|-damage|p2a: Suicune|0 fnt
|faint|p2a: Suicune
|
|t:|1728839575
|switch|p2a: Blissey|Blissey, F|68/100
|
|-weather|Sandstorm|[upkeep]
|-damage|p1a: Zapdos|5/100|[from] Sandstorm
|-damage|p2a: Blissey|62/100|[from] Sandstorm
|-heal|p1a: Zapdos|11/100|[from] item: Leftovers
|-heal|p2a: Blissey|68/100|[from] item: Leftovers
|upkeep
|turn|39
|
|t:|1728839582
|move|p1a: Zapdos|Thunderbolt|p2a: Blissey
|-damage|p2a: Blissey|53/100
|move|p2a: Blissey|Ice Beam|p1a: Zapdos
|-supereffective|p1a: Zapdos
|-damage|p1a: Zapdos|0 fnt
|faint|p1a: Zapdos
|
|win|tahat squared
|player|p1|

</script>
<script type="application/json" class="data" id="replaydata-smogtours-gen3ou-798164">
{"id":"smogtours-gen3ou-798164","format":"[Gen 3] OU","players":["coffeepour","tahat squared"],"uploadtime":1728839582,"views":101,"formatid":"gen3ou","rating":null,"private":0,"password":null}
</script>

<script defer src="js/replays.js?9d40a366"></script>
