<!DOCTYPE html>
<meta charset="utf-8" />
<meta name="viewport" content="width=device-width" />

<title>[Gen 3] OU: Mr Bluestacks vs. Caloominum - Replays - Pok&eacute;mon Showdown!</title>

<meta name="description" content="Watch a replay of a Pok&eacute;mon battle between Mr Bluestacks and Caloominum! Format: [Gen 3] OU; Date: Oct 18, 2024" />
<!--

Hey, you! Looking in the source for the replay log?

You can find them in JSON format, just add `.json` at the end of a replay URL.

https://replay.pokemonshowdown.com/gen7randomdoublesbattle-865046831.json

Or, if you only need the log itself, add `.log` instead:

https://replay.pokemonshowdown.com/gen7randomdoublesbattle-865046831.log

-->

<link rel="stylesheet" href="//pokemonshowdown.com/style/global.css?0.023195364461161105" />
<link rel="stylesheet" href="//play.pokemonshowdown.com/style/font-awesome.css?0.13261647063804238" />
<link rel="stylesheet" href="//play.pokemonshowdown.com/style/battle.css?0.8753245789963631" />
<link rel="stylesheet" href="//play.pokemonshowdown.com/style/utilichart.css?0.8627959624976733" />

<!-- Global site tag (gtag.js) - Google Analytics -->
<script async src="https://www.googletagmanager.com/gtag/js?id=UA-26211653-1"></script>
<script>
  window.dataLayer = window.dataLayer || [];
  function gtag(){dataLayer.push(arguments);}
  gtag('js', new Date());

  gtag('config', 'UA-26211653-1');
</script>
<!-- End Google Analytics -->
<!-- Venatus Ad Manager - Install in <HEAD> of page -->
	<script src="https://hb.vntsm.com/v3/live/ad-manager.min.js" type="text/javascript" data-site-id="642aba63ec9a7b11c3c9c1be" data-mode="scan" async></script>
<!-- / Venatus Ad Manager -->

<style>
	@media (max-width:820px) {
		.battle {
			margin: 0 auto;
		}
		.battle-log {
			margin: 7px auto 0;
			max-width: 640px;
			height: 300px;
			position: static;
		}
	}
	.optgroup {
		display: inline-block;
		line-height: 22px;
		font-size: 10pt;
	}
	.optgroup .button {
		height: 25px;
		padding-top: 0;
		padding-bottom: 0;
	}
	.optgroup button.button {
		padding-left: 12px;
		padding-right: 12px;
	}
	.linklist {
		list-style: none;
		margin: 0.5em 0;
		padding: 0;
	}
	.linklist li {
		padding: 2px 0;
	}
	.sidebar {
		float: left;
		width: 320px;
	}
	.bar-wrapper {
		max-width: 1100px;
		margin: 0 auto;
	}
	.bar-wrapper.has-sidebar {
		max-width: 1430px;
	}
	.mainbar {
		margin: 0;
		padding-right: 1px;
	}
	.mainbar.has-sidebar {
		margin-left: 330px;
	}
	@media (min-width: 1511px) {
		.sidebar {
			width: 400px;
		}
		.bar-wrapper.has-sidebar {
			max-width: 1510px;
		}
		.mainbar.has-sidebar {
			margin-left: 410px;
		}
	}
	.section.first-section {
		margin-top: 9px;
	}
	.blocklink small {
		white-space: normal;
	}
	.button {
		vertical-align: middle;
	}
	.replay-controls {
		padding-top: 10px;
	}
	.replay-controls h1 {
		font-size: 16pt;
		font-weight: normal;
		color: #CCC;
	}
	.pagelink {
		text-align: center;
	}
	.pagelink a {
		width: 150px;
	}
	.textbox, .button {
		font-size: 11pt;
		vertical-align: middle;
	}
	@media (max-width: 450px) {
		.button {
			font-size: 9pt;
		}
	}
</style>

<div>

	<header>
		<div class="nav-wrapper"><ul class="nav">
			<li><a class="button nav-first" href="//pokemonshowdown.com/"><img src="//pokemonshowdown.com/images/pokemonshowdownbeta.png" srcset="//pokemonshowdown.com/images/pokemonshowdownbeta.png 1x, //pokemonshowdown.com/images/pokemonshowdownbeta@2x.png 2x" alt="Pok&eacute;mon Showdown" width="146" height="44" /> Home</a></li>
			<li><a class="button" href="//pokemonshowdown.com/dex/">Pok&eacute;dex</a></li>
			<li><a class="button cur" href="/">Replays</a></li>
			<li><a class="button" href="//pokemonshowdown.com/ladder/">Ladder</a></li>
			<li><a class="button nav-last" href="//pokemonshowdown.com/forums/">Forum</a></li>
			<li><a class="button greenbutton nav-first nav-last" href="//play.pokemonshowdown.com/">Play</a></li>
		</ul></div>
	</header>

	<div class="main" id="main">

		<noscript><section class="section">You need to enable JavaScript to use this page; sorry!</section></noscript>

	</div>

</div>

<script defer nomodule src="//play.pokemonshowdown.com/js/lib/ps-polyfill.js"></script>
<script defer src="//play.pokemonshowdown.com/js/lib/preact.min.js"></script>

<script defer src="//play.pokemonshowdown.com/config/config.js?2bddbc15"></script>
<script defer src="//play.pokemonshowdown.com/js/lib/jquery-1.11.0.min.js"></script>
<script defer src="//play.pokemonshowdown.com/js/lib/html-sanitizer-minified.js"></script>
<script defer src="//play.pokemonshowdown.com/js/battle-sound.js"></script>
<script defer src="//play.pokemonshowdown.com/js/battledata.js?0.7209276989879541"></script>
<script defer src="//play.pokemonshowdown.com/data/pokedex-mini.js?0.6111056340867951"></script>
<script defer src="//play.pokemonshowdown.com/data/pokedex-mini-bw.js?0.3532142036491459"></script>
<script defer src="//play.pokemonshowdown.com/data/graphics.js?0.24223875632456182"></script>
<script defer src="//play.pokemonshowdown.com/data/pokedex.js?0.38839984266356864"></script>
<script defer src="//play.pokemonshowdown.com/data/moves.js?0.21866028504024015"></script>
<script defer src="//play.pokemonshowdown.com/data/abilities.js?0.2005157953846628"></script>
<script defer src="//play.pokemonshowdown.com/data/items.js?0.9894211263848525"></script>
<script defer src="//play.pokemonshowdown.com/data/teambuilder-tables.js?0.6008791140282215"></script>
<script defer src="//play.pokemonshowdown.com/js/battle-tooltips.js?0.7580118955022959"></script>
<script defer src="//play.pokemonshowdown.com/js/battle.js?0.6057722274234274"></script>

<script defer src="js/utils.js?e31f9a17"></script>
<script defer src="js/replays-battle.js?7008c182"></script>

<!-- don't scrape this data! just add .json or .log after the URL!
Full API docs: https://github.com/smogon/pokemon-showdown-client/blob/master/WEB-API.md -->
<script type="text/plain" class="log" id="replaylog-smogtours-gen3ou-799563">
|inactive|Battle timer is ON: inactive players will automatically lose when time's up.
|t:|1729272144
|gametype|singles
|player|p1|Mr Bluestacks|102|
|player|p2|Caloominum|#advpliii|
|teamsize|p1|6
|teamsize|p2|6
|gen|3
|tier|[Gen 3] OU
|rule|Sleep Clause Mod: Limit one foe put to sleep
|rule|Switch Priority Clause Mod: Faster Pokémon switch first
|rule|Species Clause: Limit one of each Pokémon
|rule|OHKO Clause: OHKO moves are banned
|rule|Evasion Items Clause: Evasion items are banned
|rule|Evasion Moves Clause: Evasion moves are banned
|rule|Endless Battle Clause: Forcing endless battles is banned
|rule|HP Percentage Mod: HP is shown in percentages
|rule|One Boost Passer Clause: Limit one Baton Passer that has a way to boost its stats
|rule|Freeze Clause Mod: Limit one foe frozen
|
|t:|1729272144
|start
|switch|p1a: Hariyama|Hariyama, M|100/100
|switch|p2a: Magneton|Magneton|100/100
|turn|1
|
|t:|1729272152
|switch|p2a: Celebi|Celebi|100/100
|move|p1a: Hariyama|Brick Break|p2a: Celebi
|-resisted|p2a: Celebi
|-damage|p2a: Celebi|88/100
|
|-heal|p2a: Celebi|95/100|[from] item: Leftovers
|upkeep
|turn|2
|
|t:|1729272162
|move|p2a: Celebi|Leech Seed|p1a: Hariyama
|-start|p1a: Hariyama|move: Leech Seed
|move|p1a: Hariyama|Knock Off|p2a: Celebi
|-supereffective|p2a: Celebi
|-damage|p2a: Celebi|91/100
|-enditem|p2a: Celebi|Leftovers|[from] move: Knock Off|[of] p1a: Hariyama
|-hint|In Gens 3-4, Knock Off only makes the target's item unusable; it cannot obtain a new item.
|
|-damage|p1a: Hariyama|88/100|[from] Leech Seed|[of] p2a: Celebi
|-heal|p2a: Celebi|100/100|[silent]
|upkeep
|turn|3
|
|t:|1729272168
|switch|p1a: Jirachi|Jirachi|100/100
|move|p2a: Celebi|Hidden Power|p1a: Jirachi
|-resisted|p1a: Jirachi
|-damage|p1a: Jirachi|92/100
|
|-heal|p1a: Jirachi|98/100|[from] item: Leftovers
|upkeep
|turn|4
|
|t:|1729272173
|switch|p2a: Blissey|Blissey, F|100/100
|move|p1a: Jirachi|Body Slam|p2a: Blissey
|-damage|p2a: Blissey|83/100
|
|-heal|p1a: Jirachi|100/100|[from] item: Leftovers
|-heal|p2a: Blissey|89/100|[from] item: Leftovers
|upkeep
|turn|5
|
|t:|1729272180
|move|p1a: Jirachi|Wish|p1a: Jirachi
|move|p2a: Blissey|Thunder Wave|p1a: Jirachi
|-status|p1a: Jirachi|par
|
|-heal|p2a: Blissey|95/100|[from] item: Leftovers
|upkeep
|turn|6
|
|t:|1729272183
|switch|p2a: Celebi|Celebi|100/100
|switch|p1a: Hariyama|Hariyama, M|88/100
|
|-heal|p1a: Hariyama|100/100|[from] move: Wish|[wisher] Jirachi
|upkeep
|turn|7
|
|t:|1729272189
|switch|p2a: Skarmory|Skarmory, M|100/100
|move|p1a: Hariyama|Hidden Power|p2a: Skarmory
|-resisted|p2a: Skarmory
|-damage|p2a: Skarmory|96/100
|
|-heal|p2a: Skarmory|100/100|[from] item: Leftovers
|upkeep
|turn|8
|
|t:|1729272194
|move|p2a: Skarmory|Drill Peck|p1a: Hariyama
|-supereffective|p1a: Hariyama
|-damage|p1a: Hariyama|54/100
|move|p1a: Hariyama|Knock Off|p2a: Skarmory
|-resisted|p2a: Skarmory
|-damage|p2a: Skarmory|99/100
|-enditem|p2a: Skarmory|Leftovers|[from] move: Knock Off|[of] p1a: Hariyama
|
|-heal|p1a: Hariyama|60/100|[from] item: Leftovers
|upkeep
|turn|9
|
|t:|1729272199
|switch|p1a: Salamence|Salamence, M|100/100
|-ability|p1a: Salamence|Intimidate|boost
|-unboost|p2a: Skarmory|atk|1
|move|p2a: Skarmory|Spikes|p1a: Salamence
|-sidestart|p1: Mr Bluestacks|Spikes
|
|upkeep
|turn|10
|
|t:|1729272205
|switch|p2a: Swampert|Swampert, M|100/100
|move|p1a: Salamence|Flamethrower|p2a: Swampert
|-resisted|p2a: Swampert
|-damage|p2a: Swampert|90/100
|-status|p2a: Swampert|brn
|
|-heal|p2a: Swampert|96/100 brn|[from] item: Leftovers
|-damage|p2a: Swampert|84/100 brn|[from] brn
|upkeep
|turn|11
|
|t:|1729272209
|switch|p1a: Celebi|Celebi|100/100
|-damage|p1a: Celebi|88/100|[from] Spikes
|move|p2a: Swampert|Ice Beam|p1a: Celebi
|-supereffective|p1a: Celebi
|-damage|p1a: Celebi|57/100
|
|-heal|p1a: Celebi|64/100|[from] item: Leftovers
|-heal|p2a: Swampert|90/100 brn|[from] item: Leftovers
|-damage|p2a: Swampert|77/100 brn|[from] brn
|upkeep
|turn|12
|
|t:|1729272213
|switch|p2a: Blissey|Blissey, F|95/100
|move|p1a: Celebi|Leech Seed|p2a: Blissey|[miss]
|-miss|p1a: Celebi|p2a: Blissey
|
|-heal|p1a: Celebi|70/100|[from] item: Leftovers
|-heal|p2a: Blissey|100/100|[from] item: Leftovers
|upkeep
|turn|13
|
|t:|1729272217
|move|p1a: Celebi|Leech Seed|p2a: Blissey
|-start|p2a: Blissey|move: Leech Seed
|move|p2a: Blissey|Aromatherapy|p2a: Blissey
|-cureteam|p2a: Blissey|[from] move: Aromatherapy
|
|-heal|p1a: Celebi|76/100|[from] item: Leftovers
|-damage|p2a: Blissey|88/100|[from] Leech Seed|[of] p1a: Celebi
|-heal|p1a: Celebi|98/100|[silent]
|upkeep
|turn|14
|
|t:|1729272228
|switch|p1a: Salamence|Salamence, M|100/100
|-ability|p1a: Salamence|Intimidate|boost
|-unboost|p2a: Blissey|atk|1
|switch|p2a: Celebi|Celebi|100/100
|
|upkeep
|turn|15
|
|t:|1729272236
|switch|p2a: Swampert|Swampert, M|77/100
|move|p1a: Salamence|Wish|p1a: Salamence
|
|-heal|p2a: Swampert|84/100|[from] item: Leftovers
|upkeep
|turn|16
|
|t:|1729272240
|switch|p1a: Hariyama|Hariyama, M|60/100
|-damage|p1a: Hariyama|47/100|[from] Spikes
|move|p2a: Swampert|Earthquake|p1a: Hariyama
|-damage|p1a: Hariyama|11/100
|
|-heal|p1a: Hariyama|61/100|[from] move: Wish|[wisher] Salamence
|-heal|p1a: Hariyama|67/100|[from] item: Leftovers
|-heal|p2a: Swampert|90/100|[from] item: Leftovers
|upkeep
|turn|17
|
|t:|1729272246
|switch|p1a: Celebi|Celebi|98/100
|-damage|p1a: Celebi|85/100|[from] Spikes
|switch|p2a: Skarmory|Skarmory, M|99/100
|
|-heal|p1a: Celebi|91/100|[from] item: Leftovers
|upkeep
|turn|18
|
|t:|1729272248
|move|p1a: Celebi|Leech Seed|p2a: Skarmory
|-start|p2a: Skarmory|move: Leech Seed
|move|p2a: Skarmory|Spikes|p1a: Celebi
|-sidestart|p1: Mr Bluestacks|Spikes
|
|-heal|p1a: Celebi|98/100|[from] item: Leftovers
|-damage|p2a: Skarmory|87/100|[from] Leech Seed|[of] p1a: Celebi
|-heal|p1a: Celebi|100/100|[silent]
|upkeep
|turn|19
|
|t:|1729272253
|switch|p1a: Starmie|Starmie|100/100
|-damage|p1a: Starmie|84/100|[from] Spikes
|switch|p2a: Celebi|Celebi|100/100
|
|-heal|p1a: Starmie|90/100|[from] item: Leftovers
|upkeep
|turn|20
|
|t:|1729272259
|move|p1a: Starmie|Rapid Spin|p2a: Celebi
|-damage|p2a: Celebi|99/100
|-sideend|p1: Mr Bluestacks|Spikes|[from] move: Rapid Spin|[of] p1a: Starmie
|move|p2a: Celebi|Hidden Power|p1a: Starmie
|-supereffective|p1a: Starmie
|-damage|p1a: Starmie|35/100
|
|-heal|p1a: Starmie|41/100|[from] item: Leftovers
|upkeep
|turn|21
|
|t:|1729272264
|move|p1a: Starmie|Recover|p1a: Starmie
|-heal|p1a: Starmie|91/100
|move|p2a: Celebi|Hidden Power|p1a: Starmie
|-supereffective|p1a: Starmie
|-damage|p1a: Starmie|38/100
|
|-heal|p1a: Starmie|44/100|[from] item: Leftovers
|upkeep
|turn|22
|
|t:|1729272270
|switch|p1a: Jirachi|Jirachi|100/100 par
|move|p2a: Celebi|Hidden Power|p1a: Jirachi
|-resisted|p1a: Jirachi
|-crit|p1a: Jirachi
|-damage|p1a: Jirachi|83/100 par
|
|-heal|p1a: Jirachi|89/100 par|[from] item: Leftovers
|upkeep
|turn|23
|
|t:|1729272276
|switch|p2a: Swampert|Swampert, M|90/100
|move|p1a: Jirachi|Body Slam|p2a: Swampert
|-damage|p2a: Swampert|76/100
|
|-heal|p2a: Swampert|82/100|[from] item: Leftovers
|-heal|p1a: Jirachi|95/100 par|[from] item: Leftovers
|upkeep
|turn|24
|
|t:|1729272284
|switch|p2a: Aerodactyl|Aerodactyl, M|100/100
|switch|p1a: Celebi|Celebi|100/100
|
|upkeep
|turn|25
|
|t:|1729272290
|switch|p1a: Salamence|Salamence, M|100/100
|-ability|p1a: Salamence|Intimidate|boost
|-unboost|p2a: Aerodactyl|atk|1
|move|p2a: Aerodactyl|Earthquake|p1a: Salamence
|-immune|p1a: Salamence
|
|upkeep
|turn|26
|
|t:|1729272293
|switch|p2a: Swampert|Swampert, M|82/100
|move|p1a: Salamence|Toxic|p2a: Swampert
|-status|p2a: Swampert|tox
|
|-heal|p2a: Swampert|88/100 tox|[from] item: Leftovers
|-damage|p2a: Swampert|82/100 tox|[from] psn
|upkeep
|turn|27
|
|t:|1729272300
|move|p1a: Salamence|Protect|p1a: Salamence
|-singleturn|p1a: Salamence|Protect
|move|p2a: Swampert|Ice Beam|p1a: Salamence
|-activate|p1a: Salamence|Protect
|
|-heal|p2a: Swampert|88/100 tox|[from] item: Leftovers
|-damage|p2a: Swampert|76/100 tox|[from] psn
|upkeep
|turn|28
|
|t:|1729272306
|switch|p1a: Jirachi|Jirachi|95/100 par
|switch|p2a: Aerodactyl|Aerodactyl, M|100/100
|
|-heal|p1a: Jirachi|100/100 par|[from] item: Leftovers
|upkeep
|turn|29
|
|t:|1729272310
|move|p1a: Jirachi|Protect|p1a: Jirachi
|-singleturn|p1a: Jirachi|Protect
|move|p2a: Aerodactyl|Earthquake|p1a: Jirachi
|-activate|p1a: Jirachi|Protect
|
|upkeep
|turn|30
|
|t:|1729272315
|switch|p2a: Blissey|Blissey, F|88/100
|cant|p1a: Jirachi|par
|
|-heal|p2a: Blissey|94/100|[from] item: Leftovers
|upkeep
|turn|31
|
|t:|1729272330
|switch|p1a: Starmie|Starmie|44/100
|move|p2a: Blissey|Seismic Toss|p1a: Starmie
|-damage|p1a: Starmie|13/100
|
|-heal|p1a: Starmie|19/100|[from] item: Leftovers
|-heal|p2a: Blissey|99/100|[from] item: Leftovers
|upkeep
|turn|32
|
|t:|1729272342
|move|p1a: Starmie|Recover|p1a: Starmie
|-heal|p1a: Starmie|69/100
|move|p2a: Blissey|Thunder Wave|p1a: Starmie
|-status|p1a: Starmie|par
|
|-heal|p2a: Blissey|100/100|[from] item: Leftovers
|-heal|p1a: Starmie|75/100 par|[from] item: Leftovers
|upkeep
|turn|33
|
|t:|1729272354
|-curestatus|p1a: Starmie|par|[from] ability: Natural Cure
|switch|p1a: Salamence|Salamence, M|100/100
|-ability|p1a: Salamence|Intimidate|boost
|-unboost|p2a: Blissey|atk|1
|move|p2a: Blissey|Seismic Toss|p1a: Salamence
|-damage|p1a: Salamence|75/100
|
|-heal|p1a: Salamence|81/100|[from] item: Leftovers
|upkeep
|turn|34
|
|t:|1729272378
|move|p1a: Salamence|Toxic|p2a: Blissey
|-status|p2a: Blissey|tox
|move|p2a: Blissey|Thunder Wave|p1a: Salamence
|-status|p1a: Salamence|par
|
|-damage|p2a: Blissey|94/100 tox|[from] psn
|-heal|p1a: Salamence|87/100 par|[from] item: Leftovers
|upkeep
|turn|35
|
|t:|1729272389
|-curestatus|p2a: Blissey|tox|[from] ability: Natural Cure
|switch|p2a: Celebi|Celebi|99/100
|switch|p1a: Hariyama|Hariyama, M|67/100
|
|-heal|p1a: Hariyama|73/100|[from] item: Leftovers
|upkeep
|turn|36
|
|t:|1729272391
|move|p2a: Celebi|Hidden Power|p1a: Hariyama
|-damage|p1a: Hariyama|44/100
|move|p1a: Hariyama|Hidden Power|p2a: Celebi
|-supereffective|p2a: Celebi
|-damage|p2a: Celebi|40/100
|
|-heal|p1a: Hariyama|50/100|[from] item: Leftovers
|upkeep
|turn|37
|
|t:|1729272398
|switch|p2a: Skarmory|Skarmory, M|87/100
|move|p1a: Hariyama|Hidden Power|p2a: Skarmory
|-resisted|p2a: Skarmory
|-damage|p2a: Skarmory|83/100
|
|-heal|p1a: Hariyama|56/100|[from] item: Leftovers
|upkeep
|turn|38
|
|t:|1729272405
|switch|p1a: Starmie|Starmie|75/100
|move|p2a: Skarmory|Drill Peck|p1a: Starmie
|-damage|p1a: Starmie|47/100
|
|-heal|p1a: Starmie|53/100|[from] item: Leftovers
|upkeep
|turn|39
|
|t:|1729272408
|switch|p2a: Celebi|Celebi|40/100
|move|p1a: Starmie|Thunder Wave|p2a: Celebi
|-status|p2a: Celebi|par
|
|-heal|p1a: Starmie|59/100|[from] item: Leftovers
|upkeep
|turn|40
|
|t:|1729272412
|move|p1a: Starmie|Recover|p1a: Starmie
|-heal|p1a: Starmie|100/100
|move|p2a: Celebi|Recover|p2a: Celebi
|-heal|p2a: Celebi|90/100 par
|
|upkeep
|turn|41
|
|t:|1729272422
|switch|p1a: Jirachi|Jirachi|100/100 par
|move|p2a: Celebi|Hidden Power|p1a: Jirachi
|-resisted|p1a: Jirachi
|-crit|p1a: Jirachi
|-damage|p1a: Jirachi|84/100 par
|
|-heal|p1a: Jirachi|90/100 par|[from] item: Leftovers
|upkeep
|turn|42
|
|t:|1729272425
|-curestatus|p2a: Celebi|par|[from] ability: Natural Cure
|switch|p2a: Blissey|Blissey, F|94/100
|move|p1a: Jirachi|Wish|p1a: Jirachi
|
|-heal|p2a: Blissey|100/100|[from] item: Leftovers
|-heal|p1a: Jirachi|96/100 par|[from] item: Leftovers
|upkeep
|turn|43
|
|t:|1729272430
|switch|p2a: Skarmory|Skarmory, M|83/100
|switch|p1a: Hariyama|Hariyama, M|56/100
|
|-heal|p1a: Hariyama|100/100|[from] move: Wish|[wisher] Jirachi
|upkeep
|turn|44
|
|t:|1729272433
|move|p2a: Skarmory|Drill Peck|p1a: Hariyama
|-supereffective|p1a: Hariyama
|-damage|p1a: Hariyama|58/100
|move|p1a: Hariyama|Brick Break|p2a: Skarmory
|-damage|p2a: Skarmory|55/100
|
|-heal|p1a: Hariyama|64/100|[from] item: Leftovers
|upkeep
|turn|45
|
|t:|1729272438
|switch|p1a: Salamence|Salamence, M|87/100 par
|-ability|p1a: Salamence|Intimidate|boost
|-unboost|p2a: Skarmory|atk|1
|move|p2a: Skarmory|Drill Peck|p1a: Salamence
|-damage|p1a: Salamence|76/100 par
|
|-heal|p1a: Salamence|82/100 par|[from] item: Leftovers
|upkeep
|turn|46
|
|t:|1729272442
|switch|p2a: Aerodactyl|Aerodactyl, M|100/100
|move|p1a: Salamence|Flamethrower|p2a: Aerodactyl
|-resisted|p2a: Aerodactyl
|-damage|p2a: Aerodactyl|84/100
|-status|p2a: Aerodactyl|brn
|
|-damage|p2a: Aerodactyl|71/100 brn|[from] brn
|-heal|p1a: Salamence|88/100 par|[from] item: Leftovers
|upkeep
|turn|47
|
|t:|1729272447
|switch|p2a: Blissey|Blissey, F|100/100
|cant|p1a: Salamence|par
|
|-heal|p1a: Salamence|94/100 par|[from] item: Leftovers
|upkeep
|turn|48
|
|t:|1729272451
|move|p2a: Blissey|Aromatherapy|p2a: Blissey
|-cureteam|p2a: Blissey|[from] move: Aromatherapy
|move|p1a: Salamence|Toxic|p2a: Blissey
|-status|p2a: Blissey|tox
|
|-damage|p2a: Blissey|94/100 tox|[from] psn
|-heal|p1a: Salamence|100/100 par|[from] item: Leftovers
|upkeep
|turn|49
|
|t:|1729272454
|-curestatus|p2a: Blissey|tox|[from] ability: Natural Cure
|switch|p2a: Aerodactyl|Aerodactyl, M|71/100
|move|p1a: Salamence|Wish|p1a: Salamence
|
|upkeep
|turn|50
|
|t:|1729272460
|switch|p1a: Hariyama|Hariyama, M|64/100
|move|p2a: Aerodactyl|Double-Edge|p1a: Hariyama
|-damage|p1a: Hariyama|7/100
|
|-heal|p1a: Hariyama|57/100|[from] move: Wish|[wisher] Salamence
|-heal|p1a: Hariyama|63/100|[from] item: Leftovers
|upkeep
|turn|51
|
|t:|1729272467
|switch|p1a: Rhydon|Rhydon, F|100/100
|move|p2a: Aerodactyl|Double-Edge|p1a: Rhydon
|-resisted|p1a: Rhydon
|-damage|p1a: Rhydon|77/100
|
|-heal|p1a: Rhydon|83/100|[from] item: Leftovers
|upkeep
|turn|52
|
|t:|1729272472
|switch|p2a: Swampert|Swampert, M|76/100
|move|p1a: Rhydon|Substitute|p1a: Rhydon
|-start|p1a: Rhydon|Substitute
|-damage|p1a: Rhydon|58/100
|
|-heal|p1a: Rhydon|64/100|[from] item: Leftovers
|-heal|p2a: Swampert|82/100|[from] item: Leftovers
|upkeep
|turn|53
|
|t:|1729272476
|move|p1a: Rhydon|Earthquake|p2a: Swampert
|-damage|p2a: Swampert|43/100
|move|p2a: Swampert|Ice Beam|p1a: Rhydon
|-supereffective|p1a: Rhydon
|-end|p1a: Rhydon|Substitute
|
|-heal|p1a: Rhydon|70/100|[from] item: Leftovers
|-heal|p2a: Swampert|49/100|[from] item: Leftovers
|upkeep
|turn|54
|
|t:|1729272501
|switch|p1a: Celebi|Celebi|100/100
|move|p2a: Swampert|Ice Beam|p1a: Celebi
|-supereffective|p1a: Celebi
|-damage|p1a: Celebi|67/100
|-status|p1a: Celebi|frz
|
|-heal|p1a: Celebi|73/100 frz|[from] item: Leftovers
|-heal|p2a: Swampert|55/100|[from] item: Leftovers
|upkeep
|turn|55
|
|t:|1729272513
|-curestatus|p1a: Celebi|frz|[from] ability: Natural Cure
|switch|p1a: Starmie|Starmie|100/100
|move|p2a: Swampert|Earthquake|p1a: Starmie
|-damage|p1a: Starmie|56/100
|
|-heal|p1a: Starmie|62/100|[from] item: Leftovers
|-heal|p2a: Swampert|61/100|[from] item: Leftovers
|upkeep
|turn|56
|
|t:|1729272519
|move|p2a: Swampert|Protect|p2a: Swampert
|-singleturn|p2a: Swampert|Protect
|move|p1a: Starmie|Recover|p1a: Starmie
|-heal|p1a: Starmie|100/100
|
|-heal|p2a: Swampert|67/100|[from] item: Leftovers
|upkeep
|turn|57
|
|t:|1729272526
|switch|p2a: Celebi|Celebi|90/100
|move|p1a: Starmie|Surf|p2a: Celebi
|-resisted|p2a: Celebi
|-damage|p2a: Celebi|75/100
|
|upkeep
|turn|58
|
|t:|1729272530
|move|p1a: Starmie|Thunder Wave|p2a: Celebi
|-status|p2a: Celebi|par
|move|p2a: Celebi|Leech Seed|p1a: Starmie
|-start|p1a: Starmie|move: Leech Seed
|
|-damage|p1a: Starmie|88/100|[from] Leech Seed|[of] p2a: Celebi
|-heal|p2a: Celebi|85/100 par|[silent]
|upkeep
|turn|59
|
|t:|1729272537
|switch|p1a: Jirachi|Jirachi|96/100 par
|-curestatus|p2a: Celebi|par|[from] ability: Natural Cure
|switch|p2a: Aerodactyl|Aerodactyl, M|71/100
|
|-heal|p1a: Jirachi|100/100 par|[from] item: Leftovers
|upkeep
|turn|60
|
|t:|1729272540
|move|p1a: Jirachi|Protect|p1a: Jirachi
|-singleturn|p1a: Jirachi|Protect
|move|p2a: Aerodactyl|Earthquake|p1a: Jirachi
|-activate|p1a: Jirachi|Protect
|
|upkeep
|turn|61
|
|t:|1729272546
|switch|p2a: Magneton|Magneton|100/100
|switch|p1a: Salamence|Salamence, M|100/100 par
|-ability|p1a: Salamence|Intimidate|boost
|-unboost|p2a: Magneton|atk|1
|
|upkeep
|turn|62
|
|t:|1729272551
|switch|p2a: Blissey|Blissey, F|94/100
|cant|p1a: Salamence|par
|
|-heal|p2a: Blissey|100/100|[from] item: Leftovers
|upkeep
|turn|63
|
|t:|1729272557
|switch|p1a: Starmie|Starmie|88/100
|move|p2a: Blissey|Seismic Toss|p1a: Starmie
|-damage|p1a: Starmie|57/100
|
|-heal|p1a: Starmie|63/100|[from] item: Leftovers
|upkeep
|turn|64
|
|t:|1729272562
|switch|p2a: Swampert|Swampert, M|67/100
|move|p1a: Starmie|Thunder Wave|p2a: Swampert
|-immune|p2a: Swampert
|
|-heal|p1a: Starmie|70/100|[from] item: Leftovers
|-heal|p2a: Swampert|74/100|[from] item: Leftovers
|upkeep
|turn|65
|
|t:|1729272566
|move|p2a: Swampert|Protect|p2a: Swampert
|-singleturn|p2a: Swampert|Protect
|move|p1a: Starmie|Recover|p1a: Starmie
|-heal|p1a: Starmie|100/100
|
|-heal|p2a: Swampert|80/100|[from] item: Leftovers
|upkeep
|turn|66
|
|t:|1729272571
|switch|p1a: Celebi|Celebi|73/100
|switch|p2a: Celebi|Celebi|85/100
|
|-heal|p1a: Celebi|79/100|[from] item: Leftovers
|upkeep
|turn|67
|
|t:|1729272574
|switch|p2a: Aerodactyl|Aerodactyl, M|71/100
|move|p1a: Celebi|Recover|p1a: Celebi
|-heal|p1a: Celebi|100/100
|
|upkeep
|turn|68
|
|t:|1729272580
|move|p2a: Aerodactyl|Hidden Power|p1a: Celebi
|-supereffective|p1a: Celebi
|-damage|p1a: Celebi|3/100
|move|p1a: Celebi|Leech Seed|p2a: Aerodactyl|[miss]
|-miss|p1a: Celebi|p2a: Aerodactyl
|
|-heal|p1a: Celebi|9/100|[from] item: Leftovers
|upkeep
|turn|69
|
|t:|1729272596
|switch|p2a: Swampert|Swampert, M|80/100
|switch|p1a: Salamence|Salamence, M|100/100 par
|-ability|p1a: Salamence|Intimidate|boost
|-unboost|p2a: Swampert|atk|1
|
|-heal|p2a: Swampert|86/100|[from] item: Leftovers
|upkeep
|turn|70
|
|t:|1729272600
|switch|p1a: Jirachi|Jirachi|100/100 par
|move|p2a: Swampert|Curse|p2a: Swampert
|-unboost|p2a: Swampert|spe|1
|-boost|p2a: Swampert|atk|1
|-boost|p2a: Swampert|def|1
|
|-heal|p2a: Swampert|92/100|[from] item: Leftovers
|upkeep
|turn|71
|
|t:|1729272604
|move|p2a: Swampert|Curse|p2a: Swampert
|-unboost|p2a: Swampert|spe|1
|-boost|p2a: Swampert|atk|1
|-boost|p2a: Swampert|def|1
|move|p1a: Jirachi|Body Slam|p2a: Swampert
|-damage|p2a: Swampert|86/100
|-status|p2a: Swampert|par
|
|-heal|p2a: Swampert|92/100 par|[from] item: Leftovers
|upkeep
|turn|72
|
|t:|1729272609
|switch|p1a: Salamence|Salamence, M|100/100 par
|-ability|p1a: Salamence|Intimidate|boost
|-unboost|p2a: Swampert|atk|1
|cant|p2a: Swampert|par
|
|-heal|p2a: Swampert|98/100 par|[from] item: Leftovers
|upkeep
|turn|73
|
|t:|1729272619
|switch|p1a: Jirachi|Jirachi|100/100 par
|move|p2a: Swampert|Ice Beam|p1a: Jirachi
|-resisted|p1a: Jirachi
|-damage|p1a: Jirachi|94/100 par
|
|-heal|p1a: Jirachi|100/100 par|[from] item: Leftovers
|-heal|p2a: Swampert|100/100 par|[from] item: Leftovers
|upkeep
|turn|74
|
|t:|1729272624
|move|p1a: Jirachi|Wish|p1a: Jirachi
|move|p2a: Swampert|Earthquake|p1a: Jirachi
|-supereffective|p1a: Jirachi
|-damage|p1a: Jirachi|43/100 par
|
|-heal|p1a: Jirachi|50/100 par|[from] item: Leftovers
|upkeep
|turn|75
|
|t:|1729272631
|move|p1a: Jirachi|Body Slam|p2a: Swampert
|-damage|p2a: Swampert|94/100 par
|cant|p2a: Swampert|par
|
|-heal|p1a: Jirachi|99/100 par|[from] move: Wish|[wisher] Jirachi
|-heal|p1a: Jirachi|100/100 par|[from] item: Leftovers
|-heal|p2a: Swampert|99/100 par|[from] item: Leftovers
|upkeep
|turn|76
|
|t:|1729272638
|cant|p1a: Jirachi|par
|move|p2a: Swampert|Curse|p2a: Swampert
|-unboost|p2a: Swampert|spe|1
|-boost|p2a: Swampert|atk|1
|-boost|p2a: Swampert|def|1
|
|-heal|p2a: Swampert|100/100 par|[from] item: Leftovers
|upkeep
|turn|77
|
|t:|1729272641
|cant|p1a: Jirachi|par
|move|p2a: Swampert|Ice Beam|p1a: Jirachi
|-resisted|p1a: Jirachi
|-damage|p1a: Jirachi|94/100 par
|
|-heal|p1a: Jirachi|99/100 par|[from] item: Leftovers
|upkeep
|turn|78
|
|t:|1729272643
|move|p1a: Jirachi|Wish|p1a: Jirachi
|cant|p2a: Swampert|par
|
|-heal|p1a: Jirachi|100/100 par|[from] item: Leftovers
|upkeep
|turn|79
|
|t:|1729272646
|switch|p1a: Celebi|Celebi|9/100
|move|p2a: Swampert|Earthquake|p1a: Celebi
|-resisted|p1a: Celebi
|-damage|p1a: Celebi|0 fnt
|faint|p1a: Celebi
|
|t:|1729272649
|switch|p1a: Rhydon|Rhydon, F|70/100
|
|-heal|p1a: Rhydon|100/100|[from] move: Wish|[wisher] Jirachi
|upkeep
|turn|80
|
|t:|1729272653
|move|p1a: Rhydon|Substitute|p1a: Rhydon
|-start|p1a: Rhydon|Substitute
|-damage|p1a: Rhydon|76/100
|move|p2a: Swampert|Earthquake|p1a: Rhydon
|-supereffective|p1a: Rhydon
|-end|p1a: Rhydon|Substitute
|
|-heal|p1a: Rhydon|82/100|[from] item: Leftovers
|upkeep
|turn|81
|
|t:|1729272661
|move|p1a: Rhydon|Earthquake|p2a: Swampert
|-damage|p2a: Swampert|85/100 par
|cant|p2a: Swampert|par
|
|-heal|p1a: Rhydon|88/100|[from] item: Leftovers
|-heal|p2a: Swampert|91/100 par|[from] item: Leftovers
|upkeep
|turn|82
|
|t:|1729272668
|switch|p1a: Hariyama|Hariyama, M|63/100
|move|p2a: Swampert|Earthquake|p1a: Hariyama
|-damage|p1a: Hariyama|9/100
|
|-heal|p1a: Hariyama|15/100|[from] item: Leftovers
|-heal|p2a: Swampert|97/100 par|[from] item: Leftovers
|upkeep
|turn|83
|
|t:|1729272673
|move|p1a: Hariyama|Knock Off|p2a: Swampert
|-damage|p2a: Swampert|95/100 par
|-enditem|p2a: Swampert|Leftovers|[from] move: Knock Off|[of] p1a: Hariyama
|move|p2a: Swampert|Earthquake|p1a: Hariyama
|-damage|p1a: Hariyama|0 fnt
|faint|p1a: Hariyama
|
|t:|1729272681
|switch|p1a: Salamence|Salamence, M|100/100 par
|-ability|p1a: Salamence|Intimidate|boost
|-unboost|p2a: Swampert|atk|1
|
|upkeep
|turn|84
|
|t:|1729272686
|switch|p1a: Starmie|Starmie|100/100
|cant|p2a: Swampert|par
|
|upkeep
|turn|85
|
|t:|1729272689
|move|p1a: Starmie|Surf|p2a: Swampert
|-damage|p2a: Swampert|65/100 par
|cant|p2a: Swampert|par
|
|upkeep
|turn|86
|
|t:|1729272694
|switch|p2a: Celebi|Celebi|85/100
|move|p1a: Starmie|Surf|p2a: Celebi
|-resisted|p2a: Celebi
|-damage|p2a: Celebi|72/100
|
|upkeep
|turn|87
|
|t:|1729272699
|switch|p1a: Salamence|Salamence, M|100/100 par
|-ability|p1a: Salamence|Intimidate|boost
|-unboost|p2a: Celebi|atk|1
|move|p2a: Celebi|Leech Seed|p1a: Salamence
|-start|p1a: Salamence|move: Leech Seed
|
|-damage|p1a: Salamence|88/100 par|[from] Leech Seed|[of] p2a: Celebi
|-heal|p2a: Celebi|84/100|[silent]
|upkeep
|turn|88
|
|t:|1729272704
|switch|p2a: Swampert|Swampert, M|65/100 par
|move|p1a: Salamence|Toxic||[still]
|-fail|p1a: Salamence
|
|-heal|p1a: Salamence|94/100 par|[from] item: Leftovers
|-damage|p1a: Salamence|82/100 par|[from] Leech Seed|[of] p2a: Swampert
|-heal|p2a: Swampert|77/100 par|[silent]
|upkeep
|turn|89
|
|t:|1729272711
|switch|p1a: Jirachi|Jirachi|100/100 par
|move|p2a: Swampert|Curse|p2a: Swampert
|-unboost|p2a: Swampert|spe|1
|-boost|p2a: Swampert|atk|1
|-boost|p2a: Swampert|def|1
|
|upkeep
|turn|90
|
|t:|1729272715
|switch|p1a: Starmie|Starmie|100/100
|cant|p2a: Swampert|par
|
|upkeep
|turn|91
|
|t:|1729272721
|switch|p2a: Celebi|Celebi|84/100
|move|p1a: Starmie|Surf|p2a: Celebi
|-resisted|p2a: Celebi
|-damage|p2a: Celebi|71/100
|
|upkeep
|turn|92
|
|t:|1729272723
|switch|p1a: Salamence|Salamence, M|82/100 par
|-ability|p1a: Salamence|Intimidate|boost
|-unboost|p2a: Celebi|atk|1
|move|p2a: Celebi|Hidden Power|p1a: Salamence
|-resisted|p1a: Salamence
|-damage|p1a: Salamence|75/100 par
|
|-heal|p1a: Salamence|81/100 par|[from] item: Leftovers
|upkeep
|turn|93
|
|t:|1729272726
|switch|p2a: Blissey|Blissey, F|100/100
|cant|p1a: Salamence|par
|
|-heal|p1a: Salamence|88/100 par|[from] item: Leftovers
|upkeep
|turn|94
|
|t:|1729272735
|move|p2a: Blissey|Seismic Toss|p1a: Salamence
|-damage|p1a: Salamence|62/100 par
|move|p1a: Salamence|Toxic|p2a: Blissey
|-status|p2a: Blissey|tox
|
|-damage|p2a: Blissey|94/100 tox|[from] psn
|-heal|p1a: Salamence|68/100 par|[from] item: Leftovers
|upkeep
|turn|95
|
|t:|1729272742
|-curestatus|p2a: Blissey|tox|[from] ability: Natural Cure
|switch|p2a: Magneton|Magneton|100/100
|cant|p1a: Salamence|par
|
|-heal|p1a: Salamence|74/100 par|[from] item: Leftovers
|upkeep
|turn|96
|
|t:|1729272748
|move|p2a: Magneton|Substitute|p2a: Magneton
|-start|p2a: Magneton|Substitute
|-damage|p2a: Magneton|76/100
|cant|p1a: Salamence|par
|
|-heal|p1a: Salamence|80/100 par|[from] item: Leftovers
|upkeep
|turn|97
|
|t:|1729272752
|move|p2a: Magneton|Thunderbolt|p1a: Salamence
|-damage|p1a: Salamence|24/100 par
|move|p1a: Salamence|Flamethrower|p2a: Magneton
|-supereffective|p2a: Magneton
|-end|p2a: Magneton|Substitute
|
|-heal|p1a: Salamence|30/100 par|[from] item: Leftovers
|upkeep
|turn|98
|
|t:|1729272756
|switch|p1a: Rhydon|Rhydon, F|88/100
|move|p2a: Magneton|Thunderbolt|p1a: Rhydon
|-immune|p1a: Rhydon
|
|-heal|p1a: Rhydon|94/100|[from] item: Leftovers
|upkeep
|turn|99
|
|t:|1729272757
|move|p2a: Magneton|Hidden Power|p1a: Rhydon
|-supereffective|p1a: Rhydon
|-damage|p1a: Rhydon|0 fnt
|faint|p1a: Rhydon
|-message|Mr Bluestacks forfeited.
|
|win|Caloominum
|player|p1|
|c|☆Caloominum|Gg 

</script>
<script type="application/json" class="data" id="replaydata-smogtours-gen3ou-799563">
{"id":"smogtours-gen3ou-799563","format":"[Gen 3] OU","players":["Mr Bluestacks","Caloominum"],"uploadtime":1729272763,"views":107,"formatid":"gen3ou","rating":null,"private":0,"password":null}
</script>

<script defer src="js/replays.js?9d40a366"></script>
