<!DOCTYPE html>
<meta charset="utf-8" />
<meta name="viewport" content="width=device-width" />

<title>[Gen 3] OU: Klird vs. gorditoconbigote - Replays - Pok&eacute;mon Showdown!</title>

<meta name="description" content="Watch a replay of a Pok&eacute;mon battle between Klird and gorditoconbigote! Format: [Gen 3] OU; Date: Oct 15, 2024" />
<!--

Hey, you! Looking in the source for the replay log?

You can find them in JSON format, just add `.json` at the end of a replay URL.

https://replay.pokemonshowdown.com/gen7randomdoublesbattle-865046831.json

Or, if you only need the log itself, add `.log` instead:

https://replay.pokemonshowdown.com/gen7randomdoublesbattle-865046831.log

-->

<link rel="stylesheet" href="//pokemonshowdown.com/style/global.css?0.023195364461161105" />
<link rel="stylesheet" href="//play.pokemonshowdown.com/style/font-awesome.css?0.13261647063804238" />
<link rel="stylesheet" href="//play.pokemonshowdown.com/style/battle.css?0.8753245789963631" />
<link rel="stylesheet" href="//play.pokemonshowdown.com/style/utilichart.css?0.8627959624976733" />

<!-- Global site tag (gtag.js) - Google Analytics -->
<script async src="https://www.googletagmanager.com/gtag/js?id=UA-26211653-1"></script>
<script>
  window.dataLayer = window.dataLayer || [];
  function gtag(){dataLayer.push(arguments);}
  gtag('js', new Date());

  gtag('config', 'UA-26211653-1');
</script>
<!-- End Google Analytics -->
<!-- Venatus Ad Manager - Install in <HEAD> of page -->
	<script src="https://hb.vntsm.com/v3/live/ad-manager.min.js" type="text/javascript" data-site-id="642aba63ec9a7b11c3c9c1be" data-mode="scan" async></script>
<!-- / Venatus Ad Manager -->

<style>
	@media (max-width:820px) {
		.battle {
			margin: 0 auto;
		}
		.battle-log {
			margin: 7px auto 0;
			max-width: 640px;
			height: 300px;
			position: static;
		}
	}
	.optgroup {
		display: inline-block;
		line-height: 22px;
		font-size: 10pt;
	}
	.optgroup .button {
		height: 25px;
		padding-top: 0;
		padding-bottom: 0;
	}
	.optgroup button.button {
		padding-left: 12px;
		padding-right: 12px;
	}
	.linklist {
		list-style: none;
		margin: 0.5em 0;
		padding: 0;
	}
	.linklist li {
		padding: 2px 0;
	}
	.sidebar {
		float: left;
		width: 320px;
	}
	.bar-wrapper {
		max-width: 1100px;
		margin: 0 auto;
	}
	.bar-wrapper.has-sidebar {
		max-width: 1430px;
	}
	.mainbar {
		margin: 0;
		padding-right: 1px;
	}
	.mainbar.has-sidebar {
		margin-left: 330px;
	}
	@media (min-width: 1511px) {
		.sidebar {
			width: 400px;
		}
		.bar-wrapper.has-sidebar {
			max-width: 1510px;
		}
		.mainbar.has-sidebar {
			margin-left: 410px;
		}
	}
	.section.first-section {
		margin-top: 9px;
	}
	.blocklink small {
		white-space: normal;
	}
	.button {
		vertical-align: middle;
	}
	.replay-controls {
		padding-top: 10px;
	}
	.replay-controls h1 {
		font-size: 16pt;
		font-weight: normal;
		color: #CCC;
	}
	.pagelink {
		text-align: center;
	}
	.pagelink a {
		width: 150px;
	}
	.textbox, .button {
		font-size: 11pt;
		vertical-align: middle;
	}
	@media (max-width: 450px) {
		.button {
			font-size: 9pt;
		}
	}
</style>

<div>

	<header>
		<div class="nav-wrapper"><ul class="nav">
			<li><a class="button nav-first" href="//pokemonshowdown.com/"><img src="//pokemonshowdown.com/images/pokemonshowdownbeta.png" srcset="//pokemonshowdown.com/images/pokemonshowdownbeta.png 1x, //pokemonshowdown.com/images/pokemonshowdownbeta@2x.png 2x" alt="Pok&eacute;mon Showdown" width="146" height="44" /> Home</a></li>
			<li><a class="button" href="//pokemonshowdown.com/dex/">Pok&eacute;dex</a></li>
			<li><a class="button cur" href="/">Replays</a></li>
			<li><a class="button" href="//pokemonshowdown.com/ladder/">Ladder</a></li>
			<li><a class="button nav-last" href="//pokemonshowdown.com/forums/">Forum</a></li>
			<li><a class="button greenbutton nav-first nav-last" href="//play.pokemonshowdown.com/">Play</a></li>
		</ul></div>
	</header>

	<div class="main" id="main">

		<noscript><section class="section">You need to enable JavaScript to use this page; sorry!</section></noscript>

	</div>

</div>

<script defer nomodule src="//play.pokemonshowdown.com/js/lib/ps-polyfill.js"></script>
<script defer src="//play.pokemonshowdown.com/js/lib/preact.min.js"></script>

<script defer src="//play.pokemonshowdown.com/config/config.js?2bddbc15"></script>
<script defer src="//play.pokemonshowdown.com/js/lib/jquery-1.11.0.min.js"></script>
<script defer src="//play.pokemonshowdown.com/js/lib/html-sanitizer-minified.js"></script>
<script defer src="//play.pokemonshowdown.com/js/battle-sound.js"></script>
<script defer src="//play.pokemonshowdown.com/js/battledata.js?0.7209276989879541"></script>
<script defer src="//play.pokemonshowdown.com/data/pokedex-mini.js?0.6111056340867951"></script>
<script defer src="//play.pokemonshowdown.com/data/pokedex-mini-bw.js?0.3532142036491459"></script>
<script defer src="//play.pokemonshowdown.com/data/graphics.js?0.24223875632456182"></script>
<script defer src="//play.pokemonshowdown.com/data/pokedex.js?0.38839984266356864"></script>
<script defer src="//play.pokemonshowdown.com/data/moves.js?0.21866028504024015"></script>
<script defer src="//play.pokemonshowdown.com/data/abilities.js?0.2005157953846628"></script>
<script defer src="//play.pokemonshowdown.com/data/items.js?0.9894211263848525"></script>
<script defer src="//play.pokemonshowdown.com/data/teambuilder-tables.js?0.6008791140282215"></script>
<script defer src="//play.pokemonshowdown.com/js/battle-tooltips.js?0.7580118955022959"></script>
<script defer src="//play.pokemonshowdown.com/js/battle.js?0.6057722274234274"></script>

<script defer src="js/utils.js?e31f9a17"></script>
<script defer src="js/replays-battle.js?7008c182"></script>

<!-- don't scrape this data! just add .json or .log after the URL!
Full API docs: https://github.com/smogon/pokemon-showdown-client/blob/master/WEB-API.md -->
<script type="text/plain" class="log" id="replaylog-smogtours-gen3ou-798924">
|inactive|Battle timer is ON: inactive players will automatically lose when time's up.
|t:|1729013301
|gametype|singles
|player|p1|Klird|102|
|player|p2|gorditoconbigote|2|
|teamsize|p1|6
|teamsize|p2|6
|gen|3
|tier|[Gen 3] OU
|rule|Sleep Clause Mod: Limit one foe put to sleep
|rule|Switch Priority Clause Mod: Faster Pokémon switch first
|rule|Species Clause: Limit one of each Pokémon
|rule|OHKO Clause: OHKO moves are banned
|rule|Evasion Items Clause: Evasion items are banned
|rule|Evasion Moves Clause: Evasion moves are banned
|rule|Endless Battle Clause: Forcing endless battles is banned
|rule|HP Percentage Mod: HP is shown in percentages
|rule|One Boost Passer Clause: Limit one Baton Passer that has a way to boost its stats
|rule|Freeze Clause Mod: Limit one foe frozen
|
|t:|1729013301
|start
|switch|p1a: Zapdos|Zapdos|100/100
|switch|p2a: Metagross|Metagross|100/100
|turn|1
|
|t:|1729013325
|switch|p1a: Moltres|Moltres|100/100
|move|p2a: Metagross|Rock Slide|p1a: Moltres
|-supereffective|p1a: Moltres
|-damage|p1a: Moltres|0 fnt
|faint|p1a: Moltres
|c|☆Klird|oof
|
|t:|1729013337
|switch|p1a: Skarm|Skarmory, M|100/100
|
|upkeep
|turn|2
|
|t:|1729013347
|switch|p2a: Gengar|Gengar, M|100/100
|move|p1a: Skarm|Spikes|p2a: Gengar
|-sidestart|p2: gorditoconbigote|Spikes
|
|upkeep
|turn|3
|
|t:|1729013352
|move|p1a: Skarm|Protect|p1a: Skarm
|-singleturn|p1a: Skarm|Protect
|move|p2a: Gengar|Thunderbolt|p1a: Skarm
|-activate|p1a: Skarm|Protect
|
|upkeep
|turn|4
|
|t:|1729013358
|switch|p1a: Blissey|Blissey, F|100/100
|move|p2a: Gengar|Thunderbolt|p1a: Blissey
|-damage|p1a: Blissey|89/100
|
|-heal|p1a: Blissey|95/100|[from] item: Leftovers
|upkeep
|turn|5
|
|t:|1729013386
|switch|p2a: Claydol|Claydol|100/100
|move|p1a: Blissey|Seismic Toss|p2a: Claydol
|-damage|p2a: Claydol|70/100
|
|-heal|p2a: Claydol|76/100|[from] item: Leftovers
|-heal|p1a: Blissey|100/100|[from] item: Leftovers
|upkeep
|turn|6
|
|t:|1729013398
|move|p2a: Claydol|Rapid Spin|p1a: Blissey
|-damage|p1a: Blissey|96/100
|-sideend|p2: gorditoconbigote|Spikes|[from] move: Rapid Spin|[of] p2a: Claydol
|move|p1a: Blissey|Ice Beam|p2a: Claydol
|-supereffective|p2a: Claydol
|-damage|p2a: Claydol|33/100
|
|-heal|p2a: Claydol|39/100|[from] item: Leftovers
|-heal|p1a: Blissey|100/100|[from] item: Leftovers
|upkeep
|turn|7
|
|t:|1729013408
|switch|p2a: Metagross|Metagross|100/100
|switch|p1a: Skarm|Skarmory, M|100/100
|
|upkeep
|turn|8
|
|t:|1729013417
|move|p1a: Skarm|Protect|p1a: Skarm
|-singleturn|p1a: Skarm|Protect
|move|p2a: Metagross|Meteor Mash|p1a: Skarm
|-activate|p1a: Skarm|Protect
|
|upkeep
|turn|9
|
|t:|1729013421
|move|p2a: Metagross|Meteor Mash|p1a: Skarm
|-resisted|p1a: Skarm
|-damage|p1a: Skarm|70/100
|move|p1a: Skarm|Spikes|p2a: Metagross
|-sidestart|p2: gorditoconbigote|Spikes
|
|-heal|p1a: Skarm|76/100|[from] item: Leftovers
|upkeep
|turn|10
|
|t:|1729013426
|move|p1a: Skarm|Protect|p1a: Skarm
|-singleturn|p1a: Skarm|Protect
|move|p2a: Metagross|Meteor Mash|p1a: Skarm
|-activate|p1a: Skarm|Protect
|
|-heal|p1a: Skarm|82/100|[from] item: Leftovers
|upkeep
|turn|11
|
|t:|1729013430
|move|p2a: Metagross|Meteor Mash|p1a: Skarm
|-resisted|p1a: Skarm
|-damage|p1a: Skarm|46/100
|move|p1a: Skarm|Roar|p2a: Metagross
|drag|p2a: Regirock|Regirock|100/100
|-damage|p2a: Regirock|88/100|[from] Spikes
|
|-heal|p1a: Skarm|52/100|[from] item: Leftovers
|-heal|p2a: Regirock|94/100|[from] item: Leftovers
|upkeep
|turn|12
|
|t:|1729013441
|switch|p1a: Libélula|Flygon, M, shiny|100/100
|move|p2a: Regirock|Thunder Wave|p1a: Libélula
|-immune|p1a: Libélula
|
|-heal|p2a: Regirock|99/100|[from] item: Leftovers
|upkeep
|turn|13
|
|t:|1729013475
|switch|p2a: Gengar|Gengar, M|100/100
|move|p1a: Libélula|Hidden Power|p2a: Gengar
|-damage|p2a: Gengar|76/100
|
|-heal|p2a: Gengar|82/100|[from] item: Leftovers
|upkeep
|turn|14
|inactive|Klird has 270 seconds left.
|
|t:|1729013503
|switch|p2a: Snorlax|Snorlax, M|100/100
|-damage|p2a: Snorlax|88/100|[from] Spikes
|switch|p1a: Blissey|Blissey, F|100/100
|
|-heal|p2a: Snorlax|94/100|[from] item: Leftovers
|upkeep
|turn|15
|
|t:|1729013511
|switch|p1a: Feuforêve|Misdreavus, F|100/100
|move|p2a: Snorlax|Curse|p2a: Snorlax
|-unboost|p2a: Snorlax|spe|1
|-boost|p2a: Snorlax|atk|1
|-boost|p2a: Snorlax|def|1
|
|-heal|p2a: Snorlax|100/100|[from] item: Leftovers
|upkeep
|turn|16
|
|t:|1729013516
|move|p1a: Feuforêve|Perish Song|p1a: Feuforêve
|-start|p1a: Feuforêve|perish3|[silent]
|-start|p2a: Snorlax|perish3|[silent]
|-fieldactivate|move: Perish Song
|move|p2a: Snorlax|Shadow Ball|p1a: Feuforêve
|-supereffective|p1a: Feuforêve
|-damage|p1a: Feuforêve|2/100
|
|-heal|p1a: Feuforêve|9/100|[from] item: Leftovers
|-start|p1a: Feuforêve|perish3
|-start|p2a: Snorlax|perish3
|upkeep
|turn|17
|inactive|Klird has 270 seconds left.
|
|t:|1729013543
|switch|p1a: Skarm|Skarmory, M|52/100
|move|p2a: Snorlax|Shadow Ball|p1a: Skarm
|-resisted|p1a: Skarm
|-damage|p1a: Skarm|40/100
|
|-heal|p1a: Skarm|46/100|[from] item: Leftovers
|-start|p2a: Snorlax|perish2
|upkeep
|turn|18
|inactive|Klird has 270 seconds left.
|
|t:|1729013555
|switch|p2a: Gengar|Gengar, M|82/100
|move|p1a: Skarm|Roar|p2a: Gengar
|drag|p2a: Regirock|Regirock|99/100
|-damage|p2a: Regirock|88/100|[from] Spikes
|
|-heal|p1a: Skarm|52/100|[from] item: Leftovers
|-heal|p2a: Regirock|94/100|[from] item: Leftovers
|upkeep
|turn|19
|inactive|Klird has 270 seconds left.
|
|t:|1729013565
|switch|p2a: Gengar|Gengar, M|82/100
|move|p1a: Skarm|Protect||[still]
|-fail|p1a: Skarm
|
|-heal|p2a: Gengar|88/100|[from] item: Leftovers
|-heal|p1a: Skarm|58/100|[from] item: Leftovers
|upkeep
|turn|20
|
|t:|1729013573
|switch|p1a: Zapdos|Zapdos|100/100
|move|p2a: Gengar|Thunderbolt|p1a: Zapdos
|-damage|p1a: Zapdos|81/100
|-status|p1a: Zapdos|par
|
|-heal|p2a: Gengar|94/100|[from] item: Leftovers
|-heal|p1a: Zapdos|87/100 par|[from] item: Leftovers
|upkeep
|turn|21
|
|t:|1729013586
|move|p2a: Gengar|Ice Punch|p1a: Zapdos
|-supereffective|p1a: Zapdos
|-damage|p1a: Zapdos|58/100 par
|move|p1a: Zapdos|Roar|p2a: Gengar
|drag|p2a: Claydol|Claydol|39/100
|
|-heal|p2a: Claydol|45/100|[from] item: Leftovers
|-heal|p1a: Zapdos|64/100 par|[from] item: Leftovers
|upkeep
|turn|22
|inactive|Klird has 270 seconds left.
|inactive|gorditoconbigote has 270 seconds left.
|
|t:|1729013623
|switch|p2a: Snorlax|Snorlax, M|100/100
|-damage|p2a: Snorlax|88/100|[from] Spikes
|switch|p1a: Skarm|Skarmory, M|58/100
|
|-heal|p1a: Skarm|64/100|[from] item: Leftovers
|-heal|p2a: Snorlax|94/100|[from] item: Leftovers
|upkeep
|turn|23
|inactive|gorditoconbigote has 270 seconds left.
|
|t:|1729013633
|move|p2a: Snorlax|Curse|p2a: Snorlax
|-unboost|p2a: Snorlax|spe|1
|-boost|p2a: Snorlax|atk|1
|-boost|p2a: Snorlax|def|1
|move|p1a: Skarm|Roar|p2a: Snorlax
|drag|p2a: Suicune|Suicune|100/100
|-damage|p2a: Suicune|88/100|[from] Spikes
|
|-heal|p2a: Suicune|94/100|[from] item: Leftovers
|-heal|p1a: Skarm|70/100|[from] item: Leftovers
|upkeep
|turn|24
|inactive|gorditoconbigote has 270 seconds left.
|inactive|Klird has 270 seconds left.
|
|t:|1729013664
|switch|p1a: Zapdos|Zapdos|64/100 par
|move|p2a: Suicune|Surf|p1a: Zapdos
|-damage|p1a: Zapdos|44/100 par
|
|-heal|p2a: Suicune|100/100|[from] item: Leftovers
|-heal|p1a: Zapdos|50/100 par|[from] item: Leftovers
|upkeep
|turn|25
|
|t:|1729013674
|switch|p2a: Snorlax|Snorlax, M|94/100
|-damage|p2a: Snorlax|82/100|[from] Spikes
|move|p1a: Zapdos|Roar|p2a: Snorlax
|drag|p2a: Metagross|Metagross|100/100
|-damage|p2a: Metagross|88/100|[from] Spikes
|
|-heal|p1a: Zapdos|56/100 par|[from] item: Leftovers
|upkeep
|turn|26
|inactive|Klird has 270 seconds left.
|inactive|gorditoconbigote has 240 seconds left.
|
|t:|1729013719
|switch|p1a: Skarm|Skarmory, M|70/100
|move|p2a: Metagross|Rock Slide|p1a: Skarm
|-damage|p1a: Skarm|39/100
|
|-heal|p1a: Skarm|45/100|[from] item: Leftovers
|upkeep
|turn|27
|inactive|gorditoconbigote has 240 seconds left.
|
|t:|1729013728
|switch|p2a: Gengar|Gengar, M|94/100
|move|p1a: Skarm|Protect||[still]
|-fail|p1a: Skarm
|
|-heal|p2a: Gengar|100/100|[from] item: Leftovers
|-heal|p1a: Skarm|51/100|[from] item: Leftovers
|upkeep
|turn|28
|
|t:|1729013734
|move|p1a: Skarm|Protect|p1a: Skarm
|-singleturn|p1a: Skarm|Protect
|move|p2a: Gengar|Thunderbolt|p1a: Skarm
|-activate|p1a: Skarm|Protect
|
|-heal|p1a: Skarm|57/100|[from] item: Leftovers
|upkeep
|turn|29
|inactive|Klird has 270 seconds left.
|
|t:|1729013744
|switch|p1a: Libélula|Flygon, M, shiny|100/100
|move|p2a: Gengar|Thunderbolt|p1a: Libélula
|-immune|p1a: Libélula
|
|upkeep
|turn|30
|
|t:|1729013754
|switch|p1a: Blissey|Blissey, F|100/100
|move|p2a: Gengar|Giga Drain|p1a: Blissey
|-crit|p1a: Blissey
|-damage|p1a: Blissey|86/100
|
|-heal|p1a: Blissey|92/100|[from] item: Leftovers
|upkeep
|turn|31
|
|t:|1729013773
|switch|p2a: Metagross|Metagross|88/100
|-damage|p2a: Metagross|76/100|[from] Spikes
|switch|p1a: Feuforêve|Misdreavus, F|9/100
|
|-heal|p1a: Feuforêve|15/100|[from] item: Leftovers
|upkeep
|turn|32
|inactive|Klird has 270 seconds left.
|
|t:|1729013792
|switch|p1a: Skarm|Skarmory, M|57/100
|move|p2a: Metagross|Rock Slide|p1a: Skarm
|-damage|p1a: Skarm|23/100
|
|-heal|p1a: Skarm|29/100|[from] item: Leftovers
|upkeep
|turn|33
|inactive|Klird has 270 seconds left.
|
|t:|1729013814
|move|p1a: Skarm|Protect|p1a: Skarm
|-singleturn|p1a: Skarm|Protect
|move|p2a: Metagross|Rock Slide|p1a: Skarm
|-activate|p1a: Skarm|Protect
|
|-heal|p1a: Skarm|35/100|[from] item: Leftovers
|upkeep
|turn|34
|inactive|Klird has 270 seconds left.
|
|t:|1729013837
|switch|p2a: Gengar|Gengar, M|100/100
|switch|p1a: Libélula|Flygon, M, shiny|100/100
|
|upkeep
|turn|35
|inactive|gorditoconbigote has 270 seconds left.
|
|t:|1729013846
|switch|p1a: Blissey|Blissey, F|92/100
|move|p2a: Gengar|Ice Punch|p1a: Blissey
|-damage|p1a: Blissey|84/100
|
|-heal|p1a: Blissey|90/100|[from] item: Leftovers
|upkeep
|turn|36
|inactive|Klird has 270 seconds left.
|inactive|gorditoconbigote has 270 seconds left.
|
|t:|1729013860
|switch|p2a: Regirock|Regirock|94/100
|-damage|p2a: Regirock|82/100|[from] Spikes
|switch|p1a: Skarm|Skarmory, M|35/100
|
|-heal|p1a: Skarm|41/100|[from] item: Leftovers
|-heal|p2a: Regirock|88/100|[from] item: Leftovers
|upkeep
|turn|37
|inactive|gorditoconbigote has 270 seconds left.
|
|t:|1729013871
|move|p1a: Skarm|Protect|p1a: Skarm
|-singleturn|p1a: Skarm|Protect
|move|p2a: Regirock|Rock Slide|p1a: Skarm
|-activate|p1a: Skarm|Protect
|
|-heal|p1a: Skarm|47/100|[from] item: Leftovers
|-heal|p2a: Regirock|94/100|[from] item: Leftovers
|upkeep
|turn|38
|inactive|gorditoconbigote has 270 seconds left.
|inactive|Klird has 270 seconds left.
|
|t:|1729013900
|move|p2a: Regirock|Superpower|p1a: Skarm
|-damage|p1a: Skarm|19/100
|-unboost|p2a: Regirock|atk|1
|-unboost|p2a: Regirock|def|1
|move|p1a: Skarm|Roar|p2a: Regirock
|drag|p2a: Gengar|Gengar, M|100/100
|
|-heal|p1a: Skarm|25/100|[from] item: Leftovers
|upkeep
|turn|39
|inactive|Klird has 270 seconds left.
|inactive|gorditoconbigote has 270 seconds left.
|
|t:|1729013923
|switch|p2a: Metagross|Metagross|76/100
|-damage|p2a: Metagross|64/100|[from] Spikes
|switch|p1a: Blissey|Blissey, F|90/100
|
|-heal|p1a: Blissey|96/100|[from] item: Leftovers
|upkeep
|turn|40
|inactive|Klird has 270 seconds left.
|inactive|Klird has 240 seconds left.
|
|t:|1729013961
|switch|p1a: Feuforêve|Misdreavus, F|15/100
|move|p2a: Metagross|Meteor Mash|p1a: Feuforêve
|-damage|p1a: Feuforêve|0 fnt
|faint|p1a: Feuforêve
|inactive|Klird has 240 seconds left.
|
|t:|1729013973
|switch|p1a: Libélula|Flygon, M, shiny|100/100
|
|upkeep
|turn|41
|inactive|Klird has 240 seconds left.
|inactive|gorditoconbigote has 270 seconds left.
|
|t:|1729013989
|switch|p1a: Zapdos|Zapdos|56/100 par
|switch|p2a: Gengar|Gengar, M|100/100
|
|-heal|p1a: Zapdos|62/100 par|[from] item: Leftovers
|upkeep
|turn|42
|
|t:|1729013998
|switch|p2a: Claydol|Claydol|45/100
|move|p1a: Zapdos|Rest|p1a: Zapdos
|-status|p1a: Zapdos|slp|[from] move: Rest
|-heal|p1a: Zapdos|100/100 slp|[silent]
|
|-heal|p2a: Claydol|51/100|[from] item: Leftovers
|upkeep
|turn|43
|inactive|gorditoconbigote has 270 seconds left.
|
|t:|1729014006
|switch|p1a: Skarm|Skarmory, M|25/100
|move|p2a: Claydol|Rapid Spin|p1a: Skarm
|-resisted|p1a: Skarm
|-damage|p1a: Skarm|23/100
|-sideend|p2: gorditoconbigote|Spikes|[from] move: Rapid Spin|[of] p2a: Claydol
|
|-heal|p2a: Claydol|57/100|[from] item: Leftovers
|-heal|p1a: Skarm|29/100|[from] item: Leftovers
|upkeep
|turn|44
|inactive|gorditoconbigote has 270 seconds left.
|
|t:|1729014021
|switch|p2a: Metagross|Metagross|64/100
|move|p1a: Skarm|Spikes|p2a: Metagross
|-sidestart|p2: gorditoconbigote|Spikes
|
|-heal|p1a: Skarm|35/100|[from] item: Leftovers
|upkeep
|turn|45
|
|t:|1729014025
|move|p1a: Skarm|Protect|p1a: Skarm
|-singleturn|p1a: Skarm|Protect
|move|p2a: Metagross|Meteor Mash|p1a: Skarm
|-activate|p1a: Skarm|Protect
|
|-heal|p1a: Skarm|41/100|[from] item: Leftovers
|upkeep
|turn|46
|
|t:|1729014036
|switch|p1a: Zapdos|Zapdos|100/100 slp
|move|p2a: Metagross|Meteor Mash|p1a: Zapdos
|-resisted|p1a: Zapdos
|-damage|p1a: Zapdos|54/100 slp
|
|-heal|p1a: Zapdos|60/100 slp|[from] item: Leftovers
|upkeep
|turn|47
|
|t:|1729014045
|cant|p1a: Zapdos|slp
|move|p1a: Zapdos|Sleep Talk|p1a: Zapdos
|move|p1a: Zapdos|Thunderbolt|p2a: Metagross|[from]Sleep Talk
|-damage|p2a: Metagross|18/100
|move|p2a: Metagross|Meteor Mash|p1a: Zapdos
|-resisted|p1a: Zapdos
|-damage|p1a: Zapdos|16/100 slp
|
|-heal|p1a: Zapdos|22/100 slp|[from] item: Leftovers
|upkeep
|turn|48
|inactive|Klird has 270 seconds left.
|
|t:|1729014057
|switch|p2a: Claydol|Claydol|57/100
|cant|p1a: Zapdos|slp
|move|p1a: Zapdos|Sleep Talk|p1a: Zapdos
|move|p1a: Zapdos|Thunderbolt|p2a: Claydol|[from]Sleep Talk
|-immune|p2a: Claydol
|
|-heal|p1a: Zapdos|28/100 slp|[from] item: Leftovers
|-heal|p2a: Claydol|63/100|[from] item: Leftovers
|upkeep
|turn|49
|inactive|Klird has 270 seconds left.
|
|t:|1729014071
|-curestatus|p1a: Zapdos|slp|[msg]
|move|p1a: Zapdos|Rest|p1a: Zapdos
|-status|p1a: Zapdos|slp|[from] move: Rest
|-heal|p1a: Zapdos|100/100 slp|[silent]
|move|p2a: Claydol|Rapid Spin|p1a: Zapdos
|-crit|p1a: Zapdos
|-damage|p1a: Zapdos|90/100 slp
|-sideend|p2: gorditoconbigote|Spikes|[from] move: Rapid Spin|[of] p2a: Claydol
|
|-heal|p1a: Zapdos|97/100 slp|[from] item: Leftovers
|-heal|p2a: Claydol|70/100|[from] item: Leftovers
|upkeep
|turn|50
|inactive|Klird has 270 seconds left.
|
|t:|1729014084
|switch|p2a: Snorlax|Snorlax, M|82/100
|cant|p1a: Zapdos|slp
|move|p1a: Zapdos|Sleep Talk|p1a: Zapdos
|move|p1a: Zapdos|Roar|p2a: Snorlax|[from]Sleep Talk
|drag|p2a: Metagross|Metagross|18/100
|
|-heal|p1a: Zapdos|100/100 slp|[from] item: Leftovers
|upkeep
|turn|51
|
|t:|1729014095
|switch|p1a: Libélula|Flygon, M, shiny|100/100
|switch|p2a: Claydol|Claydol|70/100
|
|-heal|p2a: Claydol|76/100|[from] item: Leftovers
|upkeep
|turn|52
|
|t:|1729014109
|switch|p1a: Blissey|Blissey, F|96/100
|switch|p2a: Suicune|Suicune|100/100
|
|-heal|p1a: Blissey|100/100|[from] item: Leftovers
|upkeep
|turn|53
|
|t:|1729014118
|switch|p2a: Snorlax|Snorlax, M|82/100
|move|p1a: Blissey|Aromatherapy|p1a: Blissey
|-cureteam|p1a: Blissey|[from] move: Aromatherapy
|
|-heal|p2a: Snorlax|88/100|[from] item: Leftovers
|upkeep
|turn|54
|
|t:|1729014127
|switch|p1a: Skarm|Skarmory, M|41/100
|move|p2a: Snorlax|Curse|p2a: Snorlax
|-unboost|p2a: Snorlax|spe|1
|-boost|p2a: Snorlax|atk|1
|-boost|p2a: Snorlax|def|1
|
|-heal|p1a: Skarm|47/100|[from] item: Leftovers
|-heal|p2a: Snorlax|94/100|[from] item: Leftovers
|upkeep
|turn|55
|
|t:|1729014132
|move|p2a: Snorlax|Return|p1a: Skarm
|-resisted|p1a: Skarm
|-damage|p1a: Skarm|23/100
|move|p1a: Skarm|Roar|p2a: Snorlax
|drag|p2a: Claydol|Claydol|76/100
|
|-heal|p2a: Claydol|82/100|[from] item: Leftovers
|-heal|p1a: Skarm|29/100|[from] item: Leftovers
|upkeep
|turn|56
|
|t:|1729014151
|switch|p2a: Snorlax|Snorlax, M|94/100
|move|p1a: Skarm|Spikes|p2a: Snorlax
|-sidestart|p2: gorditoconbigote|Spikes
|
|-heal|p1a: Skarm|35/100|[from] item: Leftovers
|-heal|p2a: Snorlax|100/100|[from] item: Leftovers
|upkeep
|turn|57
|
|t:|1729014158
|move|p2a: Snorlax|Return|p1a: Skarm
|-resisted|p1a: Skarm
|-damage|p1a: Skarm|21/100
|move|p1a: Skarm|Roar|p2a: Snorlax
|drag|p2a: Suicune|Suicune|100/100
|-damage|p2a: Suicune|88/100|[from] Spikes
|
|-heal|p2a: Suicune|94/100|[from] item: Leftovers
|-heal|p1a: Skarm|27/100|[from] item: Leftovers
|upkeep
|turn|58
|
|t:|1729014168
|switch|p1a: Zapdos|Zapdos|100/100
|move|p2a: Suicune|Calm Mind|p2a: Suicune
|-boost|p2a: Suicune|spa|1
|-boost|p2a: Suicune|spd|1
|
|-heal|p2a: Suicune|100/100|[from] item: Leftovers
|upkeep
|turn|59
|
|t:|1729014174
|move|p1a: Zapdos|Thunderbolt|p2a: Suicune
|-supereffective|p2a: Suicune
|-damage|p2a: Suicune|58/100
|move|p2a: Suicune|Ice Beam|p1a: Zapdos
|-supereffective|p1a: Zapdos
|-damage|p1a: Zapdos|55/100
|-status|p1a: Zapdos|frz
|
|-heal|p1a: Zapdos|61/100 frz|[from] item: Leftovers
|-heal|p2a: Suicune|64/100|[from] item: Leftovers
|upkeep
|turn|60
|
|t:|1729014184
|switch|p1a: Blissey|Blissey, F|100/100
|move|p2a: Suicune|Ice Beam|p1a: Blissey
|-damage|p1a: Blissey|87/100
|
|-heal|p2a: Suicune|71/100|[from] item: Leftovers
|-heal|p1a: Blissey|93/100|[from] item: Leftovers
|upkeep
|turn|61
|
|t:|1729014192
|move|p2a: Suicune|Calm Mind|p2a: Suicune
|-boost|p2a: Suicune|spa|1
|-boost|p2a: Suicune|spd|1
|move|p1a: Blissey|Seismic Toss|p2a: Suicune
|-damage|p2a: Suicune|46/100
|
|-heal|p2a: Suicune|52/100|[from] item: Leftovers
|-heal|p1a: Blissey|99/100|[from] item: Leftovers
|upkeep
|turn|62
|
|t:|1729014206
|move|p2a: Suicune|Surf|p1a: Blissey
|-damage|p1a: Blissey|74/100
|move|p1a: Blissey|Aromatherapy|p1a: Blissey
|-cureteam|p1a: Blissey|[from] move: Aromatherapy
|
|-heal|p2a: Suicune|58/100|[from] item: Leftovers
|-heal|p1a: Blissey|80/100|[from] item: Leftovers
|upkeep
|turn|63
|
|t:|1729014221
|move|p2a: Suicune|Surf|p1a: Blissey
|-damage|p1a: Blissey|56/100
|move|p1a: Blissey|Seismic Toss|p2a: Suicune
|-damage|p2a: Suicune|33/100
|
|-heal|p2a: Suicune|39/100|[from] item: Leftovers
|-heal|p1a: Blissey|62/100|[from] item: Leftovers
|upkeep
|turn|64
|
|t:|1729014228
|move|p2a: Suicune|Calm Mind|p2a: Suicune
|-boost|p2a: Suicune|spa|1
|-boost|p2a: Suicune|spd|1
|move|p1a: Blissey|Soft-Boiled|p1a: Blissey
|-heal|p1a: Blissey|100/100
|
|-heal|p2a: Suicune|46/100|[from] item: Leftovers
|upkeep
|turn|65
|
|t:|1729014235
|move|p2a: Suicune|Surf|p1a: Blissey
|-damage|p1a: Blissey|68/100
|move|p1a: Blissey|Seismic Toss|p2a: Suicune
|-damage|p2a: Suicune|21/100
|
|-heal|p2a: Suicune|27/100|[from] item: Leftovers
|-heal|p1a: Blissey|74/100|[from] item: Leftovers
|upkeep
|turn|66
|
|t:|1729014245
|move|p2a: Suicune|Surf|p1a: Blissey
|-damage|p1a: Blissey|45/100
|move|p1a: Blissey|Seismic Toss|p2a: Suicune
|-damage|p2a: Suicune|2/100
|
|-heal|p2a: Suicune|8/100|[from] item: Leftovers
|-heal|p1a: Blissey|51/100|[from] item: Leftovers
|upkeep
|turn|67
|
|t:|1729014257
|move|p2a: Suicune|Rest|p2a: Suicune
|-status|p2a: Suicune|slp|[from] move: Rest
|-heal|p2a: Suicune|100/100 slp|[silent]
|move|p1a: Blissey|Soft-Boiled|p1a: Blissey
|-heal|p1a: Blissey|100/100
|
|upkeep
|turn|68
|
|t:|1729014266
|switch|p2a: Claydol|Claydol|82/100
|switch|p1a: Skarm|Skarmory, M|27/100
|
|-heal|p2a: Claydol|88/100|[from] item: Leftovers
|-heal|p1a: Skarm|33/100|[from] item: Leftovers
|upkeep
|turn|69
|
|t:|1729014275
|move|p2a: Claydol|Rapid Spin|p1a: Skarm
|-resisted|p1a: Skarm
|-damage|p1a: Skarm|31/100
|-sideend|p2: gorditoconbigote|Spikes|[from] move: Rapid Spin|[of] p2a: Claydol
|move|p1a: Skarm|Spikes|p2a: Claydol
|-sidestart|p2: gorditoconbigote|Spikes
|
|-heal|p2a: Claydol|94/100|[from] item: Leftovers
|-heal|p1a: Skarm|37/100|[from] item: Leftovers
|upkeep
|turn|70
|
|t:|1729014282
|switch|p2a: Gengar|Gengar, M|100/100
|move|p1a: Skarm|Spikes|p2a: Gengar
|-sidestart|p2: gorditoconbigote|Spikes
|
|-heal|p1a: Skarm|43/100|[from] item: Leftovers
|upkeep
|turn|71
|
|t:|1729014289
|switch|p1a: Blissey|Blissey, F|100/100
|move|p2a: Gengar|Thunderbolt|p1a: Blissey
|-damage|p1a: Blissey|88/100
|
|-heal|p1a: Blissey|95/100|[from] item: Leftovers
|upkeep
|turn|72
|
|t:|1729014297
|switch|p2a: Snorlax|Snorlax, M|100/100
|-damage|p2a: Snorlax|84/100|[from] Spikes
|move|p1a: Blissey|Ice Beam|p2a: Snorlax
|-damage|p2a: Snorlax|70/100
|
|-heal|p1a: Blissey|100/100|[from] item: Leftovers
|-heal|p2a: Snorlax|76/100|[from] item: Leftovers
|upkeep
|turn|73
|
|t:|1729014313
|switch|p1a: Skarm|Skarmory, M|43/100
|move|p2a: Snorlax|Self-Destruct|p1a: Skarm
|-resisted|p1a: Skarm
|-damage|p1a: Skarm|0 fnt
|faint|p2a: Snorlax
|faint|p1a: Skarm
|inactive|Klird has 270 seconds left.
|c|☆Klird|i could ve used to think earlier on
|inactive|Klird has 240 seconds left.
|c|☆Klird|used this time*
|
|t:|1729014387
|switch|p1a: Libélula|Flygon, M, shiny|100/100
|switch|p2a: Claydol|Claydol|94/100
|
|-heal|p2a: Claydol|100/100|[from] item: Leftovers
|upkeep
|turn|74
|c|☆gorditoconbigote|u mean first turn?
|
|t:|1729014398
|move|p1a: Libélula|Toxic|p2a: Claydol|[miss]
|-miss|p1a: Libélula|p2a: Claydol
|move|p2a: Claydol|Rapid Spin|p1a: Libélula
|-damage|p1a: Libélula|96/100
|-sideend|p2: gorditoconbigote|Spikes|[from] move: Rapid Spin|[of] p2a: Claydol
|
|-heal|p1a: Libélula|100/100|[from] item: Leftovers
|upkeep
|turn|75
|
|t:|1729014407
|switch|p2a: Suicune|Suicune|100/100 slp
|move|p1a: Libélula|Toxic||[still]
|-fail|p1a: Libélula
|
|upkeep
|turn|76
|
|t:|1729014412
|switch|p1a: Zapdos|Zapdos|61/100
|cant|p2a: Suicune|slp
|
|-heal|p1a: Zapdos|67/100|[from] item: Leftovers
|upkeep
|turn|77
|
|t:|1729014422
|switch|p2a: Claydol|Claydol|100/100
|move|p1a: Zapdos|Roar|p2a: Claydol
|drag|p2a: Suicune|Suicune|100/100 slp
|
|-heal|p1a: Zapdos|73/100|[from] item: Leftovers
|upkeep
|turn|78
|inactive|Klird has 270 seconds left.
|
|t:|1729014438
|switch|p1a: Libélula|Flygon, M, shiny|100/100
|switch|p2a: Claydol|Claydol|100/100
|
|upkeep
|turn|79
|
|t:|1729014460
|switch|p2a: Gengar|Gengar, M|100/100
|move|p1a: Libélula|Toxic|p2a: Gengar
|-immune|p2a: Gengar
|
|upkeep
|turn|80
|
|t:|1729014467
|move|p1a: Libélula|Protect|p1a: Libélula
|-singleturn|p1a: Libélula|Protect
|move|p2a: Gengar|Ice Punch|p1a: Libélula
|-activate|p1a: Libélula|Protect
|
|upkeep
|turn|81
|
|t:|1729014473
|switch|p1a: Zapdos|Zapdos|73/100
|move|p2a: Gengar|Ice Punch|p1a: Zapdos
|-supereffective|p1a: Zapdos
|-crit|p1a: Zapdos
|-damage|p1a: Zapdos|12/100
|
|-heal|p1a: Zapdos|19/100|[from] item: Leftovers
|upkeep
|turn|82
|
|t:|1729014485
|switch|p1a: Blissey|Blissey, F|100/100
|move|p2a: Gengar|Ice Punch|p1a: Blissey
|-damage|p1a: Blissey|92/100
|
|-heal|p1a: Blissey|98/100|[from] item: Leftovers
|upkeep
|turn|83
|
|t:|1729014499
|switch|p2a: Regirock|Regirock|94/100
|move|p1a: Blissey|Ice Beam|p2a: Regirock
|-damage|p2a: Regirock|70/100
|
|-heal|p1a: Blissey|100/100|[from] item: Leftovers
|-heal|p2a: Regirock|76/100|[from] item: Leftovers
|upkeep
|turn|84
|
|t:|1729014509
|move|p1a: Blissey|Ice Beam|p2a: Regirock
|-damage|p2a: Regirock|55/100
|move|p2a: Regirock|Superpower|p1a: Blissey
|-supereffective|p1a: Blissey
|-damage|p1a: Blissey|18/100
|-unboost|p2a: Regirock|atk|1
|-unboost|p2a: Regirock|def|1
|
|-heal|p1a: Blissey|24/100|[from] item: Leftovers
|-heal|p2a: Regirock|61/100|[from] item: Leftovers
|upkeep
|turn|85
|
|t:|1729014518
|switch|p1a: Libélula|Flygon, M, shiny|100/100
|move|p2a: Regirock|Superpower|p1a: Libélula
|-damage|p1a: Libélula|79/100
|-unboost|p2a: Regirock|atk|1
|-unboost|p2a: Regirock|def|1
|
|-heal|p1a: Libélula|85/100|[from] item: Leftovers
|-heal|p2a: Regirock|67/100|[from] item: Leftovers
|upkeep
|turn|86
|
|t:|1729014527
|switch|p1a: Blissey|Blissey, F|24/100
|switch|p2a: Suicune|Suicune|100/100 slp
|
|-heal|p1a: Blissey|31/100|[from] item: Leftovers
|upkeep
|turn|87
|
|t:|1729014534
|cant|p2a: Suicune|slp
|move|p1a: Blissey|Soft-Boiled|p1a: Blissey
|-heal|p1a: Blissey|81/100
|
|-heal|p1a: Blissey|87/100|[from] item: Leftovers
|upkeep
|turn|88
|
|t:|1729014541
|switch|p1a: Zapdos|Zapdos|19/100
|-curestatus|p2a: Suicune|slp|[msg]
|move|p2a: Suicune|Ice Beam|p1a: Zapdos
|-supereffective|p1a: Zapdos
|-damage|p1a: Zapdos|0 fnt
|faint|p1a: Zapdos
|
|t:|1729014549
|switch|p1a: Libélula|Flygon, M, shiny|85/100
|
|-heal|p1a: Libélula|91/100|[from] item: Leftovers
|upkeep
|turn|89
|c|☆Klird|gg
|
|t:|1729014554
|move|p1a: Libélula|Toxic|p2a: Suicune|[miss]
|-miss|p1a: Libélula|p2a: Suicune
|move|p2a: Suicune|Ice Beam|p1a: Libélula
|-supereffective|p1a: Libélula
|-damage|p1a: Libélula|4/100
|
|-heal|p1a: Libélula|10/100|[from] item: Leftovers
|upkeep
|turn|90
|
|t:|1729014562
|move|p1a: Libélula|Protect|p1a: Libélula
|-singleturn|p1a: Libélula|Protect
|move|p2a: Suicune|Ice Beam|p1a: Libélula
|-activate|p1a: Libélula|Protect
|
|-heal|p1a: Libélula|16/100|[from] item: Leftovers
|upkeep
|turn|91
|
|t:|1729014565
|move|p1a: Libélula|Toxic|p2a: Suicune
|-status|p2a: Suicune|tox
|move|p2a: Suicune|Surf|p1a: Libélula
|-damage|p1a: Libélula|0 fnt
|faint|p1a: Libélula
|
|t:|1729014568
|switch|p1a: Blissey|Blissey, F|87/100
|
|-damage|p2a: Suicune|94/100 tox|[from] psn
|-heal|p1a: Blissey|93/100|[from] item: Leftovers
|upkeep
|turn|92
|
|t:|1729014573
|switch|p2a: Regirock|Regirock|67/100
|move|p1a: Blissey|Seismic Toss|p2a: Regirock
|-damage|p2a: Regirock|39/100
|
|-heal|p1a: Blissey|99/100|[from] item: Leftovers
|-heal|p2a: Regirock|45/100|[from] item: Leftovers
|upkeep
|turn|93
|
|t:|1729014577
|move|p1a: Blissey|Soft-Boiled|p1a: Blissey
|-heal|p1a: Blissey|100/100
|move|p2a: Regirock|Thunder Wave|p1a: Blissey
|-status|p1a: Blissey|par
|
|-heal|p2a: Regirock|51/100|[from] item: Leftovers
|upkeep
|turn|94
|
|t:|1729014582
|move|p2a: Regirock|Explosion|p1a: Blissey
|-crit|p1a: Blissey
|-damage|p1a: Blissey|0 fnt
|faint|p2a: Regirock
|faint|p1a: Blissey
|
|win|gorditoconbigote
|c|☆gorditoconbigote|ggwp
|c|☆Klird|ggs
|c|☆Klird|wp
|player|p1|

</script>
<script type="application/json" class="data" id="replaydata-smogtours-gen3ou-798924">
{"id":"smogtours-gen3ou-798924","format":"[Gen 3] OU","players":["Klird","gorditoconbigote"],"uploadtime":1729014582,"views":131,"formatid":"gen3ou","rating":null,"private":0,"password":null}
</script>

<script defer src="js/replays.js?9d40a366"></script>
