<!DOCTYPE html>
<meta charset="utf-8" />
<meta name="viewport" content="width=device-width" />

<title>[Gen 3] OU: thestonewallsmith vs. Msousagamer - Replays - Pok&eacute;mon Showdown!</title>

<meta name="description" content="Watch a replay of a Pok&eacute;mon battle between thestonewallsmith and Msousagamer! Format: [Gen 3] OU; Date: Oct 5, 2024" />
<!--

Hey, you! Looking in the source for the replay log?

You can find them in JSON format, just add `.json` at the end of a replay URL.

https://replay.pokemonshowdown.com/gen7randomdoublesbattle-865046831.json

Or, if you only need the log itself, add `.log` instead:

https://replay.pokemonshowdown.com/gen7randomdoublesbattle-865046831.log

-->

<link rel="stylesheet" href="//pokemonshowdown.com/style/global.css?0.023195364461161105" />
<link rel="stylesheet" href="//play.pokemonshowdown.com/style/font-awesome.css?0.13261647063804238" />
<link rel="stylesheet" href="//play.pokemonshowdown.com/style/battle.css?0.8753245789963631" />
<link rel="stylesheet" href="//play.pokemonshowdown.com/style/utilichart.css?0.8627959624976733" />

<!-- Global site tag (gtag.js) - Google Analytics -->
<script async src="https://www.googletagmanager.com/gtag/js?id=UA-26211653-1"></script>
<script>
  window.dataLayer = window.dataLayer || [];
  function gtag(){dataLayer.push(arguments);}
  gtag('js', new Date());

  gtag('config', 'UA-26211653-1');
</script>
<!-- End Google Analytics -->
<!-- Venatus Ad Manager - Install in <HEAD> of page -->
	<script src="https://hb.vntsm.com/v3/live/ad-manager.min.js" type="text/javascript" data-site-id="642aba63ec9a7b11c3c9c1be" data-mode="scan" async></script>
<!-- / Venatus Ad Manager -->

<style>
	@media (max-width:820px) {
		.battle {
			margin: 0 auto;
		}
		.battle-log {
			margin: 7px auto 0;
			max-width: 640px;
			height: 300px;
			position: static;
		}
	}
	.optgroup {
		display: inline-block;
		line-height: 22px;
		font-size: 10pt;
	}
	.optgroup .button {
		height: 25px;
		padding-top: 0;
		padding-bottom: 0;
	}
	.optgroup button.button {
		padding-left: 12px;
		padding-right: 12px;
	}
	.linklist {
		list-style: none;
		margin: 0.5em 0;
		padding: 0;
	}
	.linklist li {
		padding: 2px 0;
	}
	.sidebar {
		float: left;
		width: 320px;
	}
	.bar-wrapper {
		max-width: 1100px;
		margin: 0 auto;
	}
	.bar-wrapper.has-sidebar {
		max-width: 1430px;
	}
	.mainbar {
		margin: 0;
		padding-right: 1px;
	}
	.mainbar.has-sidebar {
		margin-left: 330px;
	}
	@media (min-width: 1511px) {
		.sidebar {
			width: 400px;
		}
		.bar-wrapper.has-sidebar {
			max-width: 1510px;
		}
		.mainbar.has-sidebar {
			margin-left: 410px;
		}
	}
	.section.first-section {
		margin-top: 9px;
	}
	.blocklink small {
		white-space: normal;
	}
	.button {
		vertical-align: middle;
	}
	.replay-controls {
		padding-top: 10px;
	}
	.replay-controls h1 {
		font-size: 16pt;
		font-weight: normal;
		color: #CCC;
	}
	.pagelink {
		text-align: center;
	}
	.pagelink a {
		width: 150px;
	}
	.textbox, .button {
		font-size: 11pt;
		vertical-align: middle;
	}
	@media (max-width: 450px) {
		.button {
			font-size: 9pt;
		}
	}
</style>

<div>

	<header>
		<div class="nav-wrapper"><ul class="nav">
			<li><a class="button nav-first" href="//pokemonshowdown.com/"><img src="//pokemonshowdown.com/images/pokemonshowdownbeta.png" srcset="//pokemonshowdown.com/images/pokemonshowdownbeta.png 1x, //pokemonshowdown.com/images/pokemonshowdownbeta@2x.png 2x" alt="Pok&eacute;mon Showdown" width="146" height="44" /> Home</a></li>
			<li><a class="button" href="//pokemonshowdown.com/dex/">Pok&eacute;dex</a></li>
			<li><a class="button cur" href="/">Replays</a></li>
			<li><a class="button" href="//pokemonshowdown.com/ladder/">Ladder</a></li>
			<li><a class="button nav-last" href="//pokemonshowdown.com/forums/">Forum</a></li>
			<li><a class="button greenbutton nav-first nav-last" href="//play.pokemonshowdown.com/">Play</a></li>
		</ul></div>
	</header>

	<div class="main" id="main">

		<noscript><section class="section">You need to enable JavaScript to use this page; sorry!</section></noscript>

	</div>

</div>

<script defer nomodule src="//play.pokemonshowdown.com/js/lib/ps-polyfill.js"></script>
<script defer src="//play.pokemonshowdown.com/js/lib/preact.min.js"></script>

<script defer src="//play.pokemonshowdown.com/config/config.js?2bddbc15"></script>
<script defer src="//play.pokemonshowdown.com/js/lib/jquery-1.11.0.min.js"></script>
<script defer src="//play.pokemonshowdown.com/js/lib/html-sanitizer-minified.js"></script>
<script defer src="//play.pokemonshowdown.com/js/battle-sound.js"></script>
<script defer src="//play.pokemonshowdown.com/js/battledata.js?0.7209276989879541"></script>
<script defer src="//play.pokemonshowdown.com/data/pokedex-mini.js?0.6111056340867951"></script>
<script defer src="//play.pokemonshowdown.com/data/pokedex-mini-bw.js?0.3532142036491459"></script>
<script defer src="//play.pokemonshowdown.com/data/graphics.js?0.24223875632456182"></script>
<script defer src="//play.pokemonshowdown.com/data/pokedex.js?0.38839984266356864"></script>
<script defer src="//play.pokemonshowdown.com/data/moves.js?0.21866028504024015"></script>
<script defer src="//play.pokemonshowdown.com/data/abilities.js?0.2005157953846628"></script>
<script defer src="//play.pokemonshowdown.com/data/items.js?0.9894211263848525"></script>
<script defer src="//play.pokemonshowdown.com/data/teambuilder-tables.js?0.6008791140282215"></script>
<script defer src="//play.pokemonshowdown.com/js/battle-tooltips.js?0.7580118955022959"></script>
<script defer src="//play.pokemonshowdown.com/js/battle.js?0.6057722274234274"></script>

<script defer src="js/utils.js?e31f9a17"></script>
<script defer src="js/replays-battle.js?7008c182"></script>

<!-- don't scrape this data! just add .json or .log after the URL!
Full API docs: https://github.com/smogon/pokemon-showdown-client/blob/master/WEB-API.md -->
<script type="text/plain" class="log" id="replaylog-smogtours-gen3ou-794922">
|inactive|Battle timer is ON: inactive players will automatically lose when time's up.
|t:|1728136751
|gametype|singles
|player|p1|thestonewallsmith|169|
|player|p2|Msousagamer|veteran|
|teamsize|p1|6
|teamsize|p2|6
|gen|3
|tier|[Gen 3] OU
|rule|Sleep Clause Mod: Limit one foe put to sleep
|rule|Switch Priority Clause Mod: Faster Pokémon switch first
|rule|Species Clause: Limit one of each Pokémon
|rule|OHKO Clause: OHKO moves are banned
|rule|Evasion Items Clause: Evasion items are banned
|rule|Evasion Moves Clause: Evasion moves are banned
|rule|Endless Battle Clause: Forcing endless battles is banned
|rule|HP Percentage Mod: HP is shown in percentages
|rule|One Boost Passer Clause: Limit one Baton Passer that has a way to boost its stats
|rule|Freeze Clause Mod: Limit one foe frozen
|
|t:|1728136751
|start
|switch|p1a: Jolteon|Jolteon, F|100/100
|switch|p2a: Green Lizard|Tyranitar, M|100/100
|-weather|Sandstorm|[from] ability: Sand Stream|[of] p2a: Green Lizard
|turn|1
|c|☆Msousagamer|Gl hf
|c|☆thestonewallsmith|gl hf
|
|t:|1728136774
|move|p1a: Jolteon|Baton Pass|p1a: Jolteon
|
|t:|1728136776
|switch|p1a: Metagross|Metagross|100/100|[from] Baton Pass
|move|p2a: Green Lizard|Ice Beam|p1a: Metagross
|-resisted|p1a: Metagross
|-damage|p1a: Metagross|87/100
|
|-weather|Sandstorm|[upkeep]
|-heal|p1a: Metagross|93/100|[from] item: Leftovers
|upkeep
|turn|2
|
|t:|1728136790
|switch|p2a: The Artificer|Charizard, F|100/100
|move|p1a: Metagross|Meteor Mash|p2a: The Artificer
|-resisted|p2a: The Artificer
|-damage|p2a: The Artificer|56/100
|
|-weather|Sandstorm|[upkeep]
|-damage|p2a: The Artificer|50/100|[from] Sandstorm
|-heal|p2a: The Artificer|56/100|[from] item: Leftovers
|-heal|p1a: Metagross|99/100|[from] item: Leftovers
|upkeep
|turn|3
|
|t:|1728136801
|switch|p1a: Starmie|Starmie|100/100
|move|p2a: The Artificer|Fire Blast|p1a: Starmie
|-resisted|p1a: Starmie
|-damage|p1a: Starmie|61/100
|
|-weather|Sandstorm|[upkeep]
|-damage|p1a: Starmie|55/100|[from] Sandstorm
|-damage|p2a: The Artificer|50/100|[from] Sandstorm
|-heal|p1a: Starmie|61/100|[from] item: Leftovers
|-heal|p2a: The Artificer|56/100|[from] item: Leftovers
|upkeep
|turn|4
|
|t:|1728136818
|switch|p2a: The Gourmand|Blissey, F|100/100
|move|p1a: Starmie|Thunderbolt|p2a: The Gourmand
|-damage|p2a: The Gourmand|90/100
|
|-weather|Sandstorm|[upkeep]
|-damage|p1a: Starmie|55/100|[from] Sandstorm
|-damage|p2a: The Gourmand|84/100|[from] Sandstorm
|-heal|p1a: Starmie|61/100|[from] item: Leftovers
|-heal|p2a: The Gourmand|90/100|[from] item: Leftovers
|upkeep
|turn|5
|
|t:|1728136831
|switch|p1a: Tyranitar|Tyranitar, F|100/100
|switch|p2a: Stowaway|Cloyster, M|100/100
|
|-weather|Sandstorm|[upkeep]
|-damage|p2a: Stowaway|95/100|[from] Sandstorm
|-heal|p2a: Stowaway|100/100|[from] item: Leftovers
|upkeep
|turn|6
|
|t:|1728136836
|move|p2a: Stowaway|Spikes|p1a: Tyranitar
|-sidestart|p1: thestonewallsmith|Spikes
|move|p1a: Tyranitar|Rock Slide|p2a: Stowaway
|-supereffective|p2a: Stowaway
|-damage|p2a: Stowaway|49/100
|
|-weather|Sandstorm|[upkeep]
|-damage|p2a: Stowaway|43/100|[from] Sandstorm
|-heal|p2a: Stowaway|49/100|[from] item: Leftovers
|upkeep
|turn|7
|
|t:|1728136842
|switch|p2a: Leviathan|Metagross|100/100
|move|p1a: Tyranitar|Rock Slide|p2a: Leviathan
|-resisted|p2a: Leviathan
|-damage|p2a: Leviathan|85/100
|
|-weather|Sandstorm|[upkeep]
|-heal|p2a: Leviathan|91/100|[from] item: Leftovers
|upkeep
|turn|8
|
|t:|1728136852
|switch|p1a: Skarmory|Skarmory, M|100/100
|move|p2a: Leviathan|Earthquake|p1a: Skarmory
|-immune|p1a: Skarmory
|
|-weather|Sandstorm|[upkeep]
|-heal|p2a: Leviathan|97/100|[from] item: Leftovers
|upkeep
|turn|9
|
|t:|1728136862
|switch|p2a: The Artificer|Charizard, F|56/100
|move|p1a: Skarmory|Spikes|p2a: The Artificer
|-sidestart|p2: Msousagamer|Spikes
|
|-weather|Sandstorm|[upkeep]
|-damage|p2a: The Artificer|50/100|[from] Sandstorm
|-heal|p2a: The Artificer|56/100|[from] item: Leftovers
|upkeep
|turn|10
|
|t:|1728136887
|switch|p1a: Tyranitar|Tyranitar, F|100/100
|-damage|p1a: Tyranitar|88/100|[from] Spikes
|move|p2a: The Artificer|Substitute|p2a: The Artificer
|-start|p2a: The Artificer|Substitute
|-damage|p2a: The Artificer|31/100
|
|-weather|Sandstorm|[upkeep]
|-damage|p2a: The Artificer|25/100|[from] Sandstorm
|-heal|p2a: The Artificer|31/100|[from] item: Leftovers
|upkeep
|turn|11
|inactive|thestonewallsmith has 270 seconds left.
|
|t:|1728136915
|-singleturn|p2a: The Artificer|move: Focus Punch
|switch|p1a: Gengar|Gengar, F|100/100
|move|p2a: The Artificer|Focus Punch|p1a: Gengar
|-immune|p1a: Gengar
|
|-weather|Sandstorm|[upkeep]
|-damage|p1a: Gengar|94/100|[from] Sandstorm
|-damage|p2a: The Artificer|25/100|[from] Sandstorm
|-heal|p1a: Gengar|100/100|[from] item: Leftovers
|-heal|p2a: The Artificer|31/100|[from] item: Leftovers
|upkeep
|turn|12
|
|t:|1728136936
|switch|p1a: Tyranitar|Tyranitar, F|88/100
|-damage|p1a: Tyranitar|76/100|[from] Spikes
|move|p2a: The Artificer|Fire Blast|p1a: Tyranitar
|-resisted|p1a: Tyranitar
|-damage|p1a: Tyranitar|40/100
|
|-weather|Sandstorm|[upkeep]
|-damage|p2a: The Artificer|25/100|[from] Sandstorm
|-heal|p2a: The Artificer|31/100|[from] item: Leftovers
|upkeep
|turn|13
|
|t:|1728136951
|move|p2a: The Artificer|Hidden Power|p1a: Tyranitar
|-supereffective|p1a: Tyranitar
|-damage|p1a: Tyranitar|4/100
|move|p1a: Tyranitar|Rock Slide|p2a: The Artificer
|-supereffective|p2a: The Artificer
|-end|p2a: The Artificer|Substitute
|
|-weather|Sandstorm|[upkeep]
|-damage|p2a: The Artificer|25/100|[from] Sandstorm
|-heal|p2a: The Artificer|31/100|[from] item: Leftovers
|upkeep
|turn|14
|
|t:|1728136957
|move|p2a: The Artificer|Fire Blast|p1a: Tyranitar
|-resisted|p1a: Tyranitar
|-damage|p1a: Tyranitar|0 fnt
|faint|p1a: Tyranitar
|
|t:|1728136960
|switch|p1a: Jolteon|Jolteon, F|100/100
|-damage|p1a: Jolteon|88/100|[from] Spikes
|
|-weather|Sandstorm|[upkeep]
|-damage|p1a: Jolteon|82/100|[from] Sandstorm
|-damage|p2a: The Artificer|25/100|[from] Sandstorm
|-heal|p1a: Jolteon|88/100|[from] item: Leftovers
|-heal|p2a: The Artificer|31/100|[from] item: Leftovers
|upkeep
|turn|15
|
|t:|1728136971
|move|p1a: Jolteon|Substitute|p1a: Jolteon
|-start|p1a: Jolteon|Substitute
|-damage|p1a: Jolteon|64/100
|move|p2a: The Artificer|Fire Blast|p1a: Jolteon|[miss]
|-miss|p2a: The Artificer|p1a: Jolteon
|
|-weather|Sandstorm|[upkeep]
|-damage|p1a: Jolteon|58/100|[from] Sandstorm
|-damage|p2a: The Artificer|25/100|[from] Sandstorm
|-heal|p1a: Jolteon|64/100|[from] item: Leftovers
|-heal|p2a: The Artificer|31/100|[from] item: Leftovers
|upkeep
|turn|16
|c|☆Msousagamer|Always punished
|
|t:|1728136981
|switch|p2a: The Gourmand|Blissey, F|90/100
|-damage|p2a: The Gourmand|78/100|[from] Spikes
|move|p1a: Jolteon|Thunderbolt|p2a: The Gourmand
|-damage|p2a: The Gourmand|60/100
|
|-weather|Sandstorm|[upkeep]
|-damage|p1a: Jolteon|58/100|[from] Sandstorm
|-damage|p2a: The Gourmand|53/100|[from] Sandstorm
|-heal|p1a: Jolteon|64/100|[from] item: Leftovers
|-heal|p2a: The Gourmand|60/100|[from] item: Leftovers
|upkeep
|turn|17
|c|☆thestonewallsmith|lol
|
|t:|1728136996
|move|p1a: Jolteon|Baton Pass|p1a: Jolteon
|
|t:|1728136997
|switch|p1a: Metagross|Metagross|99/100|[from] Baton Pass
|-damage|p1a: Metagross|86/100|[from] Spikes
|move|p2a: The Gourmand|Ice Beam|p1a: Metagross
|-resisted|p1a: Metagross
|-activate|p1a: Metagross|Substitute|[damage]
|
|-weather|Sandstorm|[upkeep]
|-damage|p2a: The Gourmand|53/100|[from] Sandstorm
|-heal|p1a: Metagross|93/100|[from] item: Leftovers
|-heal|p2a: The Gourmand|60/100|[from] item: Leftovers
|upkeep
|turn|18
|inactive|Msousagamer has 270 seconds left.
|inactive|Msousagamer has 240 seconds left.
|
|t:|1728137059
|switch|p2a: Stowaway|Cloyster, M|49/100
|-damage|p2a: Stowaway|36/100|[from] Spikes
|move|p1a: Metagross|Earthquake|p2a: Stowaway
|-damage|p2a: Stowaway|14/100
|
|-weather|Sandstorm|[upkeep]
|-damage|p2a: Stowaway|8/100|[from] Sandstorm
|-heal|p2a: Stowaway|14/100|[from] item: Leftovers
|-heal|p1a: Metagross|99/100|[from] item: Leftovers
|upkeep
|turn|19
|
|t:|1728137068
|move|p2a: Stowaway|Explosion|p1a: Metagross
|-resisted|p1a: Metagross
|-end|p1a: Metagross|Substitute
|faint|p2a: Stowaway
|
|t:|1728137072
|switch|p2a: The Artificer|Charizard, F|31/100
|
|-weather|Sandstorm|[upkeep]
|-damage|p2a: The Artificer|25/100|[from] Sandstorm
|-heal|p2a: The Artificer|31/100|[from] item: Leftovers
|-heal|p1a: Metagross|100/100|[from] item: Leftovers
|upkeep
|turn|20
|
|t:|1728137098
|switch|p1a: Jolteon|Jolteon, F|64/100
|-damage|p1a: Jolteon|51/100|[from] Spikes
|move|p2a: The Artificer|Fire Blast|p1a: Jolteon
|-crit|p1a: Jolteon
|-damage|p1a: Jolteon|0 fnt
|faint|p1a: Jolteon
|
|t:|1728137104
|switch|p1a: Starmie|Starmie|61/100
|-damage|p1a: Starmie|49/100|[from] Spikes
|
|-weather|Sandstorm|[upkeep]
|-damage|p1a: Starmie|43/100|[from] Sandstorm
|-damage|p2a: The Artificer|25/100|[from] Sandstorm
|-heal|p1a: Starmie|49/100|[from] item: Leftovers
|-heal|p2a: The Artificer|31/100|[from] item: Leftovers
|upkeep
|turn|21
|inactive|Msousagamer has 270 seconds left.
|inactive|Msousagamer has 240 seconds left.
|
|t:|1728137161
|switch|p2a: The Gourmand|Blissey, F|60/100
|-damage|p2a: The Gourmand|47/100|[from] Spikes
|move|p1a: Starmie|Hydro Pump|p2a: The Gourmand
|-damage|p2a: The Gourmand|28/100
|
|-weather|Sandstorm|[upkeep]
|-damage|p1a: Starmie|43/100|[from] Sandstorm
|-damage|p2a: The Gourmand|22/100|[from] Sandstorm
|-heal|p1a: Starmie|49/100|[from] item: Leftovers
|-heal|p2a: The Gourmand|28/100|[from] item: Leftovers
|upkeep
|turn|22
|
|t:|1728137166
|move|p1a: Starmie|Rapid Spin|p2a: The Gourmand
|-damage|p2a: The Gourmand|25/100
|-sideend|p1: thestonewallsmith|Spikes|[from] move: Rapid Spin|[of] p1a: Starmie
|move|p2a: The Gourmand|Thunder Wave|p1a: Starmie
|-status|p1a: Starmie|par
|
|-weather|Sandstorm|[upkeep]
|-damage|p2a: The Gourmand|18/100|[from] Sandstorm
|-damage|p1a: Starmie|43/100 par|[from] Sandstorm
|-heal|p2a: The Gourmand|25/100|[from] item: Leftovers
|-heal|p1a: Starmie|49/100 par|[from] item: Leftovers
|upkeep
|turn|23
|
|t:|1728137174
|-curestatus|p1a: Starmie|par|[from] ability: Natural Cure
|switch|p1a: Metagross|Metagross|100/100
|move|p2a: The Gourmand|Soft-Boiled|p2a: The Gourmand
|-heal|p2a: The Gourmand|75/100
|
|-weather|Sandstorm|[upkeep]
|-damage|p2a: The Gourmand|68/100|[from] Sandstorm
|-heal|p2a: The Gourmand|75/100|[from] item: Leftovers
|upkeep
|turn|24
|inactive|Msousagamer has 240 seconds left.
|inactive|Msousagamer has 210 seconds left.
|inactive|Msousagamer has 180 seconds left.
|
|t:|1728137273
|move|p1a: Metagross|Meteor Mash|p2a: The Gourmand
|-damage|p2a: The Gourmand|8/100
|move|p2a: The Gourmand|Thunder Wave|p1a: Metagross
|-status|p1a: Metagross|par
|
|-weather|Sandstorm|[upkeep]
|-damage|p2a: The Gourmand|2/100|[from] Sandstorm
|-heal|p2a: The Gourmand|8/100|[from] item: Leftovers
|upkeep
|turn|25
|inactive|thestonewallsmith has 270 seconds left.
|
|t:|1728137295
|move|p2a: The Gourmand|Soft-Boiled|p2a: The Gourmand
|-heal|p2a: The Gourmand|58/100
|move|p1a: Metagross|Meteor Mash|p2a: The Gourmand
|-damage|p2a: The Gourmand|0 fnt
|-boost|p1a: Metagross|atk|1
|faint|p2a: The Gourmand
|
|t:|1728137297
|switch|p2a: The Artificer|Charizard, F|31/100
|
|-weather|Sandstorm|[upkeep]
|-damage|p2a: The Artificer|25/100|[from] Sandstorm
|-heal|p2a: The Artificer|31/100|[from] item: Leftovers
|upkeep
|turn|26
|
|t:|1728137312
|move|p2a: The Artificer|Fire Blast|p1a: Metagross|[miss]
|-miss|p2a: The Artificer|p1a: Metagross
|cant|p1a: Metagross|par
|
|-weather|Sandstorm|[upkeep]
|-damage|p2a: The Artificer|25/100|[from] Sandstorm
|-heal|p2a: The Artificer|31/100|[from] item: Leftovers
|upkeep
|turn|27
|
|t:|1728137315
|move|p2a: The Artificer|Fire Blast|p1a: Metagross
|-supereffective|p1a: Metagross
|-damage|p1a: Metagross|0 fnt
|faint|p1a: Metagross
|
|t:|1728137321
|switch|p1a: Starmie|Starmie|49/100
|
|-weather|Sandstorm|[upkeep]
|-damage|p1a: Starmie|43/100|[from] Sandstorm
|-damage|p2a: The Artificer|25/100|[from] Sandstorm
|-heal|p1a: Starmie|49/100|[from] item: Leftovers
|-heal|p2a: The Artificer|31/100|[from] item: Leftovers
|upkeep
|turn|28
|c|☆Msousagamer|My heart rate when I saw the animation go to the left tho
|inactive|Msousagamer has 210 seconds left.
|
|t:|1728137340
|switch|p2a: Vulture|Salamence, M|100/100
|-ability|p2a: Vulture|Intimidate|boost
|-unboost|p1a: Starmie|atk|1
|move|p1a: Starmie|Thunderbolt|p2a: Vulture
|-damage|p2a: Vulture|72/100
|
|-weather|Sandstorm|[upkeep]
|-damage|p1a: Starmie|43/100|[from] Sandstorm
|-damage|p2a: Vulture|66/100|[from] Sandstorm
|-heal|p1a: Starmie|49/100|[from] item: Leftovers
|-heal|p2a: Vulture|72/100|[from] item: Leftovers
|upkeep
|turn|29
|
|t:|1728137348
|switch|p2a: Leviathan|Metagross|97/100
|-damage|p2a: Leviathan|85/100|[from] Spikes
|move|p1a: Starmie|Ice Beam|p2a: Leviathan
|-resisted|p2a: Leviathan
|-damage|p2a: Leviathan|70/100
|
|-weather|Sandstorm|[upkeep]
|-damage|p1a: Starmie|43/100|[from] Sandstorm
|-heal|p1a: Starmie|49/100|[from] item: Leftovers
|-heal|p2a: Leviathan|77/100|[from] item: Leftovers
|upkeep
|turn|30
|inactive|Msousagamer has 210 seconds left.
|
|t:|1728137378
|switch|p1a: Skarmory|Skarmory, M|100/100
|move|p2a: Leviathan|Earthquake|p1a: Skarmory
|-immune|p1a: Skarmory
|
|-weather|Sandstorm|[upkeep]
|-heal|p2a: Leviathan|83/100|[from] item: Leftovers
|upkeep
|turn|31
|
|t:|1728137390
|switch|p2a: Green Lizard|Tyranitar, M|100/100
|-damage|p2a: Green Lizard|88/100|[from] Spikes
|move|p1a: Skarmory|Toxic|p2a: Green Lizard
|-status|p2a: Green Lizard|tox
|-enditem|p2a: Green Lizard|Lum Berry|[eat]
|-curestatus|p2a: Green Lizard|tox|[msg]
|
|-weather|Sandstorm|[upkeep]
|upkeep
|turn|32
|
|t:|1728137410
|move|p1a: Skarmory|Protect|p1a: Skarmory
|-singleturn|p1a: Skarmory|Protect
|move|p2a: Green Lizard|Thunder|p1a: Skarmory
|-activate|p1a: Skarmory|Protect
|
|-weather|Sandstorm|[upkeep]
|upkeep
|turn|33
|
|t:|1728137416
|move|p2a: Green Lizard|Thunder|p1a: Skarmory
|-supereffective|p1a: Skarmory
|-damage|p1a: Skarmory|32/100
|move|p1a: Skarmory|Toxic|p2a: Green Lizard
|-status|p2a: Green Lizard|tox
|
|-weather|Sandstorm|[upkeep]
|-damage|p2a: Green Lizard|82/100 tox|[from] psn
|-heal|p1a: Skarmory|38/100|[from] item: Leftovers
|upkeep
|turn|34
|
|t:|1728137429
|switch|p2a: The Artificer|Charizard, F|31/100
|switch|p1a: Gengar|Gengar, F|100/100
|
|-weather|Sandstorm|[upkeep]
|-damage|p1a: Gengar|94/100|[from] Sandstorm
|-damage|p2a: The Artificer|25/100|[from] Sandstorm
|-heal|p1a: Gengar|100/100|[from] item: Leftovers
|-heal|p2a: The Artificer|31/100|[from] item: Leftovers
|upkeep
|turn|35
|inactive|thestonewallsmith has 270 seconds left.
|
|t:|1728137488
|switch|p1a: Skarmory|Skarmory, M|38/100
|move|p2a: The Artificer|Fire Blast|p1a: Skarmory
|-supereffective|p1a: Skarmory
|-damage|p1a: Skarmory|0 fnt
|faint|p1a: Skarmory
|
|t:|1728137491
|switch|p1a: Starmie|Starmie|49/100
|
|-weather|Sandstorm|[upkeep]
|-damage|p1a: Starmie|43/100|[from] Sandstorm
|-damage|p2a: The Artificer|25/100|[from] Sandstorm
|-heal|p1a: Starmie|49/100|[from] item: Leftovers
|-heal|p2a: The Artificer|31/100|[from] item: Leftovers
|upkeep
|turn|36
|inactive|Msousagamer has 240 seconds left.
|inactive|Msousagamer has 210 seconds left.
|inactive|Msousagamer has 180 seconds left.
|inactive|Msousagamer has 150 seconds left.
|
|t:|1728137600
|switch|p2a: Green Lizard|Tyranitar, M|82/100 tox
|-damage|p2a: Green Lizard|70/100 tox|[from] Spikes
|move|p1a: Starmie|Hydro Pump|p2a: Green Lizard
|-supereffective|p2a: Green Lizard
|-damage|p2a: Green Lizard|0 fnt
|faint|p2a: Green Lizard
|
|t:|1728137611
|switch|p2a: Leviathan|Metagross|83/100
|-damage|p2a: Leviathan|70/100|[from] Spikes
|
|-weather|Sandstorm|[upkeep]
|-damage|p1a: Starmie|43/100|[from] Sandstorm
|-heal|p1a: Starmie|49/100|[from] item: Leftovers
|-heal|p2a: Leviathan|77/100|[from] item: Leftovers
|upkeep
|turn|37
|
|t:|1728137622
|switch|p1a: Gengar|Gengar, F|100/100
|switch|p2a: Vulture|Salamence, M|72/100
|-ability|p2a: Vulture|Intimidate|boost
|-unboost|p1a: Gengar|atk|1
|
|-weather|Sandstorm|[upkeep]
|-damage|p1a: Gengar|94/100|[from] Sandstorm
|-damage|p2a: Vulture|66/100|[from] Sandstorm
|-heal|p1a: Gengar|100/100|[from] item: Leftovers
|-heal|p2a: Vulture|72/100|[from] item: Leftovers
|upkeep
|turn|38
|
|t:|1728137628
|move|p1a: Gengar|Will-O-Wisp|p2a: Vulture
|-status|p2a: Vulture|brn
|move|p2a: Vulture|Dragon Dance|p2a: Vulture
|-boost|p2a: Vulture|atk|1
|-boost|p2a: Vulture|spe|1
|
|-weather|Sandstorm|[upkeep]
|-damage|p2a: Vulture|66/100 brn|[from] Sandstorm
|-damage|p1a: Gengar|94/100|[from] Sandstorm
|-heal|p2a: Vulture|72/100 brn|[from] item: Leftovers
|-damage|p2a: Vulture|59/100 brn|[from] brn
|-heal|p1a: Gengar|100/100|[from] item: Leftovers
|upkeep
|turn|39
|inactive|thestonewallsmith has 270 seconds left.
|inactive|Msousagamer has 150 seconds left.
|
|t:|1728137646
|switch|p1a: Starmie|Starmie|49/100
|move|p2a: Vulture|Dragon Dance|p2a: Vulture
|-boost|p2a: Vulture|atk|1
|-boost|p2a: Vulture|spe|1
|
|-weather|Sandstorm|[upkeep]
|-damage|p2a: Vulture|53/100 brn|[from] Sandstorm
|-damage|p1a: Starmie|43/100|[from] Sandstorm
|-heal|p2a: Vulture|59/100 brn|[from] item: Leftovers
|-damage|p2a: Vulture|47/100 brn|[from] brn
|-heal|p1a: Starmie|49/100|[from] item: Leftovers
|upkeep
|turn|40
|
|t:|1728137649
|move|p2a: Vulture|Hidden Power|p1a: Starmie
|-damage|p1a: Starmie|0 fnt
|faint|p1a: Starmie
|
|t:|1728137651
|switch|p1a: Gengar|Gengar, F|100/100
|
|-weather|Sandstorm|[upkeep]
|-damage|p2a: Vulture|41/100 brn|[from] Sandstorm
|-damage|p1a: Gengar|94/100|[from] Sandstorm
|-heal|p2a: Vulture|47/100 brn|[from] item: Leftovers
|-damage|p2a: Vulture|34/100 brn|[from] brn
|-heal|p1a: Gengar|100/100|[from] item: Leftovers
|upkeep
|turn|41
|
|t:|1728137653
|move|p2a: Vulture|Hidden Power|p1a: Gengar
|-crit|p1a: Gengar
|-damage|p1a: Gengar|0 fnt
|faint|p1a: Gengar
|
|win|Msousagamer
|c|☆thestonewallsmith|gg
|c|☆Msousagamer|Gg
|c|☆Msousagamer|We go into G4
|player|p1|
|player|p2|
|player|p2|Msousagamer|veteran|
|player|p2|
|player|p1|thestonewallsmith|169|

</script>
<script type="application/json" class="data" id="replaydata-smogtours-gen3ou-794922">
{"id":"smogtours-gen3ou-794922","format":"[Gen 3] OU","players":["thestonewallsmith","Msousagamer"],"uploadtime":1728137653,"views":112,"formatid":"gen3ou","rating":null,"private":0,"password":null}
</script>

<script defer src="js/replays.js?9d40a366"></script>
