<!DOCTYPE html>
<meta charset="utf-8" />
<meta name="viewport" content="width=device-width" />

<title>[Gen 3] OU: Dridri457 vs. OzEngine - Replays - Pok&eacute;mon Showdown!</title>

<meta name="description" content="Watch a replay of a Pok&eacute;mon battle between Dridri457 and OzEngine! Format: [Gen 3] OU; Date: Oct 12, 2024" />
<!--

Hey, you! Looking in the source for the replay log?

You can find them in JSON format, just add `.json` at the end of a replay URL.

https://replay.pokemonshowdown.com/gen7randomdoublesbattle-865046831.json

Or, if you only need the log itself, add `.log` instead:

https://replay.pokemonshowdown.com/gen7randomdoublesbattle-865046831.log

-->

<link rel="stylesheet" href="//pokemonshowdown.com/style/global.css?0.767286132409787" />
<link rel="stylesheet" href="//play.pokemonshowdown.com/style/font-awesome.css?0.9266228007934947" />
<link rel="stylesheet" href="//play.pokemonshowdown.com/style/battle.css?0.7924700842790926" />
<link rel="stylesheet" href="//play.pokemonshowdown.com/style/utilichart.css?0.8777417872839479" />

<!-- Global site tag (gtag.js) - Google Analytics -->
<script async src="https://www.googletagmanager.com/gtag/js?id=UA-26211653-1"></script>
<script>
  window.dataLayer = window.dataLayer || [];
  function gtag(){dataLayer.push(arguments);}
  gtag('js', new Date());

  gtag('config', 'UA-26211653-1');
</script>
<!-- End Google Analytics -->
<!-- Venatus Ad Manager - Install in <HEAD> of page -->
	<script src="https://hb.vntsm.com/v3/live/ad-manager.min.js" type="text/javascript" data-site-id="642aba63ec9a7b11c3c9c1be" data-mode="scan" async></script>
<!-- / Venatus Ad Manager -->

<style>
	@media (max-width:820px) {
		.battle {
			margin: 0 auto;
		}
		.battle-log {
			margin: 7px auto 0;
			max-width: 640px;
			height: 300px;
			position: static;
		}
	}
	.optgroup {
		display: inline-block;
		line-height: 22px;
		font-size: 10pt;
	}
	.optgroup .button {
		height: 25px;
		padding-top: 0;
		padding-bottom: 0;
	}
	.optgroup button.button {
		padding-left: 12px;
		padding-right: 12px;
	}
	.linklist {
		list-style: none;
		margin: 0.5em 0;
		padding: 0;
	}
	.linklist li {
		padding: 2px 0;
	}
	.sidebar {
		float: left;
		width: 320px;
	}
	.bar-wrapper {
		max-width: 1100px;
		margin: 0 auto;
	}
	.bar-wrapper.has-sidebar {
		max-width: 1430px;
	}
	.mainbar {
		margin: 0;
		padding-right: 1px;
	}
	.mainbar.has-sidebar {
		margin-left: 330px;
	}
	@media (min-width: 1511px) {
		.sidebar {
			width: 400px;
		}
		.bar-wrapper.has-sidebar {
			max-width: 1510px;
		}
		.mainbar.has-sidebar {
			margin-left: 410px;
		}
	}
	.section.first-section {
		margin-top: 9px;
	}
	.blocklink small {
		white-space: normal;
	}
	.button {
		vertical-align: middle;
	}
	.replay-controls {
		padding-top: 10px;
	}
	.replay-controls h1 {
		font-size: 16pt;
		font-weight: normal;
		color: #CCC;
	}
	.pagelink {
		text-align: center;
	}
	.pagelink a {
		width: 150px;
	}
	.textbox, .button {
		font-size: 11pt;
		vertical-align: middle;
	}
	@media (max-width: 450px) {
		.button {
			font-size: 9pt;
		}
	}
</style>

<div>

	<header>
		<div class="nav-wrapper"><ul class="nav">
			<li><a class="button nav-first" href="//pokemonshowdown.com/"><img src="//pokemonshowdown.com/images/pokemonshowdownbeta.png" srcset="//pokemonshowdown.com/images/pokemonshowdownbeta.png 1x, //pokemonshowdown.com/images/pokemonshowdownbeta@2x.png 2x" alt="Pok&eacute;mon Showdown" width="146" height="44" /> Home</a></li>
			<li><a class="button" href="//pokemonshowdown.com/dex/">Pok&eacute;dex</a></li>
			<li><a class="button cur" href="/">Replays</a></li>
			<li><a class="button" href="//pokemonshowdown.com/ladder/">Ladder</a></li>
			<li><a class="button nav-last" href="//pokemonshowdown.com/forums/">Forum</a></li>
			<li><a class="button greenbutton nav-first nav-last" href="//play.pokemonshowdown.com/">Play</a></li>
		</ul></div>
	</header>

	<div class="main" id="main">

		<noscript><section class="section">You need to enable JavaScript to use this page; sorry!</section></noscript>

	</div>

</div>

<script defer nomodule src="//play.pokemonshowdown.com/js/lib/ps-polyfill.js"></script>
<script defer src="//play.pokemonshowdown.com/js/lib/preact.min.js"></script>

<script defer src="//play.pokemonshowdown.com/config/config.js?6dec07f6"></script>
<script defer src="//play.pokemonshowdown.com/js/lib/jquery-1.11.0.min.js"></script>
<script defer src="//play.pokemonshowdown.com/js/lib/html-sanitizer-minified.js"></script>
<script defer src="//play.pokemonshowdown.com/js/battle-sound.js"></script>
<script defer src="//play.pokemonshowdown.com/js/battledata.js?0.6315294753075389"></script>
<script defer src="//play.pokemonshowdown.com/data/pokedex-mini.js?0.7603743185311358"></script>
<script defer src="//play.pokemonshowdown.com/data/pokedex-mini-bw.js?0.030888842834281283"></script>
<script defer src="//play.pokemonshowdown.com/data/graphics.js?0.05593094747507488"></script>
<script defer src="//play.pokemonshowdown.com/data/pokedex.js?0.47064822249611904"></script>
<script defer src="//play.pokemonshowdown.com/data/moves.js?0.8583693120512459"></script>
<script defer src="//play.pokemonshowdown.com/data/abilities.js?0.16017181182386842"></script>
<script defer src="//play.pokemonshowdown.com/data/items.js?0.4163379185673943"></script>
<script defer src="//play.pokemonshowdown.com/data/teambuilder-tables.js?0.31075597372830477"></script>
<script defer src="//play.pokemonshowdown.com/js/battle-tooltips.js?0.6536193500708172"></script>
<script defer src="//play.pokemonshowdown.com/js/battle.js?0.1916591943277901"></script>

<script defer src="js/utils.js?e31f9a17"></script>
<script defer src="js/replays-battle.js?7008c182"></script>

<!-- don't scrape this data! just add .json or .log after the URL!
Full API docs: https://github.com/smogon/pokemon-showdown-client/blob/master/WEB-API.md -->
<script type="text/plain" class="log" id="replaylog-smogtours-gen3ou-797368">
|inactive|Battle timer is ON: inactive players will automatically lose when time's up.
|t:|1728723640
|gametype|singles
|player|p1|Dridri457|#dridri457|
|player|p2|OzEngine|1|
|teamsize|p1|6
|teamsize|p2|6
|gen|3
|tier|[Gen 3] OU
|rule|Sleep Clause Mod: Limit one foe put to sleep
|rule|Switch Priority Clause Mod: Faster Pokémon switch first
|rule|Species Clause: Limit one of each Pokémon
|rule|OHKO Clause: OHKO moves are banned
|rule|Evasion Items Clause: Evasion items are banned
|rule|Evasion Moves Clause: Evasion moves are banned
|rule|Endless Battle Clause: Forcing endless battles is banned
|rule|HP Percentage Mod: HP is shown in percentages
|rule|One Boost Passer Clause: Limit one Baton Passer that has a way to boost its stats
|rule|Freeze Clause Mod: Limit one foe frozen
|
|t:|1728723640
|start
|switch|p1a: Zapdos|Zapdos|100/100
|switch|p2a: Jynx|Jynx, F|100/100
|turn|1
|c|☆Dridri457|hf
|inactive|Dridri457 has 270 seconds left.
|c|☆OzEngine|u2
|inactive|Dridri457 has 240 seconds left.
|
|t:|1728723702
|switch|p1a: Tyranitar|Tyranitar, M|100/100
|-weather|Sandstorm|[from] ability: Sand Stream|[of] p1a: Tyranitar
|move|p2a: Jynx|Ice Beam|p1a: Tyranitar
|-damage|p1a: Tyranitar|65/100
|-status|p1a: Tyranitar|frz
|
|-weather|Sandstorm|[upkeep]
|-damage|p2a: Jynx|95/100|[from] Sandstorm
|-heal|p1a: Tyranitar|71/100 frz|[from] item: Leftovers
|upkeep
|turn|2
|
|t:|1728723728
|switch|p1a: Jirachi|Jirachi|100/100
|move|p2a: Jynx|Mean Look|p1a: Jirachi
|-activate|p1a: Jirachi|trapped
|
|-weather|Sandstorm|[upkeep]
|-damage|p2a: Jynx|89/100|[from] Sandstorm
|upkeep
|turn|3
|inactive|Dridri457 has 270 seconds left.
|
|t:|1728723748
|move|p2a: Jynx|Perish Song|p2a: Jynx
|-start|p1a: Jirachi|perish3|[silent]
|-start|p2a: Jynx|perish3|[silent]
|-fieldactivate|move: Perish Song
|move|p1a: Jirachi|Fire Punch|p2a: Jynx
|-supereffective|p2a: Jynx
|-damage|p2a: Jynx|53/100
|
|-weather|Sandstorm|[upkeep]
|-damage|p2a: Jynx|47/100|[from] Sandstorm
|-start|p2a: Jynx|perish3
|-start|p1a: Jirachi|perish3
|upkeep
|turn|4
|inactive|Dridri457 has 270 seconds left.
|
|t:|1728723765
|move|p2a: Jynx|Lovely Kiss|p1a: Jirachi|[miss]
|-miss|p2a: Jynx|p1a: Jirachi
|move|p1a: Jirachi|Fire Punch|p2a: Jynx
|-supereffective|p2a: Jynx
|-damage|p2a: Jynx|11/100
|
|-weather|Sandstorm|[upkeep]
|-damage|p2a: Jynx|5/100|[from] Sandstorm
|-start|p2a: Jynx|perish2
|-start|p1a: Jirachi|perish2
|upkeep
|turn|5
|inactive|Dridri457 has 270 seconds left.
|
|t:|1728723771
|move|p1a: Jirachi|Protect|p1a: Jirachi
|-singleturn|p1a: Jirachi|Protect
|move|p2a: Jynx|Lovely Kiss|p1a: Jirachi
|-activate|p1a: Jirachi|Protect
|
|-weather|Sandstorm|[upkeep]
|-damage|p2a: Jynx|0 fnt|[from] Sandstorm
|faint|p2a: Jynx
|-start|p1a: Jirachi|perish1
|upkeep
|
|t:|1728723776
|switch|p2a: Dugtrio|Dugtrio, F|100/100
|turn|6
|
|t:|1728723782
|move|p2a: Dugtrio|Substitute|p2a: Dugtrio
|-start|p2a: Dugtrio|Substitute
|-damage|p2a: Dugtrio|76/100
|move|p1a: Jirachi|Fire Punch|p2a: Dugtrio
|-end|p2a: Dugtrio|Substitute
|
|-weather|Sandstorm|[upkeep]
|-start|p1a: Jirachi|perish0
|upkeep
|faint|p1a: Jirachi
|inactive|Dridri457 has 270 seconds left.
|inactive|Dridri457 has 240 seconds left.
|
|t:|1728723832
|switch|p1a: Flygon|Flygon, M|100/100
|turn|7
|inactive|Dridri457 has 240 seconds left.
|
|t:|1728723853
|switch|p2a: Suicune|Suicune|100/100
|move|p1a: Flygon|Earthquake|p2a: Suicune
|-damage|p2a: Suicune|75/100
|
|-weather|Sandstorm|[upkeep]
|-damage|p2a: Suicune|68/100|[from] Sandstorm
|-heal|p2a: Suicune|75/100|[from] item: Leftovers
|upkeep
|turn|8
|inactive|Dridri457 has 240 seconds left.
|
|t:|1728723885
|move|p1a: Flygon|Toxic|p2a: Suicune
|-status|p2a: Suicune|tox
|move|p2a: Suicune|Surf|p1a: Flygon
|-damage|p1a: Flygon|52/100
|
|-weather|Sandstorm|[upkeep]
|-damage|p2a: Suicune|68/100 tox|[from] Sandstorm
|-heal|p1a: Flygon|58/100|[from] item: Leftovers
|-heal|p2a: Suicune|75/100 tox|[from] item: Leftovers
|-damage|p2a: Suicune|68/100 tox|[from] psn
|upkeep
|turn|9
|inactive|Dridri457 has 210 seconds left.
|inactive|OzEngine has 270 seconds left.
|
|t:|1728723917
|move|p1a: Flygon|Protect|p1a: Flygon
|-singleturn|p1a: Flygon|Protect
|move|p2a: Suicune|Rest|p2a: Suicune
|-status|p2a: Suicune|slp|[from] move: Rest
|-heal|p2a: Suicune|100/100 slp|[silent]
|
|-weather|Sandstorm|[upkeep]
|-damage|p2a: Suicune|94/100 slp|[from] Sandstorm
|-heal|p1a: Flygon|64/100|[from] item: Leftovers
|-heal|p2a: Suicune|100/100 slp|[from] item: Leftovers
|upkeep
|turn|10
|inactive|Dridri457 has 210 seconds left.
|
|t:|1728723926
|switch|p1a: Skarmory|Skarmory, F|100/100
|cant|p2a: Suicune|slp
|move|p2a: Suicune|Sleep Talk|p2a: Suicune
|move|p2a: Suicune|Surf|p1a: Skarmory|[from]Sleep Talk
|-damage|p1a: Skarmory|61/100
|
|-weather|Sandstorm|[upkeep]
|-damage|p2a: Suicune|94/100 slp|[from] Sandstorm
|-heal|p2a: Suicune|100/100 slp|[from] item: Leftovers
|-heal|p1a: Skarmory|67/100|[from] item: Leftovers
|upkeep
|turn|11
|
|t:|1728723933
|switch|p2a: Charizard|Charizard, M|100/100
|move|p1a: Skarmory|Spikes|p2a: Charizard
|-sidestart|p2: OzEngine|Spikes
|
|-weather|Sandstorm|[upkeep]
|-damage|p2a: Charizard|94/100|[from] Sandstorm
|-heal|p2a: Charizard|100/100|[from] item: Leftovers
|-heal|p1a: Skarmory|73/100|[from] item: Leftovers
|upkeep
|turn|12
|
|t:|1728723940
|switch|p1a: Zapdos|Zapdos|100/100
|move|p2a: Charizard|Substitute|p2a: Charizard
|-start|p2a: Charizard|Substitute
|-damage|p2a: Charizard|76/100
|
|-weather|Sandstorm|[upkeep]
|-damage|p2a: Charizard|70/100|[from] Sandstorm
|-damage|p1a: Zapdos|94/100|[from] Sandstorm
|-heal|p2a: Charizard|76/100|[from] item: Leftovers
|-heal|p1a: Zapdos|100/100|[from] item: Leftovers
|upkeep
|turn|13
|
|t:|1728723946
|move|p2a: Charizard|Fire Blast|p1a: Zapdos
|-damage|p1a: Zapdos|59/100
|move|p1a: Zapdos|Roar|p2a: Charizard
|drag|p2a: Suicune|Suicune|100/100 slp
|-damage|p2a: Suicune|88/100 slp|[from] Spikes
|
|-weather|Sandstorm|[upkeep]
|-damage|p1a: Zapdos|52/100|[from] Sandstorm
|-damage|p2a: Suicune|82/100 slp|[from] Sandstorm
|-heal|p1a: Zapdos|59/100|[from] item: Leftovers
|-heal|p2a: Suicune|88/100 slp|[from] item: Leftovers
|upkeep
|turn|14
|
|t:|1728723955
|switch|p2a: Dugtrio|Dugtrio, F|76/100
|-damage|p2a: Dugtrio|64/100|[from] Spikes
|move|p1a: Zapdos|Roar|p2a: Dugtrio
|drag|p2a: Metagross|Metagross|100/100
|-damage|p2a: Metagross|88/100|[from] Spikes
|
|-weather|Sandstorm|[upkeep]
|-damage|p1a: Zapdos|52/100|[from] Sandstorm
|-heal|p1a: Zapdos|59/100|[from] item: Leftovers
|-heal|p2a: Metagross|94/100|[from] item: Leftovers
|upkeep
|turn|15
|inactive|Dridri457 has 240 seconds left.
|
|t:|1728723977
|switch|p1a: Skarmory|Skarmory, F|73/100
|move|p2a: Metagross|Meteor Mash|p1a: Skarmory
|-resisted|p1a: Skarmory
|-damage|p1a: Skarmory|52/100
|
|-weather|Sandstorm|[upkeep]
|-heal|p1a: Skarmory|58/100|[from] item: Leftovers
|-heal|p2a: Metagross|99/100|[from] item: Leftovers
|upkeep
|turn|16
|
|t:|1728723989
|move|p1a: Skarmory|Spikes|p2a: Metagross
|-sidestart|p2: OzEngine|Spikes
|move|p2a: Metagross|Meteor Mash|p1a: Skarmory|[miss]
|-miss|p2a: Metagross|p1a: Skarmory
|
|-weather|Sandstorm|[upkeep]
|-heal|p1a: Skarmory|64/100|[from] item: Leftovers
|-heal|p2a: Metagross|100/100|[from] item: Leftovers
|upkeep
|turn|17
|
|t:|1728723994
|move|p1a: Skarmory|Spikes|p2a: Metagross
|-sidestart|p2: OzEngine|Spikes
|move|p2a: Metagross|Meteor Mash|p1a: Skarmory|[miss]
|-miss|p2a: Metagross|p1a: Skarmory
|
|-weather|Sandstorm|[upkeep]
|-heal|p1a: Skarmory|70/100|[from] item: Leftovers
|upkeep
|turn|18
|
|t:|1728723998
|move|p1a: Skarmory|Protect|p1a: Skarmory
|-singleturn|p1a: Skarmory|Protect
|move|p2a: Metagross|Meteor Mash|p1a: Skarmory
|-activate|p1a: Skarmory|Protect
|
|-weather|Sandstorm|[upkeep]
|-heal|p1a: Skarmory|76/100|[from] item: Leftovers
|upkeep
|turn|19
|
|t:|1728724008
|move|p2a: Metagross|Meteor Mash|p1a: Skarmory
|-resisted|p1a: Skarmory
|-damage|p1a: Skarmory|52/100
|move|p1a: Skarmory|Roar|p2a: Metagross
|drag|p2a: Dugtrio|Dugtrio, F|64/100
|-damage|p2a: Dugtrio|39/100|[from] Spikes
|
|-weather|Sandstorm|[upkeep]
|-heal|p1a: Skarmory|58/100|[from] item: Leftovers
|upkeep
|turn|20
|inactive|Dridri457 has 270 seconds left.
|
|t:|1728724020
|move|p2a: Dugtrio|Aerial Ace|p1a: Skarmory
|-resisted|p1a: Skarmory
|-damage|p1a: Skarmory|52/100
|move|p1a: Skarmory|Toxic|p2a: Dugtrio
|-status|p2a: Dugtrio|tox
|
|-weather|Sandstorm|[upkeep]
|-damage|p2a: Dugtrio|33/100 tox|[from] psn
|-heal|p1a: Skarmory|58/100|[from] item: Leftovers
|upkeep
|turn|21
|inactive|Dridri457 has 270 seconds left.
|
|t:|1728724027
|move|p2a: Dugtrio|Aerial Ace|p1a: Skarmory
|-resisted|p1a: Skarmory
|-damage|p1a: Skarmory|49/100
|move|p1a: Skarmory|Toxic|p2a: Dugtrio
|-fail|p2a: Dugtrio|tox
|
|-weather|Sandstorm|[upkeep]
|-damage|p2a: Dugtrio|21/100 tox|[from] psn
|-heal|p1a: Skarmory|55/100|[from] item: Leftovers
|upkeep
|turn|22
|
|t:|1728724029
|move|p1a: Skarmory|Protect|p1a: Skarmory
|-singleturn|p1a: Skarmory|Protect
|move|p2a: Dugtrio|Aerial Ace|p1a: Skarmory
|-activate|p1a: Skarmory|Protect
|
|-weather|Sandstorm|[upkeep]
|-damage|p2a: Dugtrio|3/100 tox|[from] psn
|-heal|p1a: Skarmory|61/100|[from] item: Leftovers
|upkeep
|turn|23
|
|t:|1728724035
|move|p1a: Skarmory|Protect||[still]
|-fail|p1a: Skarmory
|move|p2a: Dugtrio|Aerial Ace|p1a: Skarmory
|-resisted|p1a: Skarmory
|-damage|p1a: Skarmory|54/100
|
|-weather|Sandstorm|[upkeep]
|-damage|p2a: Dugtrio|0 fnt|[from] psn
|faint|p2a: Dugtrio
|-heal|p1a: Skarmory|60/100|[from] item: Leftovers
|upkeep
|
|t:|1728724037
|switch|p2a: Charizard|Charizard, M|76/100
|turn|24
|
|t:|1728724045
|switch|p1a: Aerodactyl|Aerodactyl, F|100/100
|move|p2a: Charizard|Fire Blast|p1a: Aerodactyl
|-resisted|p1a: Aerodactyl
|-damage|p1a: Aerodactyl|63/100
|
|-weather|Sandstorm|[upkeep]
|-damage|p2a: Charizard|70/100|[from] Sandstorm
|-heal|p2a: Charizard|76/100|[from] item: Leftovers
|upkeep
|turn|25
|inactive|OzEngine has 270 seconds left.
|
|t:|1728724091
|switch|p2a: Metagross|Metagross|100/100
|-damage|p2a: Metagross|75/100|[from] Spikes
|move|p1a: Aerodactyl|Rock Slide|p2a: Metagross
|-resisted|p2a: Metagross
|-damage|p2a: Metagross|57/100
|
|-weather|Sandstorm|[upkeep]
|-heal|p2a: Metagross|63/100|[from] item: Leftovers
|upkeep
|turn|26
|
|t:|1728724098
|switch|p1a: Tyranitar|Tyranitar, M|71/100 frz
|move|p2a: Metagross|Protect||[still]
|-fail|p2a: Metagross
|
|-weather|Sandstorm|[upkeep]
|-heal|p1a: Tyranitar|77/100 frz|[from] item: Leftovers
|-heal|p2a: Metagross|69/100|[from] item: Leftovers
|upkeep
|turn|27
|
|t:|1728724107
|switch|p1a: Skarmory|Skarmory, F|60/100
|move|p2a: Metagross|Meteor Mash|p1a: Skarmory
|-resisted|p1a: Skarmory
|-damage|p1a: Skarmory|40/100
|
|-weather|Sandstorm|[upkeep]
|-heal|p1a: Skarmory|46/100|[from] item: Leftovers
|-heal|p2a: Metagross|75/100|[from] item: Leftovers
|upkeep
|turn|28
|
|t:|1728724115
|move|p1a: Skarmory|Protect|p1a: Skarmory
|-singleturn|p1a: Skarmory|Protect
|move|p2a: Metagross|Earthquake|p1a: Skarmory
|-activate|p1a: Skarmory|Protect
|
|-weather|Sandstorm|[upkeep]
|-heal|p1a: Skarmory|52/100|[from] item: Leftovers
|-heal|p2a: Metagross|81/100|[from] item: Leftovers
|upkeep
|turn|29
|
|t:|1728724120
|move|p1a: Skarmory|Protect|p1a: Skarmory
|-singleturn|p1a: Skarmory|Protect
|move|p2a: Metagross|Meteor Mash|p1a: Skarmory|[miss]
|-miss|p2a: Metagross|p1a: Skarmory
|
|-weather|Sandstorm|[upkeep]
|-heal|p1a: Skarmory|58/100|[from] item: Leftovers
|-heal|p2a: Metagross|87/100|[from] item: Leftovers
|upkeep
|turn|30
|
|t:|1728724124
|switch|p1a: Zapdos|Zapdos|59/100
|move|p2a: Metagross|Meteor Mash|p1a: Zapdos
|-resisted|p1a: Zapdos
|-damage|p1a: Zapdos|30/100
|
|-weather|Sandstorm|[upkeep]
|-damage|p1a: Zapdos|24/100|[from] Sandstorm
|-heal|p1a: Zapdos|30/100|[from] item: Leftovers
|-heal|p2a: Metagross|93/100|[from] item: Leftovers
|upkeep
|turn|31
|
|t:|1728724145
|switch|p1a: Flygon|Flygon, M|64/100
|move|p2a: Metagross|Meteor Mash|p1a: Flygon
|-crit|p1a: Flygon
|-damage|p1a: Flygon|0 fnt
|faint|p1a: Flygon
|
|t:|1728724150
|switch|p1a: Skarmory|Skarmory, F|58/100
|
|-weather|Sandstorm|[upkeep]
|-heal|p1a: Skarmory|64/100|[from] item: Leftovers
|-heal|p2a: Metagross|99/100|[from] item: Leftovers
|upkeep
|turn|32
|
|t:|1728724155
|switch|p2a: Charizard|Charizard, M|76/100
|move|p1a: Skarmory|Protect||[still]
|-fail|p1a: Skarmory
|
|-weather|Sandstorm|[upkeep]
|-damage|p2a: Charizard|70/100|[from] Sandstorm
|-heal|p2a: Charizard|76/100|[from] item: Leftovers
|-heal|p1a: Skarmory|70/100|[from] item: Leftovers
|upkeep
|turn|33
|
|t:|1728724172
|switch|p1a: Aerodactyl|Aerodactyl, F|63/100
|move|p2a: Charizard|Substitute|p2a: Charizard
|-start|p2a: Charizard|Substitute
|-damage|p2a: Charizard|51/100
|
|-weather|Sandstorm|[upkeep]
|-damage|p2a: Charizard|45/100|[from] Sandstorm
|-heal|p2a: Charizard|51/100|[from] item: Leftovers
|upkeep
|turn|34
|
|t:|1728724177
|move|p1a: Aerodactyl|Rock Slide|p2a: Charizard
|-supereffective|p2a: Charizard
|-end|p2a: Charizard|Substitute
|move|p2a: Charizard|Hidden Power|p1a: Aerodactyl
|-supereffective|p1a: Aerodactyl
|-damage|p1a: Aerodactyl|0 fnt
|faint|p1a: Aerodactyl
|
|t:|1728724183
|switch|p1a: Zapdos|Zapdos|30/100
|
|-weather|Sandstorm|[upkeep]
|-damage|p2a: Charizard|45/100|[from] Sandstorm
|-damage|p1a: Zapdos|24/100|[from] Sandstorm
|-heal|p2a: Charizard|51/100|[from] item: Leftovers
|-heal|p1a: Zapdos|30/100|[from] item: Leftovers
|upkeep
|turn|35
|
|t:|1728724194
|move|p2a: Charizard|Hidden Power|p1a: Zapdos
|-supereffective|p1a: Zapdos
|-damage|p1a: Zapdos|0 fnt
|faint|p1a: Zapdos
|c|☆Dridri457|gg
|-message|Dridri457 forfeited.
|
|win|OzEngine
|c|☆OzEngine|gg
|player|p2|

</script>
<script type="application/json" class="data" id="replaydata-smogtours-gen3ou-797368">
{"id":"smogtours-gen3ou-797368","format":"[Gen 3] OU","players":["Dridri457","OzEngine"],"uploadtime":1728724210,"views":98,"formatid":"gen3ou","rating":null,"private":0,"password":null}
</script>

<script defer src="js/replays.js?9d40a366"></script>
