<!DOCTYPE html>
<meta charset="utf-8" />
<meta name="viewport" content="width=device-width" />

<title>[Gen 3] OU: Doc. Steel vs. Aobera - Replays - Pok&eacute;mon Showdown!</title>

<meta name="description" content="Watch a replay of a Pok&eacute;mon battle between Doc. Steel and Aobera! Format: [Gen 3] OU; Date: Oct 8, 2024" />
<!--

Hey, you! Looking in the source for the replay log?

You can find them in JSON format, just add `.json` at the end of a replay URL.

https://replay.pokemonshowdown.com/gen7randomdoublesbattle-865046831.json

Or, if you only need the log itself, add `.log` instead:

https://replay.pokemonshowdown.com/gen7randomdoublesbattle-865046831.log

-->

<link rel="stylesheet" href="//pokemonshowdown.com/style/global.css?0.767286132409787" />
<link rel="stylesheet" href="//play.pokemonshowdown.com/style/font-awesome.css?0.9266228007934947" />
<link rel="stylesheet" href="//play.pokemonshowdown.com/style/battle.css?0.7924700842790926" />
<link rel="stylesheet" href="//play.pokemonshowdown.com/style/utilichart.css?0.8777417872839479" />

<!-- Global site tag (gtag.js) - Google Analytics -->
<script async src="https://www.googletagmanager.com/gtag/js?id=UA-26211653-1"></script>
<script>
  window.dataLayer = window.dataLayer || [];
  function gtag(){dataLayer.push(arguments);}
  gtag('js', new Date());

  gtag('config', 'UA-26211653-1');
</script>
<!-- End Google Analytics -->
<!-- Venatus Ad Manager - Install in <HEAD> of page -->
	<script src="https://hb.vntsm.com/v3/live/ad-manager.min.js" type="text/javascript" data-site-id="642aba63ec9a7b11c3c9c1be" data-mode="scan" async></script>
<!-- / Venatus Ad Manager -->

<style>
	@media (max-width:820px) {
		.battle {
			margin: 0 auto;
		}
		.battle-log {
			margin: 7px auto 0;
			max-width: 640px;
			height: 300px;
			position: static;
		}
	}
	.optgroup {
		display: inline-block;
		line-height: 22px;
		font-size: 10pt;
	}
	.optgroup .button {
		height: 25px;
		padding-top: 0;
		padding-bottom: 0;
	}
	.optgroup button.button {
		padding-left: 12px;
		padding-right: 12px;
	}
	.linklist {
		list-style: none;
		margin: 0.5em 0;
		padding: 0;
	}
	.linklist li {
		padding: 2px 0;
	}
	.sidebar {
		float: left;
		width: 320px;
	}
	.bar-wrapper {
		max-width: 1100px;
		margin: 0 auto;
	}
	.bar-wrapper.has-sidebar {
		max-width: 1430px;
	}
	.mainbar {
		margin: 0;
		padding-right: 1px;
	}
	.mainbar.has-sidebar {
		margin-left: 330px;
	}
	@media (min-width: 1511px) {
		.sidebar {
			width: 400px;
		}
		.bar-wrapper.has-sidebar {
			max-width: 1510px;
		}
		.mainbar.has-sidebar {
			margin-left: 410px;
		}
	}
	.section.first-section {
		margin-top: 9px;
	}
	.blocklink small {
		white-space: normal;
	}
	.button {
		vertical-align: middle;
	}
	.replay-controls {
		padding-top: 10px;
	}
	.replay-controls h1 {
		font-size: 16pt;
		font-weight: normal;
		color: #CCC;
	}
	.pagelink {
		text-align: center;
	}
	.pagelink a {
		width: 150px;
	}
	.textbox, .button {
		font-size: 11pt;
		vertical-align: middle;
	}
	@media (max-width: 450px) {
		.button {
			font-size: 9pt;
		}
	}
</style>

<div>

	<header>
		<div class="nav-wrapper"><ul class="nav">
			<li><a class="button nav-first" href="//pokemonshowdown.com/"><img src="//pokemonshowdown.com/images/pokemonshowdownbeta.png" srcset="//pokemonshowdown.com/images/pokemonshowdownbeta.png 1x, //pokemonshowdown.com/images/pokemonshowdownbeta@2x.png 2x" alt="Pok&eacute;mon Showdown" width="146" height="44" /> Home</a></li>
			<li><a class="button" href="//pokemonshowdown.com/dex/">Pok&eacute;dex</a></li>
			<li><a class="button cur" href="/">Replays</a></li>
			<li><a class="button" href="//pokemonshowdown.com/ladder/">Ladder</a></li>
			<li><a class="button nav-last" href="//pokemonshowdown.com/forums/">Forum</a></li>
			<li><a class="button greenbutton nav-first nav-last" href="//play.pokemonshowdown.com/">Play</a></li>
		</ul></div>
	</header>

	<div class="main" id="main">

		<noscript><section class="section">You need to enable JavaScript to use this page; sorry!</section></noscript>

	</div>

</div>

<script defer nomodule src="//play.pokemonshowdown.com/js/lib/ps-polyfill.js"></script>
<script defer src="//play.pokemonshowdown.com/js/lib/preact.min.js"></script>

<script defer src="//play.pokemonshowdown.com/config/config.js?6dec07f6"></script>
<script defer src="//play.pokemonshowdown.com/js/lib/jquery-1.11.0.min.js"></script>
<script defer src="//play.pokemonshowdown.com/js/lib/html-sanitizer-minified.js"></script>
<script defer src="//play.pokemonshowdown.com/js/battle-sound.js"></script>
<script defer src="//play.pokemonshowdown.com/js/battledata.js?0.6315294753075389"></script>
<script defer src="//play.pokemonshowdown.com/data/pokedex-mini.js?0.7603743185311358"></script>
<script defer src="//play.pokemonshowdown.com/data/pokedex-mini-bw.js?0.030888842834281283"></script>
<script defer src="//play.pokemonshowdown.com/data/graphics.js?0.05593094747507488"></script>
<script defer src="//play.pokemonshowdown.com/data/pokedex.js?0.47064822249611904"></script>
<script defer src="//play.pokemonshowdown.com/data/moves.js?0.8583693120512459"></script>
<script defer src="//play.pokemonshowdown.com/data/abilities.js?0.16017181182386842"></script>
<script defer src="//play.pokemonshowdown.com/data/items.js?0.4163379185673943"></script>
<script defer src="//play.pokemonshowdown.com/data/teambuilder-tables.js?0.31075597372830477"></script>
<script defer src="//play.pokemonshowdown.com/js/battle-tooltips.js?0.6536193500708172"></script>
<script defer src="//play.pokemonshowdown.com/js/battle.js?0.1916591943277901"></script>

<script defer src="js/utils.js?e31f9a17"></script>
<script defer src="js/replays-battle.js?7008c182"></script>

<!-- don't scrape this data! just add .json or .log after the URL!
Full API docs: https://github.com/smogon/pokemon-showdown-client/blob/master/WEB-API.md -->
<script type="text/plain" class="log" id="replaylog-smogtours-gen3ou-796337">
|inactive|Battle timer is ON: inactive players will automatically lose when time's up.
|t:|1728376258
|gametype|singles
|player|p1|Doc. Steel|102|
|player|p2|Aobera|furisodegirl-black|
|teamsize|p1|6
|teamsize|p2|6
|gen|3
|tier|[Gen 3] OU
|rule|Sleep Clause Mod: Limit one foe put to sleep
|rule|Switch Priority Clause Mod: Faster Pokémon switch first
|rule|Species Clause: Limit one of each Pokémon
|rule|OHKO Clause: OHKO moves are banned
|rule|Evasion Items Clause: Evasion items are banned
|rule|Evasion Moves Clause: Evasion moves are banned
|rule|Endless Battle Clause: Forcing endless battles is banned
|rule|HP Percentage Mod: HP is shown in percentages
|rule|One Boost Passer Clause: Limit one Baton Passer that has a way to boost its stats
|rule|Freeze Clause Mod: Limit one foe frozen
|
|t:|1728376258
|start
|switch|p1a: Angry Bird|Zapdos|100/100
|switch|p2a: Zapdos|Zapdos|100/100
|turn|1
|inactive|Aobera also wants the timer to be on.
|c|☆Aobera|glhf
|c|☆Doc. Steel|glhf
|
|t:|1728376283
|move|p2a: Zapdos|Thunderbolt|p1a: Angry Bird
|-damage|p1a: Angry Bird|47/100
|move|p1a: Angry Bird|Thunderbolt|p2a: Zapdos
|-damage|p2a: Zapdos|48/100
|
|-heal|p2a: Zapdos|54/100|[from] item: Leftovers
|-heal|p1a: Angry Bird|53/100|[from] item: Leftovers
|upkeep
|turn|2
|inactive|Doc. Steel has 270 seconds left.
|
|t:|1728376316
|switch|p1a: Forest Fairy|Celebi|100/100
|move|p2a: Zapdos|Thunderbolt|p1a: Forest Fairy
|-resisted|p1a: Forest Fairy
|-damage|p1a: Forest Fairy|82/100
|
|-heal|p2a: Zapdos|60/100|[from] item: Leftovers
|-heal|p1a: Forest Fairy|88/100|[from] item: Leftovers
|upkeep
|turn|3
|inactive|Doc. Steel has 270 seconds left.
|
|t:|1728376336
|move|p2a: Zapdos|Baton Pass|p2a: Zapdos
|
|t:|1728376338
|switch|p2a: Jirachi|Jirachi|100/100|[from] Baton Pass
|move|p1a: Forest Fairy|Calm Mind|p1a: Forest Fairy
|-boost|p1a: Forest Fairy|spa|1
|-boost|p1a: Forest Fairy|spd|1
|
|-heal|p1a: Forest Fairy|94/100|[from] item: Leftovers
|upkeep
|turn|4
|inactive|Doc. Steel has 270 seconds left.
|
|t:|1728376348
|move|p1a: Forest Fairy|Calm Mind|p1a: Forest Fairy
|-boost|p1a: Forest Fairy|spa|1
|-boost|p1a: Forest Fairy|spd|1
|move|p2a: Jirachi|Calm Mind|p2a: Jirachi
|-boost|p2a: Jirachi|spa|1
|-boost|p2a: Jirachi|spd|1
|
|-heal|p1a: Forest Fairy|100/100|[from] item: Leftovers
|upkeep
|turn|5
|inactive|Doc. Steel has 270 seconds left.
|
|t:|1728376378
|move|p1a: Forest Fairy|Hidden Power|p2a: Jirachi
|-supereffective|p2a: Jirachi
|-damage|p2a: Jirachi|59/100
|move|p2a: Jirachi|Calm Mind|p2a: Jirachi
|-boost|p2a: Jirachi|spa|1
|-boost|p2a: Jirachi|spd|1
|
|-heal|p2a: Jirachi|66/100|[from] item: Leftovers
|upkeep
|turn|6
|
|t:|1728376400
|move|p1a: Forest Fairy|Calm Mind|p1a: Forest Fairy
|-boost|p1a: Forest Fairy|spa|1
|-boost|p1a: Forest Fairy|spd|1
|move|p2a: Jirachi|Fire Punch|p1a: Forest Fairy
|-supereffective|p1a: Forest Fairy
|-damage|p1a: Forest Fairy|74/100
|
|-heal|p1a: Forest Fairy|80/100|[from] item: Leftovers
|-heal|p2a: Jirachi|72/100|[from] item: Leftovers
|upkeep
|turn|7
|
|t:|1728376405
|move|p1a: Forest Fairy|Hidden Power|p2a: Jirachi
|-supereffective|p2a: Jirachi
|-damage|p2a: Jirachi|37/100
|move|p2a: Jirachi|Calm Mind|p2a: Jirachi
|-boost|p2a: Jirachi|spa|1
|-boost|p2a: Jirachi|spd|1
|
|-heal|p1a: Forest Fairy|87/100|[from] item: Leftovers
|-heal|p2a: Jirachi|43/100|[from] item: Leftovers
|upkeep
|turn|8
|
|t:|1728376416
|move|p1a: Forest Fairy|Calm Mind|p1a: Forest Fairy
|-boost|p1a: Forest Fairy|spa|1
|-boost|p1a: Forest Fairy|spd|1
|move|p2a: Jirachi|Fire Punch|p1a: Forest Fairy
|-supereffective|p1a: Forest Fairy
|-damage|p1a: Forest Fairy|59/100
|
|-heal|p1a: Forest Fairy|66/100|[from] item: Leftovers
|-heal|p2a: Jirachi|49/100|[from] item: Leftovers
|upkeep
|turn|9
|
|t:|1728376427
|move|p1a: Forest Fairy|Hidden Power|p2a: Jirachi
|-supereffective|p2a: Jirachi
|-damage|p2a: Jirachi|14/100
|move|p2a: Jirachi|Fire Punch|p1a: Forest Fairy
|-supereffective|p1a: Forest Fairy
|-damage|p1a: Forest Fairy|38/100
|
|-heal|p1a: Forest Fairy|44/100|[from] item: Leftovers
|-heal|p2a: Jirachi|20/100|[from] item: Leftovers
|upkeep
|turn|10
|
|t:|1728376435
|move|p1a: Forest Fairy|Hidden Power|p2a: Jirachi
|-supereffective|p2a: Jirachi
|-damage|p2a: Jirachi|0 fnt
|faint|p2a: Jirachi
|
|t:|1728376438
|switch|p2a: Dugtrio|Dugtrio, M|100/100
|
|-heal|p1a: Forest Fairy|50/100|[from] item: Leftovers
|upkeep
|turn|11
|
|t:|1728376441
|move|p2a: Dugtrio|Hidden Power|p1a: Forest Fairy
|-supereffective|p1a: Forest Fairy
|-damage|p1a: Forest Fairy|0 fnt
|faint|p1a: Forest Fairy
|
|t:|1728376447
|switch|p1a: Rabbit|Dugtrio, M|100/100
|
|upkeep
|turn|12
|
|t:|1728376451
|move|p1a: Rabbit|Earthquake|p2a: Dugtrio
|-damage|p2a: Dugtrio|0 fnt
|faint|p2a: Dugtrio
|
|t:|1728376457
|switch|p2a: Zapdos|Zapdos|60/100
|
|-heal|p2a: Zapdos|66/100|[from] item: Leftovers
|upkeep
|turn|13
|
|t:|1728376470
|switch|p1a: Angry Bird|Zapdos|53/100
|move|p2a: Zapdos|Substitute|p2a: Zapdos
|-start|p2a: Zapdos|Substitute
|-damage|p2a: Zapdos|41/100
|
|-heal|p2a: Zapdos|48/100|[from] item: Leftovers
|-heal|p1a: Angry Bird|59/100|[from] item: Leftovers
|upkeep
|turn|14
|
|t:|1728376473
|move|p2a: Zapdos|Thunderbolt|p1a: Angry Bird
|-damage|p1a: Angry Bird|13/100
|move|p1a: Angry Bird|Thunderbolt|p2a: Zapdos
|-crit|p2a: Zapdos
|-end|p2a: Zapdos|Substitute
|
|-heal|p2a: Zapdos|54/100|[from] item: Leftovers
|-heal|p1a: Angry Bird|19/100|[from] item: Leftovers
|upkeep
|turn|15
|
|t:|1728376484
|move|p2a: Zapdos|Thunderbolt|p1a: Angry Bird
|-damage|p1a: Angry Bird|0 fnt
|faint|p1a: Angry Bird
|
|t:|1728376507
|switch|p1a: Angry Computer|Metagross|100/100
|
|-heal|p2a: Zapdos|60/100|[from] item: Leftovers
|upkeep
|turn|16
|
|t:|1728376527
|switch|p2a: Suicune|Suicune|100/100
|move|p1a: Angry Computer|Psychic|p2a: Suicune
|-damage|p2a: Suicune|70/100
|
|-heal|p2a: Suicune|76/100|[from] item: Leftovers
|upkeep
|turn|17
|inactive|Doc. Steel has 270 seconds left.
|inactive|Doc. Steel has 240 seconds left.
|
|t:|1728376605
|move|p2a: Suicune|Substitute|p2a: Suicune
|-start|p2a: Suicune|Substitute
|-damage|p2a: Suicune|51/100
|move|p1a: Angry Computer|Explosion|p2a: Suicune
|-end|p2a: Suicune|Substitute
|faint|p1a: Angry Computer
|inactive|Doc. Steel has 210 seconds left.
|
|t:|1728376634
|switch|p1a: Water Dog|Suicune|100/100
|
|-heal|p2a: Suicune|58/100|[from] item: Leftovers
|upkeep
|turn|18
|
|t:|1728376653
|switch|p2a: Zapdos|Zapdos|60/100
|move|p1a: Water Dog|Calm Mind|p1a: Water Dog
|-boost|p1a: Water Dog|spa|1
|-boost|p1a: Water Dog|spd|1
|
|-heal|p2a: Zapdos|66/100|[from] item: Leftovers
|upkeep
|turn|19
|inactive|Doc. Steel has 210 seconds left.
|
|t:|1728376666
|move|p2a: Zapdos|Thunderbolt|p1a: Water Dog
|-supereffective|p1a: Water Dog
|-damage|p1a: Water Dog|54/100
|move|p1a: Water Dog|Ice Beam|p2a: Zapdos
|-supereffective|p2a: Zapdos
|-damage|p2a: Zapdos|0 fnt
|faint|p2a: Zapdos
|
|t:|1728376672
|switch|p2a: Celebi|Celebi|100/100
|
|-heal|p1a: Water Dog|61/100|[from] item: Leftovers
|upkeep
|turn|20
|
|t:|1728376677
|move|p2a: Celebi|Leech Seed|p1a: Water Dog
|-start|p1a: Water Dog|move: Leech Seed
|move|p1a: Water Dog|Ice Beam|p2a: Celebi
|-supereffective|p2a: Celebi
|-damage|p2a: Celebi|39/100
|
|-heal|p1a: Water Dog|67/100|[from] item: Leftovers
|-heal|p2a: Celebi|45/100|[from] item: Leftovers
|-damage|p1a: Water Dog|54/100|[from] Leech Seed|[of] p2a: Celebi
|-heal|p2a: Celebi|58/100|[silent]
|upkeep
|turn|21
|
|t:|1728376692
|switch|p1a: Rabbit|Dugtrio, M|100/100
|move|p2a: Celebi|Recover|p2a: Celebi
|-heal|p2a: Celebi|100/100
|
|upkeep
|turn|22
|
|t:|1728376696
|move|p1a: Rabbit|Hidden Power|p2a: Celebi
|-supereffective|p2a: Celebi
|-damage|p2a: Celebi|33/100
|move|p2a: Celebi|Hidden Power|p1a: Rabbit
|-supereffective|p1a: Rabbit
|-damage|p1a: Rabbit|2/100
|
|-heal|p2a: Celebi|40/100|[from] item: Leftovers
|upkeep
|turn|23
|
|t:|1728376708
|move|p1a: Rabbit|Hidden Power|p2a: Celebi
|-supereffective|p2a: Celebi
|-damage|p2a: Celebi|0 fnt
|faint|p2a: Celebi
|
|t:|1728376717
|switch|p2a: Suicune|Suicune|58/100
|
|-heal|p2a: Suicune|64/100|[from] item: Leftovers
|upkeep
|turn|24
|inactive|Doc. Steel has 240 seconds left.
|
|t:|1728376735
|switch|p1a: Water Dog|Suicune|54/100
|move|p2a: Suicune|Substitute|p2a: Suicune
|-start|p2a: Suicune|Substitute
|-damage|p2a: Suicune|39/100
|
|-heal|p2a: Suicune|45/100|[from] item: Leftovers
|-heal|p1a: Water Dog|61/100|[from] item: Leftovers
|upkeep
|turn|25
|
|t:|1728376740
|move|p2a: Suicune|Calm Mind|p2a: Suicune
|-boost|p2a: Suicune|spa|1
|-boost|p2a: Suicune|spd|1
|move|p1a: Water Dog|Calm Mind|p1a: Water Dog
|-boost|p1a: Water Dog|spa|1
|-boost|p1a: Water Dog|spd|1
|
|-heal|p1a: Water Dog|67/100|[from] item: Leftovers
|-heal|p2a: Suicune|51/100|[from] item: Leftovers
|upkeep
|turn|26
|
|t:|1728376748
|move|p1a: Water Dog|Calm Mind|p1a: Water Dog
|-boost|p1a: Water Dog|spa|1
|-boost|p1a: Water Dog|spd|1
|move|p2a: Suicune|Calm Mind|p2a: Suicune
|-boost|p2a: Suicune|spa|1
|-boost|p2a: Suicune|spd|1
|
|-heal|p2a: Suicune|57/100|[from] item: Leftovers
|-heal|p1a: Water Dog|73/100|[from] item: Leftovers
|upkeep
|turn|27
|
|t:|1728376761
|move|p1a: Water Dog|Substitute|p1a: Water Dog
|-start|p1a: Water Dog|Substitute
|-damage|p1a: Water Dog|48/100
|move|p2a: Suicune|Ice Beam|p1a: Water Dog
|-resisted|p1a: Water Dog
|-activate|p1a: Water Dog|Substitute|[damage]
|
|-heal|p2a: Suicune|64/100|[from] item: Leftovers
|-heal|p1a: Water Dog|54/100|[from] item: Leftovers
|upkeep
|turn|28
|
|t:|1728376766
|move|p1a: Water Dog|Calm Mind|p1a: Water Dog
|-boost|p1a: Water Dog|spa|1
|-boost|p1a: Water Dog|spd|1
|move|p2a: Suicune|Calm Mind|p2a: Suicune
|-boost|p2a: Suicune|spa|1
|-boost|p2a: Suicune|spd|1
|
|-heal|p1a: Water Dog|60/100|[from] item: Leftovers
|-heal|p2a: Suicune|70/100|[from] item: Leftovers
|upkeep
|turn|29
|
|t:|1728376769
|move|p1a: Water Dog|Calm Mind|p1a: Water Dog
|-boost|p1a: Water Dog|spa|1
|-boost|p1a: Water Dog|spd|1
|move|p2a: Suicune|Calm Mind|p2a: Suicune
|-boost|p2a: Suicune|spa|1
|-boost|p2a: Suicune|spd|1
|
|-heal|p1a: Water Dog|67/100|[from] item: Leftovers
|-heal|p2a: Suicune|76/100|[from] item: Leftovers
|upkeep
|turn|30
|
|t:|1728376775
|move|p1a: Water Dog|Calm Mind|p1a: Water Dog
|-boost|p1a: Water Dog|spa|1
|-boost|p1a: Water Dog|spd|1
|move|p2a: Suicune|Calm Mind|p2a: Suicune
|-boost|p2a: Suicune|spa|1
|-boost|p2a: Suicune|spd|1
|
|-heal|p2a: Suicune|82/100|[from] item: Leftovers
|-heal|p1a: Water Dog|73/100|[from] item: Leftovers
|upkeep
|turn|31
|
|t:|1728376787
|move|p1a: Water Dog|Calm Mind|p1a: Water Dog
|-boost|p1a: Water Dog|spa|1
|-boost|p1a: Water Dog|spd|1
|move|p2a: Suicune|Calm Mind|p2a: Suicune
|-boost|p2a: Suicune|spa|1
|-boost|p2a: Suicune|spd|1
|
|-heal|p2a: Suicune|88/100|[from] item: Leftovers
|-heal|p1a: Water Dog|79/100|[from] item: Leftovers
|upkeep
|turn|32
|
|t:|1728376794
|move|p2a: Suicune|Calm Mind|p2a: Suicune
|-boost|p2a: Suicune|spa|0
|-boost|p2a: Suicune|spd|0
|move|p1a: Water Dog|Calm Mind|p1a: Water Dog
|-boost|p1a: Water Dog|spa|0
|-boost|p1a: Water Dog|spd|0
|
|-heal|p2a: Suicune|95/100|[from] item: Leftovers
|-heal|p1a: Water Dog|85/100|[from] item: Leftovers
|upkeep
|turn|33
|
|t:|1728376798
|move|p1a: Water Dog|Calm Mind|p1a: Water Dog
|-boost|p1a: Water Dog|spa|0
|-boost|p1a: Water Dog|spd|0
|move|p2a: Suicune|Calm Mind|p2a: Suicune
|-boost|p2a: Suicune|spa|0
|-boost|p2a: Suicune|spd|0
|
|-heal|p2a: Suicune|100/100|[from] item: Leftovers
|-heal|p1a: Water Dog|91/100|[from] item: Leftovers
|upkeep
|turn|34
|
|t:|1728376800
|move|p1a: Water Dog|Calm Mind|p1a: Water Dog
|-boost|p1a: Water Dog|spa|0
|-boost|p1a: Water Dog|spd|0
|move|p2a: Suicune|Calm Mind|p2a: Suicune
|-boost|p2a: Suicune|spa|0
|-boost|p2a: Suicune|spd|0
|
|-heal|p1a: Water Dog|98/100|[from] item: Leftovers
|upkeep
|turn|35
|
|t:|1728376804
|move|p2a: Suicune|Calm Mind|p2a: Suicune
|-boost|p2a: Suicune|spa|0
|-boost|p2a: Suicune|spd|0
|move|p1a: Water Dog|Calm Mind|p1a: Water Dog
|-boost|p1a: Water Dog|spa|0
|-boost|p1a: Water Dog|spd|0
|
|-heal|p1a: Water Dog|100/100|[from] item: Leftovers
|upkeep
|turn|36
|
|t:|1728376806
|move|p2a: Suicune|Calm Mind|p2a: Suicune
|-boost|p2a: Suicune|spa|0
|-boost|p2a: Suicune|spd|0
|move|p1a: Water Dog|Calm Mind|p1a: Water Dog
|-boost|p1a: Water Dog|spa|0
|-boost|p1a: Water Dog|spd|0
|
|upkeep
|turn|37
|
|t:|1728376809
|move|p1a: Water Dog|Calm Mind|p1a: Water Dog
|-boost|p1a: Water Dog|spa|0
|-boost|p1a: Water Dog|spd|0
|move|p2a: Suicune|Calm Mind|p2a: Suicune
|-boost|p2a: Suicune|spa|0
|-boost|p2a: Suicune|spd|0
|
|upkeep
|turn|38
|
|t:|1728376811
|move|p2a: Suicune|Calm Mind|p2a: Suicune
|-boost|p2a: Suicune|spa|0
|-boost|p2a: Suicune|spd|0
|move|p1a: Water Dog|Calm Mind|p1a: Water Dog
|-boost|p1a: Water Dog|spa|0
|-boost|p1a: Water Dog|spd|0
|
|upkeep
|turn|39
|
|t:|1728376813
|move|p2a: Suicune|Calm Mind|p2a: Suicune
|-boost|p2a: Suicune|spa|0
|-boost|p2a: Suicune|spd|0
|move|p1a: Water Dog|Calm Mind|p1a: Water Dog
|-boost|p1a: Water Dog|spa|0
|-boost|p1a: Water Dog|spd|0
|
|upkeep
|turn|40
|
|t:|1728376818
|move|p1a: Water Dog|Calm Mind|p1a: Water Dog
|-boost|p1a: Water Dog|spa|0
|-boost|p1a: Water Dog|spd|0
|move|p2a: Suicune|Calm Mind|p2a: Suicune
|-boost|p2a: Suicune|spa|0
|-boost|p2a: Suicune|spd|0
|
|upkeep
|turn|41
|
|t:|1728376820
|move|p1a: Water Dog|Calm Mind|p1a: Water Dog
|-boost|p1a: Water Dog|spa|0
|-boost|p1a: Water Dog|spd|0
|move|p2a: Suicune|Calm Mind|p2a: Suicune
|-boost|p2a: Suicune|spa|0
|-boost|p2a: Suicune|spd|0
|
|upkeep
|turn|42
|
|t:|1728376823
|move|p1a: Water Dog|Calm Mind|p1a: Water Dog
|-boost|p1a: Water Dog|spa|0
|-boost|p1a: Water Dog|spd|0
|move|p2a: Suicune|Calm Mind|p2a: Suicune
|-boost|p2a: Suicune|spa|0
|-boost|p2a: Suicune|spd|0
|
|upkeep
|turn|43
|
|t:|1728376826
|move|p1a: Water Dog|Calm Mind|p1a: Water Dog
|-boost|p1a: Water Dog|spa|0
|-boost|p1a: Water Dog|spd|0
|move|p2a: Suicune|Calm Mind|p2a: Suicune
|-boost|p2a: Suicune|spa|0
|-boost|p2a: Suicune|spd|0
|
|upkeep
|turn|44
|
|t:|1728376832
|move|p2a: Suicune|Calm Mind|p2a: Suicune
|-boost|p2a: Suicune|spa|0
|-boost|p2a: Suicune|spd|0
|move|p1a: Water Dog|Calm Mind|p1a: Water Dog
|-boost|p1a: Water Dog|spa|0
|-boost|p1a: Water Dog|spd|0
|
|upkeep
|turn|45
|
|t:|1728376839
|move|p2a: Suicune|Calm Mind|p2a: Suicune
|-boost|p2a: Suicune|spa|0
|-boost|p2a: Suicune|spd|0
|move|p1a: Water Dog|Calm Mind|p1a: Water Dog
|-boost|p1a: Water Dog|spa|0
|-boost|p1a: Water Dog|spd|0
|
|upkeep
|turn|46
|
|t:|1728376842
|move|p1a: Water Dog|Calm Mind|p1a: Water Dog
|-boost|p1a: Water Dog|spa|0
|-boost|p1a: Water Dog|spd|0
|move|p2a: Suicune|Calm Mind|p2a: Suicune
|-boost|p2a: Suicune|spa|0
|-boost|p2a: Suicune|spd|0
|
|upkeep
|turn|47
|
|t:|1728376847
|move|p1a: Water Dog|Calm Mind|p1a: Water Dog
|-boost|p1a: Water Dog|spa|0
|-boost|p1a: Water Dog|spd|0
|move|p2a: Suicune|Calm Mind|p2a: Suicune
|-boost|p2a: Suicune|spa|0
|-boost|p2a: Suicune|spd|0
|
|upkeep
|turn|48
|
|t:|1728376851
|move|p2a: Suicune|Calm Mind|p2a: Suicune
|-boost|p2a: Suicune|spa|0
|-boost|p2a: Suicune|spd|0
|move|p1a: Water Dog|Calm Mind|p1a: Water Dog
|-boost|p1a: Water Dog|spa|0
|-boost|p1a: Water Dog|spd|0
|
|upkeep
|turn|49
|
|t:|1728376855
|move|p2a: Suicune|Calm Mind|p2a: Suicune
|-boost|p2a: Suicune|spa|0
|-boost|p2a: Suicune|spd|0
|move|p1a: Water Dog|Calm Mind|p1a: Water Dog
|-boost|p1a: Water Dog|spa|0
|-boost|p1a: Water Dog|spd|0
|
|upkeep
|turn|50
|
|t:|1728376858
|move|p2a: Suicune|Calm Mind|p2a: Suicune
|-boost|p2a: Suicune|spa|0
|-boost|p2a: Suicune|spd|0
|move|p1a: Water Dog|Calm Mind|p1a: Water Dog
|-boost|p1a: Water Dog|spa|0
|-boost|p1a: Water Dog|spd|0
|
|upkeep
|turn|51
|
|t:|1728376862
|move|p1a: Water Dog|Calm Mind|p1a: Water Dog
|-boost|p1a: Water Dog|spa|0
|-boost|p1a: Water Dog|spd|0
|move|p2a: Suicune|Calm Mind|p2a: Suicune
|-boost|p2a: Suicune|spa|0
|-boost|p2a: Suicune|spd|0
|
|upkeep
|turn|52
|
|t:|1728376865
|move|p1a: Water Dog|Calm Mind|p1a: Water Dog
|-boost|p1a: Water Dog|spa|0
|-boost|p1a: Water Dog|spd|0
|move|p2a: Suicune|Calm Mind|p2a: Suicune
|-boost|p2a: Suicune|spa|0
|-boost|p2a: Suicune|spd|0
|
|upkeep
|turn|53
|
|t:|1728376870
|move|p1a: Water Dog|Calm Mind|p1a: Water Dog
|-boost|p1a: Water Dog|spa|0
|-boost|p1a: Water Dog|spd|0
|move|p2a: Suicune|Calm Mind|p2a: Suicune
|-boost|p2a: Suicune|spa|0
|-boost|p2a: Suicune|spd|0
|
|upkeep
|turn|54
|
|t:|1728376874
|move|p1a: Water Dog|Calm Mind|p1a: Water Dog
|-boost|p1a: Water Dog|spa|0
|-boost|p1a: Water Dog|spd|0
|move|p2a: Suicune|Calm Mind|p2a: Suicune
|-boost|p2a: Suicune|spa|0
|-boost|p2a: Suicune|spd|0
|
|upkeep
|turn|55
|
|t:|1728376878
|move|p1a: Water Dog|Calm Mind|p1a: Water Dog
|-boost|p1a: Water Dog|spa|0
|-boost|p1a: Water Dog|spd|0
|move|p2a: Suicune|Calm Mind|p2a: Suicune
|-boost|p2a: Suicune|spa|0
|-boost|p2a: Suicune|spd|0
|
|upkeep
|turn|56
|
|t:|1728376881
|move|p2a: Suicune|Calm Mind|p2a: Suicune
|-boost|p2a: Suicune|spa|0
|-boost|p2a: Suicune|spd|0
|move|p1a: Water Dog|Calm Mind|p1a: Water Dog
|-boost|p1a: Water Dog|spa|0
|-boost|p1a: Water Dog|spd|0
|
|upkeep
|turn|57
|
|t:|1728376883
|move|p2a: Suicune|Calm Mind|p2a: Suicune
|-boost|p2a: Suicune|spa|0
|-boost|p2a: Suicune|spd|0
|move|p1a: Water Dog|Substitute|p1a: Water Dog
|-fail|p1a: Water Dog|move: Substitute
|
|upkeep
|turn|58
|
|t:|1728376891
|move|p1a: Water Dog|Ice Beam|p2a: Suicune
|-resisted|p2a: Suicune
|-activate|p2a: Suicune|Substitute|[damage]
|move|p2a: Suicune|Surf|p1a: Water Dog
|-resisted|p1a: Water Dog
|-activate|p1a: Water Dog|Substitute|[damage]
|
|upkeep
|turn|59
|
|t:|1728376904
|move|p1a: Water Dog|Ice Beam|p2a: Suicune
|-resisted|p2a: Suicune
|-activate|p2a: Suicune|Substitute|[damage]
|move|p2a: Suicune|Surf|p1a: Water Dog
|-resisted|p1a: Water Dog
|-end|p1a: Water Dog|Substitute
|
|upkeep
|turn|60
|
|t:|1728376914
|move|p1a: Water Dog|Substitute|p1a: Water Dog
|-start|p1a: Water Dog|Substitute
|-damage|p1a: Water Dog|75/100
|move|p2a: Suicune|Ice Beam|p1a: Water Dog
|-resisted|p1a: Water Dog
|-crit|p1a: Water Dog
|-end|p1a: Water Dog|Substitute
|
|-heal|p1a: Water Dog|82/100|[from] item: Leftovers
|upkeep
|turn|61
|
|t:|1728376924
|move|p2a: Suicune|Surf|p1a: Water Dog
|-resisted|p1a: Water Dog
|-damage|p1a: Water Dog|69/100
|move|p1a: Water Dog|Substitute|p1a: Water Dog
|-start|p1a: Water Dog|Substitute
|-damage|p1a: Water Dog|44/100
|
|-heal|p1a: Water Dog|50/100|[from] item: Leftovers
|upkeep
|turn|62
|
|t:|1728376937
|move|p2a: Suicune|Substitute|p2a: Suicune
|-fail|p2a: Suicune|move: Substitute
|move|p1a: Water Dog|Hydro Pump|p2a: Suicune|[miss]
|-miss|p1a: Water Dog|p2a: Suicune
|
|-heal|p1a: Water Dog|56/100|[from] item: Leftovers
|upkeep
|turn|63
|
|t:|1728376948
|move|p2a: Suicune|Substitute|p2a: Suicune
|-fail|p2a: Suicune|move: Substitute
|move|p1a: Water Dog|Hydro Pump|p2a: Suicune
|-resisted|p2a: Suicune
|-end|p2a: Suicune|Substitute
|
|-heal|p1a: Water Dog|62/100|[from] item: Leftovers
|upkeep
|turn|64
|
|t:|1728376957
|move|p1a: Water Dog|Ice Beam|p2a: Suicune
|-resisted|p2a: Suicune
|-damage|p2a: Suicune|92/100
|move|p2a: Suicune|Substitute|p2a: Suicune
|-start|p2a: Suicune|Substitute
|-damage|p2a: Suicune|67/100
|
|-heal|p2a: Suicune|73/100|[from] item: Leftovers
|-heal|p1a: Water Dog|69/100|[from] item: Leftovers
|upkeep
|turn|65
|
|t:|1728376968
|move|p1a: Water Dog|Substitute|p1a: Water Dog
|-fail|p1a: Water Dog|move: Substitute
|move|p2a: Suicune|Substitute|p2a: Suicune
|-fail|p2a: Suicune|move: Substitute
|
|-heal|p2a: Suicune|79/100|[from] item: Leftovers
|-heal|p1a: Water Dog|75/100|[from] item: Leftovers
|upkeep
|turn|66
|
|t:|1728376977
|move|p2a: Suicune|Substitute|p2a: Suicune
|-fail|p2a: Suicune|move: Substitute
|move|p1a: Water Dog|Substitute|p1a: Water Dog
|-fail|p1a: Water Dog|move: Substitute
|
|-heal|p2a: Suicune|85/100|[from] item: Leftovers
|-heal|p1a: Water Dog|81/100|[from] item: Leftovers
|upkeep
|turn|67
|
|t:|1728376981
|move|p2a: Suicune|Substitute|p2a: Suicune
|-fail|p2a: Suicune|move: Substitute
|move|p1a: Water Dog|Substitute|p1a: Water Dog
|-fail|p1a: Water Dog|move: Substitute
|
|-heal|p2a: Suicune|92/100|[from] item: Leftovers
|-heal|p1a: Water Dog|87/100|[from] item: Leftovers
|upkeep
|turn|68
|
|t:|1728376991
|move|p2a: Suicune|Substitute|p2a: Suicune
|-fail|p2a: Suicune|move: Substitute
|move|p1a: Water Dog|Substitute|p1a: Water Dog
|-fail|p1a: Water Dog|move: Substitute
|
|-heal|p2a: Suicune|98/100|[from] item: Leftovers
|-heal|p1a: Water Dog|93/100|[from] item: Leftovers
|upkeep
|turn|69
|
|t:|1728376999
|move|p2a: Suicune|Substitute|p2a: Suicune
|-fail|p2a: Suicune|move: Substitute
|move|p1a: Water Dog|Substitute|p1a: Water Dog
|-fail|p1a: Water Dog|move: Substitute
|
|-heal|p2a: Suicune|100/100|[from] item: Leftovers
|-heal|p1a: Water Dog|99/100|[from] item: Leftovers
|upkeep
|turn|70
|
|t:|1728377010
|move|p2a: Suicune|Substitute|p2a: Suicune
|-fail|p2a: Suicune|move: Substitute
|move|p1a: Water Dog|Substitute|p1a: Water Dog
|-fail|p1a: Water Dog|move: Substitute
|
|-heal|p1a: Water Dog|100/100|[from] item: Leftovers
|upkeep
|turn|71
|
|t:|1728377017
|move|p2a: Suicune|Substitute|p2a: Suicune
|-fail|p2a: Suicune|move: Substitute
|move|p1a: Water Dog|Substitute|p1a: Water Dog
|-fail|p1a: Water Dog|move: Substitute
|
|upkeep
|turn|72
|
|t:|1728377022
|move|p1a: Water Dog|Substitute|p1a: Water Dog
|-fail|p1a: Water Dog|move: Substitute
|move|p2a: Suicune|Substitute|p2a: Suicune
|-fail|p2a: Suicune|move: Substitute
|
|upkeep
|turn|73
|
|t:|1728377030
|move|p1a: Water Dog|Substitute|p1a: Water Dog
|-fail|p1a: Water Dog|move: Substitute
|move|p2a: Suicune|Surf|p1a: Water Dog
|-resisted|p1a: Water Dog
|-activate|p1a: Water Dog|Substitute|[damage]
|
|upkeep
|turn|74
|
|t:|1728377045
|move|p1a: Water Dog|Hydro Pump|p2a: Suicune
|-resisted|p2a: Suicune
|-activate|p2a: Suicune|Substitute|[damage]
|move|p2a: Suicune|Surf|p1a: Water Dog
|-resisted|p1a: Water Dog
|-end|p1a: Water Dog|Substitute
|
|upkeep
|turn|75
|
|t:|1728377055
|move|p2a: Suicune|Surf|p1a: Water Dog
|-resisted|p1a: Water Dog
|-damage|p1a: Water Dog|87/100
|move|p1a: Water Dog|Substitute|p1a: Water Dog
|-start|p1a: Water Dog|Substitute
|-damage|p1a: Water Dog|62/100
|
|-heal|p1a: Water Dog|68/100|[from] item: Leftovers
|upkeep
|turn|76
|
|t:|1728377062
|move|p1a: Water Dog|Ice Beam|p2a: Suicune
|-resisted|p2a: Suicune
|-end|p2a: Suicune|Substitute
|move|p2a: Suicune|Surf|p1a: Water Dog
|-resisted|p1a: Water Dog
|-activate|p1a: Water Dog|Substitute|[damage]
|
|-heal|p1a: Water Dog|75/100|[from] item: Leftovers
|upkeep
|turn|77
|
|t:|1728377069
|move|p1a: Water Dog|Ice Beam|p2a: Suicune
|-resisted|p2a: Suicune
|-damage|p2a: Suicune|92/100
|move|p2a: Suicune|Substitute|p2a: Suicune
|-start|p2a: Suicune|Substitute
|-damage|p2a: Suicune|67/100
|
|-heal|p1a: Water Dog|81/100|[from] item: Leftovers
|-heal|p2a: Suicune|73/100|[from] item: Leftovers
|upkeep
|turn|78
|
|t:|1728377085
|move|p1a: Water Dog|Hydro Pump|p2a: Suicune
|-resisted|p2a: Suicune
|-activate|p2a: Suicune|Substitute|[damage]
|move|p2a: Suicune|Surf|p1a: Water Dog
|-resisted|p1a: Water Dog
|-end|p1a: Water Dog|Substitute
|
|-heal|p1a: Water Dog|87/100|[from] item: Leftovers
|-heal|p2a: Suicune|79/100|[from] item: Leftovers
|upkeep
|turn|79
|
|t:|1728377092
|move|p1a: Water Dog|Substitute|p1a: Water Dog
|-start|p1a: Water Dog|Substitute
|-damage|p1a: Water Dog|62/100
|move|p2a: Suicune|Ice Beam|p1a: Water Dog
|-resisted|p1a: Water Dog
|-activate|p1a: Water Dog|Substitute|[damage]
|
|-heal|p2a: Suicune|86/100|[from] item: Leftovers
|-heal|p1a: Water Dog|68/100|[from] item: Leftovers
|upkeep
|turn|80
|
|t:|1728377098
|move|p1a: Water Dog|Ice Beam|p2a: Suicune
|-resisted|p2a: Suicune
|-end|p2a: Suicune|Substitute
|move|p2a: Suicune|Surf|p1a: Water Dog
|-resisted|p1a: Water Dog
|-activate|p1a: Water Dog|Substitute|[damage]
|
|-heal|p1a: Water Dog|74/100|[from] item: Leftovers
|-heal|p2a: Suicune|92/100|[from] item: Leftovers
|upkeep
|turn|81
|
|t:|1728377107
|move|p2a: Suicune|Substitute|p2a: Suicune
|-start|p2a: Suicune|Substitute
|-damage|p2a: Suicune|67/100
|move|p1a: Water Dog|Ice Beam|p2a: Suicune
|-resisted|p2a: Suicune
|-activate|p2a: Suicune|Substitute|[damage]
|
|-heal|p1a: Water Dog|80/100|[from] item: Leftovers
|-heal|p2a: Suicune|73/100|[from] item: Leftovers
|upkeep
|turn|82
|
|t:|1728377115
|move|p2a: Suicune|Substitute|p2a: Suicune
|-fail|p2a: Suicune|move: Substitute
|move|p1a: Water Dog|Substitute|p1a: Water Dog
|-fail|p1a: Water Dog|move: Substitute
|
|-heal|p2a: Suicune|79/100|[from] item: Leftovers
|-heal|p1a: Water Dog|87/100|[from] item: Leftovers
|upkeep
|turn|83
|
|t:|1728377123
|move|p2a: Suicune|Surf|p1a: Water Dog
|-resisted|p1a: Water Dog
|-end|p1a: Water Dog|Substitute
|move|p1a: Water Dog|Struggle|p2a: Suicune
|-activate|p2a: Suicune|Substitute|[damage]
|-damage|p1a: Water Dog|85/100|[from] Recoil|[of] p2a: Suicune
|
|-heal|p2a: Suicune|85/100|[from] item: Leftovers
|-heal|p1a: Water Dog|92/100|[from] item: Leftovers
|upkeep
|turn|84
|
|t:|1728377130
|move|p2a: Suicune|Ice Beam|p1a: Water Dog
|-resisted|p1a: Water Dog
|-damage|p1a: Water Dog|82/100
|move|p1a: Water Dog|Struggle|p2a: Suicune
|-activate|p2a: Suicune|Substitute|[damage]
|-damage|p1a: Water Dog|81/100|[from] Recoil|[of] p2a: Suicune
|
|-heal|p1a: Water Dog|87/100|[from] item: Leftovers
|-heal|p2a: Suicune|92/100|[from] item: Leftovers
|upkeep
|turn|85
|
|t:|1728377136
|move|p1a: Water Dog|Struggle|p2a: Suicune
|-activate|p2a: Suicune|Substitute|[damage]
|-damage|p1a: Water Dog|86/100|[from] Recoil|[of] p2a: Suicune
|move|p2a: Suicune|Ice Beam|p1a: Water Dog
|-resisted|p1a: Water Dog
|-damage|p1a: Water Dog|77/100
|
|-heal|p1a: Water Dog|83/100|[from] item: Leftovers
|-heal|p2a: Suicune|98/100|[from] item: Leftovers
|upkeep
|turn|86
|
|t:|1728377143
|move|p1a: Water Dog|Struggle|p2a: Suicune
|-end|p2a: Suicune|Substitute
|-damage|p1a: Water Dog|83/100|[from] Recoil|[of] p2a: Suicune
|move|p2a: Suicune|Ice Beam|p1a: Water Dog
|-resisted|p1a: Water Dog
|-damage|p1a: Water Dog|74/100
|
|-heal|p2a: Suicune|100/100|[from] item: Leftovers
|-heal|p1a: Water Dog|80/100|[from] item: Leftovers
|upkeep
|turn|87
|
|t:|1728377150
|move|p1a: Water Dog|Struggle|p2a: Suicune
|-damage|p2a: Suicune|95/100
|-damage|p1a: Water Dog|79/100|[from] Recoil|[of] p2a: Suicune
|move|p2a: Suicune|Ice Beam|p1a: Water Dog
|-resisted|p1a: Water Dog
|-damage|p1a: Water Dog|70/100
|
|-heal|p2a: Suicune|100/100|[from] item: Leftovers
|-heal|p1a: Water Dog|76/100|[from] item: Leftovers
|upkeep
|turn|88
|
|t:|1728377164
|move|p2a: Suicune|Ice Beam|p1a: Water Dog
|-resisted|p1a: Water Dog
|-damage|p1a: Water Dog|67/100
|move|p1a: Water Dog|Struggle|p2a: Suicune
|-damage|p2a: Suicune|96/100
|-damage|p1a: Water Dog|66/100|[from] Recoil|[of] p2a: Suicune
|
|-heal|p1a: Water Dog|72/100|[from] item: Leftovers
|-heal|p2a: Suicune|100/100|[from] item: Leftovers
|upkeep
|turn|89
|
|t:|1728377168
|move|p1a: Water Dog|Struggle|p2a: Suicune
|-damage|p2a: Suicune|95/100
|-damage|p1a: Water Dog|71/100|[from] Recoil|[of] p2a: Suicune
|move|p2a: Suicune|Surf|p1a: Water Dog
|-resisted|p1a: Water Dog
|-damage|p1a: Water Dog|57/100
|
|-heal|p1a: Water Dog|63/100|[from] item: Leftovers
|-heal|p2a: Suicune|100/100|[from] item: Leftovers
|upkeep
|turn|90
|
|t:|1728377174
|move|p1a: Water Dog|Struggle|p2a: Suicune
|-damage|p2a: Suicune|96/100
|-damage|p1a: Water Dog|62/100|[from] Recoil|[of] p2a: Suicune
|move|p2a: Suicune|Surf|p1a: Water Dog
|-resisted|p1a: Water Dog
|-damage|p1a: Water Dog|49/100
|
|-heal|p2a: Suicune|100/100|[from] item: Leftovers
|-heal|p1a: Water Dog|55/100|[from] item: Leftovers
|upkeep
|turn|91
|
|t:|1728377182
|move|p1a: Water Dog|Struggle|p2a: Suicune
|-damage|p2a: Suicune|96/100
|-damage|p1a: Water Dog|54/100|[from] Recoil|[of] p2a: Suicune
|move|p2a: Suicune|Struggle|p1a: Water Dog
|-damage|p1a: Water Dog|49/100
|-damage|p2a: Suicune|94/100|[from] Recoil|[of] p1a: Water Dog
|
|-heal|p1a: Water Dog|55/100|[from] item: Leftovers
|-heal|p2a: Suicune|100/100|[from] item: Leftovers
|upkeep
|turn|92
|
|t:|1728377189
|switch|p1a: Seahorse|Kingdra, M|100/100
|move|p2a: Suicune|Struggle|p1a: Seahorse
|-damage|p1a: Seahorse|93/100
|-damage|p2a: Suicune|99/100|[from] Recoil|[of] p1a: Seahorse
|
|-heal|p2a: Suicune|100/100|[from] item: Leftovers
|upkeep
|turn|93
|
|t:|1728377194
|switch|p2a: Kingdra|Kingdra, F|100/100
|move|p1a: Seahorse|Rain Dance|p1a: Seahorse
|-weather|RainDance
|
|-weather|RainDance|[upkeep]
|upkeep
|turn|94
|
|t:|1728377207
|move|p1a: Seahorse|Ice Beam|p2a: Kingdra
|-damage|p2a: Kingdra|69/100
|move|p2a: Kingdra|Ice Beam|p1a: Seahorse
|-crit|p1a: Seahorse
|-damage|p1a: Seahorse|23/100
|
|-weather|RainDance|[upkeep]
|-heal|p2a: Kingdra|75/100|[from] item: Leftovers
|upkeep
|turn|95
|
|t:|1728377223
|switch|p1a: Water Dog|Suicune|55/100
|move|p2a: Kingdra|Ice Beam|p1a: Water Dog
|-resisted|p1a: Water Dog
|-damage|p1a: Water Dog|45/100
|
|-weather|RainDance|[upkeep]
|-heal|p2a: Kingdra|81/100|[from] item: Leftovers
|-heal|p1a: Water Dog|51/100|[from] item: Leftovers
|upkeep
|turn|96
|
|t:|1728377232
|move|p2a: Kingdra|Hydro Pump|p1a: Water Dog|[miss]
|-miss|p2a: Kingdra|p1a: Water Dog
|move|p1a: Water Dog|Struggle|p2a: Kingdra
|-damage|p2a: Kingdra|73/100
|-damage|p1a: Water Dog|50/100|[from] Recoil|[of] p2a: Kingdra
|
|-weather|RainDance|[upkeep]
|-heal|p2a: Kingdra|79/100|[from] item: Leftovers
|-heal|p1a: Water Dog|56/100|[from] item: Leftovers
|upkeep
|turn|97
|
|t:|1728377255
|switch|p1a: Seahorse|Kingdra, M|23/100
|move|p2a: Kingdra|Surf|p1a: Seahorse
|-resisted|p1a: Seahorse
|-damage|p1a: Seahorse|6/100
|
|-weather|none
|-heal|p2a: Kingdra|85/100|[from] item: Leftovers
|upkeep
|turn|98
|inactive|Doc. Steel has 270 seconds left.
|inactive|Aobera has 270 seconds left.
|inactive|Doc. Steel has 240 seconds left.
|
|t:|1728377323
|move|p2a: Kingdra|Surf|p1a: Seahorse
|-resisted|p1a: Seahorse
|-damage|p1a: Seahorse|0 fnt
|faint|p1a: Seahorse
|
|t:|1728377332
|switch|p1a: Water Dog|Suicune|56/100
|
|-heal|p2a: Kingdra|91/100|[from] item: Leftovers
|-heal|p1a: Water Dog|62/100|[from] item: Leftovers
|upkeep
|turn|99
|
|t:|1728377339
|switch|p2a: Suicune|Suicune|100/100
|move|p1a: Water Dog|Struggle|p2a: Suicune
|-damage|p2a: Suicune|96/100
|-damage|p1a: Water Dog|61/100|[from] Recoil|[of] p2a: Suicune
|
|-heal|p2a: Suicune|100/100|[from] item: Leftovers
|-heal|p1a: Water Dog|67/100|[from] item: Leftovers
|upkeep
|turn|100
|inactive|Doc. Steel has 240 seconds left.
|
|t:|1728377345
|move|p1a: Water Dog|Struggle|p2a: Suicune
|-damage|p2a: Suicune|96/100
|-damage|p1a: Water Dog|66/100|[from] Recoil|[of] p2a: Suicune
|move|p2a: Suicune|Struggle|p1a: Water Dog
|-damage|p1a: Water Dog|60/100
|-damage|p2a: Suicune|94/100|[from] Recoil|[of] p1a: Water Dog
|
|-heal|p2a: Suicune|100/100|[from] item: Leftovers
|-heal|p1a: Water Dog|67/100|[from] item: Leftovers
|upkeep
|turn|101
|
|t:|1728377348
|move|p1a: Water Dog|Struggle|p2a: Suicune
|-damage|p2a: Suicune|96/100
|-damage|p1a: Water Dog|65/100|[from] Recoil|[of] p2a: Suicune
|move|p2a: Suicune|Struggle|p1a: Water Dog
|-damage|p1a: Water Dog|61/100
|-damage|p2a: Suicune|95/100|[from] Recoil|[of] p1a: Water Dog
|
|-heal|p1a: Water Dog|67/100|[from] item: Leftovers
|-heal|p2a: Suicune|100/100|[from] item: Leftovers
|upkeep
|turn|102
|
|t:|1728377353
|move|p2a: Suicune|Struggle|p1a: Water Dog
|-damage|p1a: Water Dog|62/100
|-damage|p2a: Suicune|99/100|[from] Recoil|[of] p1a: Water Dog
|move|p1a: Water Dog|Struggle|p2a: Suicune
|-damage|p2a: Suicune|95/100
|-damage|p1a: Water Dog|61/100|[from] Recoil|[of] p2a: Suicune
|
|-heal|p2a: Suicune|100/100|[from] item: Leftovers
|-heal|p1a: Water Dog|67/100|[from] item: Leftovers
|upkeep
|turn|103
|c|☆Doc. Steel|if we keep doing this it'll be a draw right?
|
|t:|1728377377
|move|p2a: Suicune|Struggle|p1a: Water Dog
|-damage|p1a: Water Dog|62/100
|-damage|p2a: Suicune|99/100|[from] Recoil|[of] p1a: Water Dog
|move|p1a: Water Dog|Struggle|p2a: Suicune
|-damage|p2a: Suicune|94/100
|-damage|p1a: Water Dog|61/100|[from] Recoil|[of] p2a: Suicune
|
|-heal|p1a: Water Dog|67/100|[from] item: Leftovers
|-heal|p2a: Suicune|99/100|[from] item: Leftovers
|upkeep
|turn|104
|c|☆Doc. Steel|no progress is being made
|c|☆Aobera|i thought itd more than lefties
|c|☆Doc. Steel|nope
|
|t:|1728377400
|switch|p2a: Kingdra|Kingdra, F|91/100
|move|p1a: Water Dog|Struggle|p2a: Kingdra
|-crit|p2a: Kingdra
|-damage|p2a: Kingdra|75/100
|-damage|p1a: Water Dog|64/100|[from] Recoil|[of] p2a: Kingdra
|
|-heal|p2a: Kingdra|81/100|[from] item: Leftovers
|-heal|p1a: Water Dog|70/100|[from] item: Leftovers
|upkeep
|turn|105
|
|t:|1728377412
|move|p2a: Kingdra|Rain Dance|p2a: Kingdra
|-weather|RainDance
|move|p1a: Water Dog|Struggle|p2a: Kingdra
|-damage|p2a: Kingdra|73/100
|-damage|p1a: Water Dog|69/100|[from] Recoil|[of] p2a: Kingdra
|
|-weather|RainDance|[upkeep]
|-heal|p2a: Kingdra|79/100|[from] item: Leftovers
|-heal|p1a: Water Dog|75/100|[from] item: Leftovers
|upkeep
|turn|106
|
|t:|1728377415
|move|p2a: Kingdra|Surf|p1a: Water Dog
|-resisted|p1a: Water Dog
|-damage|p1a: Water Dog|52/100
|move|p1a: Water Dog|Struggle|p2a: Kingdra
|-damage|p2a: Kingdra|72/100
|-damage|p1a: Water Dog|51/100|[from] Recoil|[of] p2a: Kingdra
|
|-weather|RainDance|[upkeep]
|-heal|p2a: Kingdra|78/100|[from] item: Leftovers
|-heal|p1a: Water Dog|57/100|[from] item: Leftovers
|upkeep
|turn|107
|
|t:|1728377419
|move|p2a: Kingdra|Surf|p1a: Water Dog
|-resisted|p1a: Water Dog
|-damage|p1a: Water Dog|34/100
|move|p1a: Water Dog|Struggle|p2a: Kingdra
|-damage|p2a: Kingdra|71/100
|-damage|p1a: Water Dog|33/100|[from] Recoil|[of] p2a: Kingdra
|
|-weather|RainDance|[upkeep]
|-heal|p2a: Kingdra|77/100|[from] item: Leftovers
|-heal|p1a: Water Dog|39/100|[from] item: Leftovers
|upkeep
|turn|108
|
|t:|1728377423
|move|p2a: Kingdra|Surf|p1a: Water Dog
|-resisted|p1a: Water Dog
|-damage|p1a: Water Dog|13/100
|move|p1a: Water Dog|Struggle|p2a: Kingdra
|-damage|p2a: Kingdra|69/100
|-damage|p1a: Water Dog|11/100|[from] Recoil|[of] p2a: Kingdra
|
|-weather|RainDance|[upkeep]
|-heal|p2a: Kingdra|75/100|[from] item: Leftovers
|-heal|p1a: Water Dog|18/100|[from] item: Leftovers
|upkeep
|turn|109
|
|t:|1728377428
|move|p2a: Kingdra|Surf|p1a: Water Dog
|-resisted|p1a: Water Dog
|-damage|p1a: Water Dog|0 fnt
|faint|p1a: Water Dog
|
|t:|1728377431
|switch|p1a: Rabbit|Dugtrio, M|2/100
|
|-weather|none
|-heal|p2a: Kingdra|81/100|[from] item: Leftovers
|upkeep
|turn|110
|
|t:|1728377437
|move|p1a: Rabbit|Earthquake|p2a: Kingdra
|-damage|p2a: Kingdra|19/100
|move|p2a: Kingdra|Surf|p1a: Rabbit
|-supereffective|p1a: Rabbit
|-damage|p1a: Rabbit|0 fnt
|faint|p1a: Rabbit
|
|win|Aobera
|c|☆Aobera|gg

</script>
<script type="application/json" class="data" id="replaydata-smogtours-gen3ou-796337">
{"id":"smogtours-gen3ou-796337","format":"[Gen 3] OU","players":["Doc. Steel","Aobera"],"uploadtime":1728377437,"views":92,"formatid":"gen3ou","rating":null,"private":0,"password":null}
</script>

<script defer src="js/replays.js?9d40a366"></script>
