<!DOCTYPE html>
<meta charset="utf-8" />
<meta name="viewport" content="width=device-width" />

<title>[Gen 3] OU: Voyager vs. MCJD931 - Replays - Pok&eacute;mon Showdown!</title>

<meta name="description" content="Watch a replay of a Pok&eacute;mon battle between Voyager and MCJD931! Format: [Gen 3] OU; Date: Oct 6, 2024" />
<!--

Hey, you! Looking in the source for the replay log?

You can find them in JSON format, just add `.json` at the end of a replay URL.

https://replay.pokemonshowdown.com/gen7randomdoublesbattle-865046831.json

Or, if you only need the log itself, add `.log` instead:

https://replay.pokemonshowdown.com/gen7randomdoublesbattle-865046831.log

-->

<link rel="stylesheet" href="//pokemonshowdown.com/style/global.css?0.767286132409787" />
<link rel="stylesheet" href="//play.pokemonshowdown.com/style/font-awesome.css?0.9266228007934947" />
<link rel="stylesheet" href="//play.pokemonshowdown.com/style/battle.css?0.7924700842790926" />
<link rel="stylesheet" href="//play.pokemonshowdown.com/style/utilichart.css?0.8777417872839479" />

<!-- Global site tag (gtag.js) - Google Analytics -->
<script async src="https://www.googletagmanager.com/gtag/js?id=UA-26211653-1"></script>
<script>
  window.dataLayer = window.dataLayer || [];
  function gtag(){dataLayer.push(arguments);}
  gtag('js', new Date());

  gtag('config', 'UA-26211653-1');
</script>
<!-- End Google Analytics -->
<!-- Venatus Ad Manager - Install in <HEAD> of page -->
	<script src="https://hb.vntsm.com/v3/live/ad-manager.min.js" type="text/javascript" data-site-id="642aba63ec9a7b11c3c9c1be" data-mode="scan" async></script>
<!-- / Venatus Ad Manager -->

<style>
	@media (max-width:820px) {
		.battle {
			margin: 0 auto;
		}
		.battle-log {
			margin: 7px auto 0;
			max-width: 640px;
			height: 300px;
			position: static;
		}
	}
	.optgroup {
		display: inline-block;
		line-height: 22px;
		font-size: 10pt;
	}
	.optgroup .button {
		height: 25px;
		padding-top: 0;
		padding-bottom: 0;
	}
	.optgroup button.button {
		padding-left: 12px;
		padding-right: 12px;
	}
	.linklist {
		list-style: none;
		margin: 0.5em 0;
		padding: 0;
	}
	.linklist li {
		padding: 2px 0;
	}
	.sidebar {
		float: left;
		width: 320px;
	}
	.bar-wrapper {
		max-width: 1100px;
		margin: 0 auto;
	}
	.bar-wrapper.has-sidebar {
		max-width: 1430px;
	}
	.mainbar {
		margin: 0;
		padding-right: 1px;
	}
	.mainbar.has-sidebar {
		margin-left: 330px;
	}
	@media (min-width: 1511px) {
		.sidebar {
			width: 400px;
		}
		.bar-wrapper.has-sidebar {
			max-width: 1510px;
		}
		.mainbar.has-sidebar {
			margin-left: 410px;
		}
	}
	.section.first-section {
		margin-top: 9px;
	}
	.blocklink small {
		white-space: normal;
	}
	.button {
		vertical-align: middle;
	}
	.replay-controls {
		padding-top: 10px;
	}
	.replay-controls h1 {
		font-size: 16pt;
		font-weight: normal;
		color: #CCC;
	}
	.pagelink {
		text-align: center;
	}
	.pagelink a {
		width: 150px;
	}
	.textbox, .button {
		font-size: 11pt;
		vertical-align: middle;
	}
	@media (max-width: 450px) {
		.button {
			font-size: 9pt;
		}
	}
</style>

<div>

	<header>
		<div class="nav-wrapper"><ul class="nav">
			<li><a class="button nav-first" href="//pokemonshowdown.com/"><img src="//pokemonshowdown.com/images/pokemonshowdownbeta.png" srcset="//pokemonshowdown.com/images/pokemonshowdownbeta.png 1x, //pokemonshowdown.com/images/pokemonshowdownbeta@2x.png 2x" alt="Pok&eacute;mon Showdown" width="146" height="44" /> Home</a></li>
			<li><a class="button" href="//pokemonshowdown.com/dex/">Pok&eacute;dex</a></li>
			<li><a class="button cur" href="/">Replays</a></li>
			<li><a class="button" href="//pokemonshowdown.com/ladder/">Ladder</a></li>
			<li><a class="button nav-last" href="//pokemonshowdown.com/forums/">Forum</a></li>
			<li><a class="button greenbutton nav-first nav-last" href="//play.pokemonshowdown.com/">Play</a></li>
		</ul></div>
	</header>

	<div class="main" id="main">

		<noscript><section class="section">You need to enable JavaScript to use this page; sorry!</section></noscript>

	</div>

</div>

<script defer nomodule src="//play.pokemonshowdown.com/js/lib/ps-polyfill.js"></script>
<script defer src="//play.pokemonshowdown.com/js/lib/preact.min.js"></script>

<script defer src="//play.pokemonshowdown.com/config/config.js?6dec07f6"></script>
<script defer src="//play.pokemonshowdown.com/js/lib/jquery-1.11.0.min.js"></script>
<script defer src="//play.pokemonshowdown.com/js/lib/html-sanitizer-minified.js"></script>
<script defer src="//play.pokemonshowdown.com/js/battle-sound.js"></script>
<script defer src="//play.pokemonshowdown.com/js/battledata.js?0.6315294753075389"></script>
<script defer src="//play.pokemonshowdown.com/data/pokedex-mini.js?0.7603743185311358"></script>
<script defer src="//play.pokemonshowdown.com/data/pokedex-mini-bw.js?0.030888842834281283"></script>
<script defer src="//play.pokemonshowdown.com/data/graphics.js?0.05593094747507488"></script>
<script defer src="//play.pokemonshowdown.com/data/pokedex.js?0.47064822249611904"></script>
<script defer src="//play.pokemonshowdown.com/data/moves.js?0.8583693120512459"></script>
<script defer src="//play.pokemonshowdown.com/data/abilities.js?0.16017181182386842"></script>
<script defer src="//play.pokemonshowdown.com/data/items.js?0.4163379185673943"></script>
<script defer src="//play.pokemonshowdown.com/data/teambuilder-tables.js?0.31075597372830477"></script>
<script defer src="//play.pokemonshowdown.com/js/battle-tooltips.js?0.6536193500708172"></script>
<script defer src="//play.pokemonshowdown.com/js/battle.js?0.1916591943277901"></script>

<script defer src="js/utils.js?e31f9a17"></script>
<script defer src="js/replays-battle.js?7008c182"></script>

<!-- don't scrape this data! just add .json or .log after the URL!
Full API docs: https://github.com/smogon/pokemon-showdown-client/blob/master/WEB-API.md -->
<script type="text/plain" class="log" id="replaylog-smogtours-gen3ou-795993">
|inactive|Battle timer is ON: inactive players will automatically lose when time's up.
|t:|1728248838
|gametype|singles
|player|p1|Voyager|acetrainerf-gen2|
|player|p2|MCJD931|102|
|teamsize|p1|6
|teamsize|p2|6
|gen|3
|tier|[Gen 3] OU
|rule|Sleep Clause Mod: Limit one foe put to sleep
|rule|Switch Priority Clause Mod: Faster Pokémon switch first
|rule|Species Clause: Limit one of each Pokémon
|rule|OHKO Clause: OHKO moves are banned
|rule|Evasion Items Clause: Evasion items are banned
|rule|Evasion Moves Clause: Evasion moves are banned
|rule|Endless Battle Clause: Forcing endless battles is banned
|rule|HP Percentage Mod: HP is shown in percentages
|rule|One Boost Passer Clause: Limit one Baton Passer that has a way to boost its stats
|rule|Freeze Clause Mod: Limit one foe frozen
|
|t:|1728248838
|start
|switch|p1a: Tyranitar|Tyranitar, F|100/100
|switch|p2a: Skarmory|Skarmory, M|100/100
|-weather|Sandstorm|[from] ability: Sand Stream|[of] p1a: Tyranitar
|turn|1
|
|t:|1728248850
|move|p2a: Skarmory|Spikes|p1a: Tyranitar
|-sidestart|p1: Voyager|Spikes
|move|p1a: Tyranitar|Flamethrower|p2a: Skarmory
|-supereffective|p2a: Skarmory
|-damage|p2a: Skarmory|50/100
|
|-weather|Sandstorm|[upkeep]
|-heal|p2a: Skarmory|56/100|[from] item: Leftovers
|upkeep
|turn|2
|c|☆Voyager|hf
|
|t:|1728248863
|move|p2a: Skarmory|Protect|p2a: Skarmory
|-singleturn|p2a: Skarmory|Protect
|move|p1a: Tyranitar|Flamethrower|p2a: Skarmory
|-activate|p2a: Skarmory|Protect
|
|-weather|Sandstorm|[upkeep]
|-heal|p2a: Skarmory|62/100|[from] item: Leftovers
|upkeep
|turn|3
|
|t:|1728248884
|switch|p2a: Swampert|Swampert, M|100/100
|move|p1a: Tyranitar|Flamethrower|p2a: Swampert
|-resisted|p2a: Swampert
|-crit|p2a: Swampert
|-damage|p2a: Swampert|73/100
|
|-weather|Sandstorm|[upkeep]
|-heal|p2a: Swampert|79/100|[from] item: Leftovers
|upkeep
|turn|4
|
|t:|1728248893
|switch|p1a: Skarmory|Skarmory, M|100/100
|move|p2a: Swampert|Curse|p2a: Swampert
|-unboost|p2a: Swampert|spe|1
|-boost|p2a: Swampert|atk|1
|-boost|p2a: Swampert|def|1
|
|-weather|Sandstorm|[upkeep]
|-heal|p2a: Swampert|85/100|[from] item: Leftovers
|upkeep
|turn|5
|
|t:|1728248898
|switch|p2a: Magneton|Magneton|100/100
|move|p1a: Skarmory|Spikes|p2a: Magneton
|-sidestart|p2: MCJD931|Spikes
|
|-weather|Sandstorm|[upkeep]
|upkeep
|turn|6
|
|t:|1728248902
|move|p2a: Magneton|Thunderbolt|p1a: Skarmory
|-supereffective|p1a: Skarmory
|-crit|p1a: Skarmory
|-damage|p1a: Skarmory|0 fnt
|faint|p1a: Skarmory
|
|t:|1728248909
|switch|p1a: Claydol|Claydol|100/100
|
|-weather|Sandstorm|[upkeep]
|upkeep
|turn|7
|
|t:|1728248913
|move|p1a: Claydol|Earthquake|p2a: Magneton
|-supereffective|p2a: Magneton
|-damage|p2a: Magneton|0 fnt
|faint|p2a: Magneton
|
|t:|1728248918
|switch|p2a: Celebi|Celebi|100/100
|-damage|p2a: Celebi|88/100|[from] Spikes
|
|-weather|Sandstorm|[upkeep]
|-damage|p2a: Celebi|82/100|[from] Sandstorm
|-heal|p2a: Celebi|88/100|[from] item: Leftovers
|upkeep
|turn|8
|
|t:|1728248921
|switch|p1a: Armaldo|Armaldo, M|100/100
|-damage|p1a: Armaldo|88/100|[from] Spikes
|move|p2a: Celebi|Leech Seed|p1a: Armaldo
|-start|p1a: Armaldo|move: Leech Seed
|
|-weather|Sandstorm|[upkeep]
|-damage|p2a: Celebi|82/100|[from] Sandstorm
|-heal|p2a: Celebi|88/100|[from] item: Leftovers
|-heal|p1a: Armaldo|94/100|[from] item: Leftovers
|-damage|p1a: Armaldo|82/100|[from] Leech Seed|[of] p2a: Celebi
|-heal|p2a: Celebi|99/100|[silent]
|upkeep
|turn|9
|
|t:|1728248938
|move|p2a: Celebi|Hidden Power|p1a: Armaldo
|-damage|p1a: Armaldo|61/100
|move|p1a: Armaldo|Knock Off|p2a: Celebi
|-supereffective|p2a: Celebi
|-damage|p2a: Celebi|94/100
|-enditem|p2a: Celebi|Leftovers|[from] move: Knock Off|[of] p1a: Armaldo
|-hint|In Gens 3-4, Knock Off only makes the target's item unusable; it cannot obtain a new item.
|
|-weather|Sandstorm|[upkeep]
|-damage|p2a: Celebi|87/100|[from] Sandstorm
|-heal|p1a: Armaldo|67/100|[from] item: Leftovers
|-damage|p1a: Armaldo|55/100|[from] Leech Seed|[of] p2a: Celebi
|-heal|p2a: Celebi|98/100|[silent]
|upkeep
|turn|10
|
|t:|1728248943
|move|p2a: Celebi|Hidden Power|p1a: Armaldo
|-damage|p1a: Armaldo|32/100
|move|p1a: Armaldo|Hidden Power|p2a: Celebi
|-supereffective|p2a: Celebi
|-damage|p2a: Celebi|27/100
|
|-weather|Sandstorm|[upkeep]
|-damage|p2a: Celebi|21/100|[from] Sandstorm
|-heal|p1a: Armaldo|38/100|[from] item: Leftovers
|-damage|p1a: Armaldo|25/100|[from] Leech Seed|[of] p2a: Celebi
|-heal|p2a: Celebi|32/100|[silent]
|upkeep
|turn|11
|
|t:|1728248952
|move|p2a: Celebi|Hidden Power|p1a: Armaldo
|-damage|p1a: Armaldo|3/100
|move|p1a: Armaldo|Knock Off|p2a: Celebi
|-supereffective|p2a: Celebi
|-damage|p2a: Celebi|26/100
|
|-weather|Sandstorm|[upkeep]
|-damage|p2a: Celebi|20/100|[from] Sandstorm
|-heal|p1a: Armaldo|10/100|[from] item: Leftovers
|-damage|p1a: Armaldo|0 fnt|[from] Leech Seed|[of] p2a: Celebi
|-heal|p2a: Celebi|28/100|[silent]
|faint|p1a: Armaldo
|upkeep
|
|t:|1728248955
|switch|p1a: Tyranitar|Tyranitar, F|100/100
|-damage|p1a: Tyranitar|88/100|[from] Spikes
|turn|12
|
|t:|1728248964
|move|p2a: Celebi|Recover|p2a: Celebi
|-heal|p2a: Celebi|78/100
|move|p1a: Tyranitar|Pursuit|p2a: Celebi
|-supereffective|p2a: Celebi
|-damage|p2a: Celebi|45/100
|
|-weather|Sandstorm|[upkeep]
|-damage|p2a: Celebi|39/100|[from] Sandstorm
|-heal|p1a: Tyranitar|94/100|[from] item: Leftovers
|upkeep
|turn|13
|
|t:|1728248969
|move|p2a: Celebi|Recover|p2a: Celebi
|-heal|p2a: Celebi|89/100
|move|p1a: Tyranitar|Crunch|p2a: Celebi
|-supereffective|p2a: Celebi
|-damage|p2a: Celebi|25/100
|
|-weather|Sandstorm|[upkeep]
|-damage|p2a: Celebi|19/100|[from] Sandstorm
|-heal|p1a: Tyranitar|100/100|[from] item: Leftovers
|upkeep
|turn|14
|
|t:|1728248973
|move|p2a: Celebi|Leech Seed|p1a: Tyranitar
|-start|p1a: Tyranitar|move: Leech Seed
|move|p1a: Tyranitar|Crunch|p2a: Celebi
|-supereffective|p2a: Celebi
|-crit|p2a: Celebi
|-damage|p2a: Celebi|0 fnt
|faint|p2a: Celebi
|
|t:|1728248978
|switch|p2a: Skarmory|Skarmory, M|62/100
|
|-weather|Sandstorm|[upkeep]
|-heal|p2a: Skarmory|68/100|[from] item: Leftovers
|-damage|p1a: Tyranitar|88/100|[from] Leech Seed|[of] p2a: Skarmory
|-heal|p2a: Skarmory|83/100|[silent]
|upkeep
|turn|15
|
|t:|1728248982
|switch|p1a: Jirachi|Jirachi|100/100
|-damage|p1a: Jirachi|88/100|[from] Spikes
|move|p2a: Skarmory|Spikes|p1a: Jirachi
|-sidestart|p1: Voyager|Spikes
|
|-weather|Sandstorm|[upkeep]
|-heal|p1a: Jirachi|94/100|[from] item: Leftovers
|-heal|p2a: Skarmory|89/100|[from] item: Leftovers
|upkeep
|turn|16
|
|t:|1728248990
|move|p1a: Jirachi|Fire Punch|p2a: Skarmory
|-supereffective|p2a: Skarmory
|-damage|p2a: Skarmory|58/100
|move|p2a: Skarmory|Spikes|p1a: Jirachi
|-sidestart|p1: Voyager|Spikes
|
|-weather|Sandstorm|[upkeep]
|-heal|p1a: Jirachi|100/100|[from] item: Leftovers
|-heal|p2a: Skarmory|64/100|[from] item: Leftovers
|upkeep
|turn|17
|
|t:|1728248993
|move|p2a: Skarmory|Protect|p2a: Skarmory
|-singleturn|p2a: Skarmory|Protect
|move|p1a: Jirachi|Fire Punch|p2a: Skarmory
|-activate|p2a: Skarmory|Protect
|
|-weather|Sandstorm|[upkeep]
|-heal|p2a: Skarmory|70/100|[from] item: Leftovers
|upkeep
|turn|18
|
|t:|1728248997
|switch|p2a: Blissey|Blissey, F|100/100
|-damage|p2a: Blissey|88/100|[from] Spikes
|move|p1a: Jirachi|Fire Punch|p2a: Blissey
|-damage|p2a: Blissey|82/100
|-status|p2a: Blissey|brn
|
|-weather|Sandstorm|[upkeep]
|-damage|p2a: Blissey|76/100 brn|[from] Sandstorm
|-heal|p2a: Blissey|82/100 brn|[from] item: Leftovers
|-damage|p2a: Blissey|69/100 brn|[from] brn
|upkeep
|turn|19
|
|t:|1728249002
|move|p1a: Jirachi|Wish|p1a: Jirachi
|move|p2a: Blissey|Seismic Toss|p1a: Jirachi
|-damage|p1a: Jirachi|76/100
|
|-weather|Sandstorm|[upkeep]
|-damage|p2a: Blissey|63/100 brn|[from] Sandstorm
|-heal|p1a: Jirachi|82/100|[from] item: Leftovers
|-heal|p2a: Blissey|69/100 brn|[from] item: Leftovers
|-damage|p2a: Blissey|57/100 brn|[from] brn
|upkeep
|turn|20
|
|t:|1728249006
|switch|p1a: Claydol|Claydol|100/100
|move|p2a: Blissey|Soft-Boiled|p2a: Blissey
|-heal|p2a: Blissey|100/100 brn
|
|-weather|Sandstorm|[upkeep]
|-damage|p2a: Blissey|94/100 brn|[from] Sandstorm
|-heal|p2a: Blissey|100/100 brn|[from] item: Leftovers
|-damage|p2a: Blissey|88/100 brn|[from] brn
|upkeep
|turn|21
|
|t:|1728249019
|-curestatus|p2a: Blissey|brn|[from] ability: Natural Cure
|switch|p2a: Swampert|Swampert, M|85/100
|-damage|p2a: Swampert|73/100|[from] Spikes
|move|p1a: Claydol|Rapid Spin|p2a: Swampert
|-damage|p2a: Swampert|70/100
|-sideend|p1: Voyager|Spikes|[from] move: Rapid Spin|[of] p1a: Claydol
|
|-weather|Sandstorm|[upkeep]
|-heal|p2a: Swampert|76/100|[from] item: Leftovers
|upkeep
|turn|22
|
|t:|1728249023
|switch|p1a: Suicune|Suicune|100/100
|move|p2a: Swampert|Ice Beam|p1a: Suicune
|-resisted|p1a: Suicune
|-damage|p1a: Suicune|94/100
|
|-weather|Sandstorm|[upkeep]
|-damage|p1a: Suicune|87/100|[from] Sandstorm
|-heal|p1a: Suicune|94/100|[from] item: Leftovers
|-heal|p2a: Swampert|82/100|[from] item: Leftovers
|upkeep
|turn|23
|
|t:|1728249033
|switch|p2a: Skarmory|Skarmory, M|70/100
|move|p1a: Suicune|Surf|p2a: Skarmory
|-damage|p2a: Skarmory|32/100
|
|-weather|Sandstorm|[upkeep]
|-damage|p1a: Suicune|87/100|[from] Sandstorm
|-heal|p1a: Suicune|94/100|[from] item: Leftovers
|-heal|p2a: Skarmory|38/100|[from] item: Leftovers
|upkeep
|turn|24
|
|t:|1728249041
|move|p1a: Suicune|Surf|p2a: Skarmory
|-damage|p2a: Skarmory|2/100
|move|p2a: Skarmory|Roar|p1a: Suicune
|drag|p1a: Claydol|Claydol|100/100
|
|-weather|Sandstorm|[upkeep]
|-heal|p2a: Skarmory|8/100|[from] item: Leftovers
|upkeep
|turn|25
|
|t:|1728249044
|move|p2a: Skarmory|Protect|p2a: Skarmory
|-singleturn|p2a: Skarmory|Protect
|move|p1a: Claydol|Rock Slide|p2a: Skarmory|[miss]
|-miss|p1a: Claydol|p2a: Skarmory
|
|-weather|Sandstorm|[upkeep]
|-heal|p2a: Skarmory|14/100|[from] item: Leftovers
|upkeep
|turn|26
|
|t:|1728249059
|switch|p1a: Jirachi|Jirachi|82/100
|switch|p2a: Swampert|Swampert, M|82/100
|-damage|p2a: Swampert|70/100|[from] Spikes
|
|-weather|Sandstorm|[upkeep]
|-heal|p1a: Jirachi|88/100|[from] item: Leftovers
|-heal|p2a: Swampert|76/100|[from] item: Leftovers
|upkeep
|turn|27
|
|t:|1728249063
|move|p1a: Jirachi|Toxic|p2a: Swampert
|-status|p2a: Swampert|tox
|move|p2a: Swampert|Curse|p2a: Swampert
|-unboost|p2a: Swampert|spe|1
|-boost|p2a: Swampert|atk|1
|-boost|p2a: Swampert|def|1
|
|-weather|Sandstorm|[upkeep]
|-heal|p1a: Jirachi|94/100|[from] item: Leftovers
|-heal|p2a: Swampert|82/100 tox|[from] item: Leftovers
|-damage|p2a: Swampert|76/100 tox|[from] psn
|upkeep
|turn|28
|
|t:|1728249067
|switch|p1a: Suicune|Suicune|94/100
|move|p2a: Swampert|Earthquake|p1a: Suicune
|-damage|p1a: Suicune|49/100
|
|-weather|Sandstorm|[upkeep]
|-damage|p1a: Suicune|42/100|[from] Sandstorm
|-heal|p1a: Suicune|49/100|[from] item: Leftovers
|-heal|p2a: Swampert|82/100 tox|[from] item: Leftovers
|-damage|p2a: Swampert|70/100 tox|[from] psn
|upkeep
|turn|29
|
|t:|1728249074
|move|p1a: Suicune|Surf|p2a: Swampert
|-damage|p2a: Swampert|31/100 tox
|move|p2a: Swampert|Earthquake|p1a: Suicune
|-damage|p1a: Suicune|3/100
|
|-weather|Sandstorm|[upkeep]
|-damage|p1a: Suicune|0 fnt|[from] Sandstorm
|faint|p1a: Suicune
|-heal|p2a: Swampert|37/100 tox|[from] item: Leftovers
|-damage|p2a: Swampert|19/100 tox|[from] psn
|upkeep
|
|t:|1728249078
|switch|p1a: Claydol|Claydol|100/100
|turn|30
|
|t:|1728249083
|move|p1a: Claydol|Earthquake|p2a: Swampert
|-damage|p2a: Swampert|3/100 tox
|move|p2a: Swampert|Rest|p2a: Swampert
|-status|p2a: Swampert|slp|[from] move: Rest
|-heal|p2a: Swampert|100/100 slp|[silent]
|
|-weather|Sandstorm|[upkeep]
|upkeep
|turn|31
|
|t:|1728249087
|move|p1a: Claydol|Earthquake|p2a: Swampert
|-damage|p2a: Swampert|85/100 slp
|cant|p2a: Swampert|slp
|
|-weather|Sandstorm|[upkeep]
|-heal|p2a: Swampert|91/100 slp|[from] item: Leftovers
|upkeep
|turn|32
|
|t:|1728249092
|move|p1a: Claydol|Explosion|p2a: Swampert
|-damage|p2a: Swampert|45/100 slp
|faint|p1a: Claydol
|
|t:|1728249094
|switch|p1a: Tyranitar|Tyranitar, F|88/100
|
|-weather|Sandstorm|[upkeep]
|-heal|p1a: Tyranitar|94/100|[from] item: Leftovers
|-heal|p2a: Swampert|51/100 slp|[from] item: Leftovers
|upkeep
|turn|33
|
|t:|1728249104
|move|p1a: Tyranitar|Crunch|p2a: Swampert
|-damage|p2a: Swampert|14/100 slp
|cant|p2a: Swampert|slp
|
|-weather|Sandstorm|[upkeep]
|-heal|p1a: Tyranitar|100/100|[from] item: Leftovers
|-heal|p2a: Swampert|20/100 slp|[from] item: Leftovers
|upkeep
|turn|34
|
|t:|1728249111
|move|p1a: Tyranitar|Crunch|p2a: Swampert
|-damage|p2a: Swampert|0 fnt
|faint|p2a: Swampert
|
|t:|1728249115
|switch|p2a: Aerodactyl|Aerodactyl, M|100/100
|
|-weather|Sandstorm|[upkeep]
|upkeep
|turn|35
|
|t:|1728249116
|move|p2a: Aerodactyl|Earthquake|p1a: Tyranitar
|-supereffective|p1a: Tyranitar
|-damage|p1a: Tyranitar|22/100
|move|p1a: Tyranitar|Ice Beam|p2a: Aerodactyl
|-supereffective|p2a: Aerodactyl
|-damage|p2a: Aerodactyl|21/100
|-status|p2a: Aerodactyl|frz
|
|-weather|Sandstorm|[upkeep]
|-heal|p1a: Tyranitar|28/100|[from] item: Leftovers
|upkeep
|turn|36
|
|t:|1728249123
|-curestatus|p2a: Aerodactyl|frz|[msg]
|move|p2a: Aerodactyl|Earthquake|p1a: Tyranitar
|-supereffective|p1a: Tyranitar
|-damage|p1a: Tyranitar|0 fnt
|faint|p1a: Tyranitar
|
|t:|1728249124
|switch|p1a: Jirachi|Jirachi|94/100
|
|-weather|Sandstorm|[upkeep]
|-heal|p1a: Jirachi|100/100|[from] item: Leftovers
|upkeep
|turn|37
|
|t:|1728249132
|move|p1a: Jirachi|Protect|p1a: Jirachi
|-singleturn|p1a: Jirachi|Protect
|move|p2a: Aerodactyl|Earthquake|p1a: Jirachi
|-activate|p1a: Jirachi|Protect
|
|-weather|Sandstorm|[upkeep]
|upkeep
|turn|38
|
|t:|1728249136
|move|p2a: Aerodactyl|Earthquake|p1a: Jirachi
|-supereffective|p1a: Jirachi
|-damage|p1a: Jirachi|36/100
|move|p1a: Jirachi|Wish|p1a: Jirachi
|
|-weather|Sandstorm|[upkeep]
|-heal|p1a: Jirachi|42/100|[from] item: Leftovers
|upkeep
|turn|39
|
|t:|1728249142
|move|p1a: Jirachi|Protect|p1a: Jirachi
|-singleturn|p1a: Jirachi|Protect
|move|p2a: Aerodactyl|Earthquake|p1a: Jirachi
|-activate|p1a: Jirachi|Protect
|
|-heal|p1a: Jirachi|92/100|[from] move: Wish|[wisher] Jirachi
|-weather|Sandstorm|[upkeep]
|-heal|p1a: Jirachi|98/100|[from] item: Leftovers
|upkeep
|turn|40
|
|t:|1728249147
|move|p2a: Aerodactyl|Earthquake|p1a: Jirachi
|-supereffective|p1a: Jirachi
|-damage|p1a: Jirachi|39/100
|move|p1a: Jirachi|Toxic|p2a: Aerodactyl
|-status|p2a: Aerodactyl|tox
|
|-weather|Sandstorm|[upkeep]
|-damage|p2a: Aerodactyl|15/100 tox|[from] psn
|-heal|p1a: Jirachi|45/100|[from] item: Leftovers
|upkeep
|turn|41
|
|t:|1728249152
|move|p1a: Jirachi|Protect|p1a: Jirachi
|-singleturn|p1a: Jirachi|Protect
|move|p2a: Aerodactyl|Earthquake|p1a: Jirachi
|-activate|p1a: Jirachi|Protect
|
|-weather|Sandstorm|[upkeep]
|-damage|p2a: Aerodactyl|3/100 tox|[from] psn
|-heal|p1a: Jirachi|51/100|[from] item: Leftovers
|upkeep
|turn|42
|
|t:|1728249155
|move|p1a: Jirachi|Protect|p1a: Jirachi
|-singleturn|p1a: Jirachi|Protect
|move|p2a: Aerodactyl|Earthquake|p1a: Jirachi
|-activate|p1a: Jirachi|Protect
|
|-weather|Sandstorm|[upkeep]
|-damage|p2a: Aerodactyl|0 fnt|[from] psn
|faint|p2a: Aerodactyl
|-heal|p1a: Jirachi|57/100|[from] item: Leftovers
|upkeep
|
|t:|1728249157
|switch|p2a: Blissey|Blissey, F|88/100
|-damage|p2a: Blissey|76/100|[from] Spikes
|turn|43
|
|t:|1728249160
|move|p1a: Jirachi|Wish|p1a: Jirachi
|move|p2a: Blissey|Thunder Wave|p1a: Jirachi
|-status|p1a: Jirachi|par
|
|-weather|Sandstorm|[upkeep]
|-damage|p2a: Blissey|70/100|[from] Sandstorm
|-heal|p2a: Blissey|76/100|[from] item: Leftovers
|-heal|p1a: Jirachi|63/100 par|[from] item: Leftovers
|upkeep
|turn|44
|
|t:|1728249164
|move|p2a: Blissey|Seismic Toss|p1a: Jirachi
|-damage|p1a: Jirachi|39/100 par
|move|p1a: Jirachi|Toxic|p2a: Blissey
|-status|p2a: Blissey|tox
|
|-heal|p1a: Jirachi|89/100 par|[from] move: Wish|[wisher] Jirachi
|-weather|Sandstorm|[upkeep]
|-damage|p2a: Blissey|70/100 tox|[from] Sandstorm
|-heal|p2a: Blissey|76/100 tox|[from] item: Leftovers
|-damage|p2a: Blissey|70/100 tox|[from] psn
|-heal|p1a: Jirachi|95/100 par|[from] item: Leftovers
|upkeep
|turn|45
|
|t:|1728249169
|move|p2a: Blissey|Aromatherapy|p2a: Blissey
|-cureteam|p2a: Blissey|[from] move: Aromatherapy
|move|p1a: Jirachi|Fire Punch|p2a: Blissey
|-damage|p2a: Blissey|63/100
|
|-weather|Sandstorm|[upkeep]
|-damage|p2a: Blissey|57/100|[from] Sandstorm
|-heal|p2a: Blissey|63/100|[from] item: Leftovers
|-heal|p1a: Jirachi|100/100 par|[from] item: Leftovers
|upkeep
|turn|46
|
|t:|1728249180
|move|p2a: Blissey|Seismic Toss|p1a: Jirachi
|-damage|p1a: Jirachi|76/100 par
|move|p1a: Jirachi|Wish|p1a: Jirachi
|
|-weather|Sandstorm|[upkeep]
|-damage|p2a: Blissey|57/100|[from] Sandstorm
|-heal|p2a: Blissey|63/100|[from] item: Leftovers
|-heal|p1a: Jirachi|82/100 par|[from] item: Leftovers
|upkeep
|turn|47
|
|t:|1728249189
|move|p2a: Blissey|Seismic Toss|p1a: Jirachi
|-damage|p1a: Jirachi|57/100 par
|move|p1a: Jirachi|Fire Punch|p2a: Blissey
|-damage|p2a: Blissey|56/100
|
|-heal|p1a: Jirachi|100/100 par|[from] move: Wish|[wisher] Jirachi
|-weather|Sandstorm|[upkeep]
|-damage|p2a: Blissey|50/100|[from] Sandstorm
|-heal|p2a: Blissey|56/100|[from] item: Leftovers
|upkeep
|turn|48
|
|t:|1728249194
|move|p2a: Blissey|Soft-Boiled|p2a: Blissey
|-heal|p2a: Blissey|100/100
|move|p1a: Jirachi|Toxic|p2a: Blissey
|-status|p2a: Blissey|tox
|
|-weather|Sandstorm|[upkeep]
|-damage|p2a: Blissey|94/100 tox|[from] Sandstorm
|-heal|p2a: Blissey|100/100 tox|[from] item: Leftovers
|-damage|p2a: Blissey|94/100 tox|[from] psn
|upkeep
|turn|49
|
|t:|1728249201
|-curestatus|p2a: Blissey|tox|[from] ability: Natural Cure
|switch|p2a: Skarmory|Skarmory, M|14/100
|move|p1a: Jirachi|Toxic|p2a: Skarmory|[miss]
|-miss|p1a: Jirachi|p2a: Skarmory
|
|-weather|Sandstorm|[upkeep]
|-heal|p2a: Skarmory|20/100|[from] item: Leftovers
|upkeep
|turn|50
|
|t:|1728249206
|move|p2a: Skarmory|Protect|p2a: Skarmory
|-singleturn|p2a: Skarmory|Protect
|move|p1a: Jirachi|Fire Punch|p2a: Skarmory
|-activate|p2a: Skarmory|Protect
|
|-weather|Sandstorm|[upkeep]
|-heal|p2a: Skarmory|26/100|[from] item: Leftovers
|upkeep
|turn|51
|
|t:|1728249213
|switch|p2a: Blissey|Blissey, F|94/100
|-damage|p2a: Blissey|82/100|[from] Spikes
|move|p1a: Jirachi|Fire Punch|p2a: Blissey
|-damage|p2a: Blissey|76/100
|-status|p2a: Blissey|brn
|
|-weather|Sandstorm|[upkeep]
|-damage|p2a: Blissey|70/100 brn|[from] Sandstorm
|-heal|p2a: Blissey|76/100 brn|[from] item: Leftovers
|-damage|p2a: Blissey|64/100 brn|[from] brn
|upkeep
|turn|52
|
|t:|1728249220
|move|p2a: Blissey|Soft-Boiled|p2a: Blissey
|-heal|p2a: Blissey|100/100 brn
|cant|p1a: Jirachi|par
|
|-weather|Sandstorm|[upkeep]
|-damage|p2a: Blissey|94/100 brn|[from] Sandstorm
|-heal|p2a: Blissey|100/100 brn|[from] item: Leftovers
|-damage|p2a: Blissey|88/100 brn|[from] brn
|upkeep
|turn|53
|
|t:|1728249226
|-curestatus|p2a: Blissey|brn|[from] ability: Natural Cure
|switch|p2a: Skarmory|Skarmory, M|26/100
|move|p1a: Jirachi|Fire Punch|p2a: Skarmory
|-supereffective|p2a: Skarmory
|-damage|p2a: Skarmory|0 fnt
|faint|p2a: Skarmory
|
|t:|1728249232
|switch|p2a: Blissey|Blissey, F|88/100
|-damage|p2a: Blissey|76/100|[from] Spikes
|
|-weather|Sandstorm|[upkeep]
|-damage|p2a: Blissey|70/100|[from] Sandstorm
|-heal|p2a: Blissey|76/100|[from] item: Leftovers
|upkeep
|turn|54
|
|t:|1728249239
|move|p2a: Blissey|Seismic Toss|p1a: Jirachi
|-damage|p1a: Jirachi|76/100 par
|move|p1a: Jirachi|Toxic|p2a: Blissey|[miss]
|-miss|p1a: Jirachi|p2a: Blissey
|
|-weather|Sandstorm|[upkeep]
|-damage|p2a: Blissey|70/100|[from] Sandstorm
|-heal|p2a: Blissey|76/100|[from] item: Leftovers
|-heal|p1a: Jirachi|82/100 par|[from] item: Leftovers
|upkeep
|turn|55
|
|t:|1728249245
|move|p2a: Blissey|Seismic Toss|p1a: Jirachi
|-damage|p1a: Jirachi|57/100 par
|move|p1a: Jirachi|Toxic|p2a: Blissey
|-status|p2a: Blissey|tox
|
|-weather|Sandstorm|[upkeep]
|-damage|p2a: Blissey|70/100 tox|[from] Sandstorm
|-heal|p2a: Blissey|76/100 tox|[from] item: Leftovers
|-damage|p2a: Blissey|70/100 tox|[from] psn
|-heal|p1a: Jirachi|63/100 par|[from] item: Leftovers
|upkeep
|turn|56
|
|t:|1728249249
|move|p2a: Blissey|Seismic Toss|p1a: Jirachi
|-damage|p1a: Jirachi|39/100 par
|move|p1a: Jirachi|Wish|p1a: Jirachi
|
|-weather|Sandstorm|[upkeep]
|-damage|p2a: Blissey|64/100 tox|[from] Sandstorm
|-heal|p2a: Blissey|70/100 tox|[from] item: Leftovers
|-damage|p2a: Blissey|57/100 tox|[from] psn
|-heal|p1a: Jirachi|45/100 par|[from] item: Leftovers
|upkeep
|turn|57
|
|t:|1728249257
|move|p1a: Jirachi|Protect|p1a: Jirachi
|-singleturn|p1a: Jirachi|Protect
|move|p2a: Blissey|Soft-Boiled|p2a: Blissey
|-heal|p2a: Blissey|100/100 tox
|
|-heal|p1a: Jirachi|95/100 par|[from] move: Wish|[wisher] Jirachi
|-weather|Sandstorm|[upkeep]
|-damage|p2a: Blissey|94/100 tox|[from] Sandstorm
|-heal|p2a: Blissey|100/100 tox|[from] item: Leftovers
|-damage|p2a: Blissey|82/100 tox|[from] psn
|-heal|p1a: Jirachi|100/100 par|[from] item: Leftovers
|upkeep
|turn|58
|
|t:|1728249261
|move|p2a: Blissey|Aromatherapy|p2a: Blissey
|-cureteam|p2a: Blissey|[from] move: Aromatherapy
|cant|p1a: Jirachi|par
|
|-weather|Sandstorm|[upkeep]
|-damage|p2a: Blissey|76/100|[from] Sandstorm
|-heal|p2a: Blissey|82/100|[from] item: Leftovers
|upkeep
|turn|59
|
|t:|1728249265
|move|p2a: Blissey|Seismic Toss|p1a: Jirachi
|-damage|p1a: Jirachi|76/100 par
|move|p1a: Jirachi|Toxic|p2a: Blissey
|-status|p2a: Blissey|tox
|
|-weather|Sandstorm|[upkeep]
|-damage|p2a: Blissey|76/100 tox|[from] Sandstorm
|-heal|p2a: Blissey|82/100 tox|[from] item: Leftovers
|-damage|p2a: Blissey|76/100 tox|[from] psn
|-heal|p1a: Jirachi|82/100 par|[from] item: Leftovers
|upkeep
|turn|60
|
|t:|1728249271
|move|p1a: Jirachi|Protect|p1a: Jirachi
|-singleturn|p1a: Jirachi|Protect
|move|p2a: Blissey|Seismic Toss|p1a: Jirachi
|-activate|p1a: Jirachi|Protect
|
|-weather|Sandstorm|[upkeep]
|-damage|p2a: Blissey|70/100 tox|[from] Sandstorm
|-heal|p2a: Blissey|76/100 tox|[from] item: Leftovers
|-damage|p2a: Blissey|64/100 tox|[from] psn
|-heal|p1a: Jirachi|88/100 par|[from] item: Leftovers
|upkeep
|turn|61
|
|t:|1728249275
|move|p2a: Blissey|Aromatherapy|p2a: Blissey
|-cureteam|p2a: Blissey|[from] move: Aromatherapy
|cant|p1a: Jirachi|par
|
|-weather|Sandstorm|[upkeep]
|-damage|p2a: Blissey|58/100|[from] Sandstorm
|-heal|p2a: Blissey|64/100|[from] item: Leftovers
|-heal|p1a: Jirachi|94/100 par|[from] item: Leftovers
|upkeep
|turn|62
|
|t:|1728249282
|move|p2a: Blissey|Soft-Boiled|p2a: Blissey
|-heal|p2a: Blissey|100/100
|cant|p1a: Jirachi|par
|
|-weather|Sandstorm|[upkeep]
|-damage|p2a: Blissey|94/100|[from] Sandstorm
|-heal|p2a: Blissey|100/100|[from] item: Leftovers
|-heal|p1a: Jirachi|100/100 par|[from] item: Leftovers
|upkeep
|turn|63
|
|t:|1728249286
|move|p2a: Blissey|Seismic Toss|p1a: Jirachi
|-damage|p1a: Jirachi|76/100 par
|move|p1a: Jirachi|Toxic|p2a: Blissey|[miss]
|-miss|p1a: Jirachi|p2a: Blissey
|
|-weather|Sandstorm|[upkeep]
|-damage|p2a: Blissey|94/100|[from] Sandstorm
|-heal|p2a: Blissey|100/100|[from] item: Leftovers
|-heal|p1a: Jirachi|82/100 par|[from] item: Leftovers
|upkeep
|turn|64
|
|t:|1728249293
|move|p2a: Blissey|Seismic Toss|p1a: Jirachi
|-damage|p1a: Jirachi|57/100 par
|move|p1a: Jirachi|Toxic|p2a: Blissey
|-status|p2a: Blissey|tox
|
|-weather|Sandstorm|[upkeep]
|-damage|p2a: Blissey|94/100 tox|[from] Sandstorm
|-heal|p2a: Blissey|100/100 tox|[from] item: Leftovers
|-damage|p2a: Blissey|94/100 tox|[from] psn
|-heal|p1a: Jirachi|63/100 par|[from] item: Leftovers
|upkeep
|turn|65
|
|t:|1728249297
|move|p2a: Blissey|Seismic Toss|p1a: Jirachi
|-damage|p1a: Jirachi|39/100 par
|move|p1a: Jirachi|Wish|p1a: Jirachi
|
|-weather|Sandstorm|[upkeep]
|-damage|p2a: Blissey|88/100 tox|[from] Sandstorm
|-heal|p2a: Blissey|94/100 tox|[from] item: Leftovers
|-damage|p2a: Blissey|82/100 tox|[from] psn
|-heal|p1a: Jirachi|45/100 par|[from] item: Leftovers
|upkeep
|turn|66
|
|t:|1728249302
|move|p1a: Jirachi|Protect|p1a: Jirachi
|-singleturn|p1a: Jirachi|Protect
|move|p2a: Blissey|Seismic Toss|p1a: Jirachi
|-activate|p1a: Jirachi|Protect
|
|-heal|p1a: Jirachi|95/100 par|[from] move: Wish|[wisher] Jirachi
|-weather|Sandstorm|[upkeep]
|-damage|p2a: Blissey|76/100 tox|[from] Sandstorm
|-heal|p2a: Blissey|82/100 tox|[from] item: Leftovers
|-damage|p2a: Blissey|64/100 tox|[from] psn
|-heal|p1a: Jirachi|100/100 par|[from] item: Leftovers
|upkeep
|turn|67
|
|t:|1728249305
|move|p2a: Blissey|Aromatherapy|p2a: Blissey
|-cureteam|p2a: Blissey|[from] move: Aromatherapy
|move|p1a: Jirachi|Fire Punch|p2a: Blissey
|-damage|p2a: Blissey|57/100
|
|-weather|Sandstorm|[upkeep]
|-damage|p2a: Blissey|51/100|[from] Sandstorm
|-heal|p2a: Blissey|57/100|[from] item: Leftovers
|upkeep
|turn|68
|
|t:|1728249310
|move|p2a: Blissey|Soft-Boiled|p2a: Blissey
|-heal|p2a: Blissey|100/100
|cant|p1a: Jirachi|par
|
|-weather|Sandstorm|[upkeep]
|-damage|p2a: Blissey|94/100|[from] Sandstorm
|-heal|p2a: Blissey|100/100|[from] item: Leftovers
|upkeep
|turn|69
|
|t:|1728249316
|move|p2a: Blissey|Thunder Wave|p1a: Jirachi
|-fail|p1a: Jirachi|par
|move|p1a: Jirachi|Toxic|p2a: Blissey|[miss]
|-miss|p1a: Jirachi|p2a: Blissey
|
|-weather|Sandstorm|[upkeep]
|-damage|p2a: Blissey|94/100|[from] Sandstorm
|-heal|p2a: Blissey|100/100|[from] item: Leftovers
|upkeep
|turn|70
|c|☆Voyager|come on
|
|t:|1728249321
|move|p2a: Blissey|Thunder Wave|p1a: Jirachi
|-fail|p1a: Jirachi|par
|cant|p1a: Jirachi|par
|
|-weather|Sandstorm|[upkeep]
|-damage|p2a: Blissey|94/100|[from] Sandstorm
|-heal|p2a: Blissey|100/100|[from] item: Leftovers
|upkeep
|turn|71
|
|t:|1728249325
|move|p2a: Blissey|Thunder Wave|p1a: Jirachi
|-fail|p1a: Jirachi|par
|move|p1a: Jirachi|Toxic|p2a: Blissey
|-status|p2a: Blissey|tox
|
|-weather|Sandstorm|[upkeep]
|-damage|p2a: Blissey|94/100 tox|[from] Sandstorm
|-heal|p2a: Blissey|100/100 tox|[from] item: Leftovers
|-damage|p2a: Blissey|94/100 tox|[from] psn
|upkeep
|turn|72
|
|t:|1728249332
|move|p2a: Blissey|Thunder Wave|p1a: Jirachi
|-fail|p1a: Jirachi|par
|move|p1a: Jirachi|Fire Punch|p2a: Blissey
|-crit|p2a: Blissey
|-damage|p2a: Blissey|82/100 tox
|
|-weather|Sandstorm|[upkeep]
|-damage|p2a: Blissey|76/100 tox|[from] Sandstorm
|-heal|p2a: Blissey|82/100 tox|[from] item: Leftovers
|-damage|p2a: Blissey|70/100 tox|[from] psn
|upkeep
|turn|73
|
|t:|1728249342
|move|p2a: Blissey|Aromatherapy|p2a: Blissey
|-cureteam|p2a: Blissey|[from] move: Aromatherapy
|move|p1a: Jirachi|Fire Punch|p2a: Blissey
|-damage|p2a: Blissey|63/100
|
|-weather|Sandstorm|[upkeep]
|-damage|p2a: Blissey|57/100|[from] Sandstorm
|-heal|p2a: Blissey|63/100|[from] item: Leftovers
|upkeep
|turn|74
|inactive|MCJD931 disconnected and has 300 seconds to reconnect!
|player|p2|
|inactive|MCJD931 reconnected and has 275 seconds left.
|player|p2|MCJD931|102|
|inactive|MCJD931 has 270 seconds left.
|
|t:|1728249403
|move|p2a: Blissey|Thunder Wave|p1a: Jirachi
|-fail|p1a: Jirachi|par
|cant|p1a: Jirachi|par
|
|-weather|Sandstorm|[upkeep]
|-damage|p2a: Blissey|57/100|[from] Sandstorm
|-heal|p2a: Blissey|63/100|[from] item: Leftovers
|upkeep
|turn|75
|
|t:|1728249410
|move|p2a: Blissey|Thunder Wave|p1a: Jirachi
|-fail|p1a: Jirachi|par
|cant|p1a: Jirachi|par
|
|-weather|Sandstorm|[upkeep]
|-damage|p2a: Blissey|57/100|[from] Sandstorm
|-heal|p2a: Blissey|63/100|[from] item: Leftovers
|upkeep
|turn|76
|inactive|MCJD931 has 270 seconds left.
|
|t:|1728249416
|move|p2a: Blissey|Thunder Wave|p1a: Jirachi
|-fail|p1a: Jirachi|par
|cant|p1a: Jirachi|par
|
|-weather|Sandstorm|[upkeep]
|-damage|p2a: Blissey|57/100|[from] Sandstorm
|-heal|p2a: Blissey|63/100|[from] item: Leftovers
|upkeep
|turn|77
|
|t:|1728249421
|move|p2a: Blissey|Thunder Wave|p1a: Jirachi
|-fail|p1a: Jirachi|par
|move|p1a: Jirachi|Toxic|p2a: Blissey
|-status|p2a: Blissey|tox
|
|-weather|Sandstorm|[upkeep]
|-damage|p2a: Blissey|57/100 tox|[from] Sandstorm
|-heal|p2a: Blissey|63/100 tox|[from] item: Leftovers
|-damage|p2a: Blissey|57/100 tox|[from] psn
|upkeep
|turn|78
|
|t:|1728249426
|move|p1a: Jirachi|Protect|p1a: Jirachi
|-singleturn|p1a: Jirachi|Protect
|move|p2a: Blissey|Thunder Wave|p1a: Jirachi
|-activate|p1a: Jirachi|Protect
|
|-weather|Sandstorm|[upkeep]
|-damage|p2a: Blissey|51/100 tox|[from] Sandstorm
|-heal|p2a: Blissey|57/100 tox|[from] item: Leftovers
|-damage|p2a: Blissey|45/100 tox|[from] psn
|upkeep
|turn|79
|
|t:|1728249431
|move|p1a: Jirachi|Protect||[still]
|-fail|p1a: Jirachi
|move|p2a: Blissey|Soft-Boiled|p2a: Blissey
|-heal|p2a: Blissey|95/100 tox
|
|-weather|Sandstorm|[upkeep]
|-damage|p2a: Blissey|89/100 tox|[from] Sandstorm
|-heal|p2a: Blissey|95/100 tox|[from] item: Leftovers
|-damage|p2a: Blissey|76/100 tox|[from] psn
|upkeep
|turn|80
|
|t:|1728249434
|move|p1a: Jirachi|Protect|p1a: Jirachi
|-singleturn|p1a: Jirachi|Protect
|move|p2a: Blissey|Aromatherapy|p2a: Blissey
|-cureteam|p2a: Blissey|[from] move: Aromatherapy
|
|-weather|Sandstorm|[upkeep]
|-damage|p2a: Blissey|70/100|[from] Sandstorm
|-heal|p2a: Blissey|76/100|[from] item: Leftovers
|upkeep
|turn|81
|
|t:|1728249439
|move|p2a: Blissey|Thunder Wave|p1a: Jirachi
|-fail|p1a: Jirachi|par
|cant|p1a: Jirachi|par
|
|-weather|Sandstorm|[upkeep]
|-damage|p2a: Blissey|70/100|[from] Sandstorm
|-heal|p2a: Blissey|76/100|[from] item: Leftovers
|upkeep
|turn|82
|
|t:|1728249445
|move|p2a: Blissey|Thunder Wave|p1a: Jirachi
|-fail|p1a: Jirachi|par
|cant|p1a: Jirachi|par
|
|-weather|Sandstorm|[upkeep]
|-damage|p2a: Blissey|70/100|[from] Sandstorm
|-heal|p2a: Blissey|76/100|[from] item: Leftovers
|upkeep
|turn|83
|
|t:|1728249450
|move|p2a: Blissey|Thunder Wave|p1a: Jirachi
|-fail|p1a: Jirachi|par
|move|p1a: Jirachi|Toxic|p2a: Blissey|[miss]
|-miss|p1a: Jirachi|p2a: Blissey
|
|-weather|Sandstorm|[upkeep]
|-damage|p2a: Blissey|70/100|[from] Sandstorm
|-heal|p2a: Blissey|76/100|[from] item: Leftovers
|upkeep
|turn|84
|c|☆Voyager|ffs
|
|t:|1728249456
|move|p2a: Blissey|Thunder Wave|p1a: Jirachi
|-fail|p1a: Jirachi|par
|cant|p1a: Jirachi|par
|
|-weather|Sandstorm|[upkeep]
|-damage|p2a: Blissey|70/100|[from] Sandstorm
|-heal|p2a: Blissey|76/100|[from] item: Leftovers
|upkeep
|turn|85
|
|t:|1728249461
|move|p2a: Blissey|Thunder Wave|p1a: Jirachi
|-fail|p1a: Jirachi|par
|move|p1a: Jirachi|Toxic|p2a: Blissey
|-status|p2a: Blissey|tox
|
|-weather|Sandstorm|[upkeep]
|-damage|p2a: Blissey|70/100 tox|[from] Sandstorm
|-heal|p2a: Blissey|76/100 tox|[from] item: Leftovers
|-damage|p2a: Blissey|70/100 tox|[from] psn
|upkeep
|turn|86
|
|t:|1728249467
|cant|p1a: Jirachi|par
|move|p2a: Blissey|Thunder Wave|p1a: Jirachi
|-fail|p1a: Jirachi|par
|
|-weather|Sandstorm|[upkeep]
|-damage|p2a: Blissey|64/100 tox|[from] Sandstorm
|-heal|p2a: Blissey|70/100 tox|[from] item: Leftovers
|-damage|p2a: Blissey|58/100 tox|[from] psn
|upkeep
|turn|87
|
|t:|1728249469
|cant|p1a: Jirachi|par
|move|p2a: Blissey|Aromatherapy|p2a: Blissey
|-cureteam|p2a: Blissey|[from] move: Aromatherapy
|
|-weather|Sandstorm|[upkeep]
|-damage|p2a: Blissey|52/100|[from] Sandstorm
|-heal|p2a: Blissey|58/100|[from] item: Leftovers
|upkeep
|turn|88
|
|t:|1728249472
|move|p2a: Blissey|Soft-Boiled|p2a: Blissey
|-heal|p2a: Blissey|100/100
|move|p1a: Jirachi|Toxic|p2a: Blissey
|-status|p2a: Blissey|tox
|
|-weather|Sandstorm|[upkeep]
|-damage|p2a: Blissey|94/100 tox|[from] Sandstorm
|-heal|p2a: Blissey|100/100 tox|[from] item: Leftovers
|-damage|p2a: Blissey|94/100 tox|[from] psn
|upkeep
|turn|89
|
|t:|1728249483
|move|p1a: Jirachi|Protect|p1a: Jirachi
|-singleturn|p1a: Jirachi|Protect
|move|p2a: Blissey|Aromatherapy|p2a: Blissey
|-cureteam|p2a: Blissey|[from] move: Aromatherapy
|
|-weather|Sandstorm|[upkeep]
|-damage|p2a: Blissey|88/100|[from] Sandstorm
|-heal|p2a: Blissey|94/100|[from] item: Leftovers
|upkeep
|turn|90
|
|t:|1728249486
|move|p2a: Blissey|Thunder Wave|p1a: Jirachi
|-fail|p1a: Jirachi|par
|move|p1a: Jirachi|Fire Punch|p2a: Blissey
|-damage|p2a: Blissey|88/100
|
|-weather|Sandstorm|[upkeep]
|-damage|p2a: Blissey|82/100|[from] Sandstorm
|-heal|p2a: Blissey|88/100|[from] item: Leftovers
|upkeep
|turn|91
|
|t:|1728249491
|move|p2a: Blissey|Thunder Wave|p1a: Jirachi
|-fail|p1a: Jirachi|par
|move|p1a: Jirachi|Fire Punch|p2a: Blissey
|-damage|p2a: Blissey|82/100
|-status|p2a: Blissey|brn
|
|-weather|Sandstorm|[upkeep]
|-damage|p2a: Blissey|76/100 brn|[from] Sandstorm
|-heal|p2a: Blissey|82/100 brn|[from] item: Leftovers
|-damage|p2a: Blissey|69/100 brn|[from] brn
|upkeep
|turn|92
|
|t:|1728249496
|move|p2a: Blissey|Thunder Wave|p1a: Jirachi
|-fail|p1a: Jirachi|par
|move|p1a: Jirachi|Fire Punch|p2a: Blissey
|-damage|p2a: Blissey|63/100 brn
|
|-weather|Sandstorm|[upkeep]
|-damage|p2a: Blissey|57/100 brn|[from] Sandstorm
|-heal|p2a: Blissey|63/100 brn|[from] item: Leftovers
|-damage|p2a: Blissey|51/100 brn|[from] brn
|upkeep
|turn|93
|
|t:|1728249499
|move|p2a: Blissey|Soft-Boiled|p2a: Blissey
|-heal|p2a: Blissey|100/100 brn
|cant|p1a: Jirachi|par
|
|-weather|Sandstorm|[upkeep]
|-damage|p2a: Blissey|94/100 brn|[from] Sandstorm
|-heal|p2a: Blissey|100/100 brn|[from] item: Leftovers
|-damage|p2a: Blissey|88/100 brn|[from] brn
|upkeep
|turn|94
|
|t:|1728249504
|move|p2a: Blissey|Thunder Wave|p1a: Jirachi
|-fail|p1a: Jirachi|par
|move|p1a: Jirachi|Fire Punch|p2a: Blissey
|-damage|p2a: Blissey|81/100 brn
|
|-weather|Sandstorm|[upkeep]
|-damage|p2a: Blissey|75/100 brn|[from] Sandstorm
|-heal|p2a: Blissey|81/100 brn|[from] item: Leftovers
|-damage|p2a: Blissey|69/100 brn|[from] brn
|upkeep
|turn|95
|
|t:|1728249508
|move|p2a: Blissey|Thunder Wave|p1a: Jirachi
|-fail|p1a: Jirachi|par
|move|p1a: Jirachi|Fire Punch|p2a: Blissey
|-damage|p2a: Blissey|63/100 brn
|
|-weather|Sandstorm|[upkeep]
|-damage|p2a: Blissey|57/100 brn|[from] Sandstorm
|-heal|p2a: Blissey|63/100 brn|[from] item: Leftovers
|-damage|p2a: Blissey|50/100 brn|[from] brn
|upkeep
|turn|96
|
|t:|1728249514
|move|p2a: Blissey|Soft-Boiled|p2a: Blissey
|-heal|p2a: Blissey|99/100 brn
|move|p1a: Jirachi|Fire Punch|p2a: Blissey
|-damage|p2a: Blissey|94/100 brn
|
|-weather|Sandstorm|[upkeep]
|-damage|p2a: Blissey|88/100 brn|[from] Sandstorm
|-heal|p2a: Blissey|94/100 brn|[from] item: Leftovers
|-damage|p2a: Blissey|82/100 brn|[from] brn
|upkeep
|turn|97
|
|t:|1728249517
|move|p2a: Blissey|Thunder Wave|p1a: Jirachi
|-fail|p1a: Jirachi|par
|move|p1a: Jirachi|Fire Punch|p2a: Blissey
|-damage|p2a: Blissey|75/100 brn
|
|-weather|Sandstorm|[upkeep]
|-damage|p2a: Blissey|69/100 brn|[from] Sandstorm
|-heal|p2a: Blissey|75/100 brn|[from] item: Leftovers
|-damage|p2a: Blissey|63/100 brn|[from] brn
|upkeep
|turn|98
|
|t:|1728249521
|move|p2a: Blissey|Thunder Wave|p1a: Jirachi
|-fail|p1a: Jirachi|par
|cant|p1a: Jirachi|par
|
|-weather|Sandstorm|[upkeep]
|-damage|p2a: Blissey|57/100 brn|[from] Sandstorm
|-heal|p2a: Blissey|63/100 brn|[from] item: Leftovers
|-damage|p2a: Blissey|51/100 brn|[from] brn
|upkeep
|turn|99
|
|t:|1728249529
|move|p2a: Blissey|Thunder Wave|p1a: Jirachi
|-fail|p1a: Jirachi|par
|move|p1a: Jirachi|Fire Punch|p2a: Blissey
|-damage|p2a: Blissey|45/100 brn
|
|-weather|Sandstorm|[upkeep]
|-damage|p2a: Blissey|39/100 brn|[from] Sandstorm
|-heal|p2a: Blissey|45/100 brn|[from] item: Leftovers
|-damage|p2a: Blissey|32/100 brn|[from] brn
|upkeep
|turn|100
|
|t:|1728249534
|move|p2a: Blissey|Soft-Boiled|p2a: Blissey
|-heal|p2a: Blissey|82/100 brn
|move|p1a: Jirachi|Fire Punch|p2a: Blissey
|-damage|p2a: Blissey|76/100 brn
|
|-weather|Sandstorm|[upkeep]
|-damage|p2a: Blissey|70/100 brn|[from] Sandstorm
|-heal|p2a: Blissey|76/100 brn|[from] item: Leftovers
|-damage|p2a: Blissey|64/100 brn|[from] brn
|upkeep
|turn|101
|
|t:|1728249539
|move|p2a: Blissey|Thunder Wave|p1a: Jirachi
|-fail|p1a: Jirachi|par
|move|p1a: Jirachi|Fire Punch|p2a: Blissey
|-damage|p2a: Blissey|57/100 brn
|
|-weather|Sandstorm|[upkeep]
|-damage|p2a: Blissey|51/100 brn|[from] Sandstorm
|-heal|p2a: Blissey|57/100 brn|[from] item: Leftovers
|-damage|p2a: Blissey|45/100 brn|[from] brn
|upkeep
|turn|102
|
|t:|1728249543
|move|p2a: Blissey|Soft-Boiled|p2a: Blissey
|-heal|p2a: Blissey|95/100 brn
|cant|p1a: Jirachi|par
|
|-weather|Sandstorm|[upkeep]
|-damage|p2a: Blissey|89/100 brn|[from] Sandstorm
|-heal|p2a: Blissey|95/100 brn|[from] item: Leftovers
|-damage|p2a: Blissey|83/100 brn|[from] brn
|upkeep
|turn|103
|
|t:|1728249548
|move|p2a: Blissey|Thunder Wave|p1a: Jirachi
|-fail|p1a: Jirachi|par
|cant|p1a: Jirachi|par
|
|-weather|Sandstorm|[upkeep]
|-damage|p2a: Blissey|76/100 brn|[from] Sandstorm
|-heal|p2a: Blissey|83/100 brn|[from] item: Leftovers
|-damage|p2a: Blissey|70/100 brn|[from] brn
|upkeep
|turn|104
|
|t:|1728249555
|move|p2a: Blissey|Thunder Wave|p1a: Jirachi
|-fail|p1a: Jirachi|par
|move|p1a: Jirachi|Fire Punch|p2a: Blissey
|-damage|p2a: Blissey|64/100 brn
|
|-weather|Sandstorm|[upkeep]
|-damage|p2a: Blissey|58/100 brn|[from] Sandstorm
|-heal|p2a: Blissey|64/100 brn|[from] item: Leftovers
|-damage|p2a: Blissey|52/100 brn|[from] brn
|upkeep
|turn|105
|
|t:|1728249562
|move|p2a: Blissey|Thunder Wave|p1a: Jirachi
|-fail|p1a: Jirachi|par
|move|p1a: Jirachi|Fire Punch|p2a: Blissey
|-damage|p2a: Blissey|45/100 brn
|
|-weather|Sandstorm|[upkeep]
|-damage|p2a: Blissey|39/100 brn|[from] Sandstorm
|-heal|p2a: Blissey|45/100 brn|[from] item: Leftovers
|-damage|p2a: Blissey|33/100 brn|[from] brn
|upkeep
|turn|106
|
|t:|1728249566
|move|p2a: Blissey|Soft-Boiled|p2a: Blissey
|-heal|p2a: Blissey|83/100 brn
|move|p1a: Jirachi|Fire Punch|p2a: Blissey
|-damage|p2a: Blissey|77/100 brn
|
|-weather|Sandstorm|[upkeep]
|-damage|p2a: Blissey|70/100 brn|[from] Sandstorm
|-heal|p2a: Blissey|77/100 brn|[from] item: Leftovers
|-damage|p2a: Blissey|64/100 brn|[from] brn
|upkeep
|turn|107
|
|t:|1728249574
|move|p1a: Jirachi|Protect|p1a: Jirachi
|-singleturn|p1a: Jirachi|Protect
|move|p2a: Blissey|Thunder Wave|p1a: Jirachi
|-activate|p1a: Jirachi|Protect
|
|-weather|Sandstorm|[upkeep]
|-damage|p2a: Blissey|58/100 brn|[from] Sandstorm
|-heal|p2a: Blissey|64/100 brn|[from] item: Leftovers
|-damage|p2a: Blissey|52/100 brn|[from] brn
|upkeep
|turn|108
|
|t:|1728249579
|cant|p1a: Jirachi|par
|move|p2a: Blissey|Thunder Wave|p1a: Jirachi
|-fail|p1a: Jirachi|par
|
|-weather|Sandstorm|[upkeep]
|-damage|p2a: Blissey|46/100 brn|[from] Sandstorm
|-heal|p2a: Blissey|52/100 brn|[from] item: Leftovers
|-damage|p2a: Blissey|39/100 brn|[from] brn
|upkeep
|turn|109
|
|t:|1728249582
|move|p1a: Jirachi|Protect|p1a: Jirachi
|-singleturn|p1a: Jirachi|Protect
|move|p2a: Blissey|Soft-Boiled|p2a: Blissey
|-heal|p2a: Blissey|89/100 brn
|
|-weather|Sandstorm|[upkeep]
|-damage|p2a: Blissey|83/100 brn|[from] Sandstorm
|-heal|p2a: Blissey|89/100 brn|[from] item: Leftovers
|-damage|p2a: Blissey|77/100 brn|[from] brn
|upkeep
|turn|110
|
|t:|1728249589
|cant|p1a: Jirachi|par
|move|p2a: Blissey|Thunder Wave|p1a: Jirachi
|-fail|p1a: Jirachi|par
|
|-weather|Sandstorm|[upkeep]
|-damage|p2a: Blissey|71/100 brn|[from] Sandstorm
|-heal|p2a: Blissey|77/100 brn|[from] item: Leftovers
|-damage|p2a: Blissey|65/100 brn|[from] brn
|upkeep
|turn|111
|
|t:|1728249594
|move|p1a: Jirachi|Protect|p1a: Jirachi
|-singleturn|p1a: Jirachi|Protect
|move|p2a: Blissey|Thunder Wave|p1a: Jirachi
|-activate|p1a: Jirachi|Protect
|
|-weather|Sandstorm|[upkeep]
|-damage|p2a: Blissey|59/100 brn|[from] Sandstorm
|-heal|p2a: Blissey|65/100 brn|[from] item: Leftovers
|-damage|p2a: Blissey|52/100 brn|[from] brn
|upkeep
|turn|112
|
|t:|1728249597
|cant|p1a: Jirachi|par
|move|p2a: Blissey|Soft-Boiled|p2a: Blissey
|-heal|p2a: Blissey|100/100 brn
|
|-weather|Sandstorm|[upkeep]
|-damage|p2a: Blissey|94/100 brn|[from] Sandstorm
|-heal|p2a: Blissey|100/100 brn|[from] item: Leftovers
|-damage|p2a: Blissey|88/100 brn|[from] brn
|upkeep
|turn|113
|
|t:|1728249600
|cant|p1a: Jirachi|par
|move|p2a: Blissey|Seismic Toss|p1a: Jirachi
|-damage|p1a: Jirachi|76/100 par
|
|-weather|Sandstorm|[upkeep]
|-damage|p2a: Blissey|82/100 brn|[from] Sandstorm
|-heal|p2a: Blissey|88/100 brn|[from] item: Leftovers
|-damage|p2a: Blissey|76/100 brn|[from] brn
|-heal|p1a: Jirachi|82/100 par|[from] item: Leftovers
|upkeep
|turn|114
|
|t:|1728249604
|move|p2a: Blissey|Seismic Toss|p1a: Jirachi
|-damage|p1a: Jirachi|57/100 par
|cant|p1a: Jirachi|par
|
|-weather|Sandstorm|[upkeep]
|-damage|p2a: Blissey|70/100 brn|[from] Sandstorm
|-heal|p2a: Blissey|76/100 brn|[from] item: Leftovers
|-damage|p2a: Blissey|63/100 brn|[from] brn
|-heal|p1a: Jirachi|63/100 par|[from] item: Leftovers
|upkeep
|turn|115
|
|t:|1728249609
|move|p2a: Blissey|Seismic Toss|p1a: Jirachi
|-damage|p1a: Jirachi|39/100 par
|move|p1a: Jirachi|Wish|p1a: Jirachi
|
|-weather|Sandstorm|[upkeep]
|-damage|p2a: Blissey|57/100 brn|[from] Sandstorm
|-heal|p2a: Blissey|63/100 brn|[from] item: Leftovers
|-damage|p2a: Blissey|51/100 brn|[from] brn
|-heal|p1a: Jirachi|45/100 par|[from] item: Leftovers
|upkeep
|turn|116
|
|t:|1728249616
|cant|p1a: Jirachi|par
|move|p2a: Blissey|Seismic Toss|p1a: Jirachi
|-damage|p1a: Jirachi|20/100 par
|
|-heal|p1a: Jirachi|70/100 par|[from] move: Wish|[wisher] Jirachi
|-weather|Sandstorm|[upkeep]
|-damage|p2a: Blissey|45/100 brn|[from] Sandstorm
|-heal|p2a: Blissey|51/100 brn|[from] item: Leftovers
|-damage|p2a: Blissey|39/100 brn|[from] brn
|-heal|p1a: Jirachi|76/100 par|[from] item: Leftovers
|upkeep
|turn|117
|
|t:|1728249623
|move|p1a: Jirachi|Protect|p1a: Jirachi
|-singleturn|p1a: Jirachi|Protect
|move|p2a: Blissey|Soft-Boiled|p2a: Blissey
|-heal|p2a: Blissey|89/100 brn
|
|-weather|Sandstorm|[upkeep]
|-damage|p2a: Blissey|82/100 brn|[from] Sandstorm
|-heal|p2a: Blissey|89/100 brn|[from] item: Leftovers
|-damage|p2a: Blissey|76/100 brn|[from] brn
|-heal|p1a: Jirachi|82/100 par|[from] item: Leftovers
|upkeep
|turn|118
|
|t:|1728249626
|move|p2a: Blissey|Seismic Toss|p1a: Jirachi
|-damage|p1a: Jirachi|58/100 par
|move|p1a: Jirachi|Wish|p1a: Jirachi
|
|-weather|Sandstorm|[upkeep]
|-damage|p2a: Blissey|70/100 brn|[from] Sandstorm
|-heal|p2a: Blissey|76/100 brn|[from] item: Leftovers
|-damage|p2a: Blissey|64/100 brn|[from] brn
|-heal|p1a: Jirachi|64/100 par|[from] item: Leftovers
|upkeep
|turn|119
|
|t:|1728249632
|move|p1a: Jirachi|Protect|p1a: Jirachi
|-singleturn|p1a: Jirachi|Protect
|move|p2a: Blissey|Seismic Toss|p1a: Jirachi
|-activate|p1a: Jirachi|Protect
|
|-heal|p1a: Jirachi|100/100 par|[from] move: Wish|[wisher] Jirachi
|-weather|Sandstorm|[upkeep]
|-damage|p2a: Blissey|58/100 brn|[from] Sandstorm
|-heal|p2a: Blissey|64/100 brn|[from] item: Leftovers
|-damage|p2a: Blissey|51/100 brn|[from] brn
|upkeep
|turn|120
|
|t:|1728249634
|move|p2a: Blissey|Seismic Toss|p1a: Jirachi
|-damage|p1a: Jirachi|76/100 par
|move|p1a: Jirachi|Wish|p1a: Jirachi
|
|-weather|Sandstorm|[upkeep]
|-damage|p2a: Blissey|45/100 brn|[from] Sandstorm
|-heal|p2a: Blissey|51/100 brn|[from] item: Leftovers
|-damage|p2a: Blissey|39/100 brn|[from] brn
|-heal|p1a: Jirachi|82/100 par|[from] item: Leftovers
|upkeep
|turn|121
|
|t:|1728249638
|move|p2a: Blissey|Seismic Toss|p1a: Jirachi
|-damage|p1a: Jirachi|57/100 par
|cant|p1a: Jirachi|par
|
|-heal|p1a: Jirachi|100/100 par|[from] move: Wish|[wisher] Jirachi
|-weather|Sandstorm|[upkeep]
|-damage|p2a: Blissey|33/100 brn|[from] Sandstorm
|-heal|p2a: Blissey|39/100 brn|[from] item: Leftovers
|-damage|p2a: Blissey|27/100 brn|[from] brn
|upkeep
|turn|122
|
|t:|1728249641
|move|p2a: Blissey|Seismic Toss|p1a: Jirachi
|-damage|p1a: Jirachi|76/100 par
|move|p1a: Jirachi|Wish|p1a: Jirachi
|
|-weather|Sandstorm|[upkeep]
|-damage|p2a: Blissey|21/100 brn|[from] Sandstorm
|-heal|p2a: Blissey|27/100 brn|[from] item: Leftovers
|-damage|p2a: Blissey|14/100 brn|[from] brn
|-heal|p1a: Jirachi|82/100 par|[from] item: Leftovers
|upkeep
|turn|123
|
|t:|1728249644
|move|p2a: Blissey|Seismic Toss|p1a: Jirachi
|-damage|p1a: Jirachi|57/100 par
|move|p1a: Jirachi|Wish||[still]
|-fail|p1a: Jirachi
|
|-heal|p1a: Jirachi|100/100 par|[from] move: Wish|[wisher] Jirachi
|-weather|Sandstorm|[upkeep]
|-damage|p2a: Blissey|8/100 brn|[from] Sandstorm
|-heal|p2a: Blissey|14/100 brn|[from] item: Leftovers
|-damage|p2a: Blissey|2/100 brn|[from] brn
|upkeep
|turn|124
|c|☆Voyager|gg
|
|t:|1728249649
|move|p2a: Blissey|Seismic Toss|p1a: Jirachi
|-damage|p1a: Jirachi|76/100 par
|cant|p1a: Jirachi|par
|
|-weather|Sandstorm|[upkeep]
|-damage|p2a: Blissey|0 fnt|[from] Sandstorm
|faint|p2a: Blissey
|
|win|Voyager
|upkeep
|player|p2|

</script>
<script type="application/json" class="data" id="replaydata-smogtours-gen3ou-795993">
{"id":"smogtours-gen3ou-795993","format":"[Gen 3] OU","players":["Voyager","MCJD931"],"uploadtime":1728249649,"views":120,"formatid":"gen3ou","rating":null,"private":0,"password":null}
</script>

<script defer src="js/replays.js?9d40a366"></script>
