<!DOCTYPE html>
<meta charset="utf-8" />
<meta name="viewport" content="width=device-width" />

<title>[Gen 3] OU: WalterFartwelWhite vs. BongMoodeus - Replays - Pok&eacute;mon Showdown!</title>

<meta name="description" content="Watch a replay of a Pok&eacute;mon battle between WalterFartwelWhite and BongMoodeus! Format: [Gen 3] OU; Date: Oct 29, 2024" />
<!--

Hey, you! Looking in the source for the replay log?

You can find them in JSON format, just add `.json` at the end of a replay URL.

https://replay.pokemonshowdown.com/gen7randomdoublesbattle-865046831.json

Or, if you only need the log itself, add `.log` instead:

https://replay.pokemonshowdown.com/gen7randomdoublesbattle-865046831.log

-->

<link rel="stylesheet" href="//pokemonshowdown.com/style/global.css?0.023195364461161105" />
<link rel="stylesheet" href="//play.pokemonshowdown.com/style/font-awesome.css?0.13261647063804238" />
<link rel="stylesheet" href="//play.pokemonshowdown.com/style/battle.css?0.8753245789963631" />
<link rel="stylesheet" href="//play.pokemonshowdown.com/style/utilichart.css?0.8627959624976733" />

<!-- Global site tag (gtag.js) - Google Analytics -->
<script async src="https://www.googletagmanager.com/gtag/js?id=UA-26211653-1"></script>
<script>
  window.dataLayer = window.dataLayer || [];
  function gtag(){dataLayer.push(arguments);}
  gtag('js', new Date());

  gtag('config', 'UA-26211653-1');
</script>
<!-- End Google Analytics -->
<!-- Venatus Ad Manager - Install in <HEAD> of page -->
	<script src="https://hb.vntsm.com/v3/live/ad-manager.min.js" type="text/javascript" data-site-id="642aba63ec9a7b11c3c9c1be" data-mode="scan" async></script>
<!-- / Venatus Ad Manager -->

<style>
	@media (max-width:820px) {
		.battle {
			margin: 0 auto;
		}
		.battle-log {
			margin: 7px auto 0;
			max-width: 640px;
			height: 300px;
			position: static;
		}
	}
	.optgroup {
		display: inline-block;
		line-height: 22px;
		font-size: 10pt;
	}
	.optgroup .button {
		height: 25px;
		padding-top: 0;
		padding-bottom: 0;
	}
	.optgroup button.button {
		padding-left: 12px;
		padding-right: 12px;
	}
	.linklist {
		list-style: none;
		margin: 0.5em 0;
		padding: 0;
	}
	.linklist li {
		padding: 2px 0;
	}
	.sidebar {
		float: left;
		width: 320px;
	}
	.bar-wrapper {
		max-width: 1100px;
		margin: 0 auto;
	}
	.bar-wrapper.has-sidebar {
		max-width: 1430px;
	}
	.mainbar {
		margin: 0;
		padding-right: 1px;
	}
	.mainbar.has-sidebar {
		margin-left: 330px;
	}
	@media (min-width: 1511px) {
		.sidebar {
			width: 400px;
		}
		.bar-wrapper.has-sidebar {
			max-width: 1510px;
		}
		.mainbar.has-sidebar {
			margin-left: 410px;
		}
	}
	.section.first-section {
		margin-top: 9px;
	}
	.blocklink small {
		white-space: normal;
	}
	.button {
		vertical-align: middle;
	}
	.replay-controls {
		padding-top: 10px;
	}
	.replay-controls h1 {
		font-size: 16pt;
		font-weight: normal;
		color: #CCC;
	}
	.pagelink {
		text-align: center;
	}
	.pagelink a {
		width: 150px;
	}
	.textbox, .button {
		font-size: 11pt;
		vertical-align: middle;
	}
	@media (max-width: 450px) {
		.button {
			font-size: 9pt;
		}
	}
</style>

<div>

	<header>
		<div class="nav-wrapper"><ul class="nav">
			<li><a class="button nav-first" href="//pokemonshowdown.com/"><img src="//pokemonshowdown.com/images/pokemonshowdownbeta.png" srcset="//pokemonshowdown.com/images/pokemonshowdownbeta.png 1x, //pokemonshowdown.com/images/pokemonshowdownbeta@2x.png 2x" alt="Pok&eacute;mon Showdown" width="146" height="44" /> Home</a></li>
			<li><a class="button" href="//pokemonshowdown.com/dex/">Pok&eacute;dex</a></li>
			<li><a class="button cur" href="/">Replays</a></li>
			<li><a class="button" href="//pokemonshowdown.com/ladder/">Ladder</a></li>
			<li><a class="button nav-last" href="//pokemonshowdown.com/forums/">Forum</a></li>
			<li><a class="button greenbutton nav-first nav-last" href="//play.pokemonshowdown.com/">Play</a></li>
		</ul></div>
	</header>

	<div class="main" id="main">

		<noscript><section class="section">You need to enable JavaScript to use this page; sorry!</section></noscript>

	</div>

</div>

<script defer nomodule src="//play.pokemonshowdown.com/js/lib/ps-polyfill.js"></script>
<script defer src="//play.pokemonshowdown.com/js/lib/preact.min.js"></script>

<script defer src="//play.pokemonshowdown.com/config/config.js?2bddbc15"></script>
<script defer src="//play.pokemonshowdown.com/js/lib/jquery-1.11.0.min.js"></script>
<script defer src="//play.pokemonshowdown.com/js/lib/html-sanitizer-minified.js"></script>
<script defer src="//play.pokemonshowdown.com/js/battle-sound.js"></script>
<script defer src="//play.pokemonshowdown.com/js/battledata.js?0.7209276989879541"></script>
<script defer src="//play.pokemonshowdown.com/data/pokedex-mini.js?0.6111056340867951"></script>
<script defer src="//play.pokemonshowdown.com/data/pokedex-mini-bw.js?0.3532142036491459"></script>
<script defer src="//play.pokemonshowdown.com/data/graphics.js?0.24223875632456182"></script>
<script defer src="//play.pokemonshowdown.com/data/pokedex.js?0.38839984266356864"></script>
<script defer src="//play.pokemonshowdown.com/data/moves.js?0.21866028504024015"></script>
<script defer src="//play.pokemonshowdown.com/data/abilities.js?0.2005157953846628"></script>
<script defer src="//play.pokemonshowdown.com/data/items.js?0.9894211263848525"></script>
<script defer src="//play.pokemonshowdown.com/data/teambuilder-tables.js?0.6008791140282215"></script>
<script defer src="//play.pokemonshowdown.com/js/battle-tooltips.js?0.7580118955022959"></script>
<script defer src="//play.pokemonshowdown.com/js/battle.js?0.6057722274234274"></script>

<script defer src="js/utils.js?e31f9a17"></script>
<script defer src="js/replays-battle.js?7008c182"></script>

<!-- don't scrape this data! just add .json or .log after the URL!
Full API docs: https://github.com/smogon/pokemon-showdown-client/blob/master/WEB-API.md -->
<script type="text/plain" class="log" id="replaylog-smogtours-gen3ou-803226">
|inactive|Battle timer is ON: inactive players will automatically lose when time's up.
|t:|1730180056
|gametype|singles
|player|p1|WalterFartwelWhite|blaine|
|player|p2|BongMoodeus|169|
|teamsize|p1|6
|teamsize|p2|6
|gen|3
|tier|[Gen 3] OU
|rule|Sleep Clause Mod: Limit one foe put to sleep
|rule|Switch Priority Clause Mod: Faster Pokémon switch first
|rule|Species Clause: Limit one of each Pokémon
|rule|OHKO Clause: OHKO moves are banned
|rule|Evasion Items Clause: Evasion items are banned
|rule|Evasion Moves Clause: Evasion moves are banned
|rule|Endless Battle Clause: Forcing endless battles is banned
|rule|HP Percentage Mod: HP is shown in percentages
|rule|One Boost Passer Clause: Limit one Baton Passer that has a way to boost its stats
|rule|Freeze Clause Mod: Limit one foe frozen
|
|t:|1730180056
|start
|switch|p1a: Zapdos|Zapdos|100/100
|switch|p2a: Dotcom|Skarmory, M, shiny|100/100
|turn|1
|
|t:|1730180063
|switch|p2a: Town Song|Blissey, F, shiny|100/100
|move|p1a: Zapdos|Thunder Wave|p2a: Town Song
|-status|p2a: Town Song|par
|
|upkeep
|turn|2
|
|t:|1730180071
|-curestatus|p2a: Town Song|par|[from] ability: Natural Cure
|switch|p2a: Dotcom|Skarmory, M, shiny|100/100
|move|p1a: Zapdos|Baton Pass|p1a: Zapdos
|
|t:|1730180075
|switch|p1a: Raikou|Raikou|100/100|[from] Baton Pass
|
|upkeep
|turn|3
|
|t:|1730180079
|switch|p2a: Sell Your Body|Zapdos|100/100
|move|p1a: Raikou|Substitute|p1a: Raikou
|-start|p1a: Raikou|Substitute
|-damage|p1a: Raikou|76/100
|
|-heal|p1a: Raikou|82/100|[from] item: Leftovers
|upkeep
|turn|4
|
|t:|1730180081
|move|p1a: Raikou|Calm Mind|p1a: Raikou
|-boost|p1a: Raikou|spa|1
|-boost|p1a: Raikou|spd|1
|move|p2a: Sell Your Body|Roar|p1a: Raikou
|drag|p1a: Zapdos|Zapdos|100/100
|
|upkeep
|turn|5
|
|t:|1730180083
|move|p1a: Zapdos|Thunder Wave|p2a: Sell Your Body
|-status|p2a: Sell Your Body|par
|move|p2a: Sell Your Body|Thunderbolt|p1a: Zapdos
|-damage|p1a: Zapdos|55/100
|
|-heal|p1a: Zapdos|61/100|[from] item: Leftovers
|upkeep
|turn|6
|
|t:|1730180089
|switch|p1a: Raikou|Raikou|82/100
|cant|p2a: Sell Your Body|par
|
|-heal|p1a: Raikou|88/100|[from] item: Leftovers
|upkeep
|turn|7
|
|t:|1730180100
|switch|p2a: Town Song|Blissey, F, shiny|100/100
|move|p1a: Raikou|Thunderbolt|p2a: Town Song
|-damage|p2a: Town Song|82/100
|-status|p2a: Town Song|par
|
|-heal|p1a: Raikou|94/100|[from] item: Leftovers
|-heal|p2a: Town Song|88/100 par|[from] item: Leftovers
|upkeep
|turn|8
|
|t:|1730180104
|-curestatus|p2a: Town Song|par|[from] ability: Natural Cure
|switch|p2a: Sell Your Body|Zapdos|100/100 par
|move|p1a: Raikou|Substitute|p1a: Raikou
|-start|p1a: Raikou|Substitute
|-damage|p1a: Raikou|69/100
|
|-heal|p1a: Raikou|76/100|[from] item: Leftovers
|upkeep
|turn|9
|
|t:|1730180106
|move|p1a: Raikou|Thunderbolt|p2a: Sell Your Body
|-damage|p2a: Sell Your Body|67/100 par
|move|p2a: Sell Your Body|Roar|p1a: Raikou
|drag|p1a: Zapdos|Zapdos|61/100
|
|-heal|p1a: Zapdos|67/100|[from] item: Leftovers
|-heal|p2a: Sell Your Body|73/100 par|[from] item: Leftovers
|upkeep
|turn|10
|
|t:|1730180110
|move|p1a: Zapdos|Hidden Power|p2a: Sell Your Body
|-supereffective|p2a: Sell Your Body
|-damage|p2a: Sell Your Body|39/100 par
|cant|p2a: Sell Your Body|par
|
|-heal|p1a: Zapdos|73/100|[from] item: Leftovers
|-heal|p2a: Sell Your Body|45/100 par|[from] item: Leftovers
|upkeep
|turn|11
|
|t:|1730180113
|move|p1a: Zapdos|Baton Pass|p1a: Zapdos
|
|t:|1730180116
|switch|p1a: Raikou|Raikou|76/100|[from] Baton Pass
|move|p2a: Sell Your Body|Rest|p2a: Sell Your Body
|-status|p2a: Sell Your Body|slp|[from] move: Rest
|-heal|p2a: Sell Your Body|100/100 slp|[silent]
|
|-heal|p1a: Raikou|82/100|[from] item: Leftovers
|upkeep
|turn|12
|
|t:|1730180122
|move|p1a: Raikou|Calm Mind|p1a: Raikou
|-boost|p1a: Raikou|spa|1
|-boost|p1a: Raikou|spd|1
|cant|p2a: Sell Your Body|slp
|move|p2a: Sell Your Body|Sleep Talk|p2a: Sell Your Body
|move|p2a: Sell Your Body|Thunderbolt|p1a: Raikou|[from]Sleep Talk
|-resisted|p1a: Raikou
|-damage|p1a: Raikou|68/100
|
|-heal|p1a: Raikou|74/100|[from] item: Leftovers
|upkeep
|turn|13
|
|t:|1730180128
|switch|p1a: Dugtrio|Dugtrio, F|100/100
|cant|p2a: Sell Your Body|slp
|move|p2a: Sell Your Body|Sleep Talk|p2a: Sell Your Body
|move|p2a: Sell Your Body|Rest|p2a: Sell Your Body|[from]Sleep Talk
|
|upkeep
|turn|14
|
|t:|1730180135
|switch|p1a: Raikou|Raikou|74/100
|-curestatus|p2a: Sell Your Body|slp|[msg]
|move|p2a: Sell Your Body|Thunderbolt|p1a: Raikou
|-resisted|p1a: Raikou
|-damage|p1a: Raikou|55/100
|
|-heal|p1a: Raikou|61/100|[from] item: Leftovers
|upkeep
|turn|15
|
|t:|1730180138
|move|p1a: Raikou|Calm Mind|p1a: Raikou
|-boost|p1a: Raikou|spa|1
|-boost|p1a: Raikou|spd|1
|move|p2a: Sell Your Body|Thunderbolt|p1a: Raikou
|-resisted|p1a: Raikou
|-damage|p1a: Raikou|47/100
|
|-heal|p1a: Raikou|53/100|[from] item: Leftovers
|upkeep
|turn|16
|
|t:|1730180140
|move|p1a: Raikou|Thunderbolt|p2a: Sell Your Body
|-damage|p2a: Sell Your Body|51/100
|move|p2a: Sell Your Body|Roar|p1a: Raikou
|drag|p1a: Zapdos|Zapdos|73/100
|
|-heal|p1a: Zapdos|80/100|[from] item: Leftovers
|-heal|p2a: Sell Your Body|58/100|[from] item: Leftovers
|upkeep
|turn|17
|
|t:|1730180144
|move|p1a: Zapdos|Thunder Wave|p2a: Sell Your Body
|-status|p2a: Sell Your Body|par
|move|p2a: Sell Your Body|Rest|p2a: Sell Your Body
|-status|p2a: Sell Your Body|slp|[from] move: Rest
|-heal|p2a: Sell Your Body|100/100 slp|[silent]
|
|-heal|p1a: Zapdos|86/100|[from] item: Leftovers
|upkeep
|turn|18
|
|t:|1730180154
|switch|p1a: Raikou|Raikou|53/100
|switch|p2a: Repurposed Goods|Flygon, M, shiny|100/100
|
|-heal|p1a: Raikou|60/100|[from] item: Leftovers
|upkeep
|turn|19
|
|t:|1730180160
|switch|p1a: Suicune|Suicune|100/100
|move|p2a: Repurposed Goods|Protect||[still]
|-fail|p2a: Repurposed Goods
|
|upkeep
|turn|20
|
|t:|1730180168
|switch|p2a: Sell Your Body|Zapdos|100/100 slp
|move|p1a: Suicune|Calm Mind|p1a: Suicune
|-boost|p1a: Suicune|spa|1
|-boost|p1a: Suicune|spd|1
|
|upkeep
|turn|21
|
|t:|1730180173
|move|p1a: Suicune|Ice Beam|p2a: Sell Your Body
|-supereffective|p2a: Sell Your Body
|-damage|p2a: Sell Your Body|38/100 slp
|cant|p2a: Sell Your Body|slp
|move|p2a: Sell Your Body|Sleep Talk|p2a: Sell Your Body
|move|p2a: Sell Your Body|Roar|p1a: Suicune|[from]Sleep Talk
|drag|p1a: Dugtrio|Dugtrio, F|100/100
|
|-heal|p2a: Sell Your Body|45/100 slp|[from] item: Leftovers
|upkeep
|turn|22
|
|t:|1730180190
|switch|p1a: Zapdos|Zapdos|86/100
|switch|p2a: Town Song|Blissey, F, shiny|88/100
|
|-heal|p1a: Zapdos|92/100|[from] item: Leftovers
|-heal|p2a: Town Song|94/100|[from] item: Leftovers
|upkeep
|turn|23
|
|t:|1730180201
|switch|p1a: Metagross|Metagross|100/100
|move|p2a: Town Song|Ice Beam|p1a: Metagross
|-resisted|p1a: Metagross
|-crit|p1a: Metagross
|-damage|p1a: Metagross|75/100
|
|-heal|p1a: Metagross|81/100|[from] item: Leftovers
|-heal|p2a: Town Song|100/100|[from] item: Leftovers
|upkeep
|turn|24
|
|t:|1730180208
|switch|p1a: Raikou|Raikou|60/100
|switch|p2a: Hippies Vs.|Moltres|100/100
|
|-heal|p1a: Raikou|66/100|[from] item: Leftovers
|upkeep
|turn|25
|
|t:|1730180215
|move|p1a: Raikou|Thunderbolt|p2a: Hippies Vs.
|-supereffective|p2a: Hippies Vs.
|-damage|p2a: Hippies Vs.|9/100
|move|p2a: Hippies Vs.|Flamethrower|p1a: Raikou
|-damage|p1a: Raikou|15/100
|
|-heal|p1a: Raikou|21/100|[from] item: Leftovers
|-heal|p2a: Hippies Vs.|15/100|[from] item: Leftovers
|upkeep
|turn|26
|
|t:|1730180228
|switch|p1a: Dugtrio|Dugtrio, F|100/100
|move|p2a: Hippies Vs.|Flamethrower|p1a: Dugtrio
|-damage|p1a: Dugtrio|24/100
|
|-heal|p2a: Hippies Vs.|21/100|[from] item: Leftovers
|upkeep
|turn|27
|
|t:|1730180233
|switch|p1a: Suicune|Suicune|100/100
|move|p2a: Hippies Vs.|Protect||[still]
|-fail|p2a: Hippies Vs.
|
|-heal|p2a: Hippies Vs.|27/100|[from] item: Leftovers
|upkeep
|turn|28
|
|t:|1730180238
|move|p2a: Hippies Vs.|Toxic|p1a: Suicune
|-status|p1a: Suicune|tox
|move|p1a: Suicune|Calm Mind|p1a: Suicune
|-boost|p1a: Suicune|spa|1
|-boost|p1a: Suicune|spd|1
|
|-heal|p2a: Hippies Vs.|33/100|[from] item: Leftovers
|-damage|p1a: Suicune|94/100 tox|[from] psn
|upkeep
|turn|29
|
|t:|1730180242
|move|p2a: Hippies Vs.|Protect|p2a: Hippies Vs.
|-singleturn|p2a: Hippies Vs.|Protect
|move|p1a: Suicune|Hydro Pump|p2a: Hippies Vs.|[miss]
|-miss|p1a: Suicune|p2a: Hippies Vs.
|
|-heal|p2a: Hippies Vs.|40/100|[from] item: Leftovers
|-heal|p1a: Suicune|100/100 tox|[from] item: Leftovers
|-damage|p1a: Suicune|88/100 tox|[from] psn
|upkeep
|turn|30
|
|t:|1730180244
|switch|p2a: Town Song|Blissey, F, shiny|100/100
|move|p1a: Suicune|Hydro Pump|p2a: Town Song
|-damage|p2a: Town Song|67/100
|
|-heal|p1a: Suicune|94/100 tox|[from] item: Leftovers
|-damage|p1a: Suicune|76/100 tox|[from] psn
|-heal|p2a: Town Song|73/100|[from] item: Leftovers
|upkeep
|turn|31
|
|t:|1730180248
|switch|p1a: Metagross|Metagross|81/100
|move|p2a: Town Song|Soft-Boiled|p2a: Town Song
|-heal|p2a: Town Song|100/100
|
|-heal|p1a: Metagross|87/100|[from] item: Leftovers
|upkeep
|turn|32
|
|t:|1730180255
|switch|p2a: Dotcom|Skarmory, M, shiny|100/100
|move|p1a: Metagross|Meteor Mash|p2a: Dotcom
|-resisted|p2a: Dotcom
|-damage|p2a: Dotcom|79/100
|-boost|p1a: Metagross|atk|1
|
|-heal|p1a: Metagross|93/100|[from] item: Leftovers
|-heal|p2a: Dotcom|85/100|[from] item: Leftovers
|upkeep
|turn|33
|
|t:|1730180258
|move|p2a: Dotcom|Spikes|p1a: Metagross
|-sidestart|p1: WalterFartwelWhite|Spikes
|move|p1a: Metagross|Rock Slide|p2a: Dotcom
|-crit|p2a: Dotcom
|-damage|p2a: Dotcom|20/100
|
|-heal|p2a: Dotcom|26/100|[from] item: Leftovers
|-heal|p1a: Metagross|99/100|[from] item: Leftovers
|upkeep
|turn|34
|
|t:|1730180268
|move|p2a: Dotcom|Protect|p2a: Dotcom
|-singleturn|p2a: Dotcom|Protect
|move|p1a: Metagross|Meteor Mash|p2a: Dotcom
|-activate|p2a: Dotcom|Protect
|
|-heal|p1a: Metagross|100/100|[from] item: Leftovers
|-heal|p2a: Dotcom|32/100|[from] item: Leftovers
|upkeep
|turn|35
|
|t:|1730180272
|move|p1a: Metagross|Meteor Mash|p2a: Dotcom
|-resisted|p2a: Dotcom
|-damage|p2a: Dotcom|1/100
|move|p2a: Dotcom|Spikes|p1a: Metagross
|-sidestart|p1: WalterFartwelWhite|Spikes
|
|-heal|p2a: Dotcom|7/100|[from] item: Leftovers
|upkeep
|turn|36
|
|t:|1730180276
|move|p2a: Dotcom|Spikes|p1a: Metagross
|-sidestart|p1: WalterFartwelWhite|Spikes
|move|p1a: Metagross|Meteor Mash|p2a: Dotcom
|-resisted|p2a: Dotcom
|-damage|p2a: Dotcom|0 fnt
|-boost|p1a: Metagross|atk|1
|faint|p2a: Dotcom
|
|t:|1730180278
|switch|p2a: Hippies Vs.|Moltres|40/100
|
|-heal|p2a: Hippies Vs.|46/100|[from] item: Leftovers
|upkeep
|turn|37
|
|t:|1730180286
|switch|p1a: Zapdos|Zapdos|92/100
|move|p2a: Hippies Vs.|Flamethrower|p1a: Zapdos
|-damage|p1a: Zapdos|34/100
|
|-heal|p1a: Zapdos|40/100|[from] item: Leftovers
|-heal|p2a: Hippies Vs.|52/100|[from] item: Leftovers
|upkeep
|turn|38
|
|t:|1730180292
|move|p2a: Hippies Vs.|Protect|p2a: Hippies Vs.
|-singleturn|p2a: Hippies Vs.|Protect
|move|p1a: Zapdos|Thunderbolt|p2a: Hippies Vs.
|-activate|p2a: Hippies Vs.|Protect
|
|-heal|p1a: Zapdos|46/100|[from] item: Leftovers
|-heal|p2a: Hippies Vs.|58/100|[from] item: Leftovers
|upkeep
|turn|39
|
|t:|1730180304
|switch|p2a: Town Song|Blissey, F, shiny|100/100
|move|p1a: Zapdos|Hidden Power|p2a: Town Song
|-damage|p2a: Town Song|91/100
|
|-heal|p1a: Zapdos|52/100|[from] item: Leftovers
|-heal|p2a: Town Song|97/100|[from] item: Leftovers
|upkeep
|turn|40
|
|t:|1730180313
|move|p1a: Zapdos|Baton Pass|p1a: Zapdos
|
|t:|1730180314
|switch|p1a: Metagross|Metagross|100/100|[from] Baton Pass
|-damage|p1a: Metagross|75/100|[from] Spikes
|move|p2a: Town Song|Seismic Toss|p1a: Metagross
|-damage|p1a: Metagross|48/100
|
|-heal|p1a: Metagross|54/100|[from] item: Leftovers
|-heal|p2a: Town Song|100/100|[from] item: Leftovers
|upkeep
|turn|41
|
|t:|1730180328
|switch|p2a: Mophead|Misdreavus, F|100/100
|move|p1a: Metagross|Explosion|p2a: Mophead
|-immune|p2a: Mophead
|faint|p1a: Metagross
|
|t:|1730180335
|switch|p1a: Breloom|Breloom, F|100/100
|-damage|p1a: Breloom|76/100|[from] Spikes
|
|-heal|p1a: Breloom|82/100|[from] item: Leftovers
|upkeep
|turn|42
|
|t:|1730180340
|move|p1a: Breloom|Spore|p2a: Mophead
|-status|p2a: Mophead|slp|[from] move: Spore
|cant|p2a: Mophead|slp
|
|-heal|p1a: Breloom|88/100|[from] item: Leftovers
|upkeep
|turn|43
|
|t:|1730180369
|switch|p2a: Hippies Vs.|Moltres|58/100
|move|p1a: Breloom|Hidden Power|p2a: Hippies Vs.
|-damage|p2a: Hippies Vs.|29/100
|
|-heal|p2a: Hippies Vs.|35/100|[from] item: Leftovers
|-heal|p1a: Breloom|94/100|[from] item: Leftovers
|upkeep
|turn|44
|
|t:|1730180375
|switch|p1a: Raikou|Raikou|21/100
|-damage|p1a: Raikou|0 fnt|[from] Spikes
|faint|p1a: Raikou
|
|t:|1730180377
|switch|p1a: Zapdos|Zapdos|52/100
|
|-heal|p1a: Zapdos|59/100|[from] item: Leftovers
|-heal|p2a: Hippies Vs.|42/100|[from] item: Leftovers
|upkeep
|turn|45
|
|t:|1730180385
|move|p2a: Hippies Vs.|Protect|p2a: Hippies Vs.
|-singleturn|p2a: Hippies Vs.|Protect
|move|p1a: Zapdos|Thunderbolt|p2a: Hippies Vs.
|-activate|p2a: Hippies Vs.|Protect
|
|-heal|p1a: Zapdos|65/100|[from] item: Leftovers
|-heal|p2a: Hippies Vs.|48/100|[from] item: Leftovers
|upkeep
|turn|46
|
|t:|1730180389
|switch|p2a: Town Song|Blissey, F, shiny|100/100
|move|p1a: Zapdos|Thunder Wave|p2a: Town Song
|-status|p2a: Town Song|par
|
|-heal|p1a: Zapdos|71/100|[from] item: Leftovers
|upkeep
|turn|47
|
|t:|1730180393
|move|p1a: Zapdos|Baton Pass|p1a: Zapdos
|
|t:|1730180397
|switch|p1a: Dugtrio|Dugtrio, F|24/100|[from] Baton Pass
|-damage|p1a: Dugtrio|0 fnt|[from] Spikes
|faint|p1a: Dugtrio
|
|t:|1730180399
|switch|p1a: Breloom|Breloom, F|94/100
|-damage|p1a: Breloom|69/100|[from] Spikes
|
|-heal|p1a: Breloom|75/100|[from] item: Leftovers
|upkeep
|turn|48
|
|t:|1730180406
|-singleturn|p1a: Breloom|move: Focus Punch
|-curestatus|p2a: Town Song|par|[from] ability: Natural Cure
|switch|p2a: Sell Your Body|Zapdos|45/100 slp
|move|p1a: Breloom|Focus Punch|p2a: Sell Your Body
|-resisted|p2a: Sell Your Body
|-damage|p2a: Sell Your Body|6/100 slp
|
|-heal|p1a: Breloom|81/100|[from] item: Leftovers
|-heal|p2a: Sell Your Body|12/100 slp|[from] item: Leftovers
|upkeep
|turn|49
|
|t:|1730180417
|move|p1a: Breloom|Hidden Power|p2a: Sell Your Body
|-damage|p2a: Sell Your Body|0 fnt
|faint|p2a: Sell Your Body
|
|t:|1730180420
|switch|p2a: Hippies Vs.|Moltres|48/100
|
|-heal|p2a: Hippies Vs.|54/100|[from] item: Leftovers
|-heal|p1a: Breloom|87/100|[from] item: Leftovers
|upkeep
|turn|50
|
|t:|1730180425
|switch|p1a: Suicune|Suicune|76/100 tox
|-damage|p1a: Suicune|51/100 tox|[from] Spikes
|move|p2a: Hippies Vs.|Flamethrower|p1a: Suicune
|-resisted|p1a: Suicune
|-damage|p1a: Suicune|28/100 tox
|
|-heal|p2a: Hippies Vs.|60/100|[from] item: Leftovers
|-heal|p1a: Suicune|34/100 tox|[from] item: Leftovers
|-damage|p1a: Suicune|28/100 tox|[from] psn
|upkeep
|turn|51
|
|t:|1730180437
|move|p2a: Hippies Vs.|Protect|p2a: Hippies Vs.
|-singleturn|p2a: Hippies Vs.|Protect
|move|p1a: Suicune|Calm Mind|p1a: Suicune
|-boost|p1a: Suicune|spa|1
|-boost|p1a: Suicune|spd|1
|
|-heal|p2a: Hippies Vs.|66/100|[from] item: Leftovers
|-heal|p1a: Suicune|34/100 tox|[from] item: Leftovers
|-damage|p1a: Suicune|22/100 tox|[from] psn
|upkeep
|turn|52
|
|t:|1730180442
|switch|p2a: Town Song|Blissey, F, shiny|100/100
|move|p1a: Suicune|Hydro Pump|p2a: Town Song
|-crit|p2a: Town Song
|-damage|p2a: Town Song|36/100
|
|-heal|p1a: Suicune|28/100 tox|[from] item: Leftovers
|-damage|p1a: Suicune|9/100 tox|[from] psn
|-heal|p2a: Town Song|42/100|[from] item: Leftovers
|upkeep
|turn|53
|
|t:|1730180447
|move|p1a: Suicune|Hydro Pump|p2a: Town Song
|-damage|p2a: Town Song|10/100
|move|p2a: Town Song|Soft-Boiled|p2a: Town Song
|-heal|p2a: Town Song|60/100
|
|-heal|p1a: Suicune|15/100 tox|[from] item: Leftovers
|-damage|p1a: Suicune|0 fnt|[from] psn
|faint|p1a: Suicune
|-heal|p2a: Town Song|67/100|[from] item: Leftovers
|upkeep
|
|t:|1730180450
|switch|p1a: Breloom|Breloom, F|87/100
|-damage|p1a: Breloom|63/100|[from] Spikes
|turn|54
|
|t:|1730180459
|switch|p2a: Hippies Vs.|Moltres|66/100
|move|p1a: Breloom|Mach Punch|p2a: Hippies Vs.
|-resisted|p2a: Hippies Vs.
|-crit|p2a: Hippies Vs.
|-damage|p2a: Hippies Vs.|45/100
|
|-heal|p2a: Hippies Vs.|51/100|[from] item: Leftovers
|-heal|p1a: Breloom|69/100|[from] item: Leftovers
|upkeep
|turn|55
|
|t:|1730180462
|switch|p1a: Zapdos|Zapdos|71/100
|move|p2a: Hippies Vs.|Flamethrower|p1a: Zapdos
|-crit|p1a: Zapdos
|-damage|p1a: Zapdos|0 fnt
|faint|p1a: Zapdos
|c|☆WalterFartwelWhite|gg
|
|t:|1730180467
|switch|p1a: Breloom|Breloom, F|69/100
|-damage|p1a: Breloom|44/100|[from] Spikes
|
|-heal|p2a: Hippies Vs.|57/100|[from] item: Leftovers
|-heal|p1a: Breloom|50/100|[from] item: Leftovers
|upkeep
|turn|56
|c|☆BongMoodeus|gg wp
|
|t:|1730180472
|-singleturn|p1a: Breloom|move: Focus Punch
|move|p2a: Hippies Vs.|Flamethrower|p1a: Breloom
|-supereffective|p1a: Breloom
|-damage|p1a: Breloom|0 fnt
|faint|p1a: Breloom
|
|win|BongMoodeus
|player|p1|

</script>
<script type="application/json" class="data" id="replaydata-smogtours-gen3ou-803226">
{"id":"smogtours-gen3ou-803226","format":"[Gen 3] OU","players":["WalterFartwelWhite","BongMoodeus"],"uploadtime":1730180472,"views":59,"formatid":"gen3ou","rating":null,"private":0,"password":null}
</script>

<script defer src="js/replays.js?9d40a366"></script>
