<!DOCTYPE html>
<meta charset="utf-8" />
<meta name="viewport" content="width=device-width" />

<title>[Gen 3] OU: LilBigBamSam vs. xXEricXx - Replays - Pok&eacute;mon Showdown!</title>

<meta name="description" content="Watch a replay of a Pok&eacute;mon battle between LilBigBamSam and xXEricXx! Format: [Gen 3] OU; Date: Oct 30, 2024" />
<!--

Hey, you! Looking in the source for the replay log?

You can find them in JSON format, just add `.json` at the end of a replay URL.

https://replay.pokemonshowdown.com/gen7randomdoublesbattle-865046831.json

Or, if you only need the log itself, add `.log` instead:

https://replay.pokemonshowdown.com/gen7randomdoublesbattle-865046831.log

-->

<link rel="stylesheet" href="//pokemonshowdown.com/style/global.css?0.023195364461161105" />
<link rel="stylesheet" href="//play.pokemonshowdown.com/style/font-awesome.css?0.13261647063804238" />
<link rel="stylesheet" href="//play.pokemonshowdown.com/style/battle.css?0.8753245789963631" />
<link rel="stylesheet" href="//play.pokemonshowdown.com/style/utilichart.css?0.8627959624976733" />

<!-- Global site tag (gtag.js) - Google Analytics -->
<script async src="https://www.googletagmanager.com/gtag/js?id=UA-26211653-1"></script>
<script>
  window.dataLayer = window.dataLayer || [];
  function gtag(){dataLayer.push(arguments);}
  gtag('js', new Date());

  gtag('config', 'UA-26211653-1');
</script>
<!-- End Google Analytics -->
<!-- Venatus Ad Manager - Install in <HEAD> of page -->
	<script src="https://hb.vntsm.com/v3/live/ad-manager.min.js" type="text/javascript" data-site-id="642aba63ec9a7b11c3c9c1be" data-mode="scan" async></script>
<!-- / Venatus Ad Manager -->

<style>
	@media (max-width:820px) {
		.battle {
			margin: 0 auto;
		}
		.battle-log {
			margin: 7px auto 0;
			max-width: 640px;
			height: 300px;
			position: static;
		}
	}
	.optgroup {
		display: inline-block;
		line-height: 22px;
		font-size: 10pt;
	}
	.optgroup .button {
		height: 25px;
		padding-top: 0;
		padding-bottom: 0;
	}
	.optgroup button.button {
		padding-left: 12px;
		padding-right: 12px;
	}
	.linklist {
		list-style: none;
		margin: 0.5em 0;
		padding: 0;
	}
	.linklist li {
		padding: 2px 0;
	}
	.sidebar {
		float: left;
		width: 320px;
	}
	.bar-wrapper {
		max-width: 1100px;
		margin: 0 auto;
	}
	.bar-wrapper.has-sidebar {
		max-width: 1430px;
	}
	.mainbar {
		margin: 0;
		padding-right: 1px;
	}
	.mainbar.has-sidebar {
		margin-left: 330px;
	}
	@media (min-width: 1511px) {
		.sidebar {
			width: 400px;
		}
		.bar-wrapper.has-sidebar {
			max-width: 1510px;
		}
		.mainbar.has-sidebar {
			margin-left: 410px;
		}
	}
	.section.first-section {
		margin-top: 9px;
	}
	.blocklink small {
		white-space: normal;
	}
	.button {
		vertical-align: middle;
	}
	.replay-controls {
		padding-top: 10px;
	}
	.replay-controls h1 {
		font-size: 16pt;
		font-weight: normal;
		color: #CCC;
	}
	.pagelink {
		text-align: center;
	}
	.pagelink a {
		width: 150px;
	}
	.textbox, .button {
		font-size: 11pt;
		vertical-align: middle;
	}
	@media (max-width: 450px) {
		.button {
			font-size: 9pt;
		}
	}
</style>

<div>

	<header>
		<div class="nav-wrapper"><ul class="nav">
			<li><a class="button nav-first" href="//pokemonshowdown.com/"><img src="//pokemonshowdown.com/images/pokemonshowdownbeta.png" srcset="//pokemonshowdown.com/images/pokemonshowdownbeta.png 1x, //pokemonshowdown.com/images/pokemonshowdownbeta@2x.png 2x" alt="Pok&eacute;mon Showdown" width="146" height="44" /> Home</a></li>
			<li><a class="button" href="//pokemonshowdown.com/dex/">Pok&eacute;dex</a></li>
			<li><a class="button cur" href="/">Replays</a></li>
			<li><a class="button" href="//pokemonshowdown.com/ladder/">Ladder</a></li>
			<li><a class="button nav-last" href="//pokemonshowdown.com/forums/">Forum</a></li>
			<li><a class="button greenbutton nav-first nav-last" href="//play.pokemonshowdown.com/">Play</a></li>
		</ul></div>
	</header>

	<div class="main" id="main">

		<noscript><section class="section">You need to enable JavaScript to use this page; sorry!</section></noscript>

	</div>

</div>

<script defer nomodule src="//play.pokemonshowdown.com/js/lib/ps-polyfill.js"></script>
<script defer src="//play.pokemonshowdown.com/js/lib/preact.min.js"></script>

<script defer src="//play.pokemonshowdown.com/config/config.js?2bddbc15"></script>
<script defer src="//play.pokemonshowdown.com/js/lib/jquery-1.11.0.min.js"></script>
<script defer src="//play.pokemonshowdown.com/js/lib/html-sanitizer-minified.js"></script>
<script defer src="//play.pokemonshowdown.com/js/battle-sound.js"></script>
<script defer src="//play.pokemonshowdown.com/js/battledata.js?0.7209276989879541"></script>
<script defer src="//play.pokemonshowdown.com/data/pokedex-mini.js?0.6111056340867951"></script>
<script defer src="//play.pokemonshowdown.com/data/pokedex-mini-bw.js?0.3532142036491459"></script>
<script defer src="//play.pokemonshowdown.com/data/graphics.js?0.24223875632456182"></script>
<script defer src="//play.pokemonshowdown.com/data/pokedex.js?0.38839984266356864"></script>
<script defer src="//play.pokemonshowdown.com/data/moves.js?0.21866028504024015"></script>
<script defer src="//play.pokemonshowdown.com/data/abilities.js?0.2005157953846628"></script>
<script defer src="//play.pokemonshowdown.com/data/items.js?0.9894211263848525"></script>
<script defer src="//play.pokemonshowdown.com/data/teambuilder-tables.js?0.6008791140282215"></script>
<script defer src="//play.pokemonshowdown.com/js/battle-tooltips.js?0.7580118955022959"></script>
<script defer src="//play.pokemonshowdown.com/js/battle.js?0.6057722274234274"></script>

<script defer src="js/utils.js?e31f9a17"></script>
<script defer src="js/replays-battle.js?7008c182"></script>

<!-- don't scrape this data! just add .json or .log after the URL!
Full API docs: https://github.com/smogon/pokemon-showdown-client/blob/master/WEB-API.md -->
<script type="text/plain" class="log" id="replaylog-smogtours-gen3ou-803410">
|inactive|Battle timer is ON: inactive players will automatically lose when time's up.
|t:|1730268801
|gametype|singles
|player|p1|LilBigBamSam|hoopster|
|player|p2|xXEricXx|red|
|teamsize|p1|6
|teamsize|p2|6
|gen|3
|tier|[Gen 3] OU
|rule|Sleep Clause Mod: Limit one foe put to sleep
|rule|Switch Priority Clause Mod: Faster Pokémon switch first
|rule|Species Clause: Limit one of each Pokémon
|rule|OHKO Clause: OHKO moves are banned
|rule|Evasion Items Clause: Evasion items are banned
|rule|Evasion Moves Clause: Evasion moves are banned
|rule|Endless Battle Clause: Forcing endless battles is banned
|rule|HP Percentage Mod: HP is shown in percentages
|rule|One Boost Passer Clause: Limit one Baton Passer that has a way to boost its stats
|rule|Freeze Clause Mod: Limit one foe frozen
|
|t:|1730268801
|start
|switch|p1a: Tyranitar|Tyranitar, M|100/100
|switch|p2a: Tyranitar|Tyranitar, M|100/100
|-weather|Sandstorm|[from] ability: Sand Stream|[of] p1a: Tyranitar
|turn|1
|c|☆xXEricXx|hf
|c|☆LilBigBamSam|u2
|inactive|LilBigBamSam has 270 seconds left.
|
|t:|1730268842
|switch|p2a: Swampert|Swampert, M, shiny|100/100
|move|p1a: Tyranitar|Brick Break|p2a: Swampert
|-damage|p2a: Swampert|85/100
|
|-weather|Sandstorm|[upkeep]
|-heal|p2a: Swampert|92/100|[from] item: Leftovers
|upkeep
|turn|2
|inactive|xXEricXx has 270 seconds left.
|
|t:|1730268881
|switch|p1a: Skarmory|Skarmory, F|100/100
|switch|p2a: Celebi|Celebi|100/100
|
|-weather|Sandstorm|[upkeep]
|-damage|p2a: Celebi|94/100|[from] Sandstorm
|-heal|p2a: Celebi|100/100|[from] item: Leftovers
|upkeep
|turn|3
|
|t:|1730268888
|move|p2a: Celebi|Leech Seed|p1a: Skarmory
|-start|p1a: Skarmory|move: Leech Seed
|move|p1a: Skarmory|Spikes|p2a: Celebi
|-sidestart|p2: xXEricXx|Spikes
|
|-weather|Sandstorm|[upkeep]
|-damage|p2a: Celebi|94/100|[from] Sandstorm
|-heal|p2a: Celebi|100/100|[from] item: Leftovers
|-damage|p1a: Skarmory|88/100|[from] Leech Seed|[of] p2a: Celebi
|upkeep
|turn|4
|
|t:|1730268900
|move|p2a: Celebi|Leech Seed||[still]
|-fail|p2a: Celebi
|move|p1a: Skarmory|Toxic|p2a: Celebi
|-status|p2a: Celebi|tox
|
|-weather|Sandstorm|[upkeep]
|-damage|p2a: Celebi|94/100 tox|[from] Sandstorm
|-heal|p2a: Celebi|100/100 tox|[from] item: Leftovers
|-damage|p2a: Celebi|94/100 tox|[from] psn
|-heal|p1a: Skarmory|94/100|[from] item: Leftovers
|-damage|p1a: Skarmory|82/100|[from] Leech Seed|[of] p2a: Celebi
|-heal|p2a: Celebi|100/100 tox|[silent]
|upkeep
|turn|5
|
|t:|1730268914
|-curestatus|p2a: Celebi|tox|[from] ability: Natural Cure
|switch|p2a: Starmie|Starmie, shiny|100/100
|-damage|p2a: Starmie|88/100|[from] Spikes
|switch|p1a: Blissey|Blissey, F|100/100
|
|-weather|Sandstorm|[upkeep]
|-damage|p2a: Starmie|82/100|[from] Sandstorm
|-damage|p1a: Blissey|94/100|[from] Sandstorm
|-heal|p2a: Starmie|88/100|[from] item: Leftovers
|-heal|p1a: Blissey|100/100|[from] item: Leftovers
|upkeep
|turn|6
|
|t:|1730268928
|move|p2a: Starmie|Thunder Wave|p1a: Blissey
|-status|p1a: Blissey|par
|cant|p1a: Blissey|par
|
|-weather|Sandstorm|[upkeep]
|-damage|p2a: Starmie|82/100|[from] Sandstorm
|-damage|p1a: Blissey|94/100 par|[from] Sandstorm
|-heal|p2a: Starmie|88/100|[from] item: Leftovers
|-heal|p1a: Blissey|100/100 par|[from] item: Leftovers
|upkeep
|turn|7
|
|t:|1730268935
|-curestatus|p1a: Blissey|par|[from] ability: Natural Cure
|switch|p1a: Gengar|Gengar, M|100/100
|move|p2a: Starmie|Rapid Spin|p1a: Gengar
|-immune|p1a: Gengar
|
|-weather|Sandstorm|[upkeep]
|-damage|p2a: Starmie|82/100|[from] Sandstorm
|-damage|p1a: Gengar|94/100|[from] Sandstorm
|-heal|p2a: Starmie|88/100|[from] item: Leftovers
|-heal|p1a: Gengar|100/100|[from] item: Leftovers
|upkeep
|turn|8
|
|t:|1730268953
|move|p2a: Starmie|Thunder Wave|p1a: Gengar
|-status|p1a: Gengar|par
|move|p1a: Gengar|Thunderbolt|p2a: Starmie
|-supereffective|p2a: Starmie
|-damage|p2a: Starmie|25/100
|
|-weather|Sandstorm|[upkeep]
|-damage|p2a: Starmie|19/100|[from] Sandstorm
|-damage|p1a: Gengar|94/100 par|[from] Sandstorm
|-heal|p2a: Starmie|25/100|[from] item: Leftovers
|-heal|p1a: Gengar|100/100 par|[from] item: Leftovers
|upkeep
|turn|9
|
|t:|1730268963
|switch|p2a: Celebi|Celebi|100/100
|-damage|p2a: Celebi|88/100|[from] Spikes
|move|p1a: Gengar|Giga Drain|p2a: Celebi
|-resisted|p2a: Celebi
|-damage|p2a: Celebi|82/100
|
|-weather|Sandstorm|[upkeep]
|-damage|p2a: Celebi|75/100|[from] Sandstorm
|-damage|p1a: Gengar|94/100 par|[from] Sandstorm
|-heal|p2a: Celebi|82/100|[from] item: Leftovers
|-heal|p1a: Gengar|100/100 par|[from] item: Leftovers
|upkeep
|turn|10
|
|t:|1730268982
|switch|p1a: Skarmory|Skarmory, F|82/100
|move|p2a: Celebi|Leech Seed|p1a: Skarmory
|-start|p1a: Skarmory|move: Leech Seed
|
|-weather|Sandstorm|[upkeep]
|-damage|p2a: Celebi|75/100|[from] Sandstorm
|-heal|p2a: Celebi|82/100|[from] item: Leftovers
|-heal|p1a: Skarmory|88/100|[from] item: Leftovers
|-damage|p1a: Skarmory|76/100|[from] Leech Seed|[of] p2a: Celebi
|-heal|p2a: Celebi|92/100|[silent]
|upkeep
|turn|11
|
|t:|1730269001
|move|p2a: Celebi|Psychic|p1a: Skarmory
|-resisted|p1a: Skarmory
|-damage|p1a: Skarmory|60/100
|move|p1a: Skarmory|Spikes|p2a: Celebi
|-sidestart|p2: xXEricXx|Spikes
|
|-weather|Sandstorm|[upkeep]
|-damage|p2a: Celebi|86/100|[from] Sandstorm
|-heal|p2a: Celebi|92/100|[from] item: Leftovers
|-heal|p1a: Skarmory|66/100|[from] item: Leftovers
|-damage|p1a: Skarmory|54/100|[from] Leech Seed|[of] p2a: Celebi
|-heal|p2a: Celebi|100/100|[silent]
|upkeep
|turn|12
|
|t:|1730269014
|switch|p2a: Starmie|Starmie, shiny|25/100
|-damage|p2a: Starmie|9/100|[from] Spikes
|switch|p1a: Blissey|Blissey, F|100/100
|
|-weather|Sandstorm|[upkeep]
|-damage|p2a: Starmie|2/100|[from] Sandstorm
|-damage|p1a: Blissey|94/100|[from] Sandstorm
|-heal|p2a: Starmie|9/100|[from] item: Leftovers
|-heal|p1a: Blissey|100/100|[from] item: Leftovers
|upkeep
|turn|13
|
|t:|1730269023
|move|p2a: Starmie|Recover|p2a: Starmie
|-heal|p2a: Starmie|58/100
|move|p1a: Blissey|Thunder Wave|p2a: Starmie
|-status|p2a: Starmie|par
|
|-weather|Sandstorm|[upkeep]
|-damage|p1a: Blissey|94/100|[from] Sandstorm
|-damage|p2a: Starmie|52/100 par|[from] Sandstorm
|-heal|p1a: Blissey|100/100|[from] item: Leftovers
|-heal|p2a: Starmie|58/100 par|[from] item: Leftovers
|upkeep
|turn|14
|
|t:|1730269029
|switch|p1a: Gengar|Gengar, M|100/100 par
|move|p2a: Starmie|Recover|p2a: Starmie
|-heal|p2a: Starmie|100/100 par
|
|-weather|Sandstorm|[upkeep]
|-damage|p2a: Starmie|94/100 par|[from] Sandstorm
|-damage|p1a: Gengar|94/100 par|[from] Sandstorm
|-heal|p2a: Starmie|100/100 par|[from] item: Leftovers
|-heal|p1a: Gengar|100/100 par|[from] item: Leftovers
|upkeep
|turn|15
|
|t:|1730269039
|-curestatus|p2a: Starmie|par|[from] ability: Natural Cure
|switch|p2a: Celebi|Celebi|100/100
|-damage|p2a: Celebi|84/100|[from] Spikes
|cant|p1a: Gengar|par
|
|-weather|Sandstorm|[upkeep]
|-damage|p2a: Celebi|78/100|[from] Sandstorm
|-damage|p1a: Gengar|94/100 par|[from] Sandstorm
|-heal|p2a: Celebi|84/100|[from] item: Leftovers
|-heal|p1a: Gengar|100/100 par|[from] item: Leftovers
|upkeep
|turn|16
|
|t:|1730269048
|switch|p1a: Blissey|Blissey, F|100/100
|move|p2a: Celebi|Leech Seed|p1a: Blissey|[miss]
|-miss|p2a: Celebi|p1a: Blissey
|
|-weather|Sandstorm|[upkeep]
|-damage|p2a: Celebi|78/100|[from] Sandstorm
|-damage|p1a: Blissey|94/100|[from] Sandstorm
|-heal|p2a: Celebi|84/100|[from] item: Leftovers
|-heal|p1a: Blissey|100/100|[from] item: Leftovers
|upkeep
|turn|17
|
|t:|1730269056
|move|p2a: Celebi|Leech Seed|p1a: Blissey
|-start|p1a: Blissey|move: Leech Seed
|move|p1a: Blissey|Fire Blast|p2a: Celebi
|-supereffective|p2a: Celebi
|-damage|p2a: Celebi|40/100
|
|-weather|Sandstorm|[upkeep]
|-damage|p2a: Celebi|34/100|[from] Sandstorm
|-damage|p1a: Blissey|94/100|[from] Sandstorm
|-heal|p2a: Celebi|40/100|[from] item: Leftovers
|-heal|p1a: Blissey|100/100|[from] item: Leftovers
|-damage|p1a: Blissey|88/100|[from] Leech Seed|[of] p2a: Celebi
|-heal|p2a: Celebi|60/100|[silent]
|upkeep
|turn|18
|
|t:|1730269068
|switch|p1a: Skarmory|Skarmory, F|54/100
|move|p2a: Celebi|Leech Seed|p1a: Skarmory
|-start|p1a: Skarmory|move: Leech Seed
|
|-weather|Sandstorm|[upkeep]
|-damage|p2a: Celebi|54/100|[from] Sandstorm
|-heal|p2a: Celebi|60/100|[from] item: Leftovers
|-heal|p1a: Skarmory|60/100|[from] item: Leftovers
|-damage|p1a: Skarmory|47/100|[from] Leech Seed|[of] p2a: Celebi
|-heal|p2a: Celebi|70/100|[silent]
|upkeep
|turn|19
|
|t:|1730269081
|switch|p2a: Starmie|Starmie, shiny|100/100
|-damage|p2a: Starmie|84/100|[from] Spikes
|switch|p1a: Blissey|Blissey, F|88/100
|
|-weather|Sandstorm|[upkeep]
|-damage|p2a: Starmie|78/100|[from] Sandstorm
|-damage|p1a: Blissey|82/100|[from] Sandstorm
|-heal|p2a: Starmie|84/100|[from] item: Leftovers
|-heal|p1a: Blissey|88/100|[from] item: Leftovers
|upkeep
|turn|20
|
|t:|1730269096
|move|p2a: Starmie|Rapid Spin|p1a: Blissey
|-damage|p1a: Blissey|85/100
|-sideend|p2: xXEricXx|Spikes|[from] move: Rapid Spin|[of] p2a: Starmie
|move|p1a: Blissey|Thunder Wave|p2a: Starmie
|-status|p2a: Starmie|par
|
|-weather|Sandstorm|[upkeep]
|-damage|p1a: Blissey|79/100|[from] Sandstorm
|-damage|p2a: Starmie|78/100 par|[from] Sandstorm
|-heal|p1a: Blissey|85/100|[from] item: Leftovers
|-heal|p2a: Starmie|84/100 par|[from] item: Leftovers
|upkeep
|turn|21
|inactive|LilBigBamSam has 270 seconds left.
|inactive|LilBigBamSam has 240 seconds left.
|
|t:|1730269158
|move|p1a: Blissey|Ice Beam|p2a: Starmie
|-resisted|p2a: Starmie
|-damage|p2a: Starmie|70/100 par
|move|p2a: Starmie|Thunder Wave|p1a: Blissey
|-status|p1a: Blissey|par
|
|-weather|Sandstorm|[upkeep]
|-damage|p2a: Starmie|64/100 par|[from] Sandstorm
|-damage|p1a: Blissey|79/100 par|[from] Sandstorm
|-heal|p2a: Starmie|70/100 par|[from] item: Leftovers
|-heal|p1a: Blissey|85/100 par|[from] item: Leftovers
|upkeep
|turn|22
|
|t:|1730269167
|move|p2a: Starmie|Thunder Wave|p1a: Blissey
|-fail|p1a: Blissey|par
|move|p1a: Blissey|Ice Beam|p2a: Starmie
|-resisted|p2a: Starmie
|-damage|p2a: Starmie|56/100 par
|
|-weather|Sandstorm|[upkeep]
|-damage|p2a: Starmie|49/100 par|[from] Sandstorm
|-damage|p1a: Blissey|79/100 par|[from] Sandstorm
|-heal|p2a: Starmie|56/100 par|[from] item: Leftovers
|-heal|p1a: Blissey|85/100 par|[from] item: Leftovers
|upkeep
|turn|23
|
|t:|1730269176
|cant|p2a: Starmie|par
|move|p1a: Blissey|Ice Beam|p2a: Starmie
|-resisted|p2a: Starmie
|-damage|p2a: Starmie|41/100 par
|
|-weather|Sandstorm|[upkeep]
|-damage|p2a: Starmie|35/100 par|[from] Sandstorm
|-damage|p1a: Blissey|79/100 par|[from] Sandstorm
|-heal|p2a: Starmie|41/100 par|[from] item: Leftovers
|-heal|p1a: Blissey|85/100 par|[from] item: Leftovers
|upkeep
|turn|24
|
|t:|1730269185
|-curestatus|p1a: Blissey|par|[from] ability: Natural Cure
|switch|p1a: Swampert|Swampert, M|100/100
|move|p2a: Starmie|Recover|p2a: Starmie
|-heal|p2a: Starmie|91/100 par
|
|-weather|Sandstorm|[upkeep]
|-damage|p2a: Starmie|84/100 par|[from] Sandstorm
|-heal|p2a: Starmie|91/100 par|[from] item: Leftovers
|upkeep
|turn|25
|
|t:|1730269197
|-curestatus|p2a: Starmie|par|[from] ability: Natural Cure
|switch|p2a: Celebi|Celebi|70/100
|move|p1a: Swampert|Earthquake|p2a: Celebi
|-resisted|p2a: Celebi
|-damage|p2a: Celebi|56/100
|
|-weather|Sandstorm|[upkeep]
|-damage|p2a: Celebi|50/100|[from] Sandstorm
|-heal|p2a: Celebi|56/100|[from] item: Leftovers
|upkeep
|turn|26
|
|t:|1730269215
|move|p2a: Celebi|Recover|p2a: Celebi
|-heal|p2a: Celebi|100/100
|move|p1a: Swampert|Ice Beam|p2a: Celebi
|-supereffective|p2a: Celebi
|-damage|p2a: Celebi|70/100
|
|-weather|Sandstorm|[upkeep]
|-damage|p2a: Celebi|64/100|[from] Sandstorm
|-heal|p2a: Celebi|70/100|[from] item: Leftovers
|upkeep
|turn|27
|
|t:|1730269223
|switch|p2a: Skarmory|Skarmory, M|100/100
|move|p1a: Swampert|Ice Beam|p2a: Skarmory
|-damage|p2a: Skarmory|81/100
|
|-weather|Sandstorm|[upkeep]
|-heal|p2a: Skarmory|87/100|[from] item: Leftovers
|upkeep
|turn|28
|
|t:|1730269232
|switch|p1a: Tyranitar|Tyranitar, M|100/100
|move|p2a: Skarmory|Spikes|p1a: Tyranitar
|-sidestart|p1: LilBigBamSam|Spikes
|
|-weather|Sandstorm|[upkeep]
|-heal|p2a: Skarmory|93/100|[from] item: Leftovers
|upkeep
|turn|29
|
|t:|1730269258
|move|p1a: Tyranitar|Fire Blast|p2a: Skarmory
|-supereffective|p2a: Skarmory
|-damage|p2a: Skarmory|28/100
|move|p2a: Skarmory|Roar|p1a: Tyranitar
|drag|p1a: Blissey|Blissey, F|85/100
|-damage|p1a: Blissey|73/100|[from] Spikes
|
|-weather|Sandstorm|[upkeep]
|-damage|p1a: Blissey|67/100|[from] Sandstorm
|-heal|p2a: Skarmory|34/100|[from] item: Leftovers
|-heal|p1a: Blissey|73/100|[from] item: Leftovers
|upkeep
|turn|30
|
|t:|1730269269
|switch|p2a: Starmie|Starmie, shiny|91/100
|move|p1a: Blissey|Fire Blast|p2a: Starmie|[miss]
|-miss|p1a: Blissey|p2a: Starmie
|
|-weather|Sandstorm|[upkeep]
|-damage|p2a: Starmie|84/100|[from] Sandstorm
|-damage|p1a: Blissey|67/100|[from] Sandstorm
|-heal|p2a: Starmie|91/100|[from] item: Leftovers
|-heal|p1a: Blissey|73/100|[from] item: Leftovers
|upkeep
|turn|31
|inactive|xXEricXx has 270 seconds left.
|
|t:|1730269291
|move|p2a: Starmie|Rapid Spin|p1a: Blissey
|-damage|p1a: Blissey|70/100
|move|p1a: Blissey|Thunder Wave|p2a: Starmie
|-status|p2a: Starmie|par
|
|-weather|Sandstorm|[upkeep]
|-damage|p1a: Blissey|64/100|[from] Sandstorm
|-damage|p2a: Starmie|84/100 par|[from] Sandstorm
|-heal|p1a: Blissey|70/100|[from] item: Leftovers
|-heal|p2a: Starmie|91/100 par|[from] item: Leftovers
|upkeep
|turn|32
|inactive|xXEricXx has 270 seconds left.
|
|t:|1730269303
|move|p1a: Blissey|Soft-Boiled|p1a: Blissey
|-heal|p1a: Blissey|100/100
|move|p2a: Starmie|Surf|p1a: Blissey
|-damage|p1a: Blissey|88/100
|
|-weather|Sandstorm|[upkeep]
|-damage|p1a: Blissey|81/100|[from] Sandstorm
|-damage|p2a: Starmie|84/100 par|[from] Sandstorm
|-heal|p1a: Blissey|88/100|[from] item: Leftovers
|-heal|p2a: Starmie|91/100 par|[from] item: Leftovers
|upkeep
|turn|33
|
|t:|1730269312
|switch|p1a: Starmie|Starmie|100/100
|-damage|p1a: Starmie|88/100|[from] Spikes
|move|p2a: Starmie|Surf|p1a: Starmie
|-resisted|p1a: Starmie
|-damage|p1a: Starmie|67/100
|
|-weather|Sandstorm|[upkeep]
|-damage|p1a: Starmie|61/100|[from] Sandstorm
|-damage|p2a: Starmie|84/100 par|[from] Sandstorm
|-heal|p1a: Starmie|67/100|[from] item: Leftovers
|-heal|p2a: Starmie|91/100 par|[from] item: Leftovers
|upkeep
|turn|34
|inactive|xXEricXx has 270 seconds left.
|
|t:|1730269338
|-curestatus|p2a: Starmie|par|[from] ability: Natural Cure
|switch|p2a: Swampert|Swampert, M, shiny|92/100
|move|p1a: Starmie|Rapid Spin|p2a: Swampert
|-crit|p2a: Swampert
|-damage|p2a: Swampert|88/100
|-sideend|p1: LilBigBamSam|Spikes|[from] move: Rapid Spin|[of] p1a: Starmie
|
|-weather|Sandstorm|[upkeep]
|-damage|p1a: Starmie|61/100|[from] Sandstorm
|-heal|p1a: Starmie|67/100|[from] item: Leftovers
|-heal|p2a: Swampert|94/100|[from] item: Leftovers
|upkeep
|turn|35
|
|t:|1730269363
|move|p1a: Starmie|Recover|p1a: Starmie
|-heal|p1a: Starmie|100/100
|move|p2a: Swampert|Earthquake|p1a: Starmie
|-damage|p1a: Starmie|53/100
|
|-weather|Sandstorm|[upkeep]
|-damage|p1a: Starmie|46/100|[from] Sandstorm
|-heal|p1a: Starmie|53/100|[from] item: Leftovers
|-heal|p2a: Swampert|99/100|[from] item: Leftovers
|upkeep
|turn|36
|
|t:|1730269371
|move|p1a: Starmie|Recover|p1a: Starmie
|-heal|p1a: Starmie|100/100
|move|p2a: Swampert|Earthquake|p1a: Starmie
|-damage|p1a: Starmie|56/100
|
|-weather|Sandstorm|[upkeep]
|-damage|p1a: Starmie|50/100|[from] Sandstorm
|-heal|p1a: Starmie|56/100|[from] item: Leftovers
|-heal|p2a: Swampert|100/100|[from] item: Leftovers
|upkeep
|turn|37
|
|t:|1730269379
|switch|p1a: Skarmory|Skarmory, F|47/100
|move|p2a: Swampert|Earthquake|p1a: Skarmory
|-immune|p1a: Skarmory
|
|-weather|Sandstorm|[upkeep]
|-heal|p1a: Skarmory|53/100|[from] item: Leftovers
|upkeep
|turn|38
|inactive|xXEricXx has 270 seconds left.
|
|t:|1730269388
|switch|p2a: Starmie|Starmie, shiny|91/100
|move|p1a: Skarmory|Toxic|p2a: Starmie
|-status|p2a: Starmie|tox
|
|-weather|Sandstorm|[upkeep]
|-damage|p2a: Starmie|84/100 tox|[from] Sandstorm
|-heal|p2a: Starmie|91/100 tox|[from] item: Leftovers
|-damage|p2a: Starmie|84/100 tox|[from] psn
|-heal|p1a: Skarmory|59/100|[from] item: Leftovers
|upkeep
|turn|39
|
|t:|1730269397
|move|p1a: Skarmory|Protect|p1a: Skarmory
|-singleturn|p1a: Skarmory|Protect
|move|p2a: Starmie|Thunder Wave|p1a: Skarmory
|-activate|p1a: Skarmory|Protect
|
|-weather|Sandstorm|[upkeep]
|-damage|p2a: Starmie|78/100 tox|[from] Sandstorm
|-heal|p2a: Starmie|84/100 tox|[from] item: Leftovers
|-damage|p2a: Starmie|72/100 tox|[from] psn
|-heal|p1a: Skarmory|65/100|[from] item: Leftovers
|upkeep
|turn|40
|
|t:|1730269405
|-curestatus|p2a: Starmie|tox|[from] ability: Natural Cure
|switch|p2a: Celebi|Celebi|70/100
|switch|p1a: Gengar|Gengar, M|100/100 par
|
|-weather|Sandstorm|[upkeep]
|-damage|p2a: Celebi|64/100|[from] Sandstorm
|-damage|p1a: Gengar|94/100 par|[from] Sandstorm
|-heal|p2a: Celebi|70/100|[from] item: Leftovers
|-heal|p1a: Gengar|100/100 par|[from] item: Leftovers
|upkeep
|turn|41
|
|t:|1730269418
|switch|p1a: Tyranitar|Tyranitar, M|100/100
|move|p2a: Celebi|Leech Seed|p1a: Tyranitar
|-start|p1a: Tyranitar|move: Leech Seed
|
|-weather|Sandstorm|[upkeep]
|-damage|p2a: Celebi|64/100|[from] Sandstorm
|-heal|p2a: Celebi|70/100|[from] item: Leftovers
|-damage|p1a: Tyranitar|88/100|[from] Leech Seed|[of] p2a: Celebi
|-heal|p2a: Celebi|81/100|[silent]
|upkeep
|turn|42
|
|t:|1730269439
|switch|p1a: Blissey|Blissey, F|88/100
|move|p2a: Celebi|Hidden Power|p1a: Blissey
|-damage|p1a: Blissey|78/100
|
|-weather|Sandstorm|[upkeep]
|-damage|p2a: Celebi|74/100|[from] Sandstorm
|-damage|p1a: Blissey|72/100|[from] Sandstorm
|-heal|p2a: Celebi|81/100|[from] item: Leftovers
|-heal|p1a: Blissey|78/100|[from] item: Leftovers
|upkeep
|turn|43
|inactive|xXEricXx has 270 seconds left.
|
|t:|1730269458
|move|p2a: Celebi|Leech Seed|p1a: Blissey
|-start|p1a: Blissey|move: Leech Seed
|move|p1a: Blissey|Fire Blast|p2a: Celebi
|-supereffective|p2a: Celebi
|-damage|p2a: Celebi|30/100
|
|-weather|Sandstorm|[upkeep]
|-damage|p2a: Celebi|24/100|[from] Sandstorm
|-damage|p1a: Blissey|72/100|[from] Sandstorm
|-heal|p2a: Celebi|30/100|[from] item: Leftovers
|-heal|p1a: Blissey|78/100|[from] item: Leftovers
|-damage|p1a: Blissey|65/100|[from] Leech Seed|[of] p2a: Celebi
|-heal|p2a: Celebi|50/100|[silent]
|upkeep
|turn|44
|
|t:|1730269472
|switch|p1a: Swampert|Swampert, M|100/100
|move|p2a: Celebi|Recover|p2a: Celebi
|-heal|p2a: Celebi|99/100
|
|-weather|Sandstorm|[upkeep]
|-damage|p2a: Celebi|94/100|[from] Sandstorm
|-heal|p2a: Celebi|99/100|[from] item: Leftovers
|upkeep
|turn|45
|
|t:|1730269478
|switch|p1a: Blissey|Blissey, F|65/100
|move|p2a: Celebi|Hidden Power|p1a: Blissey
|-damage|p1a: Blissey|56/100
|
|-weather|Sandstorm|[upkeep]
|-damage|p2a: Celebi|94/100|[from] Sandstorm
|-damage|p1a: Blissey|50/100|[from] Sandstorm
|-heal|p2a: Celebi|99/100|[from] item: Leftovers
|-heal|p1a: Blissey|56/100|[from] item: Leftovers
|upkeep
|turn|46
|inactive|xXEricXx has 270 seconds left.
|
|t:|1730269504
|switch|p2a: Starmie|Starmie, shiny|72/100
|move|p1a: Blissey|Soft-Boiled|p1a: Blissey
|-heal|p1a: Blissey|100/100
|
|-weather|Sandstorm|[upkeep]
|-damage|p2a: Starmie|66/100|[from] Sandstorm
|-damage|p1a: Blissey|94/100|[from] Sandstorm
|-heal|p2a: Starmie|72/100|[from] item: Leftovers
|-heal|p1a: Blissey|100/100|[from] item: Leftovers
|upkeep
|turn|47
|
|t:|1730269513
|move|p2a: Starmie|Surf|p1a: Blissey
|-damage|p1a: Blissey|86/100
|move|p1a: Blissey|Thunder Wave|p2a: Starmie
|-status|p2a: Starmie|par
|
|-weather|Sandstorm|[upkeep]
|-damage|p1a: Blissey|80/100|[from] Sandstorm
|-damage|p2a: Starmie|66/100 par|[from] Sandstorm
|-heal|p1a: Blissey|86/100|[from] item: Leftovers
|-heal|p2a: Starmie|72/100 par|[from] item: Leftovers
|upkeep
|turn|48
|inactive|xXEricXx has 270 seconds left.
|inactive|xXEricXx disconnected and has 300 seconds to reconnect!
|player|p2|
|inactive|xXEricXx has 270 seconds to reconnect!
|inactive|xXEricXx reconnected and has 260 seconds left.
|player|p2|xXEricXx|red|
|
|t:|1730269600
|switch|p1a: Gengar|Gengar, M|100/100 par
|move|p2a: Starmie|Recover|p2a: Starmie
|-heal|p2a: Starmie|100/100 par
|
|-weather|Sandstorm|[upkeep]
|-damage|p2a: Starmie|94/100 par|[from] Sandstorm
|-damage|p1a: Gengar|94/100 par|[from] Sandstorm
|-heal|p2a: Starmie|100/100 par|[from] item: Leftovers
|-heal|p1a: Gengar|100/100 par|[from] item: Leftovers
|upkeep
|turn|49
|
|t:|1730269615
|-curestatus|p2a: Starmie|par|[from] ability: Natural Cure
|switch|p2a: Celebi|Celebi|99/100
|move|p1a: Gengar|Will-O-Wisp|p2a: Celebi
|-status|p2a: Celebi|brn
|
|-weather|Sandstorm|[upkeep]
|-damage|p2a: Celebi|94/100 brn|[from] Sandstorm
|-damage|p1a: Gengar|94/100 par|[from] Sandstorm
|-heal|p2a: Celebi|99/100 brn|[from] item: Leftovers
|-damage|p2a: Celebi|88/100 brn|[from] brn
|-heal|p1a: Gengar|100/100 par|[from] item: Leftovers
|upkeep
|turn|50
|
|t:|1730269642
|-curestatus|p2a: Celebi|brn|[from] ability: Natural Cure
|switch|p2a: Starmie|Starmie, shiny|100/100
|switch|p1a: Blissey|Blissey, F|86/100
|
|-weather|Sandstorm|[upkeep]
|-damage|p2a: Starmie|94/100|[from] Sandstorm
|-damage|p1a: Blissey|80/100|[from] Sandstorm
|-heal|p2a: Starmie|100/100|[from] item: Leftovers
|-heal|p1a: Blissey|86/100|[from] item: Leftovers
|upkeep
|turn|51
|
|t:|1730269651
|move|p2a: Starmie|Rapid Spin|p1a: Blissey
|-damage|p1a: Blissey|83/100
|move|p1a: Blissey|Thunder Wave|p2a: Starmie
|-status|p2a: Starmie|par
|
|-weather|Sandstorm|[upkeep]
|-damage|p1a: Blissey|77/100|[from] Sandstorm
|-damage|p2a: Starmie|94/100 par|[from] Sandstorm
|-heal|p1a: Blissey|83/100|[from] item: Leftovers
|-heal|p2a: Starmie|100/100 par|[from] item: Leftovers
|upkeep
|turn|52
|
|t:|1730269661
|switch|p1a: Gengar|Gengar, M|100/100 par
|cant|p2a: Starmie|par
|
|-weather|Sandstorm|[upkeep]
|-damage|p2a: Starmie|94/100 par|[from] Sandstorm
|-damage|p1a: Gengar|94/100 par|[from] Sandstorm
|-heal|p2a: Starmie|100/100 par|[from] item: Leftovers
|-heal|p1a: Gengar|100/100 par|[from] item: Leftovers
|upkeep
|turn|53
|
|t:|1730269678
|move|p2a: Starmie|Surf|p1a: Gengar
|-damage|p1a: Gengar|61/100 par
|move|p1a: Gengar|Thunderbolt|p2a: Starmie
|-supereffective|p2a: Starmie
|-damage|p2a: Starmie|38/100 par
|
|-weather|Sandstorm|[upkeep]
|-damage|p2a: Starmie|32/100 par|[from] Sandstorm
|-damage|p1a: Gengar|54/100 par|[from] Sandstorm
|-heal|p2a: Starmie|38/100 par|[from] item: Leftovers
|-heal|p1a: Gengar|61/100 par|[from] item: Leftovers
|upkeep
|turn|54
|
|t:|1730269688
|-curestatus|p2a: Starmie|par|[from] ability: Natural Cure
|switch|p2a: Celebi|Celebi|88/100
|move|p1a: Gengar|Thunderbolt|p2a: Celebi
|-resisted|p2a: Celebi
|-damage|p2a: Celebi|77/100
|
|-weather|Sandstorm|[upkeep]
|-damage|p2a: Celebi|71/100|[from] Sandstorm
|-damage|p1a: Gengar|54/100 par|[from] Sandstorm
|-heal|p2a: Celebi|77/100|[from] item: Leftovers
|-heal|p1a: Gengar|61/100 par|[from] item: Leftovers
|upkeep
|turn|55
|inactive|xXEricXx has 270 seconds left.
|
|t:|1730269701
|switch|p1a: Tyranitar|Tyranitar, M|88/100
|move|p2a: Celebi|Leech Seed|p1a: Tyranitar
|-start|p1a: Tyranitar|move: Leech Seed
|
|-weather|Sandstorm|[upkeep]
|-damage|p2a: Celebi|71/100|[from] Sandstorm
|-heal|p2a: Celebi|77/100|[from] item: Leftovers
|-damage|p1a: Tyranitar|76/100|[from] Leech Seed|[of] p2a: Celebi
|-heal|p2a: Celebi|88/100|[silent]
|upkeep
|turn|56
|inactive|xXEricXx has 270 seconds left.
|
|t:|1730269716
|switch|p2a: Starmie|Starmie, shiny|38/100
|switch|p1a: Blissey|Blissey, F|83/100
|
|-weather|Sandstorm|[upkeep]
|-damage|p2a: Starmie|32/100|[from] Sandstorm
|-damage|p1a: Blissey|77/100|[from] Sandstorm
|-heal|p2a: Starmie|38/100|[from] item: Leftovers
|-heal|p1a: Blissey|83/100|[from] item: Leftovers
|upkeep
|turn|57
|
|t:|1730269728
|move|p2a: Starmie|Recover|p2a: Starmie
|-heal|p2a: Starmie|88/100
|move|p1a: Blissey|Ice Beam|p2a: Starmie
|-resisted|p2a: Starmie
|-damage|p2a: Starmie|74/100
|
|-weather|Sandstorm|[upkeep]
|-damage|p2a: Starmie|68/100|[from] Sandstorm
|-damage|p1a: Blissey|77/100|[from] Sandstorm
|-heal|p2a: Starmie|74/100|[from] item: Leftovers
|-heal|p1a: Blissey|83/100|[from] item: Leftovers
|upkeep
|turn|58
|
|t:|1730269736
|move|p2a: Starmie|Rapid Spin|p1a: Blissey
|-damage|p1a: Blissey|80/100
|move|p1a: Blissey|Thunder Wave|p2a: Starmie
|-status|p2a: Starmie|par
|
|-weather|Sandstorm|[upkeep]
|-damage|p1a: Blissey|74/100|[from] Sandstorm
|-damage|p2a: Starmie|68/100 par|[from] Sandstorm
|-heal|p1a: Blissey|80/100|[from] item: Leftovers
|-heal|p2a: Starmie|74/100 par|[from] item: Leftovers
|upkeep
|turn|59
|
|t:|1730269746
|switch|p1a: Starmie|Starmie|56/100
|move|p2a: Starmie|Recover|p2a: Starmie
|-heal|p2a: Starmie|100/100 par
|
|-weather|Sandstorm|[upkeep]
|-damage|p1a: Starmie|50/100|[from] Sandstorm
|-damage|p2a: Starmie|94/100 par|[from] Sandstorm
|-heal|p1a: Starmie|56/100|[from] item: Leftovers
|-heal|p2a: Starmie|100/100 par|[from] item: Leftovers
|upkeep
|turn|60
|
|t:|1730269750
|-curestatus|p2a: Starmie|par|[from] ability: Natural Cure
|switch|p2a: Celebi|Celebi|88/100
|move|p1a: Starmie|Recover|p1a: Starmie
|-heal|p1a: Starmie|100/100
|
|-weather|Sandstorm|[upkeep]
|-damage|p1a: Starmie|94/100|[from] Sandstorm
|-damage|p2a: Celebi|81/100|[from] Sandstorm
|-heal|p1a: Starmie|100/100|[from] item: Leftovers
|-heal|p2a: Celebi|88/100|[from] item: Leftovers
|upkeep
|turn|61
|
|t:|1730269765
|switch|p1a: Blissey|Blissey, F|80/100
|move|p2a: Celebi|Recover|p2a: Celebi
|-heal|p2a: Celebi|100/100
|
|-weather|Sandstorm|[upkeep]
|-damage|p2a: Celebi|94/100|[from] Sandstorm
|-damage|p1a: Blissey|74/100|[from] Sandstorm
|-heal|p2a: Celebi|100/100|[from] item: Leftovers
|-heal|p1a: Blissey|80/100|[from] item: Leftovers
|upkeep
|turn|62
|
|t:|1730269772
|switch|p2a: Starmie|Starmie, shiny|100/100
|move|p1a: Blissey|Ice Beam|p2a: Starmie
|-resisted|p2a: Starmie
|-damage|p2a: Starmie|87/100
|
|-weather|Sandstorm|[upkeep]
|-damage|p2a: Starmie|81/100|[from] Sandstorm
|-damage|p1a: Blissey|74/100|[from] Sandstorm
|-heal|p2a: Starmie|87/100|[from] item: Leftovers
|-heal|p1a: Blissey|80/100|[from] item: Leftovers
|upkeep
|turn|63
|
|t:|1730269787
|switch|p1a: Starmie|Starmie|100/100
|move|p2a: Starmie|Surf|p1a: Starmie
|-resisted|p1a: Starmie
|-damage|p1a: Starmie|80/100
|
|-weather|Sandstorm|[upkeep]
|-damage|p1a: Starmie|74/100|[from] Sandstorm
|-damage|p2a: Starmie|81/100|[from] Sandstorm
|-heal|p1a: Starmie|80/100|[from] item: Leftovers
|-heal|p2a: Starmie|87/100|[from] item: Leftovers
|upkeep
|turn|64
|
|t:|1730269808
|switch|p2a: Celebi|Celebi|100/100
|move|p1a: Starmie|Thunder Wave|p2a: Celebi
|-status|p2a: Celebi|par
|
|-weather|Sandstorm|[upkeep]
|-damage|p1a: Starmie|74/100|[from] Sandstorm
|-damage|p2a: Celebi|94/100 par|[from] Sandstorm
|-heal|p1a: Starmie|80/100|[from] item: Leftovers
|-heal|p2a: Celebi|100/100 par|[from] item: Leftovers
|upkeep
|turn|65
|
|t:|1730269819
|switch|p1a: Tyranitar|Tyranitar, M|76/100
|-curestatus|p2a: Celebi|par|[from] ability: Natural Cure
|switch|p2a: Starmie|Starmie, shiny|87/100
|
|-weather|Sandstorm|[upkeep]
|-damage|p2a: Starmie|81/100|[from] Sandstorm
|-heal|p2a: Starmie|87/100|[from] item: Leftovers
|upkeep
|turn|66
|
|t:|1730269836
|switch|p1a: Blissey|Blissey, F|80/100
|move|p2a: Starmie|Surf|p1a: Blissey
|-damage|p1a: Blissey|68/100
|
|-weather|Sandstorm|[upkeep]
|-damage|p2a: Starmie|81/100|[from] Sandstorm
|-damage|p1a: Blissey|62/100|[from] Sandstorm
|-heal|p2a: Starmie|87/100|[from] item: Leftovers
|-heal|p1a: Blissey|68/100|[from] item: Leftovers
|upkeep
|turn|67
|inactive|xXEricXx has 270 seconds left.
|
|t:|1730269852
|move|p2a: Starmie|Thunder Wave|p1a: Blissey
|-status|p1a: Blissey|par
|cant|p1a: Blissey|par
|
|-weather|Sandstorm|[upkeep]
|-damage|p2a: Starmie|81/100|[from] Sandstorm
|-damage|p1a: Blissey|62/100 par|[from] Sandstorm
|-heal|p2a: Starmie|87/100|[from] item: Leftovers
|-heal|p1a: Blissey|68/100 par|[from] item: Leftovers
|upkeep
|turn|68
|
|t:|1730269858
|switch|p2a: Skarmory|Skarmory, M|34/100
|cant|p1a: Blissey|par
|
|-weather|Sandstorm|[upkeep]
|-damage|p1a: Blissey|62/100 par|[from] Sandstorm
|-heal|p2a: Skarmory|40/100|[from] item: Leftovers
|-heal|p1a: Blissey|68/100 par|[from] item: Leftovers
|upkeep
|turn|69
|
|t:|1730269866
|move|p2a: Skarmory|Protect|p2a: Skarmory
|-singleturn|p2a: Skarmory|Protect
|move|p1a: Blissey|Fire Blast|p2a: Skarmory
|-activate|p2a: Skarmory|Protect
|
|-weather|Sandstorm|[upkeep]
|-damage|p1a: Blissey|62/100 par|[from] Sandstorm
|-heal|p2a: Skarmory|46/100|[from] item: Leftovers
|-heal|p1a: Blissey|68/100 par|[from] item: Leftovers
|upkeep
|turn|70
|
|t:|1730269874
|switch|p2a: Starmie|Starmie, shiny|87/100
|move|p1a: Blissey|Thunder Wave|p2a: Starmie
|-status|p2a: Starmie|par
|
|-weather|Sandstorm|[upkeep]
|-damage|p2a: Starmie|81/100 par|[from] Sandstorm
|-damage|p1a: Blissey|62/100 par|[from] Sandstorm
|-heal|p2a: Starmie|87/100 par|[from] item: Leftovers
|-heal|p1a: Blissey|68/100 par|[from] item: Leftovers
|upkeep
|turn|71
|
|t:|1730269894
|-curestatus|p2a: Starmie|par|[from] ability: Natural Cure
|switch|p2a: Swampert|Swampert, M, shiny|100/100
|move|p1a: Blissey|Soft-Boiled|p1a: Blissey
|-heal|p1a: Blissey|100/100 par
|
|-weather|Sandstorm|[upkeep]
|-damage|p1a: Blissey|94/100 par|[from] Sandstorm
|-heal|p1a: Blissey|100/100 par|[from] item: Leftovers
|upkeep
|turn|72
|
|t:|1730269905
|-curestatus|p1a: Blissey|par|[from] ability: Natural Cure
|switch|p1a: Skarmory|Skarmory, F|65/100
|move|p2a: Swampert|Ice Beam|p1a: Skarmory
|-damage|p1a: Skarmory|47/100
|
|-weather|Sandstorm|[upkeep]
|-heal|p1a: Skarmory|53/100|[from] item: Leftovers
|upkeep
|turn|73
|
|t:|1730269914
|switch|p2a: Starmie|Starmie, shiny|87/100
|move|p1a: Skarmory|Toxic|p2a: Starmie|[miss]
|-miss|p1a: Skarmory|p2a: Starmie
|
|-weather|Sandstorm|[upkeep]
|-damage|p2a: Starmie|81/100|[from] Sandstorm
|-heal|p2a: Starmie|87/100|[from] item: Leftovers
|-heal|p1a: Skarmory|59/100|[from] item: Leftovers
|upkeep
|turn|74
|
|t:|1730269924
|move|p1a: Skarmory|Protect|p1a: Skarmory
|-singleturn|p1a: Skarmory|Protect
|move|p2a: Starmie|Thunder Wave|p1a: Skarmory
|-activate|p1a: Skarmory|Protect
|
|-weather|Sandstorm|[upkeep]
|-damage|p2a: Starmie|81/100|[from] Sandstorm
|-heal|p2a: Starmie|87/100|[from] item: Leftovers
|-heal|p1a: Skarmory|65/100|[from] item: Leftovers
|upkeep
|turn|75
|
|t:|1730269941
|switch|p1a: Blissey|Blissey, F|100/100
|move|p2a: Starmie|Thunder Wave|p1a: Blissey
|-status|p1a: Blissey|par
|
|-weather|Sandstorm|[upkeep]
|-damage|p2a: Starmie|81/100|[from] Sandstorm
|-damage|p1a: Blissey|94/100 par|[from] Sandstorm
|-heal|p2a: Starmie|87/100|[from] item: Leftovers
|-heal|p1a: Blissey|100/100 par|[from] item: Leftovers
|upkeep
|turn|76
|
|t:|1730269951
|switch|p2a: Swampert|Swampert, M, shiny|100/100
|-curestatus|p1a: Blissey|par|[from] ability: Natural Cure
|switch|p1a: Starmie|Starmie|80/100
|
|-weather|Sandstorm|[upkeep]
|-damage|p1a: Starmie|74/100|[from] Sandstorm
|-heal|p1a: Starmie|80/100|[from] item: Leftovers
|upkeep
|turn|77
|
|t:|1730269962
|move|p1a: Starmie|Recover|p1a: Starmie
|-heal|p1a: Starmie|100/100
|move|p2a: Swampert|Earthquake|p1a: Starmie
|-damage|p1a: Starmie|55/100
|
|-weather|Sandstorm|[upkeep]
|-damage|p1a: Starmie|48/100|[from] Sandstorm
|-heal|p1a: Starmie|55/100|[from] item: Leftovers
|upkeep
|turn|78
|
|t:|1730269972
|move|p1a: Starmie|Recover|p1a: Starmie
|-heal|p1a: Starmie|100/100
|move|p2a: Swampert|Ice Beam|p1a: Starmie
|-resisted|p1a: Starmie
|-damage|p1a: Starmie|88/100
|
|-weather|Sandstorm|[upkeep]
|-damage|p1a: Starmie|82/100|[from] Sandstorm
|-heal|p1a: Starmie|88/100|[from] item: Leftovers
|upkeep
|turn|79
|
|t:|1730269980
|switch|p2a: Celebi|Celebi|100/100
|move|p1a: Starmie|Surf|p2a: Celebi
|-resisted|p2a: Celebi
|-damage|p2a: Celebi|88/100
|
|-weather|Sandstorm|[upkeep]
|-damage|p1a: Starmie|82/100|[from] Sandstorm
|-damage|p2a: Celebi|81/100|[from] Sandstorm
|-heal|p1a: Starmie|88/100|[from] item: Leftovers
|-heal|p2a: Celebi|88/100|[from] item: Leftovers
|upkeep
|turn|80
|
|t:|1730269988
|switch|p1a: Blissey|Blissey, F|100/100
|move|p2a: Celebi|Hidden Power|p1a: Blissey
|-damage|p1a: Blissey|91/100
|
|-weather|Sandstorm|[upkeep]
|-damage|p2a: Celebi|81/100|[from] Sandstorm
|-damage|p1a: Blissey|85/100|[from] Sandstorm
|-heal|p2a: Celebi|88/100|[from] item: Leftovers
|-heal|p1a: Blissey|91/100|[from] item: Leftovers
|upkeep
|turn|81
|
|t:|1730269998
|switch|p2a: Starmie|Starmie, shiny|87/100
|switch|p1a: Skarmory|Skarmory, F|65/100
|
|-weather|Sandstorm|[upkeep]
|-damage|p2a: Starmie|81/100|[from] Sandstorm
|-heal|p2a: Starmie|87/100|[from] item: Leftovers
|-heal|p1a: Skarmory|71/100|[from] item: Leftovers
|upkeep
|turn|82
|
|t:|1730270010
|switch|p1a: Blissey|Blissey, F|91/100
|move|p2a: Starmie|Rapid Spin|p1a: Blissey
|-damage|p1a: Blissey|88/100
|
|-weather|Sandstorm|[upkeep]
|-damage|p2a: Starmie|81/100|[from] Sandstorm
|-damage|p1a: Blissey|81/100|[from] Sandstorm
|-heal|p2a: Starmie|87/100|[from] item: Leftovers
|-heal|p1a: Blissey|88/100|[from] item: Leftovers
|upkeep
|turn|83
|
|t:|1730270026
|move|p2a: Starmie|Thunder Wave|p1a: Blissey
|-status|p1a: Blissey|par
|move|p1a: Blissey|Thunder Wave|p2a: Starmie
|-status|p2a: Starmie|par
|
|-weather|Sandstorm|[upkeep]
|-damage|p2a: Starmie|81/100 par|[from] Sandstorm
|-damage|p1a: Blissey|81/100 par|[from] Sandstorm
|-heal|p2a: Starmie|87/100 par|[from] item: Leftovers
|-heal|p1a: Blissey|88/100 par|[from] item: Leftovers
|upkeep
|turn|84
|
|t:|1730270034
|-curestatus|p2a: Starmie|par|[from] ability: Natural Cure
|switch|p2a: Celebi|Celebi|88/100
|-curestatus|p1a: Blissey|par|[from] ability: Natural Cure
|switch|p1a: Starmie|Starmie|88/100
|
|-weather|Sandstorm|[upkeep]
|-damage|p1a: Starmie|82/100|[from] Sandstorm
|-damage|p2a: Celebi|81/100|[from] Sandstorm
|-heal|p1a: Starmie|88/100|[from] item: Leftovers
|-heal|p2a: Celebi|88/100|[from] item: Leftovers
|upkeep
|turn|85
|
|t:|1730270044
|switch|p1a: Blissey|Blissey, F|88/100
|move|p2a: Celebi|Hidden Power|p1a: Blissey
|-damage|p1a: Blissey|78/100
|
|-weather|Sandstorm|[upkeep]
|-damage|p2a: Celebi|81/100|[from] Sandstorm
|-damage|p1a: Blissey|72/100|[from] Sandstorm
|-heal|p2a: Celebi|88/100|[from] item: Leftovers
|-heal|p1a: Blissey|78/100|[from] item: Leftovers
|upkeep
|turn|86
|
|t:|1730270058
|move|p2a: Celebi|Leech Seed|p1a: Blissey
|-start|p1a: Blissey|move: Leech Seed
|move|p1a: Blissey|Ice Beam|p2a: Celebi
|-supereffective|p2a: Celebi
|-damage|p2a: Celebi|52/100
|
|-weather|Sandstorm|[upkeep]
|-damage|p2a: Celebi|46/100|[from] Sandstorm
|-damage|p1a: Blissey|72/100|[from] Sandstorm
|-heal|p2a: Celebi|52/100|[from] item: Leftovers
|-heal|p1a: Blissey|78/100|[from] item: Leftovers
|-damage|p1a: Blissey|66/100|[from] Leech Seed|[of] p2a: Celebi
|-heal|p2a: Celebi|72/100|[silent]
|upkeep
|turn|87
|
|t:|1730270071
|switch|p1a: Skarmory|Skarmory, F|71/100
|move|p2a: Celebi|Psychic|p1a: Skarmory
|-resisted|p1a: Skarmory
|-damage|p1a: Skarmory|56/100
|
|-weather|Sandstorm|[upkeep]
|-damage|p2a: Celebi|66/100|[from] Sandstorm
|-heal|p2a: Celebi|72/100|[from] item: Leftovers
|-heal|p1a: Skarmory|62/100|[from] item: Leftovers
|upkeep
|turn|88
|
|t:|1730270079
|move|p2a: Celebi|Leech Seed|p1a: Skarmory
|-start|p1a: Skarmory|move: Leech Seed
|move|p1a: Skarmory|Toxic|p2a: Celebi
|-status|p2a: Celebi|tox
|
|-weather|Sandstorm|[upkeep]
|-damage|p2a: Celebi|66/100 tox|[from] Sandstorm
|-heal|p2a: Celebi|72/100 tox|[from] item: Leftovers
|-damage|p2a: Celebi|66/100 tox|[from] psn
|-heal|p1a: Skarmory|68/100|[from] item: Leftovers
|-damage|p1a: Skarmory|56/100|[from] Leech Seed|[of] p2a: Celebi
|-heal|p2a: Celebi|76/100 tox|[silent]
|upkeep
|turn|89
|
|t:|1730270100
|-curestatus|p2a: Celebi|tox|[from] ability: Natural Cure
|switch|p2a: Tyranitar|Tyranitar, M|100/100
|switch|p1a: Blissey|Blissey, F|66/100
|
|-weather|Sandstorm|[upkeep]
|-damage|p1a: Blissey|60/100|[from] Sandstorm
|-heal|p1a: Blissey|66/100|[from] item: Leftovers
|upkeep
|turn|90
|inactive|xXEricXx has 270 seconds left.
|
|t:|1730270130
|switch|p1a: Swampert|Swampert, M|100/100
|move|p2a: Tyranitar|Rock Slide|p1a: Swampert
|-resisted|p1a: Swampert
|-damage|p1a: Swampert|84/100
|
|-weather|Sandstorm|[upkeep]
|-heal|p1a: Swampert|91/100|[from] item: Leftovers
|upkeep
|turn|91
|inactive|xXEricXx has 270 seconds left.
|
|t:|1730270139
|switch|p2a: Celebi|Celebi|76/100
|move|p1a: Swampert|Earthquake|p2a: Celebi
|-resisted|p2a: Celebi
|-damage|p2a: Celebi|64/100
|
|-weather|Sandstorm|[upkeep]
|-damage|p2a: Celebi|58/100|[from] Sandstorm
|-heal|p2a: Celebi|64/100|[from] item: Leftovers
|-heal|p1a: Swampert|97/100|[from] item: Leftovers
|upkeep
|turn|92
|
|t:|1730270145
|switch|p1a: Blissey|Blissey, F|66/100
|move|p2a: Celebi|Recover|p2a: Celebi
|-heal|p2a: Celebi|100/100
|
|-weather|Sandstorm|[upkeep]
|-damage|p2a: Celebi|94/100|[from] Sandstorm
|-damage|p1a: Blissey|60/100|[from] Sandstorm
|-heal|p2a: Celebi|100/100|[from] item: Leftovers
|-heal|p1a: Blissey|66/100|[from] item: Leftovers
|upkeep
|turn|93
|inactive|xXEricXx has 270 seconds left.
|
|t:|1730270169
|move|p2a: Celebi|Leech Seed|p1a: Blissey
|-start|p1a: Blissey|move: Leech Seed
|move|p1a: Blissey|Thunder Wave|p2a: Celebi
|-status|p2a: Celebi|par
|
|-weather|Sandstorm|[upkeep]
|-damage|p1a: Blissey|60/100|[from] Sandstorm
|-damage|p2a: Celebi|94/100 par|[from] Sandstorm
|-heal|p1a: Blissey|66/100|[from] item: Leftovers
|-damage|p1a: Blissey|53/100|[from] Leech Seed|[of] p2a: Celebi
|-heal|p2a: Celebi|100/100 par|[silent]
|upkeep
|turn|94
|
|t:|1730270179
|switch|p1a: Skarmory|Skarmory, F|56/100
|-curestatus|p2a: Celebi|par|[from] ability: Natural Cure
|switch|p2a: Skarmory|Skarmory, M|46/100
|
|-weather|Sandstorm|[upkeep]
|-heal|p2a: Skarmory|52/100|[from] item: Leftovers
|-heal|p1a: Skarmory|62/100|[from] item: Leftovers
|upkeep
|turn|95
|inactive|LilBigBamSam has 270 seconds left.
|
|t:|1730270229
|move|p2a: Skarmory|Spikes|p1a: Skarmory
|-sidestart|p1: LilBigBamSam|Spikes
|move|p1a: Skarmory|Spikes|p2a: Skarmory
|-sidestart|p2: xXEricXx|Spikes
|
|-weather|Sandstorm|[upkeep]
|-heal|p2a: Skarmory|58/100|[from] item: Leftovers
|-heal|p1a: Skarmory|68/100|[from] item: Leftovers
|upkeep
|turn|96
|
|t:|1730270240
|move|p2a: Skarmory|Spikes|p1a: Skarmory
|-sidestart|p1: LilBigBamSam|Spikes
|move|p1a: Skarmory|Spikes|p2a: Skarmory
|-sidestart|p2: xXEricXx|Spikes
|
|-weather|Sandstorm|[upkeep]
|-heal|p2a: Skarmory|64/100|[from] item: Leftovers
|-heal|p1a: Skarmory|74/100|[from] item: Leftovers
|upkeep
|turn|97
|
|t:|1730270252
|move|p2a: Skarmory|Spikes|p1a: Skarmory
|-sidestart|p1: LilBigBamSam|Spikes
|move|p1a: Skarmory|Spikes|p2a: Skarmory
|-sidestart|p2: xXEricXx|Spikes
|
|-weather|Sandstorm|[upkeep]
|-heal|p2a: Skarmory|70/100|[from] item: Leftovers
|-heal|p1a: Skarmory|80/100|[from] item: Leftovers
|upkeep
|turn|98
|
|t:|1730270260
|move|p2a: Skarmory|Roar|p1a: Skarmory
|drag|p1a: Tyranitar|Tyranitar, M|76/100
|-damage|p1a: Tyranitar|51/100|[from] Spikes
|
|-weather|Sandstorm|[upkeep]
|-heal|p2a: Skarmory|76/100|[from] item: Leftovers
|upkeep
|turn|99
|inactive|xXEricXx has 270 seconds left.
|inactive|xXEricXx has 240 seconds left.
|inactive|xXEricXx has 210 seconds left.
|inactive|xXEricXx has 180 seconds left.
|
|t:|1730270380
|switch|p2a: Aerodactyl|Aerodactyl, M|100/100
|move|p1a: Tyranitar|Rock Slide|p2a: Aerodactyl
|-supereffective|p2a: Aerodactyl
|-damage|p2a: Aerodactyl|0 fnt
|faint|p2a: Aerodactyl
|inactive|xXEricXx has 180 seconds left.
|inactive|xXEricXx has 150 seconds left.
|
|t:|1730270419
|switch|p2a: Celebi|Celebi|100/100
|-damage|p2a: Celebi|76/100|[from] Spikes
|
|-weather|Sandstorm|[upkeep]
|-damage|p2a: Celebi|69/100|[from] Sandstorm
|-heal|p2a: Celebi|76/100|[from] item: Leftovers
|upkeep
|turn|100
|
|t:|1730270436
|move|p2a: Celebi|Hidden Power|p1a: Tyranitar
|-supereffective|p1a: Tyranitar
|-damage|p1a: Tyranitar|0 fnt
|faint|p1a: Tyranitar
|inactive|LilBigBamSam has 270 seconds left.
|
|t:|1730270448
|switch|p1a: Starmie|Starmie|88/100
|-damage|p1a: Starmie|63/100|[from] Spikes
|
|-weather|Sandstorm|[upkeep]
|-damage|p1a: Starmie|57/100|[from] Sandstorm
|-damage|p2a: Celebi|69/100|[from] Sandstorm
|-heal|p1a: Starmie|63/100|[from] item: Leftovers
|-heal|p2a: Celebi|76/100|[from] item: Leftovers
|upkeep
|turn|101
|inactive|LilBigBamSam has 270 seconds left.
|
|t:|1730270462
|switch|p1a: Skarmory|Skarmory, F|80/100
|move|p2a: Celebi|Hidden Power|p1a: Skarmory
|-resisted|p1a: Skarmory
|-damage|p1a: Skarmory|74/100
|
|-weather|Sandstorm|[upkeep]
|-damage|p2a: Celebi|69/100|[from] Sandstorm
|-heal|p2a: Celebi|76/100|[from] item: Leftovers
|-heal|p1a: Skarmory|80/100|[from] item: Leftovers
|upkeep
|turn|102
|
|t:|1730270472
|move|p2a: Celebi|Leech Seed|p1a: Skarmory
|-start|p1a: Skarmory|move: Leech Seed
|move|p1a: Skarmory|Toxic|p2a: Celebi
|-status|p2a: Celebi|tox
|
|-weather|Sandstorm|[upkeep]
|-damage|p2a: Celebi|69/100 tox|[from] Sandstorm
|-heal|p2a: Celebi|76/100 tox|[from] item: Leftovers
|-damage|p2a: Celebi|69/100 tox|[from] psn
|-heal|p1a: Skarmory|86/100|[from] item: Leftovers
|-damage|p1a: Skarmory|74/100|[from] Leech Seed|[of] p2a: Celebi
|-heal|p2a: Celebi|80/100 tox|[silent]
|upkeep
|turn|103
|inactive|xXEricXx has 180 seconds left.
|
|t:|1730270489
|switch|p1a: Gengar|Gengar, M|61/100 par
|move|p2a: Celebi|Psychic|p1a: Gengar
|-supereffective|p1a: Gengar
|-damage|p1a: Gengar|0 fnt
|faint|p1a: Gengar
|
|t:|1730270495
|switch|p1a: Skarmory|Skarmory, F|74/100
|
|-weather|Sandstorm|[upkeep]
|-damage|p2a: Celebi|73/100 tox|[from] Sandstorm
|-heal|p2a: Celebi|80/100 tox|[from] item: Leftovers
|-damage|p2a: Celebi|67/100 tox|[from] psn
|-heal|p1a: Skarmory|80/100|[from] item: Leftovers
|upkeep
|turn|104
|
|t:|1730270500
|-curestatus|p2a: Celebi|tox|[from] ability: Natural Cure
|switch|p2a: Skarmory|Skarmory, M|76/100
|move|p1a: Skarmory|Protect||[still]
|-fail|p1a: Skarmory
|
|-weather|Sandstorm|[upkeep]
|-heal|p2a: Skarmory|82/100|[from] item: Leftovers
|-heal|p1a: Skarmory|86/100|[from] item: Leftovers
|upkeep
|turn|105
|
|t:|1730270510
|move|p2a: Skarmory|Roar|p1a: Skarmory
|drag|p1a: Blissey|Blissey, F|53/100
|-damage|p1a: Blissey|28/100|[from] Spikes
|
|-weather|Sandstorm|[upkeep]
|-damage|p1a: Blissey|22/100|[from] Sandstorm
|-heal|p2a: Skarmory|88/100|[from] item: Leftovers
|-heal|p1a: Blissey|28/100|[from] item: Leftovers
|upkeep
|turn|106
|inactive|xXEricXx has 180 seconds left.
|
|t:|1730270529
|move|p2a: Skarmory|Drill Peck|p1a: Blissey
|-damage|p1a: Blissey|4/100
|move|p1a: Blissey|Soft-Boiled|p1a: Blissey
|-heal|p1a: Blissey|54/100
|
|-weather|Sandstorm|[upkeep]
|-damage|p1a: Blissey|48/100|[from] Sandstorm
|-heal|p2a: Skarmory|94/100|[from] item: Leftovers
|-heal|p1a: Blissey|54/100|[from] item: Leftovers
|upkeep
|turn|107
|
|t:|1730270538
|switch|p2a: Starmie|Starmie, shiny|87/100
|-damage|p2a: Starmie|62/100|[from] Spikes
|move|p1a: Blissey|Thunder Wave|p2a: Starmie
|-status|p2a: Starmie|par
|
|-weather|Sandstorm|[upkeep]
|-damage|p1a: Blissey|48/100|[from] Sandstorm
|-damage|p2a: Starmie|56/100 par|[from] Sandstorm
|-heal|p1a: Blissey|54/100|[from] item: Leftovers
|-heal|p2a: Starmie|62/100 par|[from] item: Leftovers
|upkeep
|turn|108
|
|t:|1730270544
|move|p1a: Blissey|Soft-Boiled|p1a: Blissey
|-heal|p1a: Blissey|100/100
|move|p2a: Starmie|Rapid Spin|p1a: Blissey
|-damage|p1a: Blissey|97/100
|-sideend|p2: xXEricXx|Spikes|[from] move: Rapid Spin|[of] p2a: Starmie
|
|-weather|Sandstorm|[upkeep]
|-damage|p1a: Blissey|91/100|[from] Sandstorm
|-damage|p2a: Starmie|56/100 par|[from] Sandstorm
|-heal|p1a: Blissey|97/100|[from] item: Leftovers
|-heal|p2a: Starmie|62/100 par|[from] item: Leftovers
|upkeep
|turn|109
|
|t:|1730270552
|switch|p1a: Starmie|Starmie|63/100
|-damage|p1a: Starmie|38/100|[from] Spikes
|-curestatus|p2a: Starmie|par|[from] ability: Natural Cure
|switch|p2a: Swampert|Swampert, M, shiny|100/100
|
|-weather|Sandstorm|[upkeep]
|-damage|p1a: Starmie|32/100|[from] Sandstorm
|-heal|p1a: Starmie|38/100|[from] item: Leftovers
|upkeep
|turn|110
|
|t:|1730270559
|switch|p2a: Celebi|Celebi|67/100
|move|p1a: Starmie|Recover|p1a: Starmie
|-heal|p1a: Starmie|88/100
|
|-weather|Sandstorm|[upkeep]
|-damage|p1a: Starmie|82/100|[from] Sandstorm
|-damage|p2a: Celebi|61/100|[from] Sandstorm
|-heal|p1a: Starmie|88/100|[from] item: Leftovers
|-heal|p2a: Celebi|67/100|[from] item: Leftovers
|upkeep
|turn|111
|
|t:|1730270565
|switch|p1a: Skarmory|Skarmory, F|86/100
|move|p2a: Celebi|Hidden Power|p1a: Skarmory
|-resisted|p1a: Skarmory
|-damage|p1a: Skarmory|81/100
|
|-weather|Sandstorm|[upkeep]
|-damage|p2a: Celebi|61/100|[from] Sandstorm
|-heal|p2a: Celebi|67/100|[from] item: Leftovers
|-heal|p1a: Skarmory|87/100|[from] item: Leftovers
|upkeep
|turn|112
|
|t:|1730270579
|move|p2a: Celebi|Recover|p2a: Celebi
|-heal|p2a: Celebi|100/100
|move|p1a: Skarmory|Roar|p2a: Celebi
|drag|p2a: Starmie|Starmie, shiny|62/100
|
|-weather|Sandstorm|[upkeep]
|-damage|p2a: Starmie|56/100|[from] Sandstorm
|-heal|p2a: Starmie|62/100|[from] item: Leftovers
|-heal|p1a: Skarmory|93/100|[from] item: Leftovers
|upkeep
|turn|113
|
|t:|1730270591
|switch|p1a: Starmie|Starmie|88/100
|-damage|p1a: Starmie|63/100|[from] Spikes
|move|p2a: Starmie|Recover|p2a: Starmie
|-heal|p2a: Starmie|100/100
|
|-weather|Sandstorm|[upkeep]
|-damage|p1a: Starmie|57/100|[from] Sandstorm
|-damage|p2a: Starmie|94/100|[from] Sandstorm
|-heal|p1a: Starmie|63/100|[from] item: Leftovers
|-heal|p2a: Starmie|100/100|[from] item: Leftovers
|upkeep
|turn|114
|
|t:|1730270606
|move|p1a: Starmie|Rapid Spin|p2a: Starmie
|-damage|p2a: Starmie|97/100
|-sideend|p1: LilBigBamSam|Spikes|[from] move: Rapid Spin|[of] p1a: Starmie
|move|p2a: Starmie|Thunder Wave|p1a: Starmie
|-status|p1a: Starmie|par
|
|-weather|Sandstorm|[upkeep]
|-damage|p2a: Starmie|91/100|[from] Sandstorm
|-damage|p1a: Starmie|57/100 par|[from] Sandstorm
|-heal|p2a: Starmie|97/100|[from] item: Leftovers
|-heal|p1a: Starmie|63/100 par|[from] item: Leftovers
|upkeep
|turn|115
|
|t:|1730270619
|switch|p2a: Celebi|Celebi|100/100
|move|p1a: Starmie|Recover|p1a: Starmie
|-heal|p1a: Starmie|100/100 par
|
|-weather|Sandstorm|[upkeep]
|-damage|p2a: Celebi|94/100|[from] Sandstorm
|-damage|p1a: Starmie|94/100 par|[from] Sandstorm
|-heal|p2a: Celebi|100/100|[from] item: Leftovers
|-heal|p1a: Starmie|100/100 par|[from] item: Leftovers
|upkeep
|turn|116
|
|t:|1730270627
|-curestatus|p1a: Starmie|par|[from] ability: Natural Cure
|switch|p1a: Skarmory|Skarmory, F|93/100
|move|p2a: Celebi|Leech Seed|p1a: Skarmory
|-start|p1a: Skarmory|move: Leech Seed
|
|-weather|Sandstorm|[upkeep]
|-damage|p2a: Celebi|94/100|[from] Sandstorm
|-heal|p2a: Celebi|100/100|[from] item: Leftovers
|-heal|p1a: Skarmory|99/100|[from] item: Leftovers
|-damage|p1a: Skarmory|87/100|[from] Leech Seed|[of] p2a: Celebi
|upkeep
|turn|117
|
|t:|1730270643
|switch|p2a: Skarmory|Skarmory, M|94/100
|switch|p1a: Blissey|Blissey, F|97/100
|
|-weather|Sandstorm|[upkeep]
|-damage|p1a: Blissey|91/100|[from] Sandstorm
|-heal|p2a: Skarmory|99/100|[from] item: Leftovers
|-heal|p1a: Blissey|97/100|[from] item: Leftovers
|upkeep
|turn|118
|
|t:|1730270657
|switch|p2a: Swampert|Swampert, M, shiny|100/100
|move|p1a: Blissey|Thunder Wave|p2a: Swampert
|-immune|p2a: Swampert
|
|-weather|Sandstorm|[upkeep]
|-damage|p1a: Blissey|91/100|[from] Sandstorm
|-heal|p1a: Blissey|97/100|[from] item: Leftovers
|upkeep
|turn|119
|
|t:|1730270672
|switch|p1a: Starmie|Starmie|100/100
|move|p2a: Swampert|Ice Beam|p1a: Starmie
|-resisted|p1a: Starmie
|-damage|p1a: Starmie|89/100
|-status|p1a: Starmie|frz
|
|-weather|Sandstorm|[upkeep]
|-damage|p1a: Starmie|83/100 frz|[from] Sandstorm
|-heal|p1a: Starmie|89/100 frz|[from] item: Leftovers
|upkeep
|turn|120
|
|t:|1730270689
|-curestatus|p1a: Starmie|frz|[from] ability: Natural Cure
|switch|p1a: Skarmory|Skarmory, F|87/100
|move|p2a: Swampert|Earthquake|p1a: Skarmory
|-immune|p1a: Skarmory
|
|-weather|Sandstorm|[upkeep]
|-heal|p1a: Skarmory|93/100|[from] item: Leftovers
|upkeep
|turn|121
|
|t:|1730270699
|switch|p2a: Starmie|Starmie, shiny|97/100
|move|p1a: Skarmory|Spikes|p2a: Starmie
|-sidestart|p2: xXEricXx|Spikes
|
|-weather|Sandstorm|[upkeep]
|-damage|p2a: Starmie|91/100|[from] Sandstorm
|-heal|p2a: Starmie|97/100|[from] item: Leftovers
|-heal|p1a: Skarmory|99/100|[from] item: Leftovers
|upkeep
|turn|122
|
|t:|1730270719
|switch|p1a: Swampert|Swampert, M|97/100
|move|p2a: Starmie|Rapid Spin|p1a: Swampert
|-damage|p1a: Swampert|94/100
|-sideend|p2: xXEricXx|Spikes|[from] move: Rapid Spin|[of] p2a: Starmie
|
|-weather|Sandstorm|[upkeep]
|-damage|p2a: Starmie|91/100|[from] Sandstorm
|-heal|p2a: Starmie|97/100|[from] item: Leftovers
|-heal|p1a: Swampert|99/100|[from] item: Leftovers
|upkeep
|turn|123
|
|t:|1730270728
|move|p2a: Starmie|Surf|p1a: Swampert
|-damage|p1a: Swampert|79/100
|move|p1a: Swampert|Ice Beam|p2a: Starmie
|-resisted|p2a: Starmie
|-damage|p2a: Starmie|87/100
|
|-weather|Sandstorm|[upkeep]
|-damage|p2a: Starmie|81/100|[from] Sandstorm
|-heal|p2a: Starmie|87/100|[from] item: Leftovers
|-heal|p1a: Swampert|85/100|[from] item: Leftovers
|upkeep
|turn|124
|
|t:|1730270738
|switch|p1a: Blissey|Blissey, F|97/100
|move|p2a: Starmie|Surf|p1a: Blissey
|-damage|p1a: Blissey|84/100
|
|-weather|Sandstorm|[upkeep]
|-damage|p2a: Starmie|81/100|[from] Sandstorm
|-damage|p1a: Blissey|78/100|[from] Sandstorm
|-heal|p2a: Starmie|87/100|[from] item: Leftovers
|-heal|p1a: Blissey|84/100|[from] item: Leftovers
|upkeep
|turn|125
|
|t:|1730270750
|switch|p2a: Swampert|Swampert, M, shiny|100/100
|move|p1a: Blissey|Thunder Wave|p2a: Swampert
|-immune|p2a: Swampert
|
|-weather|Sandstorm|[upkeep]
|-damage|p1a: Blissey|78/100|[from] Sandstorm
|-heal|p1a: Blissey|84/100|[from] item: Leftovers
|upkeep
|turn|126
|
|t:|1730270756
|move|p1a: Blissey|Soft-Boiled|p1a: Blissey
|-heal|p1a: Blissey|100/100
|move|p2a: Swampert|Earthquake|p1a: Blissey
|-damage|p1a: Blissey|64/100
|
|-weather|Sandstorm|[upkeep]
|-damage|p1a: Blissey|57/100|[from] Sandstorm
|-heal|p1a: Blissey|64/100|[from] item: Leftovers
|upkeep
|turn|127
|inactive|xXEricXx has 270 seconds left.
|
|t:|1730270774
|move|p1a: Blissey|Soft-Boiled|p1a: Blissey
|-heal|p1a: Blissey|100/100
|move|p2a: Swampert|Earthquake|p1a: Blissey
|-damage|p1a: Blissey|64/100
|
|-weather|Sandstorm|[upkeep]
|-damage|p1a: Blissey|58/100|[from] Sandstorm
|-heal|p1a: Blissey|64/100|[from] item: Leftovers
|upkeep
|turn|128
|
|t:|1730270782
|switch|p1a: Starmie|Starmie|89/100
|move|p2a: Swampert|Earthquake|p1a: Starmie
|-damage|p1a: Starmie|45/100
|
|-weather|Sandstorm|[upkeep]
|-damage|p1a: Starmie|39/100|[from] Sandstorm
|-heal|p1a: Starmie|45/100|[from] item: Leftovers
|upkeep
|turn|129
|inactive|xXEricXx has 270 seconds left.
|
|t:|1730270794
|switch|p2a: Celebi|Celebi|100/100
|move|p1a: Starmie|Recover|p1a: Starmie
|-heal|p1a: Starmie|95/100
|
|-weather|Sandstorm|[upkeep]
|-damage|p1a: Starmie|89/100|[from] Sandstorm
|-damage|p2a: Celebi|94/100|[from] Sandstorm
|-heal|p1a: Starmie|95/100|[from] item: Leftovers
|-heal|p2a: Celebi|100/100|[from] item: Leftovers
|upkeep
|turn|130
|inactive|xXEricXx has 270 seconds left.
|
|t:|1730270802
|switch|p1a: Skarmory|Skarmory, F|99/100
|move|p2a: Celebi|Psychic|p1a: Skarmory
|-resisted|p1a: Skarmory
|-crit|p1a: Skarmory
|-damage|p1a: Skarmory|72/100
|
|-weather|Sandstorm|[upkeep]
|-damage|p2a: Celebi|94/100|[from] Sandstorm
|-heal|p2a: Celebi|100/100|[from] item: Leftovers
|-heal|p1a: Skarmory|78/100|[from] item: Leftovers
|upkeep
|turn|131
|
|t:|1730270813
|move|p2a: Celebi|Psychic|p1a: Skarmory
|-resisted|p1a: Skarmory
|-damage|p1a: Skarmory|63/100
|move|p1a: Skarmory|Spikes|p2a: Celebi
|-sidestart|p2: xXEricXx|Spikes
|
|-weather|Sandstorm|[upkeep]
|-damage|p2a: Celebi|94/100|[from] Sandstorm
|-heal|p2a: Celebi|100/100|[from] item: Leftovers
|-heal|p1a: Skarmory|69/100|[from] item: Leftovers
|upkeep
|turn|132
|
|t:|1730270819
|move|p2a: Celebi|Leech Seed|p1a: Skarmory
|-start|p1a: Skarmory|move: Leech Seed
|move|p1a: Skarmory|Toxic|p2a: Celebi
|-status|p2a: Celebi|tox
|
|-weather|Sandstorm|[upkeep]
|-damage|p2a: Celebi|94/100 tox|[from] Sandstorm
|-heal|p2a: Celebi|100/100 tox|[from] item: Leftovers
|-damage|p2a: Celebi|94/100 tox|[from] psn
|-heal|p1a: Skarmory|75/100|[from] item: Leftovers
|-damage|p1a: Skarmory|63/100|[from] Leech Seed|[of] p2a: Celebi
|-heal|p2a: Celebi|100/100 tox|[silent]
|upkeep
|turn|133
|
|t:|1730270831
|-curestatus|p2a: Celebi|tox|[from] ability: Natural Cure
|switch|p2a: Starmie|Starmie, shiny|87/100
|-damage|p2a: Starmie|75/100|[from] Spikes
|switch|p1a: Blissey|Blissey, F|64/100
|
|-weather|Sandstorm|[upkeep]
|-damage|p2a: Starmie|69/100|[from] Sandstorm
|-damage|p1a: Blissey|58/100|[from] Sandstorm
|-heal|p2a: Starmie|75/100|[from] item: Leftovers
|-heal|p1a: Blissey|64/100|[from] item: Leftovers
|upkeep
|turn|134
|
|t:|1730270840
|move|p2a: Starmie|Thunder Wave|p1a: Blissey
|-status|p1a: Blissey|par
|move|p1a: Blissey|Thunder Wave|p2a: Starmie
|-status|p2a: Starmie|par
|
|-weather|Sandstorm|[upkeep]
|-damage|p2a: Starmie|69/100 par|[from] Sandstorm
|-damage|p1a: Blissey|58/100 par|[from] Sandstorm
|-heal|p2a: Starmie|75/100 par|[from] item: Leftovers
|-heal|p1a: Blissey|64/100 par|[from] item: Leftovers
|upkeep
|turn|135
|
|t:|1730270852
|-curestatus|p1a: Blissey|par|[from] ability: Natural Cure
|switch|p1a: Swampert|Swampert, M|85/100
|move|p2a: Starmie|Rapid Spin|p1a: Swampert
|-damage|p1a: Swampert|82/100
|-sideend|p2: xXEricXx|Spikes|[from] move: Rapid Spin|[of] p2a: Starmie
|
|-weather|Sandstorm|[upkeep]
|-damage|p2a: Starmie|69/100 par|[from] Sandstorm
|-heal|p1a: Swampert|88/100|[from] item: Leftovers
|-heal|p2a: Starmie|75/100 par|[from] item: Leftovers
|upkeep
|turn|136
|
|t:|1730270860
|-curestatus|p2a: Starmie|par|[from] ability: Natural Cure
|switch|p2a: Celebi|Celebi|100/100
|move|p1a: Swampert|Earthquake|p2a: Celebi
|-resisted|p2a: Celebi
|-damage|p2a: Celebi|87/100
|
|-weather|Sandstorm|[upkeep]
|-damage|p2a: Celebi|81/100|[from] Sandstorm
|-heal|p2a: Celebi|87/100|[from] item: Leftovers
|-heal|p1a: Swampert|95/100|[from] item: Leftovers
|upkeep
|turn|137
|
|t:|1730270878
|switch|p1a: Skarmory|Skarmory, F|63/100
|move|p2a: Celebi|Hidden Power|p1a: Skarmory
|-resisted|p1a: Skarmory
|-damage|p1a: Skarmory|57/100
|
|-weather|Sandstorm|[upkeep]
|-damage|p2a: Celebi|81/100|[from] Sandstorm
|-heal|p2a: Celebi|87/100|[from] item: Leftovers
|-heal|p1a: Skarmory|63/100|[from] item: Leftovers
|upkeep
|turn|138
|
|t:|1730270886
|move|p2a: Celebi|Psychic|p1a: Skarmory
|-resisted|p1a: Skarmory
|-damage|p1a: Skarmory|49/100
|move|p1a: Skarmory|Spikes|p2a: Celebi
|-sidestart|p2: xXEricXx|Spikes
|
|-weather|Sandstorm|[upkeep]
|-damage|p2a: Celebi|81/100|[from] Sandstorm
|-heal|p2a: Celebi|87/100|[from] item: Leftovers
|-heal|p1a: Skarmory|55/100|[from] item: Leftovers
|upkeep
|turn|139
|
|t:|1730270891
|move|p2a: Celebi|Psychic|p1a: Skarmory
|-resisted|p1a: Skarmory
|-damage|p1a: Skarmory|40/100
|move|p1a: Skarmory|Toxic|p2a: Celebi
|-status|p2a: Celebi|tox
|
|-weather|Sandstorm|[upkeep]
|-damage|p2a: Celebi|81/100 tox|[from] Sandstorm
|-heal|p2a: Celebi|87/100 tox|[from] item: Leftovers
|-damage|p2a: Celebi|81/100 tox|[from] psn
|-heal|p1a: Skarmory|46/100|[from] item: Leftovers
|upkeep
|turn|140
|
|t:|1730270900
|-curestatus|p2a: Celebi|tox|[from] ability: Natural Cure
|switch|p2a: Starmie|Starmie, shiny|75/100
|-damage|p2a: Starmie|63/100|[from] Spikes
|move|p1a: Skarmory|Toxic|p2a: Starmie
|-status|p2a: Starmie|tox
|
|-weather|Sandstorm|[upkeep]
|-damage|p2a: Starmie|57/100 tox|[from] Sandstorm
|-heal|p2a: Starmie|63/100 tox|[from] item: Leftovers
|-damage|p2a: Starmie|57/100 tox|[from] psn
|-heal|p1a: Skarmory|52/100|[from] item: Leftovers
|upkeep
|turn|141
|
|t:|1730270915
|-curestatus|p2a: Starmie|tox|[from] ability: Natural Cure
|switch|p2a: Celebi|Celebi|81/100
|-damage|p2a: Celebi|68/100|[from] Spikes
|move|p1a: Skarmory|Protect||[still]
|-fail|p1a: Skarmory
|
|-weather|Sandstorm|[upkeep]
|-damage|p2a: Celebi|62/100|[from] Sandstorm
|-heal|p2a: Celebi|68/100|[from] item: Leftovers
|-heal|p1a: Skarmory|58/100|[from] item: Leftovers
|upkeep
|turn|142
|
|t:|1730270924
|move|p2a: Celebi|Psychic|p1a: Skarmory
|-resisted|p1a: Skarmory
|-damage|p1a: Skarmory|43/100
|move|p1a: Skarmory|Toxic|p2a: Celebi
|-status|p2a: Celebi|tox
|
|-weather|Sandstorm|[upkeep]
|-damage|p2a: Celebi|62/100 tox|[from] Sandstorm
|-heal|p2a: Celebi|68/100 tox|[from] item: Leftovers
|-damage|p2a: Celebi|62/100 tox|[from] psn
|-heal|p1a: Skarmory|49/100|[from] item: Leftovers
|upkeep
|turn|143
|
|t:|1730270946
|move|p2a: Celebi|Recover|p2a: Celebi
|-heal|p2a: Celebi|100/100 tox
|move|p1a: Skarmory|Roar|p2a: Celebi
|-curestatus|p2a: Celebi|tox|[from] ability: Natural Cure
|drag|p2a: Swampert|Swampert, M, shiny|100/100
|-damage|p2a: Swampert|88/100|[from] Spikes
|
|-weather|Sandstorm|[upkeep]
|-heal|p1a: Skarmory|55/100|[from] item: Leftovers
|-heal|p2a: Swampert|94/100|[from] item: Leftovers
|upkeep
|turn|144
|
|t:|1730270968
|switch|p2a: Starmie|Starmie, shiny|57/100
|-damage|p2a: Starmie|44/100|[from] Spikes
|move|p1a: Skarmory|Spikes|p2a: Starmie
|-sidestart|p2: xXEricXx|Spikes
|
|-weather|Sandstorm|[upkeep]
|-damage|p2a: Starmie|38/100|[from] Sandstorm
|-heal|p2a: Starmie|44/100|[from] item: Leftovers
|-heal|p1a: Skarmory|61/100|[from] item: Leftovers
|upkeep
|turn|145
|
|t:|1730270983
|switch|p1a: Swampert|Swampert, M|95/100
|move|p2a: Starmie|Rapid Spin|p1a: Swampert
|-damage|p1a: Swampert|92/100
|-sideend|p2: xXEricXx|Spikes|[from] move: Rapid Spin|[of] p2a: Starmie
|
|-weather|Sandstorm|[upkeep]
|-damage|p2a: Starmie|38/100|[from] Sandstorm
|-heal|p2a: Starmie|44/100|[from] item: Leftovers
|-heal|p1a: Swampert|98/100|[from] item: Leftovers
|upkeep
|turn|146
|
|t:|1730270990
|move|p2a: Starmie|Recover|p2a: Starmie
|-heal|p2a: Starmie|94/100
|move|p1a: Swampert|Ice Beam|p2a: Starmie
|-resisted|p2a: Starmie
|-damage|p2a: Starmie|83/100
|
|-weather|Sandstorm|[upkeep]
|-damage|p2a: Starmie|77/100|[from] Sandstorm
|-heal|p2a: Starmie|83/100|[from] item: Leftovers
|-heal|p1a: Swampert|100/100|[from] item: Leftovers
|upkeep
|turn|147
|
|t:|1730271000
|move|p2a: Starmie|Thunder Wave|p1a: Swampert
|-immune|p1a: Swampert
|move|p1a: Swampert|Ice Beam|p2a: Starmie
|-resisted|p2a: Starmie
|-damage|p2a: Starmie|71/100
|
|-weather|Sandstorm|[upkeep]
|-damage|p2a: Starmie|65/100|[from] Sandstorm
|-heal|p2a: Starmie|71/100|[from] item: Leftovers
|upkeep
|turn|148
|
|t:|1730271007
|move|p2a: Starmie|Recover|p2a: Starmie
|-heal|p2a: Starmie|100/100
|move|p1a: Swampert|Earthquake|p2a: Starmie
|-damage|p2a: Starmie|60/100
|
|-weather|Sandstorm|[upkeep]
|-damage|p2a: Starmie|53/100|[from] Sandstorm
|-heal|p2a: Starmie|60/100|[from] item: Leftovers
|upkeep
|turn|149
|
|t:|1730271015
|move|p2a: Starmie|Recover|p2a: Starmie
|-heal|p2a: Starmie|100/100
|move|p1a: Swampert|Ice Beam|p2a: Starmie
|-resisted|p2a: Starmie
|-damage|p2a: Starmie|90/100
|
|-weather|Sandstorm|[upkeep]
|-damage|p2a: Starmie|84/100|[from] Sandstorm
|-heal|p2a: Starmie|90/100|[from] item: Leftovers
|upkeep
|turn|150
|
|t:|1730271034
|move|p2a: Starmie|Surf|p1a: Swampert
|-damage|p1a: Swampert|78/100
|move|p1a: Swampert|Earthquake|p2a: Starmie
|-damage|p2a: Starmie|51/100
|
|-weather|Sandstorm|[upkeep]
|-damage|p2a: Starmie|45/100|[from] Sandstorm
|-heal|p2a: Starmie|51/100|[from] item: Leftovers
|-heal|p1a: Swampert|84/100|[from] item: Leftovers
|upkeep
|turn|151
|
|t:|1730271043
|move|p2a: Starmie|Recover|p2a: Starmie
|-heal|p2a: Starmie|100/100
|move|p1a: Swampert|Earthquake|p2a: Starmie
|-damage|p2a: Starmie|61/100
|
|-weather|Sandstorm|[upkeep]
|-damage|p2a: Starmie|55/100|[from] Sandstorm
|-heal|p2a: Starmie|61/100|[from] item: Leftovers
|-heal|p1a: Swampert|90/100|[from] item: Leftovers
|upkeep
|turn|152
|
|t:|1730271053
|switch|p2a: Celebi|Celebi|100/100
|move|p1a: Swampert|Earthquake|p2a: Celebi
|-resisted|p2a: Celebi
|-damage|p2a: Celebi|87/100
|
|-weather|Sandstorm|[upkeep]
|-damage|p2a: Celebi|81/100|[from] Sandstorm
|-heal|p2a: Celebi|87/100|[from] item: Leftovers
|-heal|p1a: Swampert|96/100|[from] item: Leftovers
|upkeep
|turn|153
|
|t:|1730271061
|switch|p1a: Skarmory|Skarmory, F|61/100
|move|p2a: Celebi|Hidden Power|p1a: Skarmory
|-resisted|p1a: Skarmory
|-damage|p1a: Skarmory|56/100
|
|-weather|Sandstorm|[upkeep]
|-damage|p2a: Celebi|81/100|[from] Sandstorm
|-heal|p2a: Celebi|87/100|[from] item: Leftovers
|-heal|p1a: Skarmory|62/100|[from] item: Leftovers
|upkeep
|turn|154
|
|t:|1730271071
|move|p2a: Celebi|Leech Seed|p1a: Skarmory
|-start|p1a: Skarmory|move: Leech Seed
|move|p1a: Skarmory|Spikes|p2a: Celebi
|-sidestart|p2: xXEricXx|Spikes
|
|-weather|Sandstorm|[upkeep]
|-damage|p2a: Celebi|81/100|[from] Sandstorm
|-heal|p2a: Celebi|87/100|[from] item: Leftovers
|-heal|p1a: Skarmory|68/100|[from] item: Leftovers
|-damage|p1a: Skarmory|55/100|[from] Leech Seed|[of] p2a: Celebi
|-heal|p2a: Celebi|98/100|[silent]
|upkeep
|turn|155
|
|t:|1730271094
|switch|p2a: Tyranitar|Tyranitar, M|100/100
|-damage|p2a: Tyranitar|88/100|[from] Spikes
|switch|p1a: Blissey|Blissey, F|64/100
|
|-weather|Sandstorm|[upkeep]
|-damage|p1a: Blissey|58/100|[from] Sandstorm
|-heal|p2a: Tyranitar|94/100|[from] item: Leftovers
|-heal|p1a: Blissey|64/100|[from] item: Leftovers
|upkeep
|turn|156
|
|t:|1730271103
|switch|p2a: Skarmory|Skarmory, M|99/100
|switch|p1a: Swampert|Swampert, M|96/100
|
|-weather|Sandstorm|[upkeep]
|-heal|p2a: Skarmory|100/100|[from] item: Leftovers
|-heal|p1a: Swampert|100/100|[from] item: Leftovers
|upkeep
|turn|157
|
|t:|1730271117
|switch|p1a: Starmie|Starmie|95/100
|move|p2a: Skarmory|Spikes|p1a: Starmie
|-sidestart|p1: LilBigBamSam|Spikes
|
|-weather|Sandstorm|[upkeep]
|-damage|p1a: Starmie|89/100|[from] Sandstorm
|-heal|p1a: Starmie|95/100|[from] item: Leftovers
|upkeep
|turn|158
|
|t:|1730271129
|move|p2a: Skarmory|Protect|p2a: Skarmory
|-singleturn|p2a: Skarmory|Protect
|move|p1a: Starmie|Thunder Wave|p2a: Skarmory
|-activate|p2a: Skarmory|Protect
|
|-weather|Sandstorm|[upkeep]
|-damage|p1a: Starmie|89/100|[from] Sandstorm
|-heal|p1a: Starmie|95/100|[from] item: Leftovers
|upkeep
|turn|159
|
|t:|1730271136
|switch|p2a: Celebi|Celebi|98/100
|-damage|p2a: Celebi|85/100|[from] Spikes
|move|p1a: Starmie|Rapid Spin|p2a: Celebi
|-damage|p2a: Celebi|83/100
|-sideend|p1: LilBigBamSam|Spikes|[from] move: Rapid Spin|[of] p1a: Starmie
|
|-weather|Sandstorm|[upkeep]
|-damage|p1a: Starmie|89/100|[from] Sandstorm
|-damage|p2a: Celebi|77/100|[from] Sandstorm
|-heal|p1a: Starmie|95/100|[from] item: Leftovers
|-heal|p2a: Celebi|83/100|[from] item: Leftovers
|upkeep
|turn|160
|
|t:|1730271148
|switch|p1a: Skarmory|Skarmory, F|55/100
|switch|p2a: Starmie|Starmie, shiny|61/100
|-damage|p2a: Starmie|49/100|[from] Spikes
|
|-weather|Sandstorm|[upkeep]
|-damage|p2a: Starmie|43/100|[from] Sandstorm
|-heal|p2a: Starmie|49/100|[from] item: Leftovers
|-heal|p1a: Skarmory|61/100|[from] item: Leftovers
|upkeep
|turn|161
|
|t:|1730271162
|switch|p1a: Blissey|Blissey, F|64/100
|move|p2a: Starmie|Recover|p2a: Starmie
|-heal|p2a: Starmie|99/100
|
|-weather|Sandstorm|[upkeep]
|-damage|p2a: Starmie|92/100|[from] Sandstorm
|-damage|p1a: Blissey|58/100|[from] Sandstorm
|-heal|p2a: Starmie|99/100|[from] item: Leftovers
|-heal|p1a: Blissey|64/100|[from] item: Leftovers
|upkeep
|turn|162
|
|t:|1730271167
|move|p2a: Starmie|Rapid Spin|p1a: Blissey
|-damage|p1a: Blissey|61/100
|-sideend|p2: xXEricXx|Spikes|[from] move: Rapid Spin|[of] p2a: Starmie
|move|p1a: Blissey|Soft-Boiled|p1a: Blissey
|-heal|p1a: Blissey|100/100
|
|-weather|Sandstorm|[upkeep]
|-damage|p2a: Starmie|92/100|[from] Sandstorm
|-damage|p1a: Blissey|94/100|[from] Sandstorm
|-heal|p2a: Starmie|99/100|[from] item: Leftovers
|-heal|p1a: Blissey|100/100|[from] item: Leftovers
|upkeep
|turn|163
|
|t:|1730271183
|switch|p2a: Swampert|Swampert, M, shiny|94/100
|move|p1a: Blissey|Thunder Wave|p2a: Swampert
|-immune|p2a: Swampert
|
|-weather|Sandstorm|[upkeep]
|-damage|p1a: Blissey|94/100|[from] Sandstorm
|-heal|p1a: Blissey|100/100|[from] item: Leftovers
|-heal|p2a: Swampert|100/100|[from] item: Leftovers
|upkeep
|turn|164
|
|t:|1730271196
|move|p1a: Blissey|Ice Beam|p2a: Swampert
|-damage|p2a: Swampert|78/100
|move|p2a: Swampert|Ice Beam|p1a: Blissey
|-damage|p1a: Blissey|93/100
|-status|p1a: Blissey|frz
|
|-weather|Sandstorm|[upkeep]
|-damage|p1a: Blissey|86/100 frz|[from] Sandstorm
|-heal|p1a: Blissey|93/100 frz|[from] item: Leftovers
|-heal|p2a: Swampert|84/100|[from] item: Leftovers
|upkeep
|turn|165
|
|t:|1730271211
|-curestatus|p1a: Blissey|frz|[from] ability: Natural Cure
|switch|p1a: Starmie|Starmie|95/100
|move|p2a: Swampert|Ice Beam|p1a: Starmie
|-resisted|p1a: Starmie
|-damage|p1a: Starmie|84/100
|
|-weather|Sandstorm|[upkeep]
|-damage|p1a: Starmie|78/100|[from] Sandstorm
|-heal|p1a: Starmie|84/100|[from] item: Leftovers
|-heal|p2a: Swampert|90/100|[from] item: Leftovers
|upkeep
|turn|166
|
|t:|1730271220
|move|p1a: Starmie|Rapid Spin|p2a: Swampert
|-damage|p2a: Swampert|88/100
|move|p2a: Swampert|Earthquake|p1a: Starmie
|-damage|p1a: Starmie|37/100
|
|-weather|Sandstorm|[upkeep]
|-damage|p1a: Starmie|31/100|[from] Sandstorm
|-heal|p1a: Starmie|37/100|[from] item: Leftovers
|-heal|p2a: Swampert|94/100|[from] item: Leftovers
|upkeep
|turn|167
|
|t:|1730271225
|move|p1a: Starmie|Recover|p1a: Starmie
|-heal|p1a: Starmie|87/100
|move|p2a: Swampert|Earthquake|p1a: Starmie
|-crit|p1a: Starmie
|-damage|p1a: Starmie|1/100
|
|-weather|Sandstorm|[upkeep]
|-damage|p1a: Starmie|0 fnt|[from] Sandstorm
|faint|p1a: Starmie
|-heal|p2a: Swampert|100/100|[from] item: Leftovers
|upkeep
|inactive|LilBigBamSam has 270 seconds left.
|
|t:|1730271257
|switch|p1a: Swampert|Swampert, M|100/100
|turn|168
|
|t:|1730271272
|switch|p2a: Celebi|Celebi|83/100
|move|p1a: Swampert|Curse|p1a: Swampert
|-unboost|p1a: Swampert|spe|1
|-boost|p1a: Swampert|atk|1
|-boost|p1a: Swampert|def|1
|
|-weather|Sandstorm|[upkeep]
|-damage|p2a: Celebi|77/100|[from] Sandstorm
|-heal|p2a: Celebi|83/100|[from] item: Leftovers
|upkeep
|turn|169
|
|t:|1730271277
|switch|p1a: Skarmory|Skarmory, F|61/100
|move|p2a: Celebi|Hidden Power|p1a: Skarmory
|-resisted|p1a: Skarmory
|-damage|p1a: Skarmory|56/100
|
|-weather|Sandstorm|[upkeep]
|-damage|p2a: Celebi|77/100|[from] Sandstorm
|-heal|p2a: Celebi|83/100|[from] item: Leftovers
|-heal|p1a: Skarmory|62/100|[from] item: Leftovers
|upkeep
|turn|170
|
|t:|1730271287
|switch|p2a: Starmie|Starmie, shiny|99/100
|move|p1a: Skarmory|Spikes|p2a: Starmie
|-sidestart|p2: xXEricXx|Spikes
|
|-weather|Sandstorm|[upkeep]
|-damage|p2a: Starmie|92/100|[from] Sandstorm
|-heal|p2a: Starmie|99/100|[from] item: Leftovers
|-heal|p1a: Skarmory|68/100|[from] item: Leftovers
|upkeep
|turn|171
|
|t:|1730271298
|switch|p1a: Swampert|Swampert, M|100/100
|move|p2a: Starmie|Thunder Wave|p1a: Swampert
|-immune|p1a: Swampert
|
|-weather|Sandstorm|[upkeep]
|-damage|p2a: Starmie|92/100|[from] Sandstorm
|-heal|p2a: Starmie|99/100|[from] item: Leftovers
|upkeep
|turn|172
|
|t:|1730271304
|move|p2a: Starmie|Rapid Spin|p1a: Swampert
|-damage|p1a: Swampert|98/100
|-sideend|p2: xXEricXx|Spikes|[from] move: Rapid Spin|[of] p2a: Starmie
|move|p1a: Swampert|Ice Beam|p2a: Starmie
|-resisted|p2a: Starmie
|-damage|p2a: Starmie|88/100
|
|-weather|Sandstorm|[upkeep]
|-damage|p2a: Starmie|82/100|[from] Sandstorm
|-heal|p2a: Starmie|88/100|[from] item: Leftovers
|-heal|p1a: Swampert|100/100|[from] item: Leftovers
|upkeep
|turn|173
|
|t:|1730271319
|switch|p2a: Celebi|Celebi|83/100
|move|p1a: Swampert|Hidden Power|p2a: Celebi
|-damage|p2a: Celebi|71/100
|
|-weather|Sandstorm|[upkeep]
|-damage|p2a: Celebi|65/100|[from] Sandstorm
|-heal|p2a: Celebi|71/100|[from] item: Leftovers
|upkeep
|turn|174
|
|t:|1730271337
|switch|p2a: Skarmory|Skarmory, M|100/100
|switch|p1a: Skarmory|Skarmory, F|68/100
|
|-weather|Sandstorm|[upkeep]
|-heal|p1a: Skarmory|74/100|[from] item: Leftovers
|upkeep
|turn|175
|
|t:|1730271357
|switch|p1a: Blissey|Blissey, F|93/100
|move|p2a: Skarmory|Spikes|p1a: Blissey
|-sidestart|p1: LilBigBamSam|Spikes
|
|-weather|Sandstorm|[upkeep]
|-damage|p1a: Blissey|86/100|[from] Sandstorm
|-heal|p1a: Blissey|93/100|[from] item: Leftovers
|upkeep
|turn|176
|
|t:|1730271365
|switch|p2a: Starmie|Starmie, shiny|88/100
|move|p1a: Blissey|Thunder Wave|p2a: Starmie
|-status|p2a: Starmie|par
|
|-weather|Sandstorm|[upkeep]
|-damage|p1a: Blissey|86/100|[from] Sandstorm
|-damage|p2a: Starmie|82/100 par|[from] Sandstorm
|-heal|p1a: Blissey|93/100|[from] item: Leftovers
|-heal|p2a: Starmie|88/100 par|[from] item: Leftovers
|upkeep
|turn|177
|inactive|LilBigBamSam has 270 seconds left.
|
|t:|1730271393
|switch|p1a: Swampert|Swampert, M|100/100
|-damage|p1a: Swampert|88/100|[from] Spikes
|move|p2a: Starmie|Thunder Wave|p1a: Swampert
|-immune|p1a: Swampert
|
|-weather|Sandstorm|[upkeep]
|-damage|p2a: Starmie|82/100 par|[from] Sandstorm
|-heal|p1a: Swampert|94/100|[from] item: Leftovers
|-heal|p2a: Starmie|88/100 par|[from] item: Leftovers
|upkeep
|turn|178
|
|t:|1730271400
|-curestatus|p2a: Starmie|par|[from] ability: Natural Cure
|switch|p2a: Skarmory|Skarmory, M|100/100
|move|p1a: Swampert|Earthquake|p2a: Skarmory
|-immune|p2a: Skarmory
|
|-weather|Sandstorm|[upkeep]
|-heal|p1a: Swampert|100/100|[from] item: Leftovers
|upkeep
|turn|179
|
|t:|1730271409
|move|p2a: Skarmory|Spikes|p1a: Swampert
|-sidestart|p1: LilBigBamSam|Spikes
|move|p1a: Swampert|Ice Beam|p2a: Skarmory
|-damage|p2a: Skarmory|83/100
|
|-weather|Sandstorm|[upkeep]
|-heal|p2a: Skarmory|89/100|[from] item: Leftovers
|upkeep
|turn|180
|
|t:|1730271416
|move|p2a: Skarmory|Protect|p2a: Skarmory
|-singleturn|p2a: Skarmory|Protect
|move|p1a: Swampert|Ice Beam|p2a: Skarmory
|-activate|p2a: Skarmory|Protect
|
|-weather|Sandstorm|[upkeep]
|-heal|p2a: Skarmory|95/100|[from] item: Leftovers
|upkeep
|turn|181
|
|t:|1730271420
|move|p2a: Skarmory|Spikes|p1a: Swampert
|-sidestart|p1: LilBigBamSam|Spikes
|move|p1a: Swampert|Ice Beam|p2a: Skarmory
|-damage|p2a: Skarmory|75/100
|
|-weather|Sandstorm|[upkeep]
|-heal|p2a: Skarmory|81/100|[from] item: Leftovers
|upkeep
|turn|182
|
|t:|1730271438
|switch|p2a: Swampert|Swampert, M, shiny|100/100
|move|p1a: Swampert|Curse|p1a: Swampert
|-unboost|p1a: Swampert|spe|1
|-boost|p1a: Swampert|atk|1
|-boost|p1a: Swampert|def|1
|
|-weather|Sandstorm|[upkeep]
|upkeep
|turn|183
|
|t:|1730271444
|move|p1a: Swampert|Earthquake|p2a: Swampert
|-damage|p2a: Swampert|63/100
|move|p2a: Swampert|Roar|p1a: Swampert
|drag|p1a: Blissey|Blissey, F|93/100
|-damage|p1a: Blissey|68/100|[from] Spikes
|
|-weather|Sandstorm|[upkeep]
|-damage|p1a: Blissey|61/100|[from] Sandstorm
|-heal|p1a: Blissey|68/100|[from] item: Leftovers
|-heal|p2a: Swampert|69/100|[from] item: Leftovers
|upkeep
|turn|184
|
|t:|1730271453
|move|p1a: Blissey|Soft-Boiled|p1a: Blissey
|-heal|p1a: Blissey|100/100
|move|p2a: Swampert|Roar|p1a: Blissey
|drag|p1a: Skarmory|Skarmory, F|74/100
|
|-weather|Sandstorm|[upkeep]
|-heal|p1a: Skarmory|80/100|[from] item: Leftovers
|-heal|p2a: Swampert|75/100|[from] item: Leftovers
|upkeep
|turn|185
|
|t:|1730271460
|switch|p2a: Starmie|Starmie, shiny|88/100
|move|p1a: Skarmory|Toxic|p2a: Starmie
|-status|p2a: Starmie|tox
|
|-weather|Sandstorm|[upkeep]
|-damage|p2a: Starmie|82/100 tox|[from] Sandstorm
|-heal|p2a: Starmie|88/100 tox|[from] item: Leftovers
|-damage|p2a: Starmie|82/100 tox|[from] psn
|-heal|p1a: Skarmory|86/100|[from] item: Leftovers
|upkeep
|turn|186
|
|t:|1730271469
|-curestatus|p2a: Starmie|tox|[from] ability: Natural Cure
|switch|p2a: Skarmory|Skarmory, M|81/100
|move|p1a: Skarmory|Spikes|p2a: Skarmory
|-sidestart|p2: xXEricXx|Spikes
|
|-weather|Sandstorm|[upkeep]
|-heal|p2a: Skarmory|87/100|[from] item: Leftovers
|-heal|p1a: Skarmory|92/100|[from] item: Leftovers
|upkeep
|turn|187
|
|t:|1730271477
|move|p1a: Skarmory|Spikes|p2a: Skarmory
|-sidestart|p2: xXEricXx|Spikes
|move|p2a: Skarmory|Roar|p1a: Skarmory
|drag|p1a: Swampert|Swampert, M|100/100
|-damage|p1a: Swampert|76/100|[from] Spikes
|
|-weather|Sandstorm|[upkeep]
|-heal|p2a: Skarmory|93/100|[from] item: Leftovers
|-heal|p1a: Swampert|82/100|[from] item: Leftovers
|upkeep
|turn|188
|
|t:|1730271485
|move|p2a: Skarmory|Drill Peck|p1a: Swampert
|-crit|p1a: Swampert
|-damage|p1a: Swampert|38/100
|move|p1a: Swampert|Curse|p1a: Swampert
|-unboost|p1a: Swampert|spe|1
|-boost|p1a: Swampert|atk|1
|-boost|p1a: Swampert|def|1
|
|-weather|Sandstorm|[upkeep]
|-heal|p2a: Skarmory|99/100|[from] item: Leftovers
|-heal|p1a: Swampert|44/100|[from] item: Leftovers
|upkeep
|turn|189
|
|t:|1730271490
|move|p1a: Swampert|Hidden Power|p2a: Skarmory
|-damage|p2a: Skarmory|81/100
|move|p2a: Skarmory|Roar|p1a: Swampert
|drag|p1a: Blissey|Blissey, F|100/100
|-damage|p1a: Blissey|76/100|[from] Spikes
|
|-weather|Sandstorm|[upkeep]
|-damage|p1a: Blissey|69/100|[from] Sandstorm
|-heal|p2a: Skarmory|87/100|[from] item: Leftovers
|-heal|p1a: Blissey|76/100|[from] item: Leftovers
|upkeep
|turn|190
|
|t:|1730271500
|move|p2a: Skarmory|Protect|p2a: Skarmory
|-singleturn|p2a: Skarmory|Protect
|move|p1a: Blissey|Fire Blast|p2a: Skarmory
|-activate|p2a: Skarmory|Protect
|
|-weather|Sandstorm|[upkeep]
|-damage|p1a: Blissey|69/100|[from] Sandstorm
|-heal|p2a: Skarmory|93/100|[from] item: Leftovers
|-heal|p1a: Blissey|76/100|[from] item: Leftovers
|upkeep
|turn|191
|
|t:|1730271508
|switch|p2a: Starmie|Starmie, shiny|82/100
|-damage|p2a: Starmie|66/100|[from] Spikes
|move|p1a: Blissey|Thunder Wave|p2a: Starmie
|-status|p2a: Starmie|par
|
|-weather|Sandstorm|[upkeep]
|-damage|p1a: Blissey|69/100|[from] Sandstorm
|-damage|p2a: Starmie|59/100 par|[from] Sandstorm
|-heal|p1a: Blissey|76/100|[from] item: Leftovers
|-heal|p2a: Starmie|66/100 par|[from] item: Leftovers
|upkeep
|turn|192
|
|t:|1730271513
|move|p1a: Blissey|Fire Blast|p2a: Starmie
|-resisted|p2a: Starmie
|-damage|p2a: Starmie|48/100 par
|cant|p2a: Starmie|par
|
|-weather|Sandstorm|[upkeep]
|-damage|p1a: Blissey|69/100|[from] Sandstorm
|-damage|p2a: Starmie|42/100 par|[from] Sandstorm
|-heal|p1a: Blissey|76/100|[from] item: Leftovers
|-heal|p2a: Starmie|48/100 par|[from] item: Leftovers
|upkeep
|turn|193
|
|t:|1730271524
|move|p1a: Blissey|Ice Beam|p2a: Starmie
|-resisted|p2a: Starmie
|-damage|p2a: Starmie|34/100 par
|move|p2a: Starmie|Recover|p2a: Starmie
|-heal|p2a: Starmie|84/100 par
|
|-weather|Sandstorm|[upkeep]
|-damage|p1a: Blissey|69/100|[from] Sandstorm
|-damage|p2a: Starmie|78/100 par|[from] Sandstorm
|-heal|p1a: Blissey|76/100|[from] item: Leftovers
|-heal|p2a: Starmie|84/100 par|[from] item: Leftovers
|upkeep
|turn|194
|
|t:|1730271543
|switch|p1a: Swampert|Swampert, M|44/100
|-damage|p1a: Swampert|19/100|[from] Spikes
|cant|p2a: Starmie|par
|
|-weather|Sandstorm|[upkeep]
|-damage|p2a: Starmie|78/100 par|[from] Sandstorm
|-heal|p1a: Swampert|25/100|[from] item: Leftovers
|-heal|p2a: Starmie|84/100 par|[from] item: Leftovers
|upkeep
|turn|195
|
|t:|1730271554
|-curestatus|p2a: Starmie|par|[from] ability: Natural Cure
|switch|p2a: Celebi|Celebi|71/100
|-damage|p2a: Celebi|55/100|[from] Spikes
|move|p1a: Swampert|Curse|p1a: Swampert
|-unboost|p1a: Swampert|spe|1
|-boost|p1a: Swampert|atk|1
|-boost|p1a: Swampert|def|1
|
|-weather|Sandstorm|[upkeep]
|-damage|p2a: Celebi|48/100|[from] Sandstorm
|-heal|p2a: Celebi|55/100|[from] item: Leftovers
|-heal|p1a: Swampert|32/100|[from] item: Leftovers
|upkeep
|turn|196
|
|t:|1730271569
|move|p2a: Celebi|Hidden Power|p1a: Swampert
|-supereffective|p1a: Swampert
|-damage|p1a: Swampert|0 fnt
|faint|p1a: Swampert
|
|t:|1730271573
|switch|p1a: Skarmory|Skarmory, F|92/100
|
|-weather|Sandstorm|[upkeep]
|-damage|p2a: Celebi|48/100|[from] Sandstorm
|-heal|p2a: Celebi|55/100|[from] item: Leftovers
|-heal|p1a: Skarmory|98/100|[from] item: Leftovers
|upkeep
|turn|197
|c|☆LilBigBamSam|gg man
|c|☆xXEricXx|ggs
|-message|LilBigBamSam forfeited.
|
|win|xXEricXx
|player|p1|

</script>
<script type="application/json" class="data" id="replaydata-smogtours-gen3ou-803410">
{"id":"smogtours-gen3ou-803410","format":"[Gen 3] OU","players":["LilBigBamSam","xXEricXx"],"uploadtime":1730271585,"views":71,"formatid":"gen3ou","rating":null,"private":0,"password":null}
</script>

<script defer src="js/replays.js?9d40a366"></script>
