<!DOCTYPE html>
<meta charset="utf-8" />
<meta name="viewport" content="width=device-width" />

<title>[Gen 3] OU: Vermillion Gangsta vs. NekuYagokoro - Replays - Pok&eacute;mon Showdown!</title>

<meta name="description" content="Watch a replay of a Pok&eacute;mon battle between Vermillion Gangsta and NekuYagokoro! Format: [Gen 3] OU; Date: Oct 8, 2024" />
<!--

Hey, you! Looking in the source for the replay log?

You can find them in JSON format, just add `.json` at the end of a replay URL.

https://replay.pokemonshowdown.com/gen7randomdoublesbattle-865046831.json

Or, if you only need the log itself, add `.log` instead:

https://replay.pokemonshowdown.com/gen7randomdoublesbattle-865046831.log

-->

<link rel="stylesheet" href="//pokemonshowdown.com/style/global.css?0.023195364461161105" />
<link rel="stylesheet" href="//play.pokemonshowdown.com/style/font-awesome.css?0.13261647063804238" />
<link rel="stylesheet" href="//play.pokemonshowdown.com/style/battle.css?0.8753245789963631" />
<link rel="stylesheet" href="//play.pokemonshowdown.com/style/utilichart.css?0.8627959624976733" />

<!-- Global site tag (gtag.js) - Google Analytics -->
<script async src="https://www.googletagmanager.com/gtag/js?id=UA-26211653-1"></script>
<script>
  window.dataLayer = window.dataLayer || [];
  function gtag(){dataLayer.push(arguments);}
  gtag('js', new Date());

  gtag('config', 'UA-26211653-1');
</script>
<!-- End Google Analytics -->
<!-- Venatus Ad Manager - Install in <HEAD> of page -->
	<script src="https://hb.vntsm.com/v3/live/ad-manager.min.js" type="text/javascript" data-site-id="642aba63ec9a7b11c3c9c1be" data-mode="scan" async></script>
<!-- / Venatus Ad Manager -->

<style>
	@media (max-width:820px) {
		.battle {
			margin: 0 auto;
		}
		.battle-log {
			margin: 7px auto 0;
			max-width: 640px;
			height: 300px;
			position: static;
		}
	}
	.optgroup {
		display: inline-block;
		line-height: 22px;
		font-size: 10pt;
	}
	.optgroup .button {
		height: 25px;
		padding-top: 0;
		padding-bottom: 0;
	}
	.optgroup button.button {
		padding-left: 12px;
		padding-right: 12px;
	}
	.linklist {
		list-style: none;
		margin: 0.5em 0;
		padding: 0;
	}
	.linklist li {
		padding: 2px 0;
	}
	.sidebar {
		float: left;
		width: 320px;
	}
	.bar-wrapper {
		max-width: 1100px;
		margin: 0 auto;
	}
	.bar-wrapper.has-sidebar {
		max-width: 1430px;
	}
	.mainbar {
		margin: 0;
		padding-right: 1px;
	}
	.mainbar.has-sidebar {
		margin-left: 330px;
	}
	@media (min-width: 1511px) {
		.sidebar {
			width: 400px;
		}
		.bar-wrapper.has-sidebar {
			max-width: 1510px;
		}
		.mainbar.has-sidebar {
			margin-left: 410px;
		}
	}
	.section.first-section {
		margin-top: 9px;
	}
	.blocklink small {
		white-space: normal;
	}
	.button {
		vertical-align: middle;
	}
	.replay-controls {
		padding-top: 10px;
	}
	.replay-controls h1 {
		font-size: 16pt;
		font-weight: normal;
		color: #CCC;
	}
	.pagelink {
		text-align: center;
	}
	.pagelink a {
		width: 150px;
	}
	.textbox, .button {
		font-size: 11pt;
		vertical-align: middle;
	}
	@media (max-width: 450px) {
		.button {
			font-size: 9pt;
		}
	}
</style>

<div>

	<header>
		<div class="nav-wrapper"><ul class="nav">
			<li><a class="button nav-first" href="//pokemonshowdown.com/"><img src="//pokemonshowdown.com/images/pokemonshowdownbeta.png" srcset="//pokemonshowdown.com/images/pokemonshowdownbeta.png 1x, //pokemonshowdown.com/images/pokemonshowdownbeta@2x.png 2x" alt="Pok&eacute;mon Showdown" width="146" height="44" /> Home</a></li>
			<li><a class="button" href="//pokemonshowdown.com/dex/">Pok&eacute;dex</a></li>
			<li><a class="button cur" href="/">Replays</a></li>
			<li><a class="button" href="//pokemonshowdown.com/ladder/">Ladder</a></li>
			<li><a class="button nav-last" href="//pokemonshowdown.com/forums/">Forum</a></li>
			<li><a class="button greenbutton nav-first nav-last" href="//play.pokemonshowdown.com/">Play</a></li>
		</ul></div>
	</header>

	<div class="main" id="main">

		<noscript><section class="section">You need to enable JavaScript to use this page; sorry!</section></noscript>

	</div>

</div>

<script defer nomodule src="//play.pokemonshowdown.com/js/lib/ps-polyfill.js"></script>
<script defer src="//play.pokemonshowdown.com/js/lib/preact.min.js"></script>

<script defer src="//play.pokemonshowdown.com/config/config.js?2bddbc15"></script>
<script defer src="//play.pokemonshowdown.com/js/lib/jquery-1.11.0.min.js"></script>
<script defer src="//play.pokemonshowdown.com/js/lib/html-sanitizer-minified.js"></script>
<script defer src="//play.pokemonshowdown.com/js/battle-sound.js"></script>
<script defer src="//play.pokemonshowdown.com/js/battledata.js?0.7209276989879541"></script>
<script defer src="//play.pokemonshowdown.com/data/pokedex-mini.js?0.6111056340867951"></script>
<script defer src="//play.pokemonshowdown.com/data/pokedex-mini-bw.js?0.3532142036491459"></script>
<script defer src="//play.pokemonshowdown.com/data/graphics.js?0.24223875632456182"></script>
<script defer src="//play.pokemonshowdown.com/data/pokedex.js?0.38839984266356864"></script>
<script defer src="//play.pokemonshowdown.com/data/moves.js?0.21866028504024015"></script>
<script defer src="//play.pokemonshowdown.com/data/abilities.js?0.2005157953846628"></script>
<script defer src="//play.pokemonshowdown.com/data/items.js?0.9894211263848525"></script>
<script defer src="//play.pokemonshowdown.com/data/teambuilder-tables.js?0.6008791140282215"></script>
<script defer src="//play.pokemonshowdown.com/js/battle-tooltips.js?0.7580118955022959"></script>
<script defer src="//play.pokemonshowdown.com/js/battle.js?0.6057722274234274"></script>

<script defer src="js/utils.js?e31f9a17"></script>
<script defer src="js/replays-battle.js?7008c182"></script>

<!-- don't scrape this data! just add .json or .log after the URL!
Full API docs: https://github.com/smogon/pokemon-showdown-client/blob/master/WEB-API.md -->
<script type="text/plain" class="log" id="replaylog-smogtours-gen3ou-796465">
|inactive|Battle timer is ON: inactive players will automatically lose when time's up.
|t:|1728417376
|gametype|singles
|player|p1|Vermillion Gangsta|170|
|player|p2|NekuYagokoro|1|
|teamsize|p1|6
|teamsize|p2|6
|gen|3
|tier|[Gen 3] OU
|rule|Sleep Clause Mod: Limit one foe put to sleep
|rule|Switch Priority Clause Mod: Faster Pokémon switch first
|rule|Species Clause: Limit one of each Pokémon
|rule|OHKO Clause: OHKO moves are banned
|rule|Evasion Items Clause: Evasion items are banned
|rule|Evasion Moves Clause: Evasion moves are banned
|rule|Endless Battle Clause: Forcing endless battles is banned
|rule|HP Percentage Mod: HP is shown in percentages
|rule|One Boost Passer Clause: Limit one Baton Passer that has a way to boost its stats
|rule|Freeze Clause Mod: Limit one foe frozen
|
|t:|1728417376
|start
|switch|p1a: Tyranitar|Tyranitar, M|100/100
|switch|p2a: Showdown movie|Skarmory, M|100/100
|-weather|Sandstorm|[from] ability: Sand Stream|[of] p1a: Tyranitar
|turn|1
|c|☆Vermillion Gangsta|hf bri
|c|☆NekuYagokoro|glhf
|
|t:|1728417397
|move|p2a: Showdown movie|Protect|p2a: Showdown movie
|-singleturn|p2a: Showdown movie|Protect
|move|p1a: Tyranitar|Fire Blast|p2a: Showdown movie
|-activate|p2a: Showdown movie|Protect
|
|-weather|Sandstorm|[upkeep]
|upkeep
|turn|2
|
|t:|1728417415
|switch|p2a: boots with the fur|Blissey, F|100/100
|move|p1a: Tyranitar|Fire Blast|p2a: boots with the fur
|-damage|p2a: boots with the fur|87/100
|
|-weather|Sandstorm|[upkeep]
|-damage|p2a: boots with the fur|81/100|[from] Sandstorm
|-heal|p2a: boots with the fur|87/100|[from] item: Leftovers
|upkeep
|turn|3
|
|t:|1728417422
|move|p1a: Tyranitar|Brick Break|p2a: boots with the fur
|-supereffective|p2a: boots with the fur
|-crit|p2a: boots with the fur
|-damage|p2a: boots with the fur|0 fnt
|faint|p2a: boots with the fur
|c|☆Vermillion Gangsta|mb 
|
|t:|1728417436
|switch|p2a: harrison|Flygon, M|100/100
|
|-weather|Sandstorm|[upkeep]
|upkeep
|turn|4
|c|☆NekuYagokoro|nah it's all good LOL
|
|t:|1728417463
|move|p2a: harrison|Earthquake|p1a: Tyranitar
|-supereffective|p1a: Tyranitar
|-damage|p1a: Tyranitar|35/100
|move|p1a: Tyranitar|Ice Beam|p2a: harrison
|-supereffective|p2a: harrison
|-damage|p2a: harrison|0 fnt
|faint|p2a: harrison
|
|t:|1728417474
|switch|p2a: fried chicken|Zapdos|100/100
|
|-weather|Sandstorm|[upkeep]
|-damage|p2a: fried chicken|94/100|[from] Sandstorm
|-heal|p2a: fried chicken|100/100|[from] item: Leftovers
|upkeep
|turn|5
|inactive|Vermillion Gangsta has 270 seconds left.
|inactive|Vermillion Gangsta has 240 seconds left.
|
|t:|1728417530
|switch|p1a: Blissey|Blissey, F|100/100
|move|p2a: fried chicken|Thunderbolt|p1a: Blissey
|-damage|p1a: Blissey|84/100
|-status|p1a: Blissey|par
|
|-weather|Sandstorm|[upkeep]
|-damage|p2a: fried chicken|94/100|[from] Sandstorm
|-damage|p1a: Blissey|77/100 par|[from] Sandstorm
|-heal|p2a: fried chicken|100/100|[from] item: Leftovers
|-heal|p1a: Blissey|84/100 par|[from] item: Leftovers
|upkeep
|turn|6
|inactive|Vermillion Gangsta has 240 seconds left.
|
|t:|1728417544
|switch|p2a: Showdown movie|Skarmory, M|100/100
|-curestatus|p1a: Blissey|par|[from] ability: Natural Cure
|switch|p1a: Tyranitar|Tyranitar, M|35/100
|
|-weather|Sandstorm|[upkeep]
|upkeep
|turn|7
|
|t:|1728417563
|move|p2a: Showdown movie|Protect|p2a: Showdown movie
|-singleturn|p2a: Showdown movie|Protect
|move|p1a: Tyranitar|Fire Blast|p2a: Showdown movie
|-activate|p2a: Showdown movie|Protect
|
|-weather|Sandstorm|[upkeep]
|upkeep
|turn|8
|inactive|Vermillion Gangsta has 240 seconds left.
|
|t:|1728417584
|move|p1a: Tyranitar|Fire Blast|p2a: Showdown movie
|-supereffective|p2a: Showdown movie
|-damage|p2a: Showdown movie|35/100
|move|p2a: Showdown movie|Roar|p1a: Tyranitar
|drag|p1a: Swampert|Swampert, M|100/100
|
|-weather|Sandstorm|[upkeep]
|-heal|p2a: Showdown movie|41/100|[from] item: Leftovers
|upkeep
|turn|9
|inactive|Vermillion Gangsta has 240 seconds left.
|
|t:|1728417600
|move|p2a: Showdown movie|Toxic|p1a: Swampert
|-status|p1a: Swampert|tox
|move|p1a: Swampert|Ice Beam|p2a: Showdown movie
|-damage|p2a: Showdown movie|21/100
|
|-weather|Sandstorm|[upkeep]
|-heal|p2a: Showdown movie|27/100|[from] item: Leftovers
|-damage|p1a: Swampert|94/100 tox|[from] psn
|upkeep
|turn|10
|inactive|Vermillion Gangsta has 240 seconds left.
|
|t:|1728417609
|switch|p1a: Tyranitar|Tyranitar, M|35/100
|move|p2a: Showdown movie|Protect||[still]
|-fail|p2a: Showdown movie
|
|-weather|Sandstorm|[upkeep]
|-heal|p2a: Showdown movie|33/100|[from] item: Leftovers
|upkeep
|turn|11
|
|t:|1728417614
|switch|p2a: fried chicken|Zapdos|100/100
|move|p1a: Tyranitar|Fire Blast|p2a: fried chicken
|-damage|p2a: fried chicken|78/100
|
|-weather|Sandstorm|[upkeep]
|-damage|p2a: fried chicken|72/100|[from] Sandstorm
|-heal|p2a: fried chicken|78/100|[from] item: Leftovers
|upkeep
|turn|12
|
|t:|1728417623
|switch|p1a: Blissey|Blissey, F|84/100
|move|p2a: fried chicken|Thunderbolt|p1a: Blissey
|-crit|p1a: Blissey
|-damage|p1a: Blissey|49/100
|
|-weather|Sandstorm|[upkeep]
|-damage|p2a: fried chicken|72/100|[from] Sandstorm
|-damage|p1a: Blissey|42/100|[from] Sandstorm
|-heal|p2a: fried chicken|78/100|[from] item: Leftovers
|-heal|p1a: Blissey|49/100|[from] item: Leftovers
|upkeep
|turn|13
|
|t:|1728417632
|move|p1a: Blissey|Soft-Boiled|p1a: Blissey
|-heal|p1a: Blissey|99/100
|move|p2a: fried chicken|Roar|p1a: Blissey
|drag|p1a: Tyranitar|Tyranitar, M|35/100
|
|-weather|Sandstorm|[upkeep]
|-damage|p2a: fried chicken|72/100|[from] Sandstorm
|-heal|p2a: fried chicken|78/100|[from] item: Leftovers
|upkeep
|turn|14
|
|t:|1728417638
|switch|p1a: Blissey|Blissey, F|99/100
|move|p2a: fried chicken|Thunderbolt|p1a: Blissey
|-damage|p1a: Blissey|82/100
|-status|p1a: Blissey|par
|
|-weather|Sandstorm|[upkeep]
|-damage|p2a: fried chicken|72/100|[from] Sandstorm
|-damage|p1a: Blissey|76/100 par|[from] Sandstorm
|-heal|p2a: fried chicken|78/100|[from] item: Leftovers
|-heal|p1a: Blissey|82/100 par|[from] item: Leftovers
|upkeep
|turn|15
|
|t:|1728417647
|move|p2a: fried chicken|Thunderbolt|p1a: Blissey
|-damage|p1a: Blissey|67/100 par
|move|p1a: Blissey|Thunderbolt|p2a: fried chicken
|-damage|p2a: fried chicken|60/100
|
|-weather|Sandstorm|[upkeep]
|-damage|p2a: fried chicken|53/100|[from] Sandstorm
|-damage|p1a: Blissey|61/100 par|[from] Sandstorm
|-heal|p2a: fried chicken|60/100|[from] item: Leftovers
|-heal|p1a: Blissey|67/100 par|[from] item: Leftovers
|upkeep
|turn|16
|inactive|Vermillion Gangsta has 270 seconds left.
|
|t:|1728417655
|move|p2a: fried chicken|Thunderbolt|p1a: Blissey
|-damage|p1a: Blissey|51/100 par
|move|p1a: Blissey|Soft-Boiled|p1a: Blissey
|-heal|p1a: Blissey|100/100 par
|
|-weather|Sandstorm|[upkeep]
|-damage|p2a: fried chicken|53/100|[from] Sandstorm
|-damage|p1a: Blissey|94/100 par|[from] Sandstorm
|-heal|p2a: fried chicken|60/100|[from] item: Leftovers
|-heal|p1a: Blissey|100/100 par|[from] item: Leftovers
|upkeep
|turn|17
|
|t:|1728417661
|move|p1a: Blissey|Calm Mind|p1a: Blissey
|-boost|p1a: Blissey|spa|1
|-boost|p1a: Blissey|spd|1
|move|p2a: fried chicken|Roar|p1a: Blissey
|-curestatus|p1a: Blissey|par|[from] ability: Natural Cure
|drag|p1a: Tyranitar|Tyranitar, M|35/100
|
|-weather|Sandstorm|[upkeep]
|-damage|p2a: fried chicken|53/100|[from] Sandstorm
|-heal|p2a: fried chicken|60/100|[from] item: Leftovers
|upkeep
|turn|18
|
|t:|1728417672
|switch|p1a: Blissey|Blissey, F|100/100
|move|p2a: fried chicken|Thunderbolt|p1a: Blissey
|-damage|p1a: Blissey|84/100
|
|-weather|Sandstorm|[upkeep]
|-damage|p2a: fried chicken|53/100|[from] Sandstorm
|-damage|p1a: Blissey|78/100|[from] Sandstorm
|-heal|p2a: fried chicken|60/100|[from] item: Leftovers
|-heal|p1a: Blissey|84/100|[from] item: Leftovers
|upkeep
|turn|19
|
|t:|1728417678
|move|p1a: Blissey|Ice Beam|p2a: fried chicken
|-supereffective|p2a: fried chicken
|-damage|p2a: fried chicken|24/100
|move|p2a: fried chicken|Roar|p1a: Blissey
|drag|p1a: Swampert|Swampert, M|94/100 tox
|
|-weather|Sandstorm|[upkeep]
|-damage|p2a: fried chicken|18/100|[from] Sandstorm
|-heal|p2a: fried chicken|24/100|[from] item: Leftovers
|-heal|p1a: Swampert|100/100 tox|[from] item: Leftovers
|-damage|p1a: Swampert|94/100 tox|[from] psn
|upkeep
|turn|20
|inactive|Vermillion Gangsta has 270 seconds left.
|
|t:|1728417710
|switch|p2a: hi yt!|Tyranitar, F|100/100
|switch|p1a: Blissey|Blissey, F|84/100
|
|-weather|Sandstorm|[upkeep]
|-damage|p1a: Blissey|78/100|[from] Sandstorm
|-heal|p1a: Blissey|84/100|[from] item: Leftovers
|upkeep
|turn|21
|
|t:|1728417720
|switch|p1a: Skarmory|Skarmory, M|100/100
|move|p2a: hi yt!|Brick Break|p1a: Skarmory
|-damage|p1a: Skarmory|83/100
|
|-weather|Sandstorm|[upkeep]
|-heal|p1a: Skarmory|89/100|[from] item: Leftovers
|upkeep
|turn|22
|
|t:|1728417737
|switch|p1a: Salamence|Salamence, F|100/100
|-ability|p1a: Salamence|Intimidate|boost
|-unboost|p2a: hi yt!|atk|1
|move|p2a: hi yt!|Fire Blast|p1a: Salamence
|-resisted|p1a: Salamence
|-damage|p1a: Salamence|78/100
|
|-weather|Sandstorm|[upkeep]
|-damage|p1a: Salamence|72/100|[from] Sandstorm
|-heal|p1a: Salamence|78/100|[from] item: Leftovers
|upkeep
|turn|23
|
|t:|1728417747
|switch|p2a: devious|Gengar, F|100/100
|move|p1a: Salamence|Brick Break|p2a: devious
|-immune|p2a: devious
|
|-weather|Sandstorm|[upkeep]
|-damage|p2a: devious|95/100|[from] Sandstorm
|-damage|p1a: Salamence|72/100|[from] Sandstorm
|-heal|p2a: devious|100/100|[from] item: Leftovers
|-heal|p1a: Salamence|78/100|[from] item: Leftovers
|upkeep
|turn|24
|
|t:|1728417755
|switch|p1a: Blissey|Blissey, F|84/100
|move|p2a: devious|Thunderbolt|p1a: Blissey
|-damage|p1a: Blissey|73/100
|
|-weather|Sandstorm|[upkeep]
|-damage|p2a: devious|95/100|[from] Sandstorm
|-damage|p1a: Blissey|67/100|[from] Sandstorm
|-heal|p2a: devious|100/100|[from] item: Leftovers
|-heal|p1a: Blissey|73/100|[from] item: Leftovers
|upkeep
|turn|25
|inactive|Vermillion Gangsta has 270 seconds left.
|
|t:|1728417763
|move|p2a: devious|Will-O-Wisp|p1a: Blissey
|-status|p1a: Blissey|brn
|move|p1a: Blissey|Calm Mind|p1a: Blissey
|-boost|p1a: Blissey|spa|1
|-boost|p1a: Blissey|spd|1
|
|-weather|Sandstorm|[upkeep]
|-damage|p2a: devious|95/100|[from] Sandstorm
|-damage|p1a: Blissey|67/100 brn|[from] Sandstorm
|-heal|p2a: devious|100/100|[from] item: Leftovers
|-heal|p1a: Blissey|73/100 brn|[from] item: Leftovers
|-damage|p1a: Blissey|60/100 brn|[from] brn
|upkeep
|turn|26
|
|t:|1728417767
|switch|p2a: Showdown movie|Skarmory, M|33/100
|move|p1a: Blissey|Ice Beam|p2a: Showdown movie
|-damage|p2a: Showdown movie|0 fnt
|faint|p2a: Showdown movie
|
|t:|1728417769
|switch|p2a: fried chicken|Zapdos|24/100
|
|-weather|Sandstorm|[upkeep]
|-damage|p2a: fried chicken|18/100|[from] Sandstorm
|-damage|p1a: Blissey|54/100 brn|[from] Sandstorm
|-heal|p2a: fried chicken|24/100|[from] item: Leftovers
|-heal|p1a: Blissey|60/100 brn|[from] item: Leftovers
|-damage|p1a: Blissey|48/100 brn|[from] brn
|upkeep
|turn|27
|
|t:|1728417776
|move|p2a: fried chicken|Rest|p2a: fried chicken
|-status|p2a: fried chicken|slp|[from] move: Rest
|-heal|p2a: fried chicken|100/100 slp|[silent]
|move|p1a: Blissey|Soft-Boiled|p1a: Blissey
|-heal|p1a: Blissey|98/100 brn
|
|-weather|Sandstorm|[upkeep]
|-damage|p2a: fried chicken|94/100 slp|[from] Sandstorm
|-damage|p1a: Blissey|92/100 brn|[from] Sandstorm
|-heal|p2a: fried chicken|100/100 slp|[from] item: Leftovers
|-heal|p1a: Blissey|98/100 brn|[from] item: Leftovers
|-damage|p1a: Blissey|85/100 brn|[from] brn
|upkeep
|turn|28
|
|t:|1728417787
|cant|p2a: fried chicken|slp
|move|p2a: fried chicken|Sleep Talk|p2a: fried chicken
|move|p2a: fried chicken|Thunderbolt|p1a: Blissey|[from]Sleep Talk
|-damage|p1a: Blissey|75/100 brn
|move|p1a: Blissey|Ice Beam|p2a: fried chicken
|-supereffective|p2a: fried chicken
|-damage|p2a: fried chicken|46/100 slp
|
|-weather|Sandstorm|[upkeep]
|-damage|p2a: fried chicken|40/100 slp|[from] Sandstorm
|-damage|p1a: Blissey|69/100 brn|[from] Sandstorm
|-heal|p2a: fried chicken|46/100 slp|[from] item: Leftovers
|-heal|p1a: Blissey|75/100 brn|[from] item: Leftovers
|-damage|p1a: Blissey|62/100 brn|[from] brn
|upkeep
|turn|29
|
|t:|1728417798
|cant|p2a: fried chicken|slp
|move|p2a: fried chicken|Sleep Talk|p2a: fried chicken
|move|p2a: fried chicken|Roar|p1a: Blissey|[from]Sleep Talk
|-curestatus|p1a: Blissey|brn|[from] ability: Natural Cure
|drag|p1a: Aerodactyl|Aerodactyl, M|100/100
|
|-weather|Sandstorm|[upkeep]
|-damage|p2a: fried chicken|40/100 slp|[from] Sandstorm
|-heal|p2a: fried chicken|46/100 slp|[from] item: Leftovers
|upkeep
|turn|30
|
|t:|1728417808
|move|p1a: Aerodactyl|Rock Slide|p2a: fried chicken
|-supereffective|p2a: fried chicken
|-damage|p2a: fried chicken|0 fnt
|faint|p2a: fried chicken
|
|t:|1728417815
|switch|p2a: hi yt!|Tyranitar, F|100/100
|
|-weather|Sandstorm|[upkeep]
|upkeep
|turn|31
|
|t:|1728417844
|-activate|p1a: Aerodactyl|move: Pursuit
|move|p2a: hi yt!|Pursuit|p1a: Aerodactyl|[from]Pursuit
|-damage|p1a: Aerodactyl|49/100
|switch|p1a: Swampert|Swampert, M|94/100 tox
|
|-weather|Sandstorm|[upkeep]
|-heal|p1a: Swampert|100/100 tox|[from] item: Leftovers
|-damage|p1a: Swampert|94/100 tox|[from] psn
|upkeep
|turn|32
|
|t:|1728417857
|switch|p2a: devious|Gengar, F|100/100
|move|p1a: Swampert|Hydro Pump|p2a: devious|[miss]
|-miss|p1a: Swampert|p2a: devious
|
|-weather|Sandstorm|[upkeep]
|-damage|p2a: devious|95/100|[from] Sandstorm
|-heal|p2a: devious|100/100|[from] item: Leftovers
|-heal|p1a: Swampert|100/100 tox|[from] item: Leftovers
|-damage|p1a: Swampert|88/100 tox|[from] psn
|upkeep
|turn|33
|
|t:|1728417870
|move|p2a: devious|Giga Drain|p1a: Swampert
|-supereffective|p1a: Swampert
|-damage|p1a: Swampert|21/100 tox
|move|p1a: Swampert|Hydro Pump|p2a: devious
|-damage|p2a: devious|30/100
|
|-weather|Sandstorm|[upkeep]
|-damage|p2a: devious|24/100|[from] Sandstorm
|-heal|p2a: devious|30/100|[from] item: Leftovers
|-heal|p1a: Swampert|28/100 tox|[from] item: Leftovers
|-damage|p1a: Swampert|9/100 tox|[from] psn
|upkeep
|turn|34
|
|t:|1728417880
|move|p2a: devious|Giga Drain|p1a: Swampert
|-supereffective|p1a: Swampert
|-damage|p1a: Swampert|0 fnt
|-heal|p2a: devious|35/100|[from] drain|[of] p1a: Swampert
|faint|p1a: Swampert
|inactive|Vermillion Gangsta has 270 seconds left.
|
|t:|1728417900
|switch|p1a: Blissey|Blissey, F|62/100
|
|-weather|Sandstorm|[upkeep]
|-damage|p2a: devious|30/100|[from] Sandstorm
|-damage|p1a: Blissey|56/100|[from] Sandstorm
|-heal|p2a: devious|35/100|[from] item: Leftovers
|-heal|p1a: Blissey|62/100|[from] item: Leftovers
|upkeep
|turn|35
|
|t:|1728417907
|move|p2a: devious|Explosion|p1a: Blissey
|-damage|p1a: Blissey|0 fnt
|faint|p2a: devious
|faint|p1a: Blissey
|
|t:|1728417911
|switch|p2a: hi yt!|Tyranitar, F|100/100
|switch|p1a: Salamence|Salamence, F|78/100
|-ability|p1a: Salamence|Intimidate|boost
|-unboost|p2a: hi yt!|atk|1
|
|-weather|Sandstorm|[upkeep]
|-damage|p1a: Salamence|72/100|[from] Sandstorm
|-heal|p1a: Salamence|78/100|[from] item: Leftovers
|upkeep
|turn|36
|
|t:|1728417921
|switch|p1a: Tyranitar|Tyranitar, M|35/100
|move|p2a: hi yt!|Fire Blast|p1a: Tyranitar|[miss]
|-miss|p2a: hi yt!|p1a: Tyranitar
|
|-weather|Sandstorm|[upkeep]
|upkeep
|turn|37
|
|t:|1728417926
|move|p1a: Tyranitar|Brick Break|p2a: hi yt!
|-supereffective|p2a: hi yt!
|-damage|p2a: hi yt!|28/100
|move|p2a: hi yt!|Fire Blast|p1a: Tyranitar
|-resisted|p1a: Tyranitar
|-damage|p1a: Tyranitar|13/100
|-status|p1a: Tyranitar|brn
|-enditem|p1a: Tyranitar|Lum Berry|[eat]
|-curestatus|p1a: Tyranitar|brn|[msg]
|
|-weather|Sandstorm|[upkeep]
|-heal|p2a: hi yt!|35/100|[from] item: Leftovers
|upkeep
|turn|38
|c|☆NekuYagokoro|damn even got the burn too lol
|
|t:|1728417935
|move|p1a: Tyranitar|Brick Break|p2a: hi yt!
|-supereffective|p2a: hi yt!
|-damage|p2a: hi yt!|0 fnt
|faint|p2a: hi yt!
|
|win|Vermillion Gangsta
|c|☆NekuYagokoro|ggs
|c|☆Vermillion Gangsta|gg bro
|c|☆Vermillion Gangsta|this is a bo3 right
|c|☆NekuYagokoro|Yeh
|player|p2|
|c|☆Vermillion Gangsta|alright

</script>
<script type="application/json" class="data" id="replaydata-smogtours-gen3ou-796465">
{"id":"smogtours-gen3ou-796465","format":"[Gen 3] OU","players":["Vermillion Gangsta","NekuYagokoro"],"uploadtime":1728417935,"views":130,"formatid":"gen3ou","rating":null,"private":0,"password":null}
</script>

<script defer src="js/replays.js?9d40a366"></script>
