<!DOCTYPE html>
<meta charset="utf-8" />
<meta name="viewport" content="width=device-width" />

<title>[Gen 3] OU: SaunkGod vs. crustaceus - Replays - Pok&eacute;mon Showdown!</title>

<meta name="description" content="Watch a replay of a Pok&eacute;mon battle between SaunkGod and crustaceus! Format: [Gen 3] OU; Date: Oct 12, 2024" />
<!--

Hey, you! Looking in the source for the replay log?

You can find them in JSON format, just add `.json` at the end of a replay URL.

https://replay.pokemonshowdown.com/gen7randomdoublesbattle-865046831.json

Or, if you only need the log itself, add `.log` instead:

https://replay.pokemonshowdown.com/gen7randomdoublesbattle-865046831.log

-->

<link rel="stylesheet" href="//pokemonshowdown.com/style/global.css?0.767286132409787" />
<link rel="stylesheet" href="//play.pokemonshowdown.com/style/font-awesome.css?0.9266228007934947" />
<link rel="stylesheet" href="//play.pokemonshowdown.com/style/battle.css?0.7924700842790926" />
<link rel="stylesheet" href="//play.pokemonshowdown.com/style/utilichart.css?0.8777417872839479" />

<!-- Global site tag (gtag.js) - Google Analytics -->
<script async src="https://www.googletagmanager.com/gtag/js?id=UA-26211653-1"></script>
<script>
  window.dataLayer = window.dataLayer || [];
  function gtag(){dataLayer.push(arguments);}
  gtag('js', new Date());

  gtag('config', 'UA-26211653-1');
</script>
<!-- End Google Analytics -->
<!-- Venatus Ad Manager - Install in <HEAD> of page -->
	<script src="https://hb.vntsm.com/v3/live/ad-manager.min.js" type="text/javascript" data-site-id="642aba63ec9a7b11c3c9c1be" data-mode="scan" async></script>
<!-- / Venatus Ad Manager -->

<style>
	@media (max-width:820px) {
		.battle {
			margin: 0 auto;
		}
		.battle-log {
			margin: 7px auto 0;
			max-width: 640px;
			height: 300px;
			position: static;
		}
	}
	.optgroup {
		display: inline-block;
		line-height: 22px;
		font-size: 10pt;
	}
	.optgroup .button {
		height: 25px;
		padding-top: 0;
		padding-bottom: 0;
	}
	.optgroup button.button {
		padding-left: 12px;
		padding-right: 12px;
	}
	.linklist {
		list-style: none;
		margin: 0.5em 0;
		padding: 0;
	}
	.linklist li {
		padding: 2px 0;
	}
	.sidebar {
		float: left;
		width: 320px;
	}
	.bar-wrapper {
		max-width: 1100px;
		margin: 0 auto;
	}
	.bar-wrapper.has-sidebar {
		max-width: 1430px;
	}
	.mainbar {
		margin: 0;
		padding-right: 1px;
	}
	.mainbar.has-sidebar {
		margin-left: 330px;
	}
	@media (min-width: 1511px) {
		.sidebar {
			width: 400px;
		}
		.bar-wrapper.has-sidebar {
			max-width: 1510px;
		}
		.mainbar.has-sidebar {
			margin-left: 410px;
		}
	}
	.section.first-section {
		margin-top: 9px;
	}
	.blocklink small {
		white-space: normal;
	}
	.button {
		vertical-align: middle;
	}
	.replay-controls {
		padding-top: 10px;
	}
	.replay-controls h1 {
		font-size: 16pt;
		font-weight: normal;
		color: #CCC;
	}
	.pagelink {
		text-align: center;
	}
	.pagelink a {
		width: 150px;
	}
	.textbox, .button {
		font-size: 11pt;
		vertical-align: middle;
	}
	@media (max-width: 450px) {
		.button {
			font-size: 9pt;
		}
	}
</style>

<div>

	<header>
		<div class="nav-wrapper"><ul class="nav">
			<li><a class="button nav-first" href="//pokemonshowdown.com/"><img src="//pokemonshowdown.com/images/pokemonshowdownbeta.png" srcset="//pokemonshowdown.com/images/pokemonshowdownbeta.png 1x, //pokemonshowdown.com/images/pokemonshowdownbeta@2x.png 2x" alt="Pok&eacute;mon Showdown" width="146" height="44" /> Home</a></li>
			<li><a class="button" href="//pokemonshowdown.com/dex/">Pok&eacute;dex</a></li>
			<li><a class="button cur" href="/">Replays</a></li>
			<li><a class="button" href="//pokemonshowdown.com/ladder/">Ladder</a></li>
			<li><a class="button nav-last" href="//pokemonshowdown.com/forums/">Forum</a></li>
			<li><a class="button greenbutton nav-first nav-last" href="//play.pokemonshowdown.com/">Play</a></li>
		</ul></div>
	</header>

	<div class="main" id="main">

		<noscript><section class="section">You need to enable JavaScript to use this page; sorry!</section></noscript>

	</div>

</div>

<script defer nomodule src="//play.pokemonshowdown.com/js/lib/ps-polyfill.js"></script>
<script defer src="//play.pokemonshowdown.com/js/lib/preact.min.js"></script>

<script defer src="//play.pokemonshowdown.com/config/config.js?6dec07f6"></script>
<script defer src="//play.pokemonshowdown.com/js/lib/jquery-1.11.0.min.js"></script>
<script defer src="//play.pokemonshowdown.com/js/lib/html-sanitizer-minified.js"></script>
<script defer src="//play.pokemonshowdown.com/js/battle-sound.js"></script>
<script defer src="//play.pokemonshowdown.com/js/battledata.js?0.6315294753075389"></script>
<script defer src="//play.pokemonshowdown.com/data/pokedex-mini.js?0.7603743185311358"></script>
<script defer src="//play.pokemonshowdown.com/data/pokedex-mini-bw.js?0.030888842834281283"></script>
<script defer src="//play.pokemonshowdown.com/data/graphics.js?0.05593094747507488"></script>
<script defer src="//play.pokemonshowdown.com/data/pokedex.js?0.47064822249611904"></script>
<script defer src="//play.pokemonshowdown.com/data/moves.js?0.8583693120512459"></script>
<script defer src="//play.pokemonshowdown.com/data/abilities.js?0.16017181182386842"></script>
<script defer src="//play.pokemonshowdown.com/data/items.js?0.4163379185673943"></script>
<script defer src="//play.pokemonshowdown.com/data/teambuilder-tables.js?0.31075597372830477"></script>
<script defer src="//play.pokemonshowdown.com/js/battle-tooltips.js?0.6536193500708172"></script>
<script defer src="//play.pokemonshowdown.com/js/battle.js?0.1916591943277901"></script>

<script defer src="js/utils.js?e31f9a17"></script>
<script defer src="js/replays-battle.js?7008c182"></script>

<!-- don't scrape this data! just add .json or .log after the URL!
Full API docs: https://github.com/smogon/pokemon-showdown-client/blob/master/WEB-API.md -->
<script type="text/plain" class="log" id="replaylog-smogtours-gen3ou-797792">
|inactive|Battle timer is ON: inactive players will automatically lose when time's up.
|t:|1728765856
|gametype|singles
|player|p1|SaunkGod|blue-gen3two|
|player|p2|crustaceus|266|
|teamsize|p1|6
|teamsize|p2|6
|gen|3
|tier|[Gen 3] OU
|rule|Sleep Clause Mod: Limit one foe put to sleep
|rule|Switch Priority Clause Mod: Faster Pokémon switch first
|rule|Species Clause: Limit one of each Pokémon
|rule|OHKO Clause: OHKO moves are banned
|rule|Evasion Items Clause: Evasion items are banned
|rule|Evasion Moves Clause: Evasion moves are banned
|rule|Endless Battle Clause: Forcing endless battles is banned
|rule|HP Percentage Mod: HP is shown in percentages
|rule|One Boost Passer Clause: Limit one Baton Passer that has a way to boost its stats
|rule|Freeze Clause Mod: Limit one foe frozen
|
|t:|1728765856
|start
|switch|p1a: Zapdos|Zapdos|100/100
|switch|p2a: Perkons|Zapdos|100/100
|turn|1
|
|t:|1728765879
|move|p1a: Zapdos|Thunderbolt|p2a: Perkons
|-damage|p2a: Perkons|56/100
|move|p2a: Perkons|Thunderbolt|p1a: Zapdos
|-damage|p1a: Zapdos|57/100
|
|-heal|p2a: Perkons|62/100|[from] item: Leftovers
|upkeep
|turn|2
|
|t:|1728765895
|switch|p1a: Celebi|Celebi|100/100
|switch|p2a: Olas|Blissey, F|100/100
|
|upkeep
|turn|3
|inactive|SaunkGod has 270 seconds left.
|
|t:|1728765936
|move|p1a: Celebi|Calm Mind|p1a: Celebi
|-boost|p1a: Celebi|spa|1
|-boost|p1a: Celebi|spd|1
|move|p2a: Olas|Ice Beam|p1a: Celebi
|-supereffective|p1a: Celebi
|-damage|p1a: Celebi|68/100
|-status|p1a: Celebi|frz
|
|-heal|p1a: Celebi|74/100 frz|[from] item: Leftovers
|upkeep
|turn|4
|c|☆crustaceus|mb
|c|☆SaunkGod|all good
|
|t:|1728765950
|switch|p2a: Meatball|Forretress, F|100/100
|cant|p1a: Celebi|frz
|
|-heal|p1a: Celebi|80/100 frz|[from] item: Leftovers
|upkeep
|turn|5
|inactive|crustaceus has 270 seconds left.
|
|t:|1728765965
|-curestatus|p1a: Celebi|frz|[from] ability: Natural Cure
|switch|p1a: Machamp|Machamp, M|100/100
|switch|p2a: Kalni|Tyranitar, M|100/100
|-weather|Sandstorm|[from] ability: Sand Stream|[of] p2a: Kalni
|
|-weather|Sandstorm|[upkeep]
|-damage|p1a: Machamp|94/100|[from] Sandstorm
|-heal|p1a: Machamp|100/100|[from] item: Leftovers
|upkeep
|turn|6
|inactive|crustaceus has 270 seconds left.
|inactive|crustaceus has 240 seconds left.
|
|t:|1728766022
|move|p2a: Kalni|Flamethrower|p1a: Machamp
|-damage|p1a: Machamp|71/100
|move|p1a: Machamp|Cross Chop|p2a: Kalni|[miss]
|-miss|p1a: Machamp|p2a: Kalni
|
|-weather|Sandstorm|[upkeep]
|-damage|p1a: Machamp|65/100|[from] Sandstorm
|-heal|p1a: Machamp|71/100|[from] item: Leftovers
|upkeep
|turn|7
|
|t:|1728766036
|switch|p2a: Perkons|Zapdos|62/100
|move|p1a: Machamp|Cross Chop|p2a: Perkons
|-resisted|p2a: Perkons
|-damage|p2a: Perkons|31/100
|
|-weather|Sandstorm|[upkeep]
|-damage|p2a: Perkons|25/100|[from] Sandstorm
|-damage|p1a: Machamp|65/100|[from] Sandstorm
|-heal|p2a: Perkons|31/100|[from] item: Leftovers
|-heal|p1a: Machamp|71/100|[from] item: Leftovers
|upkeep
|turn|8
|
|t:|1728766044
|switch|p1a: Celebi|Celebi|80/100
|move|p2a: Perkons|Thunderbolt|p1a: Celebi
|-resisted|p1a: Celebi
|-damage|p1a: Celebi|60/100
|
|-weather|Sandstorm|[upkeep]
|-damage|p1a: Celebi|53/100|[from] Sandstorm
|-damage|p2a: Perkons|25/100|[from] Sandstorm
|-heal|p1a: Celebi|60/100|[from] item: Leftovers
|-heal|p2a: Perkons|31/100|[from] item: Leftovers
|upkeep
|turn|9
|
|t:|1728766051
|move|p1a: Celebi|Calm Mind|p1a: Celebi
|-boost|p1a: Celebi|spa|1
|-boost|p1a: Celebi|spd|1
|move|p2a: Perkons|Toxic|p1a: Celebi
|-status|p1a: Celebi|tox
|
|-weather|Sandstorm|[upkeep]
|-damage|p1a: Celebi|53/100 tox|[from] Sandstorm
|-damage|p2a: Perkons|25/100|[from] Sandstorm
|-heal|p1a: Celebi|60/100 tox|[from] item: Leftovers
|-damage|p1a: Celebi|53/100 tox|[from] psn
|-heal|p2a: Perkons|31/100|[from] item: Leftovers
|upkeep
|turn|10
|
|t:|1728766055
|move|p1a: Celebi|Psychic|p2a: Perkons
|-damage|p2a: Perkons|0 fnt
|faint|p2a: Perkons
|
|t:|1728766059
|switch|p2a: Kalni|Tyranitar, M|100/100
|
|-weather|Sandstorm|[upkeep]
|-damage|p1a: Celebi|47/100 tox|[from] Sandstorm
|-heal|p1a: Celebi|53/100 tox|[from] item: Leftovers
|-damage|p1a: Celebi|41/100 tox|[from] psn
|upkeep
|turn|11
|
|t:|1728766067
|move|p1a: Celebi|Giga Drain|p2a: Kalni
|-supereffective|p2a: Kalni
|-damage|p2a: Kalni|31/100
|-heal|p1a: Celebi|82/100 tox|[from] drain|[of] p2a: Kalni
|move|p2a: Kalni|Pursuit|p1a: Celebi
|-supereffective|p1a: Celebi
|-damage|p1a: Celebi|56/100 tox
|
|-weather|Sandstorm|[upkeep]
|-damage|p1a: Celebi|50/100 tox|[from] Sandstorm
|-heal|p1a: Celebi|56/100 tox|[from] item: Leftovers
|-damage|p1a: Celebi|38/100 tox|[from] psn
|-heal|p2a: Kalni|38/100|[from] item: Leftovers
|upkeep
|turn|12
|
|t:|1728766075
|switch|p2a: Gulet|Snorlax, F, shiny|100/100
|move|p1a: Celebi|Giga Drain|p2a: Gulet
|-damage|p2a: Gulet|75/100
|-heal|p1a: Celebi|55/100 tox|[from] drain|[of] p2a: Gulet
|
|-weather|Sandstorm|[upkeep]
|-damage|p1a: Celebi|49/100 tox|[from] Sandstorm
|-damage|p2a: Gulet|69/100|[from] Sandstorm
|-heal|p1a: Celebi|55/100 tox|[from] item: Leftovers
|-damage|p1a: Celebi|30/100 tox|[from] psn
|-heal|p2a: Gulet|75/100|[from] item: Leftovers
|upkeep
|turn|13
|
|t:|1728766081
|-curestatus|p1a: Celebi|tox|[from] ability: Natural Cure
|switch|p1a: Tyranitar|Tyranitar, F|100/100
|move|p2a: Gulet|Body Slam|p1a: Tyranitar
|-resisted|p1a: Tyranitar
|-damage|p1a: Tyranitar|81/100
|
|-weather|Sandstorm|[upkeep]
|-damage|p2a: Gulet|69/100|[from] Sandstorm
|-heal|p1a: Tyranitar|88/100|[from] item: Leftovers
|-heal|p2a: Gulet|75/100|[from] item: Leftovers
|upkeep
|turn|14
|inactive|crustaceus has 270 seconds left.
|
|t:|1728766091
|move|p1a: Tyranitar|Dragon Dance|p1a: Tyranitar
|-boost|p1a: Tyranitar|atk|1
|-boost|p1a: Tyranitar|spe|1
|move|p2a: Gulet|Earthquake|p1a: Tyranitar
|-supereffective|p1a: Tyranitar
|-damage|p1a: Tyranitar|27/100
|
|-weather|Sandstorm|[upkeep]
|-damage|p2a: Gulet|69/100|[from] Sandstorm
|-heal|p1a: Tyranitar|33/100|[from] item: Leftovers
|-heal|p2a: Gulet|75/100|[from] item: Leftovers
|upkeep
|turn|15
|
|t:|1728766096
|move|p1a: Tyranitar|Rock Slide|p2a: Gulet
|-damage|p2a: Gulet|17/100
|move|p2a: Gulet|Earthquake|p1a: Tyranitar
|-supereffective|p1a: Tyranitar
|-damage|p1a: Tyranitar|0 fnt
|faint|p1a: Tyranitar
|
|t:|1728766100
|switch|p1a: Dugtrio|Dugtrio, M|100/100
|
|-weather|Sandstorm|[upkeep]
|-damage|p2a: Gulet|11/100|[from] Sandstorm
|-heal|p2a: Gulet|17/100|[from] item: Leftovers
|upkeep
|turn|16
|
|t:|1728766105
|move|p1a: Dugtrio|Earthquake|p2a: Gulet
|-damage|p2a: Gulet|0 fnt
|faint|p2a: Gulet
|
|t:|1728766115
|switch|p2a: Daugava|Suicune|100/100
|
|-weather|Sandstorm|[upkeep]
|-damage|p2a: Daugava|94/100|[from] Sandstorm
|-heal|p2a: Daugava|100/100|[from] item: Leftovers
|upkeep
|turn|17
|
|t:|1728766141
|switch|p1a: Zapdos|Zapdos|57/100
|move|p2a: Daugava|Calm Mind|p2a: Daugava
|-boost|p2a: Daugava|spa|1
|-boost|p2a: Daugava|spd|1
|
|-weather|Sandstorm|[upkeep]
|-damage|p1a: Zapdos|51/100|[from] Sandstorm
|-damage|p2a: Daugava|94/100|[from] Sandstorm
|-heal|p2a: Daugava|100/100|[from] item: Leftovers
|upkeep
|turn|18
|
|t:|1728766148
|move|p1a: Zapdos|Thunderbolt|p2a: Daugava
|-supereffective|p2a: Daugava
|-damage|p2a: Daugava|38/100
|move|p2a: Daugava|Surf|p1a: Zapdos
|-damage|p1a: Zapdos|0 fnt
|faint|p1a: Zapdos
|
|t:|1728766156
|switch|p1a: Dugtrio|Dugtrio, M|100/100
|
|-weather|Sandstorm|[upkeep]
|-damage|p2a: Daugava|31/100|[from] Sandstorm
|-heal|p2a: Daugava|38/100|[from] item: Leftovers
|upkeep
|turn|19
|
|t:|1728766162
|move|p1a: Dugtrio|Earthquake|p2a: Daugava
|-damage|p2a: Daugava|8/100
|move|p2a: Daugava|Surf|p1a: Dugtrio
|-supereffective|p1a: Dugtrio
|-damage|p1a: Dugtrio|0 fnt
|faint|p1a: Dugtrio
|
|t:|1728766168
|switch|p1a: Suicune|Suicune|100/100
|
|-weather|Sandstorm|[upkeep]
|-damage|p1a: Suicune|94/100|[from] Sandstorm
|-damage|p2a: Daugava|1/100|[from] Sandstorm
|-heal|p1a: Suicune|100/100|[from] item: Leftovers
|-heal|p2a: Daugava|8/100|[from] item: Leftovers
|upkeep
|turn|20
|
|t:|1728766181
|move|p1a: Suicune|Calm Mind|p1a: Suicune
|-boost|p1a: Suicune|spa|1
|-boost|p1a: Suicune|spd|1
|move|p2a: Daugava|Rest|p2a: Daugava
|-status|p2a: Daugava|slp|[from] move: Rest
|-heal|p2a: Daugava|100/100 slp|[silent]
|
|-weather|Sandstorm|[upkeep]
|-damage|p1a: Suicune|94/100|[from] Sandstorm
|-damage|p2a: Daugava|94/100 slp|[from] Sandstorm
|-heal|p1a: Suicune|100/100|[from] item: Leftovers
|-heal|p2a: Daugava|100/100 slp|[from] item: Leftovers
|upkeep
|turn|21
|
|t:|1728766186
|switch|p2a: Olas|Blissey, F|100/100
|move|p1a: Suicune|Calm Mind|p1a: Suicune
|-boost|p1a: Suicune|spa|1
|-boost|p1a: Suicune|spd|1
|
|-weather|Sandstorm|[upkeep]
|-damage|p1a: Suicune|94/100|[from] Sandstorm
|-damage|p2a: Olas|94/100|[from] Sandstorm
|-heal|p1a: Suicune|100/100|[from] item: Leftovers
|-heal|p2a: Olas|100/100|[from] item: Leftovers
|upkeep
|turn|22
|
|t:|1728766193
|move|p1a: Suicune|Calm Mind|p1a: Suicune
|-boost|p1a: Suicune|spa|1
|-boost|p1a: Suicune|spd|1
|move|p2a: Olas|Seismic Toss|p1a: Suicune
|-damage|p1a: Suicune|71/100
|
|-weather|Sandstorm|[upkeep]
|-damage|p1a: Suicune|65/100|[from] Sandstorm
|-damage|p2a: Olas|94/100|[from] Sandstorm
|-heal|p1a: Suicune|71/100|[from] item: Leftovers
|-heal|p2a: Olas|100/100|[from] item: Leftovers
|upkeep
|turn|23
|
|t:|1728766197
|move|p1a: Suicune|Hydro Pump|p2a: Olas|[miss]
|-miss|p1a: Suicune|p2a: Olas
|move|p2a: Olas|Aromatherapy|p2a: Olas
|-cureteam|p2a: Olas|[from] move: Aromatherapy
|
|-weather|Sandstorm|[upkeep]
|-damage|p1a: Suicune|65/100|[from] Sandstorm
|-damage|p2a: Olas|94/100|[from] Sandstorm
|-heal|p1a: Suicune|71/100|[from] item: Leftovers
|-heal|p2a: Olas|100/100|[from] item: Leftovers
|upkeep
|turn|24
|
|t:|1728766199
|move|p1a: Suicune|Hydro Pump|p2a: Olas|[miss]
|-miss|p1a: Suicune|p2a: Olas
|move|p2a: Olas|Seismic Toss|p1a: Suicune
|-damage|p1a: Suicune|42/100
|
|-weather|Sandstorm|[upkeep]
|-damage|p1a: Suicune|36/100|[from] Sandstorm
|-damage|p2a: Olas|94/100|[from] Sandstorm
|-heal|p1a: Suicune|42/100|[from] item: Leftovers
|-heal|p2a: Olas|100/100|[from] item: Leftovers
|upkeep
|turn|25
|
|t:|1728766205
|move|p1a: Suicune|Hydro Pump|p2a: Olas|[miss]
|-miss|p1a: Suicune|p2a: Olas
|move|p2a: Olas|Seismic Toss|p1a: Suicune
|-damage|p1a: Suicune|13/100
|
|-weather|Sandstorm|[upkeep]
|-damage|p1a: Suicune|7/100|[from] Sandstorm
|-damage|p2a: Olas|94/100|[from] Sandstorm
|-heal|p1a: Suicune|13/100|[from] item: Leftovers
|-heal|p2a: Olas|100/100|[from] item: Leftovers
|upkeep
|turn|26
|c|☆crustaceus|sorry
|c|☆SaunkGod|naw
|
|t:|1728766212
|move|p1a: Suicune|Hydro Pump|p2a: Olas
|-damage|p2a: Olas|48/100
|move|p2a: Olas|Seismic Toss|p1a: Suicune
|-damage|p1a: Suicune|0 fnt
|faint|p1a: Suicune
|c|☆SaunkGod|is what it is
|
|t:|1728766218
|switch|p1a: Machamp|Machamp, M|71/100
|
|-weather|Sandstorm|[upkeep]
|-damage|p2a: Olas|42/100|[from] Sandstorm
|-damage|p1a: Machamp|65/100|[from] Sandstorm
|-heal|p2a: Olas|48/100|[from] item: Leftovers
|-heal|p1a: Machamp|71/100|[from] item: Leftovers
|upkeep
|turn|27
|
|t:|1728766235
|move|p2a: Olas|Seismic Toss|p1a: Machamp
|-damage|p1a: Machamp|45/100
|move|p1a: Machamp|Cross Chop|p2a: Olas
|-supereffective|p2a: Olas
|-damage|p2a: Olas|0 fnt
|faint|p2a: Olas
|c|☆SaunkGod|since it seems like im bouta lose
|c|☆SaunkGod|i might as well say this was a counter pick
|c|☆SaunkGod|didnt expect so much dual blob tho
|inactive|crustaceus has 270 seconds left.
|c|☆crustaceus|i figured when you needed to paste lol
|c|☆SaunkGod|i had this in the back
|
|t:|1728766273
|switch|p2a: Daugava|Suicune|100/100
|
|-weather|Sandstorm|[upkeep]
|-damage|p2a: Daugava|94/100|[from] Sandstorm
|-damage|p1a: Machamp|39/100|[from] Sandstorm
|-heal|p2a: Daugava|100/100|[from] item: Leftovers
|-heal|p1a: Machamp|45/100|[from] item: Leftovers
|upkeep
|turn|28
|c|☆SaunkGod|i was saving this incase u brought forre stall
|
|t:|1728766290
|move|p2a: Daugava|Calm Mind|p2a: Daugava
|-boost|p2a: Daugava|spa|1
|-boost|p2a: Daugava|spd|1
|move|p1a: Machamp|Cross Chop|p2a: Daugava
|-damage|p2a: Daugava|70/100
|
|-weather|Sandstorm|[upkeep]
|-damage|p2a: Daugava|64/100|[from] Sandstorm
|-damage|p1a: Machamp|39/100|[from] Sandstorm
|-heal|p2a: Daugava|70/100|[from] item: Leftovers
|-heal|p1a: Machamp|45/100|[from] item: Leftovers
|upkeep
|turn|29
|
|t:|1728766298
|move|p2a: Daugava|Surf|p1a: Machamp
|-damage|p1a: Machamp|0 fnt
|faint|p1a: Machamp
|c|☆SaunkGod|cuz like u run a lot of skarmbliss/dug/milo forre
|
|t:|1728766311
|switch|p1a: Celebi|Celebi|30/100
|
|-weather|Sandstorm|[upkeep]
|-damage|p1a: Celebi|24/100|[from] Sandstorm
|-damage|p2a: Daugava|64/100|[from] Sandstorm
|-heal|p1a: Celebi|30/100|[from] item: Leftovers
|-heal|p2a: Daugava|70/100|[from] item: Leftovers
|upkeep
|turn|30
|c|☆SaunkGod|well gg
|
|t:|1728766321
|move|p1a: Celebi|Giga Drain|p2a: Daugava
|-supereffective|p2a: Daugava
|-damage|p2a: Daugava|41/100
|-heal|p1a: Celebi|47/100|[from] drain|[of] p2a: Daugava
|move|p2a: Daugava|Surf|p1a: Celebi
|-resisted|p1a: Celebi
|-damage|p1a: Celebi|26/100
|
|-weather|Sandstorm|[upkeep]
|-damage|p1a: Celebi|20/100|[from] Sandstorm
|-damage|p2a: Daugava|35/100|[from] Sandstorm
|-heal|p1a: Celebi|26/100|[from] item: Leftovers
|-heal|p2a: Daugava|41/100|[from] item: Leftovers
|upkeep
|turn|31
|
|t:|1728766333
|move|p1a: Celebi|Giga Drain|p2a: Daugava
|-supereffective|p2a: Daugava
|-damage|p2a: Daugava|11/100
|-heal|p1a: Celebi|43/100|[from] drain|[of] p2a: Daugava
|move|p2a: Daugava|Surf|p1a: Celebi
|-resisted|p1a: Celebi
|-damage|p1a: Celebi|22/100
|
|-weather|Sandstorm|[upkeep]
|-damage|p1a: Celebi|16/100|[from] Sandstorm
|-damage|p2a: Daugava|4/100|[from] Sandstorm
|-heal|p1a: Celebi|22/100|[from] item: Leftovers
|-heal|p2a: Daugava|11/100|[from] item: Leftovers
|upkeep
|turn|32
|
|t:|1728766338
|move|p1a: Celebi|Giga Drain|p2a: Daugava
|-supereffective|p2a: Daugava
|-damage|p2a: Daugava|0 fnt
|-heal|p1a: Celebi|28/100|[from] drain|[of] p2a: Daugava
|faint|p2a: Daugava
|
|t:|1728766347
|switch|p2a: Meatball|Forretress, F|100/100
|
|-weather|Sandstorm|[upkeep]
|-damage|p1a: Celebi|22/100|[from] Sandstorm
|-heal|p1a: Celebi|28/100|[from] item: Leftovers
|upkeep
|turn|33
|
|t:|1728766350
|move|p1a: Celebi|Hidden Power|p2a: Meatball
|-supereffective|p2a: Meatball
|-damage|p2a: Meatball|9/100
|move|p2a: Meatball|Explosion|p1a: Celebi
|-crit|p1a: Celebi
|-damage|p1a: Celebi|0 fnt
|faint|p2a: Meatball
|faint|p1a: Celebi
|
|win|crustaceus
|c|☆SaunkGod|ggwp
|c|☆crustaceus|ggwp

</script>
<script type="application/json" class="data" id="replaydata-smogtours-gen3ou-797792">
{"id":"smogtours-gen3ou-797792","format":"[Gen 3] OU","players":["SaunkGod","crustaceus"],"uploadtime":1728766350,"views":105,"formatid":"gen3ou","rating":null,"private":0,"password":null}
</script>

<script defer src="js/replays.js?9d40a366"></script>
