<!DOCTYPE html>
<meta charset="utf-8" />
<meta name="viewport" content="width=device-width" />

<title>[Gen 3] OU: gourgeist enjoyer vs. Pak - Replays - Pok&eacute;mon Showdown!</title>

<meta name="description" content="Watch a replay of a Pok&eacute;mon battle between gourgeist enjoyer and Pak! Format: [Gen 3] OU; Date: Oct 17, 2024" />
<!--

Hey, you! Looking in the source for the replay log?

You can find them in JSON format, just add `.json` at the end of a replay URL.

https://replay.pokemonshowdown.com/gen7randomdoublesbattle-865046831.json

Or, if you only need the log itself, add `.log` instead:

https://replay.pokemonshowdown.com/gen7randomdoublesbattle-865046831.log

-->

<link rel="stylesheet" href="//pokemonshowdown.com/style/global.css?0.767286132409787" />
<link rel="stylesheet" href="//play.pokemonshowdown.com/style/font-awesome.css?0.9266228007934947" />
<link rel="stylesheet" href="//play.pokemonshowdown.com/style/battle.css?0.7924700842790926" />
<link rel="stylesheet" href="//play.pokemonshowdown.com/style/utilichart.css?0.8777417872839479" />

<!-- Global site tag (gtag.js) - Google Analytics -->
<script async src="https://www.googletagmanager.com/gtag/js?id=UA-26211653-1"></script>
<script>
  window.dataLayer = window.dataLayer || [];
  function gtag(){dataLayer.push(arguments);}
  gtag('js', new Date());

  gtag('config', 'UA-26211653-1');
</script>
<!-- End Google Analytics -->
<!-- Venatus Ad Manager - Install in <HEAD> of page -->
	<script src="https://hb.vntsm.com/v3/live/ad-manager.min.js" type="text/javascript" data-site-id="642aba63ec9a7b11c3c9c1be" data-mode="scan" async></script>
<!-- / Venatus Ad Manager -->

<style>
	@media (max-width:820px) {
		.battle {
			margin: 0 auto;
		}
		.battle-log {
			margin: 7px auto 0;
			max-width: 640px;
			height: 300px;
			position: static;
		}
	}
	.optgroup {
		display: inline-block;
		line-height: 22px;
		font-size: 10pt;
	}
	.optgroup .button {
		height: 25px;
		padding-top: 0;
		padding-bottom: 0;
	}
	.optgroup button.button {
		padding-left: 12px;
		padding-right: 12px;
	}
	.linklist {
		list-style: none;
		margin: 0.5em 0;
		padding: 0;
	}
	.linklist li {
		padding: 2px 0;
	}
	.sidebar {
		float: left;
		width: 320px;
	}
	.bar-wrapper {
		max-width: 1100px;
		margin: 0 auto;
	}
	.bar-wrapper.has-sidebar {
		max-width: 1430px;
	}
	.mainbar {
		margin: 0;
		padding-right: 1px;
	}
	.mainbar.has-sidebar {
		margin-left: 330px;
	}
	@media (min-width: 1511px) {
		.sidebar {
			width: 400px;
		}
		.bar-wrapper.has-sidebar {
			max-width: 1510px;
		}
		.mainbar.has-sidebar {
			margin-left: 410px;
		}
	}
	.section.first-section {
		margin-top: 9px;
	}
	.blocklink small {
		white-space: normal;
	}
	.button {
		vertical-align: middle;
	}
	.replay-controls {
		padding-top: 10px;
	}
	.replay-controls h1 {
		font-size: 16pt;
		font-weight: normal;
		color: #CCC;
	}
	.pagelink {
		text-align: center;
	}
	.pagelink a {
		width: 150px;
	}
	.textbox, .button {
		font-size: 11pt;
		vertical-align: middle;
	}
	@media (max-width: 450px) {
		.button {
			font-size: 9pt;
		}
	}
</style>

<div>

	<header>
		<div class="nav-wrapper"><ul class="nav">
			<li><a class="button nav-first" href="//pokemonshowdown.com/"><img src="//pokemonshowdown.com/images/pokemonshowdownbeta.png" srcset="//pokemonshowdown.com/images/pokemonshowdownbeta.png 1x, //pokemonshowdown.com/images/pokemonshowdownbeta@2x.png 2x" alt="Pok&eacute;mon Showdown" width="146" height="44" /> Home</a></li>
			<li><a class="button" href="//pokemonshowdown.com/dex/">Pok&eacute;dex</a></li>
			<li><a class="button cur" href="/">Replays</a></li>
			<li><a class="button" href="//pokemonshowdown.com/ladder/">Ladder</a></li>
			<li><a class="button nav-last" href="//pokemonshowdown.com/forums/">Forum</a></li>
			<li><a class="button greenbutton nav-first nav-last" href="//play.pokemonshowdown.com/">Play</a></li>
		</ul></div>
	</header>

	<div class="main" id="main">

		<noscript><section class="section">You need to enable JavaScript to use this page; sorry!</section></noscript>

	</div>

</div>

<script defer nomodule src="//play.pokemonshowdown.com/js/lib/ps-polyfill.js"></script>
<script defer src="//play.pokemonshowdown.com/js/lib/preact.min.js"></script>

<script defer src="//play.pokemonshowdown.com/config/config.js?6dec07f6"></script>
<script defer src="//play.pokemonshowdown.com/js/lib/jquery-1.11.0.min.js"></script>
<script defer src="//play.pokemonshowdown.com/js/lib/html-sanitizer-minified.js"></script>
<script defer src="//play.pokemonshowdown.com/js/battle-sound.js"></script>
<script defer src="//play.pokemonshowdown.com/js/battledata.js?0.6315294753075389"></script>
<script defer src="//play.pokemonshowdown.com/data/pokedex-mini.js?0.7603743185311358"></script>
<script defer src="//play.pokemonshowdown.com/data/pokedex-mini-bw.js?0.030888842834281283"></script>
<script defer src="//play.pokemonshowdown.com/data/graphics.js?0.05593094747507488"></script>
<script defer src="//play.pokemonshowdown.com/data/pokedex.js?0.47064822249611904"></script>
<script defer src="//play.pokemonshowdown.com/data/moves.js?0.8583693120512459"></script>
<script defer src="//play.pokemonshowdown.com/data/abilities.js?0.16017181182386842"></script>
<script defer src="//play.pokemonshowdown.com/data/items.js?0.4163379185673943"></script>
<script defer src="//play.pokemonshowdown.com/data/teambuilder-tables.js?0.31075597372830477"></script>
<script defer src="//play.pokemonshowdown.com/js/battle-tooltips.js?0.6536193500708172"></script>
<script defer src="//play.pokemonshowdown.com/js/battle.js?0.1916591943277901"></script>

<script defer src="js/utils.js?e31f9a17"></script>
<script defer src="js/replays-battle.js?7008c182"></script>

<!-- don't scrape this data! just add .json or .log after the URL!
Full API docs: https://github.com/smogon/pokemon-showdown-client/blob/master/WEB-API.md -->
<script type="text/plain" class="log" id="replaylog-smogtours-gen3ou-799215">
|inactive|Battle timer is ON: inactive players will automatically lose when time's up.
|t:|1729125463
|gametype|singles
|player|p1|gourgeist enjoyer|170|
|player|p2|Pak|#pak|
|teamsize|p1|6
|teamsize|p2|6
|gen|3
|tier|[Gen 3] OU
|rule|Sleep Clause Mod: Limit one foe put to sleep
|rule|Switch Priority Clause Mod: Faster Pokémon switch first
|rule|Species Clause: Limit one of each Pokémon
|rule|OHKO Clause: OHKO moves are banned
|rule|Evasion Items Clause: Evasion items are banned
|rule|Evasion Moves Clause: Evasion moves are banned
|rule|Endless Battle Clause: Forcing endless battles is banned
|rule|HP Percentage Mod: HP is shown in percentages
|rule|One Boost Passer Clause: Limit one Baton Passer that has a way to boost its stats
|rule|Freeze Clause Mod: Limit one foe frozen
|
|t:|1729125463
|start
|switch|p1a: forty days|Zapdos|100/100
|switch|p2a: Zapdos|Zapdos|100/100
|turn|1
|c|☆Pak|hf
|inactive|gourgeist enjoyer has 270 seconds left.
|
|t:|1729125500
|switch|p2a: Celebi|Celebi|100/100
|move|p1a: forty days|Thunderbolt|p2a: Celebi
|-resisted|p2a: Celebi
|-damage|p2a: Celebi|79/100
|
|-heal|p2a: Celebi|85/100|[from] item: Leftovers
|upkeep
|turn|2
|c|☆gourgeist enjoyer|u2
|
|t:|1729125509
|switch|p1a: the big sleep|Forretress, F|100/100
|move|p2a: Celebi|Leech Seed|p1a: the big sleep
|-start|p1a: the big sleep|move: Leech Seed
|
|-heal|p2a: Celebi|92/100|[from] item: Leftovers
|-damage|p1a: the big sleep|88/100|[from] Leech Seed|[of] p2a: Celebi
|-heal|p2a: Celebi|100/100|[silent]
|upkeep
|turn|3
|
|t:|1729125513
|move|p2a: Celebi|Hidden Power|p1a: the big sleep
|-supereffective|p1a: the big sleep
|-damage|p1a: the big sleep|5/100
|move|p1a: the big sleep|Spikes|p2a: Celebi
|-sidestart|p2: Pak|Spikes
|
|-heal|p1a: the big sleep|11/100|[from] item: Leftovers
|-damage|p1a: the big sleep|0 fnt|[from] Leech Seed|[of] p2a: Celebi
|faint|p1a: the big sleep
|upkeep
|c|☆gourgeist enjoyer|some scholars have claimed i should have scouted that
|
|t:|1729125531
|switch|p1a: we are the few|Flygon, F|100/100
|turn|4
|
|t:|1729125538
|switch|p2a: Skarmory|Skarmory, M|100/100
|move|p1a: we are the few|Hidden Power|p2a: Skarmory
|-resisted|p2a: Skarmory
|-damage|p2a: Skarmory|95/100
|
|-heal|p2a: Skarmory|100/100|[from] item: Leftovers
|upkeep
|turn|5
|
|t:|1729125553
|switch|p1a: forty days|Zapdos|100/100
|move|p2a: Skarmory|Spikes|p1a: forty days
|-sidestart|p1: gourgeist enjoyer|Spikes
|
|upkeep
|turn|6
|
|t:|1729125564
|switch|p2a: Celebi|Celebi|100/100
|-damage|p2a: Celebi|88/100|[from] Spikes
|move|p1a: forty days|Thunderbolt|p2a: Celebi
|-resisted|p2a: Celebi
|-damage|p2a: Celebi|67/100
|
|-heal|p2a: Celebi|73/100|[from] item: Leftovers
|upkeep
|turn|7
|
|t:|1729125588
|move|p1a: forty days|Hidden Power|p2a: Celebi
|-supereffective|p2a: Celebi
|-damage|p2a: Celebi|34/100
|move|p2a: Celebi|Leech Seed|p1a: forty days
|-start|p1a: forty days|move: Leech Seed
|
|-damage|p1a: forty days|88/100|[from] Leech Seed|[of] p2a: Celebi
|-heal|p2a: Celebi|44/100|[silent]
|-heal|p2a: Celebi|50/100|[from] item: Leftovers
|upkeep
|turn|8
|
|t:|1729125595
|move|p1a: forty days|Thunderbolt|p2a: Celebi
|-resisted|p2a: Celebi
|-damage|p2a: Celebi|30/100
|move|p2a: Celebi|Giga Drain|p1a: forty days
|-resisted|p1a: forty days
|-damage|p1a: forty days|73/100
|-heal|p2a: Celebi|36/100|[from] drain|[of] p1a: forty days
|
|-heal|p1a: forty days|79/100|[from] item: Leftovers
|-damage|p1a: forty days|67/100|[from] Leech Seed|[of] p2a: Celebi
|-heal|p2a: Celebi|46/100|[silent]
|-heal|p2a: Celebi|53/100|[from] item: Leftovers
|upkeep
|turn|9
|
|t:|1729125616
|switch|p1a: hands that thieve|Tyranitar, F|100/100
|-damage|p1a: hands that thieve|88/100|[from] Spikes
|-weather|Sandstorm|[from] ability: Sand Stream|[of] p1a: hands that thieve
|switch|p2a: Swampert|Swampert, M|100/100
|-damage|p2a: Swampert|88/100|[from] Spikes
|
|-weather|Sandstorm|[upkeep]
|-heal|p1a: hands that thieve|94/100|[from] item: Leftovers
|-heal|p2a: Swampert|94/100|[from] item: Leftovers
|upkeep
|turn|10
|
|t:|1729125623
|switch|p1a: point/counterpoint|Metagross|100/100
|-damage|p1a: point/counterpoint|88/100|[from] Spikes
|move|p2a: Swampert|Hydro Pump|p1a: point/counterpoint
|-damage|p1a: point/counterpoint|48/100
|
|-weather|Sandstorm|[upkeep]
|-heal|p1a: point/counterpoint|54/100|[from] item: Leftovers
|-heal|p2a: Swampert|100/100|[from] item: Leftovers
|upkeep
|turn|11
|
|t:|1729125641
|switch|p2a: Zapdos|Zapdos|100/100
|move|p1a: point/counterpoint|Meteor Mash|p2a: Zapdos
|-resisted|p2a: Zapdos
|-damage|p2a: Zapdos|75/100
|
|-weather|Sandstorm|[upkeep]
|-damage|p2a: Zapdos|69/100|[from] Sandstorm
|-heal|p2a: Zapdos|75/100|[from] item: Leftovers
|-heal|p1a: point/counterpoint|60/100|[from] item: Leftovers
|upkeep
|turn|12
|
|t:|1729125649
|switch|p1a: we are the few|Flygon, F|100/100
|move|p2a: Zapdos|Thunderbolt|p1a: we are the few
|-immune|p1a: we are the few
|
|-weather|Sandstorm|[upkeep]
|-damage|p2a: Zapdos|69/100|[from] Sandstorm
|-heal|p2a: Zapdos|75/100|[from] item: Leftovers
|upkeep
|turn|13
|
|t:|1729125656
|switch|p2a: Swampert|Swampert, M|100/100
|-damage|p2a: Swampert|88/100|[from] Spikes
|move|p1a: we are the few|Fire Blast|p2a: Swampert
|-resisted|p2a: Swampert
|-damage|p2a: Swampert|79/100
|-status|p2a: Swampert|brn
|
|-weather|Sandstorm|[upkeep]
|-heal|p2a: Swampert|85/100 brn|[from] item: Leftovers
|-damage|p2a: Swampert|72/100 brn|[from] brn
|upkeep
|turn|14
|
|t:|1729125663
|switch|p1a: watch it crash|Starmie|100/100
|-damage|p1a: watch it crash|88/100|[from] Spikes
|move|p2a: Swampert|Hydro Pump|p1a: watch it crash
|-resisted|p1a: watch it crash
|-damage|p1a: watch it crash|57/100
|
|-weather|Sandstorm|[upkeep]
|-damage|p1a: watch it crash|51/100|[from] Sandstorm
|-heal|p1a: watch it crash|57/100|[from] item: Leftovers
|-heal|p2a: Swampert|79/100 brn|[from] item: Leftovers
|-damage|p2a: Swampert|66/100 brn|[from] brn
|upkeep
|turn|15
|
|t:|1729125667
|move|p1a: watch it crash|Hydro Pump|p2a: Swampert|[miss]
|-miss|p1a: watch it crash|p2a: Swampert
|move|p2a: Swampert|Earthquake|p1a: watch it crash
|-damage|p1a: watch it crash|26/100
|
|-weather|Sandstorm|[upkeep]
|-damage|p1a: watch it crash|20/100|[from] Sandstorm
|-heal|p1a: watch it crash|26/100|[from] item: Leftovers
|-heal|p2a: Swampert|72/100 brn|[from] item: Leftovers
|-damage|p2a: Swampert|60/100 brn|[from] brn
|upkeep
|turn|16
|
|t:|1729125674
|move|p1a: watch it crash|Hydro Pump|p2a: Swampert
|-damage|p2a: Swampert|3/100 brn
|move|p2a: Swampert|Earthquake|p1a: watch it crash
|-damage|p1a: watch it crash|0 fnt
|faint|p1a: watch it crash
|
|t:|1729125677
|switch|p1a: hands that thieve|Tyranitar, F|94/100
|-damage|p1a: hands that thieve|82/100|[from] Spikes
|
|-weather|Sandstorm|[upkeep]
|-heal|p1a: hands that thieve|88/100|[from] item: Leftovers
|-heal|p2a: Swampert|9/100 brn|[from] item: Leftovers
|-damage|p2a: Swampert|0 fnt|[from] brn
|faint|p2a: Swampert
|upkeep
|
|t:|1729125693
|switch|p2a: Tyranitar|Tyranitar, M|100/100
|-damage|p2a: Tyranitar|88/100|[from] Spikes
|turn|17
|
|t:|1729125696
|-singleturn|p1a: hands that thieve|move: Focus Punch
|move|p2a: Tyranitar|Earthquake|p1a: hands that thieve
|-supereffective|p1a: hands that thieve
|-damage|p1a: hands that thieve|17/100
|move|p1a: hands that thieve|Focus Punch||[still]
|cant|p1a: hands that thieve|Focus Punch|Focus Punch
|
|-weather|Sandstorm|[upkeep]
|-heal|p2a: Tyranitar|94/100|[from] item: Leftovers
|-heal|p1a: hands that thieve|23/100|[from] item: Leftovers
|upkeep
|turn|18
|
|t:|1729125702
|switch|p1a: we are the few|Flygon, F|100/100
|move|p2a: Tyranitar|Rock Slide|p1a: we are the few
|-resisted|p1a: we are the few
|-damage|p1a: we are the few|74/100
|
|-weather|Sandstorm|[upkeep]
|-heal|p2a: Tyranitar|100/100|[from] item: Leftovers
|upkeep
|turn|19
|
|t:|1729125706
|switch|p2a: Skarmory|Skarmory, M|100/100
|move|p1a: we are the few|Earthquake|p2a: Skarmory
|-immune|p2a: Skarmory
|
|-weather|Sandstorm|[upkeep]
|upkeep
|turn|20
|
|t:|1729125719
|switch|p1a: point/counterpoint|Metagross|60/100
|-damage|p1a: point/counterpoint|48/100|[from] Spikes
|switch|p2a: Zapdos|Zapdos|75/100
|
|-weather|Sandstorm|[upkeep]
|-damage|p2a: Zapdos|69/100|[from] Sandstorm
|-heal|p2a: Zapdos|75/100|[from] item: Leftovers
|-heal|p1a: point/counterpoint|54/100|[from] item: Leftovers
|upkeep
|turn|21
|
|t:|1729125723
|move|p2a: Zapdos|Thunderbolt|p1a: point/counterpoint
|-damage|p1a: point/counterpoint|1/100
|move|p1a: point/counterpoint|Explosion|p2a: Zapdos
|-damage|p2a: Zapdos|0 fnt
|faint|p1a: point/counterpoint
|faint|p2a: Zapdos
|
|t:|1729125734
|switch|p2a: Tyranitar|Tyranitar, M|100/100
|switch|p1a: forty days|Zapdos|67/100
|-damage|p2a: Tyranitar|88/100|[from] Spikes
|
|-weather|Sandstorm|[upkeep]
|-damage|p1a: forty days|61/100|[from] Sandstorm
|-heal|p1a: forty days|67/100|[from] item: Leftovers
|-heal|p2a: Tyranitar|94/100|[from] item: Leftovers
|upkeep
|turn|22
|
|t:|1729125741
|switch|p1a: we are the few|Flygon, F|74/100
|move|p2a: Tyranitar|Rock Slide|p1a: we are the few
|-resisted|p1a: we are the few
|-damage|p1a: we are the few|47/100
|
|-weather|Sandstorm|[upkeep]
|-heal|p2a: Tyranitar|100/100|[from] item: Leftovers
|upkeep
|turn|23
|
|t:|1729125749
|switch|p2a: Skarmory|Skarmory, M|100/100
|move|p1a: we are the few|Fire Blast|p2a: Skarmory
|-supereffective|p2a: Skarmory
|-damage|p2a: Skarmory|61/100
|
|-weather|Sandstorm|[upkeep]
|-heal|p2a: Skarmory|67/100|[from] item: Leftovers
|upkeep
|turn|24
|
|t:|1729125760
|switch|p2a: Tyranitar|Tyranitar, M|100/100
|-damage|p2a: Tyranitar|88/100|[from] Spikes
|move|p1a: we are the few|Fire Blast|p2a: Tyranitar|[miss]
|-miss|p1a: we are the few|p2a: Tyranitar
|
|-weather|Sandstorm|[upkeep]
|-heal|p2a: Tyranitar|94/100|[from] item: Leftovers
|upkeep
|turn|25
|
|t:|1729125765
|switch|p1a: hands that thieve|Tyranitar, F|23/100
|-damage|p1a: hands that thieve|10/100|[from] Spikes
|move|p2a: Tyranitar|Dragon Dance|p2a: Tyranitar
|-boost|p2a: Tyranitar|atk|1
|-boost|p2a: Tyranitar|spe|1
|
|-weather|Sandstorm|[upkeep]
|-heal|p2a: Tyranitar|100/100|[from] item: Leftovers
|-heal|p1a: hands that thieve|16/100|[from] item: Leftovers
|upkeep
|turn|26
|
|t:|1729125769
|-singleturn|p1a: hands that thieve|move: Focus Punch
|move|p2a: Tyranitar|Double-Edge|p1a: hands that thieve
|-resisted|p1a: hands that thieve
|-crit|p1a: hands that thieve
|-damage|p1a: hands that thieve|0 fnt
|-damage|p2a: Tyranitar|95/100|[from] Recoil|[of] p1a: hands that thieve
|faint|p1a: hands that thieve
|
|t:|1729125771
|switch|p1a: forty days|Zapdos|67/100
|
|-weather|Sandstorm|[upkeep]
|-damage|p1a: forty days|61/100|[from] Sandstorm
|-heal|p1a: forty days|67/100|[from] item: Leftovers
|-heal|p2a: Tyranitar|100/100|[from] item: Leftovers
|upkeep
|turn|27
|
|t:|1729125779
|move|p1a: forty days|Thunderbolt|p2a: Tyranitar
|-damage|p2a: Tyranitar|55/100
|move|p2a: Tyranitar|Rock Slide|p1a: forty days
|-supereffective|p1a: forty days
|-damage|p1a: forty days|0 fnt
|faint|p1a: forty days
|
|t:|1729125789
|switch|p1a: we are the few|Flygon, F|47/100
|
|-weather|Sandstorm|[upkeep]
|-heal|p2a: Tyranitar|61/100|[from] item: Leftovers
|upkeep
|turn|28
|
|t:|1729125799
|move|p1a: we are the few|Earthquake|p2a: Tyranitar
|-supereffective|p2a: Tyranitar
|-damage|p2a: Tyranitar|0 fnt
|faint|p2a: Tyranitar
|
|t:|1729125802
|switch|p2a: Aerodactyl|Aerodactyl, M|100/100
|
|-weather|Sandstorm|[upkeep]
|upkeep
|turn|29
|c|☆gourgeist enjoyer|gg
|
|t:|1729125805
|move|p2a: Aerodactyl|Double-Edge|p1a: we are the few
|-damage|p1a: we are the few|0 fnt
|faint|p1a: we are the few
|
|win|Pak
|c|☆Pak|ggs

</script>
<script type="application/json" class="data" id="replaydata-smogtours-gen3ou-799215">
{"id":"smogtours-gen3ou-799215","format":"[Gen 3] OU","players":["gourgeist enjoyer","Pak"],"uploadtime":1729125805,"views":149,"formatid":"gen3ou","rating":null,"private":0,"password":null}
</script>

<script defer src="js/replays.js?9d40a366"></script>
