<!DOCTYPE html>
<meta charset="utf-8" />
<meta name="viewport" content="width=device-width" />

<title>[Gen 3] OU: Rainer2424 vs. Ooziegib - Replays - Pok&eacute;mon Showdown!</title>

<meta name="description" content="Watch a replay of a Pok&eacute;mon battle between Rainer2424 and Ooziegib! Format: [Gen 3] OU; Date: Oct 14, 2024" />
<!--

Hey, you! Looking in the source for the replay log?

You can find them in JSON format, just add `.json` at the end of a replay URL.

https://replay.pokemonshowdown.com/gen7randomdoublesbattle-865046831.json

Or, if you only need the log itself, add `.log` instead:

https://replay.pokemonshowdown.com/gen7randomdoublesbattle-865046831.log

-->

<link rel="stylesheet" href="//pokemonshowdown.com/style/global.css?0.023195364461161105" />
<link rel="stylesheet" href="//play.pokemonshowdown.com/style/font-awesome.css?0.13261647063804238" />
<link rel="stylesheet" href="//play.pokemonshowdown.com/style/battle.css?0.8753245789963631" />
<link rel="stylesheet" href="//play.pokemonshowdown.com/style/utilichart.css?0.8627959624976733" />

<!-- Global site tag (gtag.js) - Google Analytics -->
<script async src="https://www.googletagmanager.com/gtag/js?id=UA-26211653-1"></script>
<script>
  window.dataLayer = window.dataLayer || [];
  function gtag(){dataLayer.push(arguments);}
  gtag('js', new Date());

  gtag('config', 'UA-26211653-1');
</script>
<!-- End Google Analytics -->
<!-- Venatus Ad Manager - Install in <HEAD> of page -->
	<script src="https://hb.vntsm.com/v3/live/ad-manager.min.js" type="text/javascript" data-site-id="642aba63ec9a7b11c3c9c1be" data-mode="scan" async></script>
<!-- / Venatus Ad Manager -->

<style>
	@media (max-width:820px) {
		.battle {
			margin: 0 auto;
		}
		.battle-log {
			margin: 7px auto 0;
			max-width: 640px;
			height: 300px;
			position: static;
		}
	}
	.optgroup {
		display: inline-block;
		line-height: 22px;
		font-size: 10pt;
	}
	.optgroup .button {
		height: 25px;
		padding-top: 0;
		padding-bottom: 0;
	}
	.optgroup button.button {
		padding-left: 12px;
		padding-right: 12px;
	}
	.linklist {
		list-style: none;
		margin: 0.5em 0;
		padding: 0;
	}
	.linklist li {
		padding: 2px 0;
	}
	.sidebar {
		float: left;
		width: 320px;
	}
	.bar-wrapper {
		max-width: 1100px;
		margin: 0 auto;
	}
	.bar-wrapper.has-sidebar {
		max-width: 1430px;
	}
	.mainbar {
		margin: 0;
		padding-right: 1px;
	}
	.mainbar.has-sidebar {
		margin-left: 330px;
	}
	@media (min-width: 1511px) {
		.sidebar {
			width: 400px;
		}
		.bar-wrapper.has-sidebar {
			max-width: 1510px;
		}
		.mainbar.has-sidebar {
			margin-left: 410px;
		}
	}
	.section.first-section {
		margin-top: 9px;
	}
	.blocklink small {
		white-space: normal;
	}
	.button {
		vertical-align: middle;
	}
	.replay-controls {
		padding-top: 10px;
	}
	.replay-controls h1 {
		font-size: 16pt;
		font-weight: normal;
		color: #CCC;
	}
	.pagelink {
		text-align: center;
	}
	.pagelink a {
		width: 150px;
	}
	.textbox, .button {
		font-size: 11pt;
		vertical-align: middle;
	}
	@media (max-width: 450px) {
		.button {
			font-size: 9pt;
		}
	}
</style>

<div>

	<header>
		<div class="nav-wrapper"><ul class="nav">
			<li><a class="button nav-first" href="//pokemonshowdown.com/"><img src="//pokemonshowdown.com/images/pokemonshowdownbeta.png" srcset="//pokemonshowdown.com/images/pokemonshowdownbeta.png 1x, //pokemonshowdown.com/images/pokemonshowdownbeta@2x.png 2x" alt="Pok&eacute;mon Showdown" width="146" height="44" /> Home</a></li>
			<li><a class="button" href="//pokemonshowdown.com/dex/">Pok&eacute;dex</a></li>
			<li><a class="button cur" href="/">Replays</a></li>
			<li><a class="button" href="//pokemonshowdown.com/ladder/">Ladder</a></li>
			<li><a class="button nav-last" href="//pokemonshowdown.com/forums/">Forum</a></li>
			<li><a class="button greenbutton nav-first nav-last" href="//play.pokemonshowdown.com/">Play</a></li>
		</ul></div>
	</header>

	<div class="main" id="main">

		<noscript><section class="section">You need to enable JavaScript to use this page; sorry!</section></noscript>

	</div>

</div>

<script defer nomodule src="//play.pokemonshowdown.com/js/lib/ps-polyfill.js"></script>
<script defer src="//play.pokemonshowdown.com/js/lib/preact.min.js"></script>

<script defer src="//play.pokemonshowdown.com/config/config.js?2bddbc15"></script>
<script defer src="//play.pokemonshowdown.com/js/lib/jquery-1.11.0.min.js"></script>
<script defer src="//play.pokemonshowdown.com/js/lib/html-sanitizer-minified.js"></script>
<script defer src="//play.pokemonshowdown.com/js/battle-sound.js"></script>
<script defer src="//play.pokemonshowdown.com/js/battledata.js?0.7209276989879541"></script>
<script defer src="//play.pokemonshowdown.com/data/pokedex-mini.js?0.6111056340867951"></script>
<script defer src="//play.pokemonshowdown.com/data/pokedex-mini-bw.js?0.3532142036491459"></script>
<script defer src="//play.pokemonshowdown.com/data/graphics.js?0.24223875632456182"></script>
<script defer src="//play.pokemonshowdown.com/data/pokedex.js?0.38839984266356864"></script>
<script defer src="//play.pokemonshowdown.com/data/moves.js?0.21866028504024015"></script>
<script defer src="//play.pokemonshowdown.com/data/abilities.js?0.2005157953846628"></script>
<script defer src="//play.pokemonshowdown.com/data/items.js?0.9894211263848525"></script>
<script defer src="//play.pokemonshowdown.com/data/teambuilder-tables.js?0.6008791140282215"></script>
<script defer src="//play.pokemonshowdown.com/js/battle-tooltips.js?0.7580118955022959"></script>
<script defer src="//play.pokemonshowdown.com/js/battle.js?0.6057722274234274"></script>

<script defer src="js/utils.js?e31f9a17"></script>
<script defer src="js/replays-battle.js?7008c182"></script>

<!-- don't scrape this data! just add .json or .log after the URL!
Full API docs: https://github.com/smogon/pokemon-showdown-client/blob/master/WEB-API.md -->
<script type="text/plain" class="log" id="replaylog-smogtours-gen3ou-798528">
|inactive|Battle timer is ON: inactive players will automatically lose when time's up.
|t:|1728863781
|gametype|singles
|player|p1|Rainer2424|1|
|player|p2|Ooziegib|101|
|teamsize|p1|6
|teamsize|p2|6
|gen|3
|tier|[Gen 3] OU
|rule|Sleep Clause Mod: Limit one foe put to sleep
|rule|Switch Priority Clause Mod: Faster Pokémon switch first
|rule|Species Clause: Limit one of each Pokémon
|rule|OHKO Clause: OHKO moves are banned
|rule|Evasion Items Clause: Evasion items are banned
|rule|Evasion Moves Clause: Evasion moves are banned
|rule|Endless Battle Clause: Forcing endless battles is banned
|rule|HP Percentage Mod: HP is shown in percentages
|rule|One Boost Passer Clause: Limit one Baton Passer that has a way to boost its stats
|rule|Freeze Clause Mod: Limit one foe frozen
|
|t:|1728863781
|start
|switch|p1a: TheBirdSong|Skarmory, F|100/100
|switch|p2a: Skarmory|Skarmory, M|100/100
|turn|1
|c|☆Rainer2424|Good luck mate
|c|☆Ooziegib|u2
|
|t:|1728863792
|move|p1a: TheBirdSong|Spikes|p2a: Skarmory
|-sidestart|p2: Ooziegib|Spikes
|move|p2a: Skarmory|Spikes|p1a: TheBirdSong
|-sidestart|p1: Rainer2424|Spikes
|
|upkeep
|turn|2
|
|t:|1728863797
|move|p1a: TheBirdSong|Spikes|p2a: Skarmory
|-sidestart|p2: Ooziegib|Spikes
|move|p2a: Skarmory|Spikes|p1a: TheBirdSong
|-sidestart|p1: Rainer2424|Spikes
|
|upkeep
|turn|3
|
|t:|1728863799
|move|p1a: TheBirdSong|Spikes|p2a: Skarmory
|-sidestart|p2: Ooziegib|Spikes
|move|p2a: Skarmory|Spikes|p1a: TheBirdSong
|-sidestart|p1: Rainer2424|Spikes
|
|upkeep
|turn|4
|
|t:|1728863804
|move|p2a: Skarmory|Drill Peck|p1a: TheBirdSong
|-resisted|p1a: TheBirdSong
|-damage|p1a: TheBirdSong|92/100
|move|p1a: TheBirdSong|Roar|p2a: Skarmory
|drag|p2a: Moltres|Moltres|100/100
|
|-heal|p1a: TheBirdSong|98/100|[from] item: Leftovers
|upkeep
|turn|5
|
|t:|1728863810
|switch|p1a: Acarine|Moltres|100/100
|move|p2a: Moltres|Flamethrower|p1a: Acarine
|-resisted|p1a: Acarine
|-damage|p1a: Acarine|68/100
|
|-heal|p1a: Acarine|74/100|[from] item: Leftovers
|upkeep
|turn|6
|
|t:|1728863818
|move|p2a: Moltres|Flamethrower|p1a: Acarine
|-resisted|p1a: Acarine
|-crit|p1a: Acarine
|-damage|p1a: Acarine|8/100
|move|p1a: Acarine|Roar|p2a: Moltres
|drag|p2a: Blissey|Blissey, F|100/100
|-damage|p2a: Blissey|76/100|[from] Spikes
|
|-heal|p1a: Acarine|14/100|[from] item: Leftovers
|-heal|p2a: Blissey|82/100|[from] item: Leftovers
|upkeep
|turn|7
|
|t:|1728863832
|switch|p2a: Zapdos|Zapdos|100/100
|move|p1a: Acarine|Rest|p1a: Acarine
|-status|p1a: Acarine|slp|[from] move: Rest
|-heal|p1a: Acarine|100/100 slp|[silent]
|
|upkeep
|turn|8
|
|t:|1728863838
|switch|p1a: TheCruelMillenial|Blissey, F|100/100
|-damage|p1a: TheCruelMillenial|76/100|[from] Spikes
|move|p2a: Zapdos|Roar|p1a: TheCruelMillenial
|drag|p1a: BoogiemanSam|Tyranitar, M|100/100
|-damage|p1a: BoogiemanSam|75/100|[from] Spikes
|-weather|Sandstorm|[from] ability: Sand Stream|[of] p1a: BoogiemanSam
|
|-weather|Sandstorm|[upkeep]
|-damage|p2a: Zapdos|94/100|[from] Sandstorm
|-heal|p2a: Zapdos|100/100|[from] item: Leftovers
|-heal|p1a: BoogiemanSam|82/100|[from] item: Leftovers
|upkeep
|turn|9
|
|t:|1728863859
|move|p2a: Zapdos|Thunderbolt|p1a: BoogiemanSam
|-damage|p1a: BoogiemanSam|50/100
|move|p1a: BoogiemanSam|Roar|p2a: Zapdos
|drag|p2a: Blissey|Blissey, F|82/100
|-damage|p2a: Blissey|57/100|[from] Spikes
|
|-weather|Sandstorm|[upkeep]
|-damage|p2a: Blissey|51/100|[from] Sandstorm
|-heal|p1a: BoogiemanSam|56/100|[from] item: Leftovers
|-heal|p2a: Blissey|57/100|[from] item: Leftovers
|upkeep
|turn|10
|
|t:|1728863868
|switch|p1a: TheCruelMillenial|Blissey, F|76/100
|-damage|p1a: TheCruelMillenial|51/100|[from] Spikes
|switch|p2a: Zapdos|Zapdos|100/100
|
|-weather|Sandstorm|[upkeep]
|-damage|p2a: Zapdos|94/100|[from] Sandstorm
|-damage|p1a: TheCruelMillenial|45/100|[from] Sandstorm
|-heal|p2a: Zapdos|100/100|[from] item: Leftovers
|-heal|p1a: TheCruelMillenial|51/100|[from] item: Leftovers
|upkeep
|turn|11
|
|t:|1728863870
|move|p1a: TheCruelMillenial|Soft-Boiled|p1a: TheCruelMillenial
|-heal|p1a: TheCruelMillenial|100/100
|move|p2a: Zapdos|Roar|p1a: TheCruelMillenial
|drag|p1a: Acarine|Moltres|100/100 slp
|
|-weather|Sandstorm|[upkeep]
|-damage|p1a: Acarine|94/100 slp|[from] Sandstorm
|-damage|p2a: Zapdos|94/100|[from] Sandstorm
|-heal|p1a: Acarine|100/100 slp|[from] item: Leftovers
|-heal|p2a: Zapdos|100/100|[from] item: Leftovers
|upkeep
|turn|12
|
|t:|1728863876
|switch|p1a: PlasticBoogie|Flygon, F|100/100
|move|p2a: Zapdos|Roar|p1a: PlasticBoogie
|drag|p1a: Fishing4Fishies|Mantine, F|100/100
|
|-weather|Sandstorm|[upkeep]
|-damage|p2a: Zapdos|94/100|[from] Sandstorm
|-damage|p1a: Fishing4Fishies|95/100|[from] Sandstorm
|-heal|p2a: Zapdos|100/100|[from] item: Leftovers
|-heal|p1a: Fishing4Fishies|100/100|[from] item: Leftovers
|upkeep
|turn|13
|
|t:|1728863885
|switch|p1a: TheCruelMillenial|Blissey, F|100/100
|-damage|p1a: TheCruelMillenial|76/100|[from] Spikes
|move|p2a: Zapdos|Roar|p1a: TheCruelMillenial
|drag|p1a: BoogiemanSam|Tyranitar, M|56/100
|-damage|p1a: BoogiemanSam|31/100|[from] Spikes
|
|-weather|Sandstorm|[upkeep]
|-damage|p2a: Zapdos|94/100|[from] Sandstorm
|-heal|p2a: Zapdos|100/100|[from] item: Leftovers
|-heal|p1a: BoogiemanSam|38/100|[from] item: Leftovers
|upkeep
|turn|14
|
|t:|1728863893
|move|p2a: Zapdos|Thunderbolt|p1a: BoogiemanSam
|-damage|p1a: BoogiemanSam|3/100
|move|p1a: BoogiemanSam|Ice Beam|p2a: Zapdos
|-supereffective|p2a: Zapdos
|-damage|p2a: Zapdos|60/100
|
|-weather|Sandstorm|[upkeep]
|-damage|p2a: Zapdos|54/100|[from] Sandstorm
|-heal|p2a: Zapdos|60/100|[from] item: Leftovers
|-heal|p1a: BoogiemanSam|9/100|[from] item: Leftovers
|upkeep
|turn|15
|
|t:|1728863897
|move|p2a: Zapdos|Thunderbolt|p1a: BoogiemanSam
|-damage|p1a: BoogiemanSam|0 fnt
|faint|p1a: BoogiemanSam
|
|t:|1728863900
|switch|p1a: PlasticBoogie|Flygon, F|100/100
|
|-weather|Sandstorm|[upkeep]
|-damage|p2a: Zapdos|54/100|[from] Sandstorm
|-heal|p2a: Zapdos|60/100|[from] item: Leftovers
|upkeep
|turn|16
|
|t:|1728863908
|switch|p2a: Skarmory|Skarmory, M|100/100
|move|p1a: PlasticBoogie|Toxic|p2a: Skarmory
|-immune|p2a: Skarmory
|
|-weather|Sandstorm|[upkeep]
|upkeep
|turn|17
|
|t:|1728863914
|switch|p1a: TheBirdSong|Skarmory, F|98/100
|move|p2a: Skarmory|Roar|p1a: TheBirdSong
|drag|p1a: TheCruelMillenial|Blissey, F|76/100
|-damage|p1a: TheCruelMillenial|51/100|[from] Spikes
|
|-weather|Sandstorm|[upkeep]
|-damage|p1a: TheCruelMillenial|45/100|[from] Sandstorm
|-heal|p1a: TheCruelMillenial|51/100|[from] item: Leftovers
|upkeep
|turn|18
|
|t:|1728863917
|move|p1a: TheCruelMillenial|Soft-Boiled|p1a: TheCruelMillenial
|-heal|p1a: TheCruelMillenial|100/100
|move|p2a: Skarmory|Roar|p1a: TheCruelMillenial
|drag|p1a: Fishing4Fishies|Mantine, F|100/100
|
|-weather|Sandstorm|[upkeep]
|-damage|p1a: Fishing4Fishies|95/100|[from] Sandstorm
|-heal|p1a: Fishing4Fishies|100/100|[from] item: Leftovers
|upkeep
|turn|19
|
|t:|1728863924
|switch|p2a: Zapdos|Zapdos|60/100
|switch|p1a: TheBirdSong|Skarmory, F|98/100
|
|-weather|Sandstorm|[upkeep]
|-damage|p2a: Zapdos|54/100|[from] Sandstorm
|-heal|p2a: Zapdos|60/100|[from] item: Leftovers
|-heal|p1a: TheBirdSong|100/100|[from] item: Leftovers
|upkeep
|turn|20
|
|t:|1728863931
|move|p1a: TheBirdSong|Protect|p1a: TheBirdSong
|-singleturn|p1a: TheBirdSong|Protect
|move|p2a: Zapdos|Thunderbolt|p1a: TheBirdSong
|-activate|p1a: TheBirdSong|Protect
|
|-weather|Sandstorm|[upkeep]
|-damage|p2a: Zapdos|54/100|[from] Sandstorm
|-heal|p2a: Zapdos|60/100|[from] item: Leftovers
|upkeep
|turn|21
|
|t:|1728863933
|switch|p1a: PlasticBoogie|Flygon, F|100/100
|move|p2a: Zapdos|Thunderbolt|p1a: PlasticBoogie
|-immune|p1a: PlasticBoogie
|
|-weather|Sandstorm|[upkeep]
|-damage|p2a: Zapdos|54/100|[from] Sandstorm
|-heal|p2a: Zapdos|60/100|[from] item: Leftovers
|upkeep
|turn|22
|
|t:|1728863938
|switch|p2a: Skarmory|Skarmory, M|100/100
|switch|p1a: TheBirdSong|Skarmory, F|100/100
|
|-weather|Sandstorm|[upkeep]
|upkeep
|turn|23
|
|t:|1728863945
|move|p2a: Skarmory|Drill Peck|p1a: TheBirdSong
|-resisted|p1a: TheBirdSong
|-crit|p1a: TheBirdSong
|-damage|p1a: TheBirdSong|83/100
|move|p1a: TheBirdSong|Roar|p2a: Skarmory
|drag|p2a: Flygon|Flygon, M|100/100
|
|-weather|Sandstorm|[upkeep]
|-heal|p1a: TheBirdSong|89/100|[from] item: Leftovers
|upkeep
|turn|24
|
|t:|1728863951
|switch|p2a: Skarmory|Skarmory, M|100/100
|move|p1a: TheBirdSong|Roar|p2a: Skarmory
|drag|p2a: Weezing|Weezing, F|100/100
|
|-weather|Sandstorm|[upkeep]
|-damage|p2a: Weezing|95/100|[from] Sandstorm
|-heal|p1a: TheBirdSong|95/100|[from] item: Leftovers
|-heal|p2a: Weezing|100/100|[from] item: Leftovers
|upkeep
|turn|25
|
|t:|1728863956
|move|p1a: TheBirdSong|Protect|p1a: TheBirdSong
|-singleturn|p1a: TheBirdSong|Protect
|move|p2a: Weezing|Sludge Bomb|p1a: TheBirdSong
|-activate|p1a: TheBirdSong|Protect
|
|-weather|Sandstorm|[upkeep]
|-damage|p2a: Weezing|95/100|[from] Sandstorm
|-heal|p1a: TheBirdSong|100/100|[from] item: Leftovers
|-heal|p2a: Weezing|100/100|[from] item: Leftovers
|upkeep
|turn|26
|
|t:|1728863961
|switch|p1a: PlasticBoogie|Flygon, F|100/100
|move|p2a: Weezing|Will-O-Wisp|p1a: PlasticBoogie
|-status|p1a: PlasticBoogie|brn
|
|-weather|Sandstorm|[upkeep]
|-damage|p2a: Weezing|95/100|[from] Sandstorm
|-damage|p1a: PlasticBoogie|88/100 brn|[from] brn
|-heal|p2a: Weezing|100/100|[from] item: Leftovers
|upkeep
|turn|27
|
|t:|1728863967
|move|p1a: PlasticBoogie|Earthquake|p2a: Weezing
|-immune|p2a: Weezing
|move|p2a: Weezing|Sludge Bomb|p1a: PlasticBoogie
|-resisted|p1a: PlasticBoogie
|-damage|p1a: PlasticBoogie|77/100 brn
|
|-weather|Sandstorm|[upkeep]
|-damage|p2a: Weezing|95/100|[from] Sandstorm
|-heal|p1a: PlasticBoogie|83/100 brn|[from] item: Leftovers
|-damage|p1a: PlasticBoogie|71/100 brn|[from] brn
|-heal|p2a: Weezing|100/100|[from] item: Leftovers
|upkeep
|turn|28
|
|t:|1728863972
|move|p1a: PlasticBoogie|Earthquake|p2a: Weezing
|-immune|p2a: Weezing
|move|p2a: Weezing|Sludge Bomb|p1a: PlasticBoogie
|-resisted|p1a: PlasticBoogie
|-damage|p1a: PlasticBoogie|60/100 brn
|
|-weather|Sandstorm|[upkeep]
|-damage|p2a: Weezing|95/100|[from] Sandstorm
|-heal|p1a: PlasticBoogie|66/100 brn|[from] item: Leftovers
|-damage|p1a: PlasticBoogie|54/100 brn|[from] brn
|-heal|p2a: Weezing|100/100|[from] item: Leftovers
|upkeep
|turn|29
|
|t:|1728863977
|move|p1a: PlasticBoogie|Rest|p1a: PlasticBoogie
|-status|p1a: PlasticBoogie|slp|[from] move: Rest
|-heal|p1a: PlasticBoogie|100/100 slp|[silent]
|move|p2a: Weezing|Sludge Bomb|p1a: PlasticBoogie
|-resisted|p1a: PlasticBoogie
|-damage|p1a: PlasticBoogie|89/100 slp
|
|-weather|Sandstorm|[upkeep]
|-damage|p2a: Weezing|95/100|[from] Sandstorm
|-heal|p1a: PlasticBoogie|95/100 slp|[from] item: Leftovers
|-heal|p2a: Weezing|100/100|[from] item: Leftovers
|upkeep
|turn|30
|
|t:|1728863988
|switch|p1a: TheBirdSong|Skarmory, F|100/100
|switch|p2a: Moltres|Moltres|100/100
|
|-weather|Sandstorm|[upkeep]
|-damage|p2a: Moltres|94/100|[from] Sandstorm
|-heal|p2a: Moltres|100/100|[from] item: Leftovers
|upkeep
|turn|31
|
|t:|1728863994
|switch|p1a: TheCruelMillenial|Blissey, F|100/100
|-damage|p1a: TheCruelMillenial|76/100|[from] Spikes
|move|p2a: Moltres|Flamethrower|p1a: TheCruelMillenial
|-damage|p1a: TheCruelMillenial|54/100
|
|-weather|Sandstorm|[upkeep]
|-damage|p2a: Moltres|94/100|[from] Sandstorm
|-damage|p1a: TheCruelMillenial|48/100|[from] Sandstorm
|-heal|p2a: Moltres|100/100|[from] item: Leftovers
|-heal|p1a: TheCruelMillenial|54/100|[from] item: Leftovers
|upkeep
|turn|32
|
|t:|1728863998
|switch|p2a: Blissey|Blissey, F|57/100
|-damage|p2a: Blissey|32/100|[from] Spikes
|move|p1a: TheCruelMillenial|Aromatherapy|p1a: TheCruelMillenial
|-cureteam|p1a: TheCruelMillenial|[from] move: Aromatherapy
|
|-weather|Sandstorm|[upkeep]
|-damage|p2a: Blissey|26/100|[from] Sandstorm
|-damage|p1a: TheCruelMillenial|48/100|[from] Sandstorm
|-heal|p2a: Blissey|32/100|[from] item: Leftovers
|-heal|p1a: TheCruelMillenial|54/100|[from] item: Leftovers
|upkeep
|turn|33
|
|t:|1728864007
|move|p2a: Blissey|Soft-Boiled|p2a: Blissey
|-heal|p2a: Blissey|82/100
|move|p1a: TheCruelMillenial|Soft-Boiled|p1a: TheCruelMillenial
|-heal|p1a: TheCruelMillenial|100/100
|
|-weather|Sandstorm|[upkeep]
|-damage|p2a: Blissey|76/100|[from] Sandstorm
|-damage|p1a: TheCruelMillenial|94/100|[from] Sandstorm
|-heal|p2a: Blissey|82/100|[from] item: Leftovers
|-heal|p1a: TheCruelMillenial|100/100|[from] item: Leftovers
|upkeep
|turn|34
|
|t:|1728864015
|switch|p1a: TheBirdSong|Skarmory, F|100/100
|move|p2a: Blissey|Seismic Toss|p1a: TheBirdSong
|-damage|p1a: TheBirdSong|71/100
|
|-weather|Sandstorm|[upkeep]
|-damage|p2a: Blissey|76/100|[from] Sandstorm
|-heal|p1a: TheBirdSong|77/100|[from] item: Leftovers
|-heal|p2a: Blissey|82/100|[from] item: Leftovers
|upkeep
|turn|35
|
|t:|1728864019
|switch|p2a: Zapdos|Zapdos|60/100
|move|p1a: TheBirdSong|Drill Peck|p2a: Zapdos
|-resisted|p2a: Zapdos
|-damage|p2a: Zapdos|48/100
|
|-weather|Sandstorm|[upkeep]
|-damage|p2a: Zapdos|42/100|[from] Sandstorm
|-heal|p2a: Zapdos|48/100|[from] item: Leftovers
|-heal|p1a: TheBirdSong|83/100|[from] item: Leftovers
|upkeep
|turn|36
|
|t:|1728864025
|switch|p1a: PlasticBoogie|Flygon, F|95/100
|move|p2a: Zapdos|Rest|p2a: Zapdos
|-status|p2a: Zapdos|slp|[from] move: Rest
|-heal|p2a: Zapdos|100/100 slp|[silent]
|
|-weather|Sandstorm|[upkeep]
|-damage|p2a: Zapdos|94/100 slp|[from] Sandstorm
|-heal|p2a: Zapdos|100/100 slp|[from] item: Leftovers
|-heal|p1a: PlasticBoogie|100/100|[from] item: Leftovers
|upkeep
|turn|37
|
|t:|1728864032
|move|p1a: PlasticBoogie|Protect|p1a: PlasticBoogie
|-singleturn|p1a: PlasticBoogie|Protect
|cant|p2a: Zapdos|slp
|move|p2a: Zapdos|Sleep Talk|p2a: Zapdos
|move|p2a: Zapdos|Rest|p2a: Zapdos|[from]Sleep Talk
|
|-weather|Sandstorm|[upkeep]
|-damage|p2a: Zapdos|94/100 slp|[from] Sandstorm
|-heal|p2a: Zapdos|100/100 slp|[from] item: Leftovers
|upkeep
|turn|38
|
|t:|1728864049
|switch|p1a: TheCruelMillenial|Blissey, F|100/100
|-damage|p1a: TheCruelMillenial|76/100|[from] Spikes
|cant|p2a: Zapdos|slp
|move|p2a: Zapdos|Sleep Talk|p2a: Zapdos
|move|p2a: Zapdos|Thunderbolt|p1a: TheCruelMillenial|[from]Sleep Talk
|-damage|p1a: TheCruelMillenial|59/100
|
|-weather|Sandstorm|[upkeep]
|-damage|p2a: Zapdos|94/100 slp|[from] Sandstorm
|-damage|p1a: TheCruelMillenial|53/100|[from] Sandstorm
|-heal|p2a: Zapdos|100/100 slp|[from] item: Leftovers
|-heal|p1a: TheCruelMillenial|59/100|[from] item: Leftovers
|upkeep
|turn|39
|
|t:|1728864056
|move|p1a: TheCruelMillenial|Soft-Boiled|p1a: TheCruelMillenial
|-heal|p1a: TheCruelMillenial|100/100
|-curestatus|p2a: Zapdos|slp|[msg]
|move|p2a: Zapdos|Roar|p1a: TheCruelMillenial
|drag|p1a: Acarine|Moltres|100/100
|
|-weather|Sandstorm|[upkeep]
|-damage|p1a: Acarine|94/100|[from] Sandstorm
|-damage|p2a: Zapdos|94/100|[from] Sandstorm
|-heal|p1a: Acarine|100/100|[from] item: Leftovers
|-heal|p2a: Zapdos|100/100|[from] item: Leftovers
|upkeep
|turn|40
|
|t:|1728864061
|switch|p1a: PlasticBoogie|Flygon, F|100/100
|move|p2a: Zapdos|Thunderbolt|p1a: PlasticBoogie
|-immune|p1a: PlasticBoogie
|
|-weather|Sandstorm|[upkeep]
|-damage|p2a: Zapdos|94/100|[from] Sandstorm
|-heal|p2a: Zapdos|100/100|[from] item: Leftovers
|upkeep
|turn|41
|
|t:|1728864068
|switch|p2a: Weezing|Weezing, F|100/100
|switch|p1a: TheBirdSong|Skarmory, F|83/100
|
|-weather|Sandstorm|[upkeep]
|-damage|p2a: Weezing|95/100|[from] Sandstorm
|-heal|p1a: TheBirdSong|89/100|[from] item: Leftovers
|-heal|p2a: Weezing|100/100|[from] item: Leftovers
|upkeep
|turn|42
|
|t:|1728864077
|switch|p1a: Acarine|Moltres|100/100
|switch|p2a: Zapdos|Zapdos|100/100
|
|-weather|Sandstorm|[upkeep]
|-damage|p1a: Acarine|94/100|[from] Sandstorm
|-damage|p2a: Zapdos|94/100|[from] Sandstorm
|-heal|p1a: Acarine|100/100|[from] item: Leftovers
|-heal|p2a: Zapdos|100/100|[from] item: Leftovers
|upkeep
|turn|43
|
|t:|1728864080
|switch|p1a: PlasticBoogie|Flygon, F|100/100
|move|p2a: Zapdos|Roar|p1a: PlasticBoogie
|drag|p1a: TheCruelMillenial|Blissey, F|100/100
|-damage|p1a: TheCruelMillenial|76/100|[from] Spikes
|
|-weather|Sandstorm|[upkeep]
|-damage|p2a: Zapdos|94/100|[from] Sandstorm
|-damage|p1a: TheCruelMillenial|69/100|[from] Sandstorm
|-heal|p2a: Zapdos|100/100|[from] item: Leftovers
|-heal|p1a: TheCruelMillenial|76/100|[from] item: Leftovers
|upkeep
|turn|44
|
|t:|1728864086
|switch|p1a: PlasticBoogie|Flygon, F|100/100
|move|p2a: Zapdos|Roar|p1a: PlasticBoogie
|drag|p1a: Fishing4Fishies|Mantine, F|100/100
|
|-weather|Sandstorm|[upkeep]
|-damage|p2a: Zapdos|94/100|[from] Sandstorm
|-damage|p1a: Fishing4Fishies|95/100|[from] Sandstorm
|-heal|p2a: Zapdos|100/100|[from] item: Leftovers
|-heal|p1a: Fishing4Fishies|100/100|[from] item: Leftovers
|upkeep
|turn|45
|
|t:|1728864090
|switch|p1a: PlasticBoogie|Flygon, F|100/100
|move|p2a: Zapdos|Thunderbolt|p1a: PlasticBoogie
|-immune|p1a: PlasticBoogie
|
|-weather|Sandstorm|[upkeep]
|-damage|p2a: Zapdos|94/100|[from] Sandstorm
|-heal|p2a: Zapdos|100/100|[from] item: Leftovers
|upkeep
|turn|46
|
|t:|1728864094
|switch|p2a: Weezing|Weezing, F|100/100
|move|p1a: PlasticBoogie|Toxic|p2a: Weezing
|-immune|p2a: Weezing
|
|-weather|Sandstorm|[upkeep]
|-damage|p2a: Weezing|95/100|[from] Sandstorm
|-heal|p2a: Weezing|100/100|[from] item: Leftovers
|upkeep
|turn|47
|
|t:|1728864097
|switch|p1a: Acarine|Moltres|100/100
|move|p2a: Weezing|Will-O-Wisp|p1a: Acarine
|-immune|p1a: Acarine
|
|-weather|Sandstorm|[upkeep]
|-damage|p1a: Acarine|94/100|[from] Sandstorm
|-damage|p2a: Weezing|95/100|[from] Sandstorm
|-heal|p1a: Acarine|100/100|[from] item: Leftovers
|-heal|p2a: Weezing|100/100|[from] item: Leftovers
|upkeep
|turn|48
|
|t:|1728864102
|switch|p2a: Moltres|Moltres|100/100
|move|p1a: Acarine|Will-O-Wisp|p2a: Moltres
|-immune|p2a: Moltres
|
|-weather|Sandstorm|[upkeep]
|-damage|p1a: Acarine|94/100|[from] Sandstorm
|-damage|p2a: Moltres|94/100|[from] Sandstorm
|-heal|p1a: Acarine|100/100|[from] item: Leftovers
|-heal|p2a: Moltres|100/100|[from] item: Leftovers
|upkeep
|turn|49
|
|t:|1728864108
|move|p1a: Acarine|Flamethrower|p2a: Moltres
|-resisted|p2a: Moltres
|-damage|p2a: Moltres|69/100
|move|p2a: Moltres|Flamethrower|p1a: Acarine
|-resisted|p1a: Acarine
|-damage|p1a: Acarine|67/100
|
|-weather|Sandstorm|[upkeep]
|-damage|p1a: Acarine|61/100|[from] Sandstorm
|-damage|p2a: Moltres|63/100|[from] Sandstorm
|-heal|p1a: Acarine|67/100|[from] item: Leftovers
|-heal|p2a: Moltres|69/100|[from] item: Leftovers
|upkeep
|turn|50
|
|t:|1728864114
|move|p1a: Acarine|Flamethrower|p2a: Moltres
|-resisted|p2a: Moltres
|-damage|p2a: Moltres|37/100
|move|p2a: Moltres|Rest|p2a: Moltres
|-status|p2a: Moltres|slp|[from] move: Rest
|-heal|p2a: Moltres|100/100 slp|[silent]
|
|-weather|Sandstorm|[upkeep]
|-damage|p1a: Acarine|61/100|[from] Sandstorm
|-damage|p2a: Moltres|94/100 slp|[from] Sandstorm
|-heal|p1a: Acarine|67/100|[from] item: Leftovers
|-heal|p2a: Moltres|100/100 slp|[from] item: Leftovers
|upkeep
|turn|51
|
|t:|1728864121
|switch|p1a: Fishing4Fishies|Mantine, F|100/100
|cant|p2a: Moltres|slp
|
|-weather|Sandstorm|[upkeep]
|-damage|p2a: Moltres|94/100 slp|[from] Sandstorm
|-damage|p1a: Fishing4Fishies|95/100|[from] Sandstorm
|-heal|p2a: Moltres|100/100 slp|[from] item: Leftovers
|-heal|p1a: Fishing4Fishies|100/100|[from] item: Leftovers
|upkeep
|turn|52
|
|t:|1728864124
|switch|p2a: Zapdos|Zapdos|100/100
|move|p1a: Fishing4Fishies|Haze|p1a: Fishing4Fishies
|-clearallboost
|
|-weather|Sandstorm|[upkeep]
|-damage|p2a: Zapdos|94/100|[from] Sandstorm
|-damage|p1a: Fishing4Fishies|95/100|[from] Sandstorm
|-heal|p2a: Zapdos|100/100|[from] item: Leftovers
|-heal|p1a: Fishing4Fishies|100/100|[from] item: Leftovers
|upkeep
|turn|53
|
|t:|1728864127
|switch|p1a: PlasticBoogie|Flygon, F|100/100
|move|p2a: Zapdos|Roar|p1a: PlasticBoogie
|drag|p1a: TheBirdSong|Skarmory, F|89/100
|
|-weather|Sandstorm|[upkeep]
|-damage|p2a: Zapdos|94/100|[from] Sandstorm
|-heal|p2a: Zapdos|100/100|[from] item: Leftovers
|-heal|p1a: TheBirdSong|95/100|[from] item: Leftovers
|upkeep
|turn|54
|c|☆Rainer2424|You wanna just draw this?
|
|t:|1728864145
|switch|p1a: PlasticBoogie|Flygon, F|100/100
|move|p2a: Zapdos|Roar|p1a: PlasticBoogie
|drag|p1a: TheCruelMillenial|Blissey, F|76/100
|-damage|p1a: TheCruelMillenial|51/100|[from] Spikes
|
|-weather|Sandstorm|[upkeep]
|-damage|p2a: Zapdos|94/100|[from] Sandstorm
|-damage|p1a: TheCruelMillenial|45/100|[from] Sandstorm
|-heal|p2a: Zapdos|100/100|[from] item: Leftovers
|-heal|p1a: TheCruelMillenial|51/100|[from] item: Leftovers
|upkeep
|turn|55
|c|☆Ooziegib|no?
|c|☆Ooziegib|what
|c|☆Rainer2424|Alright
|
|t:|1728864157
|move|p1a: TheCruelMillenial|Soft-Boiled|p1a: TheCruelMillenial
|-heal|p1a: TheCruelMillenial|100/100
|move|p2a: Zapdos|Roar|p1a: TheCruelMillenial
|drag|p1a: TheBirdSong|Skarmory, F|95/100
|
|-weather|Sandstorm|[upkeep]
|-damage|p2a: Zapdos|94/100|[from] Sandstorm
|-heal|p2a: Zapdos|100/100|[from] item: Leftovers
|-heal|p1a: TheBirdSong|100/100|[from] item: Leftovers
|upkeep
|turn|56
|
|t:|1728864164
|switch|p2a: Skarmory|Skarmory, M|100/100
|move|p1a: TheBirdSong|Protect||[still]
|-fail|p1a: TheBirdSong
|
|-weather|Sandstorm|[upkeep]
|upkeep
|turn|57
|
|t:|1728864168
|switch|p1a: Acarine|Moltres|67/100
|move|p2a: Skarmory|Roar|p1a: Acarine
|drag|p1a: PlasticBoogie|Flygon, F|100/100
|
|-weather|Sandstorm|[upkeep]
|upkeep
|turn|58
|
|t:|1728864174
|switch|p1a: Acarine|Moltres|67/100
|move|p2a: Skarmory|Drill Peck|p1a: Acarine
|-damage|p1a: Acarine|43/100
|
|-weather|Sandstorm|[upkeep]
|-damage|p1a: Acarine|36/100|[from] Sandstorm
|-heal|p1a: Acarine|43/100|[from] item: Leftovers
|upkeep
|turn|59
|
|t:|1728864177
|switch|p2a: Zapdos|Zapdos|100/100
|move|p1a: Acarine|Roar|p2a: Zapdos
|drag|p2a: Weezing|Weezing, F|100/100
|
|-weather|Sandstorm|[upkeep]
|-damage|p1a: Acarine|36/100|[from] Sandstorm
|-damage|p2a: Weezing|95/100|[from] Sandstorm
|-heal|p1a: Acarine|43/100|[from] item: Leftovers
|-heal|p2a: Weezing|100/100|[from] item: Leftovers
|upkeep
|turn|60
|
|t:|1728864183
|switch|p2a: Moltres|Moltres|100/100 slp
|move|p1a: Acarine|Will-O-Wisp||[still]
|-fail|p1a: Acarine
|
|-weather|Sandstorm|[upkeep]
|-damage|p1a: Acarine|36/100|[from] Sandstorm
|-damage|p2a: Moltres|94/100 slp|[from] Sandstorm
|-heal|p1a: Acarine|43/100|[from] item: Leftovers
|-heal|p2a: Moltres|100/100 slp|[from] item: Leftovers
|upkeep
|turn|61
|
|t:|1728864187
|switch|p1a: Fishing4Fishies|Mantine, F|100/100
|cant|p2a: Moltres|slp
|
|-weather|Sandstorm|[upkeep]
|-damage|p2a: Moltres|94/100 slp|[from] Sandstorm
|-damage|p1a: Fishing4Fishies|95/100|[from] Sandstorm
|-heal|p2a: Moltres|100/100 slp|[from] item: Leftovers
|-heal|p1a: Fishing4Fishies|100/100|[from] item: Leftovers
|upkeep
|turn|62
|
|t:|1728864194
|-curestatus|p2a: Moltres|slp|[msg]
|move|p2a: Moltres|Will-O-Wisp|p1a: Fishing4Fishies
|-status|p1a: Fishing4Fishies|brn
|move|p1a: Fishing4Fishies|Toxic|p2a: Moltres
|-status|p2a: Moltres|tox
|
|-weather|Sandstorm|[upkeep]
|-damage|p2a: Moltres|94/100 tox|[from] Sandstorm
|-damage|p1a: Fishing4Fishies|95/100 brn|[from] Sandstorm
|-heal|p2a: Moltres|100/100 tox|[from] item: Leftovers
|-damage|p2a: Moltres|94/100 tox|[from] psn
|-heal|p1a: Fishing4Fishies|100/100 brn|[from] item: Leftovers
|-damage|p1a: Fishing4Fishies|88/100 brn|[from] brn
|upkeep
|turn|63
|
|t:|1728864208
|switch|p2a: Zapdos|Zapdos|100/100
|move|p1a: Fishing4Fishies|Surf|p2a: Zapdos
|-damage|p2a: Zapdos|80/100
|
|-weather|Sandstorm|[upkeep]
|-damage|p2a: Zapdos|74/100|[from] Sandstorm
|-damage|p1a: Fishing4Fishies|82/100 brn|[from] Sandstorm
|-heal|p2a: Zapdos|80/100|[from] item: Leftovers
|-heal|p1a: Fishing4Fishies|88/100 brn|[from] item: Leftovers
|-damage|p1a: Fishing4Fishies|76/100 brn|[from] brn
|upkeep
|turn|64
|
|t:|1728864214
|switch|p2a: Skarmory|Skarmory, M|100/100
|switch|p1a: PlasticBoogie|Flygon, F|100/100
|
|-weather|Sandstorm|[upkeep]
|upkeep
|turn|65
|
|t:|1728864220
|switch|p1a: TheBirdSong|Skarmory, F|100/100
|move|p2a: Skarmory|Drill Peck|p1a: TheBirdSong
|-resisted|p1a: TheBirdSong
|-damage|p1a: TheBirdSong|91/100
|
|-weather|Sandstorm|[upkeep]
|-heal|p1a: TheBirdSong|97/100|[from] item: Leftovers
|upkeep
|turn|66
|
|t:|1728864223
|move|p1a: TheBirdSong|Roar|p2a: Skarmory
|drag|p2a: Zapdos|Zapdos|80/100
|
|-weather|Sandstorm|[upkeep]
|-damage|p2a: Zapdos|74/100|[from] Sandstorm
|-heal|p2a: Zapdos|80/100|[from] item: Leftovers
|-heal|p1a: TheBirdSong|100/100|[from] item: Leftovers
|upkeep
|turn|67
|
|t:|1728864228
|move|p2a: Zapdos|Rest|p2a: Zapdos
|-status|p2a: Zapdos|slp|[from] move: Rest
|-heal|p2a: Zapdos|100/100 slp|[silent]
|move|p1a: TheBirdSong|Roar|p2a: Zapdos
|drag|p2a: Skarmory|Skarmory, M|100/100
|
|-weather|Sandstorm|[upkeep]
|upkeep
|turn|68
|
|t:|1728864230
|switch|p2a: Zapdos|Zapdos|100/100 slp
|move|p1a: TheBirdSong|Roar|p2a: Zapdos
|drag|p2a: Weezing|Weezing, F|100/100
|
|-weather|Sandstorm|[upkeep]
|-damage|p2a: Weezing|95/100|[from] Sandstorm
|-heal|p2a: Weezing|100/100|[from] item: Leftovers
|upkeep
|turn|69
|
|t:|1728864237
|switch|p1a: PlasticBoogie|Flygon, F|100/100
|switch|p2a: Zapdos|Zapdos|100/100 slp
|
|-weather|Sandstorm|[upkeep]
|-damage|p2a: Zapdos|94/100 slp|[from] Sandstorm
|-heal|p2a: Zapdos|100/100 slp|[from] item: Leftovers
|upkeep
|turn|70
|
|t:|1728864245
|switch|p1a: TheBirdSong|Skarmory, F|100/100
|cant|p2a: Zapdos|slp
|move|p2a: Zapdos|Sleep Talk|p2a: Zapdos
|move|p2a: Zapdos|Roar|p1a: TheBirdSong|[from]Sleep Talk
|drag|p1a: PlasticBoogie|Flygon, F|100/100
|
|-weather|Sandstorm|[upkeep]
|-damage|p2a: Zapdos|94/100 slp|[from] Sandstorm
|-heal|p2a: Zapdos|100/100 slp|[from] item: Leftovers
|upkeep
|turn|71
|
|t:|1728864264
|move|p1a: PlasticBoogie|Protect|p1a: PlasticBoogie
|-singleturn|p1a: PlasticBoogie|Protect
|cant|p2a: Zapdos|slp
|move|p2a: Zapdos|Sleep Talk|p2a: Zapdos
|move|p2a: Zapdos|Rest|p2a: Zapdos|[from]Sleep Talk
|
|-weather|Sandstorm|[upkeep]
|-damage|p2a: Zapdos|94/100 slp|[from] Sandstorm
|-heal|p2a: Zapdos|100/100 slp|[from] item: Leftovers
|upkeep
|turn|72
|
|t:|1728864271
|move|p1a: PlasticBoogie|Toxic||[still]
|-fail|p1a: PlasticBoogie
|-curestatus|p2a: Zapdos|slp|[msg]
|move|p2a: Zapdos|Roar|p1a: PlasticBoogie
|drag|p1a: Acarine|Moltres|43/100
|
|-weather|Sandstorm|[upkeep]
|-damage|p1a: Acarine|36/100|[from] Sandstorm
|-damage|p2a: Zapdos|94/100|[from] Sandstorm
|-heal|p1a: Acarine|43/100|[from] item: Leftovers
|-heal|p2a: Zapdos|100/100|[from] item: Leftovers
|upkeep
|turn|73
|
|t:|1728864277
|switch|p1a: PlasticBoogie|Flygon, F|100/100
|move|p2a: Zapdos|Roar|p1a: PlasticBoogie
|drag|p1a: Fishing4Fishies|Mantine, F|76/100 brn
|
|-weather|Sandstorm|[upkeep]
|-damage|p2a: Zapdos|94/100|[from] Sandstorm
|-damage|p1a: Fishing4Fishies|70/100 brn|[from] Sandstorm
|-heal|p2a: Zapdos|100/100|[from] item: Leftovers
|-heal|p1a: Fishing4Fishies|76/100 brn|[from] item: Leftovers
|-damage|p1a: Fishing4Fishies|64/100 brn|[from] brn
|upkeep
|turn|74
|
|t:|1728864286
|switch|p1a: PlasticBoogie|Flygon, F|100/100
|move|p2a: Zapdos|Thunderbolt|p1a: PlasticBoogie
|-immune|p1a: PlasticBoogie
|
|-weather|Sandstorm|[upkeep]
|-damage|p2a: Zapdos|94/100|[from] Sandstorm
|-heal|p2a: Zapdos|100/100|[from] item: Leftovers
|upkeep
|turn|75
|
|t:|1728864289
|switch|p2a: Skarmory|Skarmory, M|100/100
|move|p1a: PlasticBoogie|Toxic|p2a: Skarmory
|-immune|p2a: Skarmory
|
|-weather|Sandstorm|[upkeep]
|upkeep
|turn|76
|
|t:|1728864294
|switch|p1a: Fishing4Fishies|Mantine, F|64/100 brn
|switch|p2a: Weezing|Weezing, F|100/100
|
|-weather|Sandstorm|[upkeep]
|-damage|p1a: Fishing4Fishies|58/100 brn|[from] Sandstorm
|-damage|p2a: Weezing|95/100|[from] Sandstorm
|-heal|p1a: Fishing4Fishies|64/100 brn|[from] item: Leftovers
|-damage|p1a: Fishing4Fishies|51/100 brn|[from] brn
|-heal|p2a: Weezing|100/100|[from] item: Leftovers
|upkeep
|turn|77
|
|t:|1728864300
|move|p1a: Fishing4Fishies|Rest|p1a: Fishing4Fishies
|-status|p1a: Fishing4Fishies|slp|[from] move: Rest
|-heal|p1a: Fishing4Fishies|100/100 slp|[silent]
|move|p2a: Weezing|Sludge Bomb|p1a: Fishing4Fishies
|-damage|p1a: Fishing4Fishies|59/100 slp
|
|-weather|Sandstorm|[upkeep]
|-damage|p1a: Fishing4Fishies|53/100 slp|[from] Sandstorm
|-damage|p2a: Weezing|95/100|[from] Sandstorm
|-heal|p1a: Fishing4Fishies|59/100 slp|[from] item: Leftovers
|-heal|p2a: Weezing|100/100|[from] item: Leftovers
|upkeep
|turn|78
|
|t:|1728864303
|switch|p1a: PlasticBoogie|Flygon, F|100/100
|move|p2a: Weezing|Sludge Bomb|p1a: PlasticBoogie
|-resisted|p1a: PlasticBoogie
|-damage|p1a: PlasticBoogie|89/100
|
|-weather|Sandstorm|[upkeep]
|-damage|p2a: Weezing|95/100|[from] Sandstorm
|-heal|p1a: PlasticBoogie|95/100|[from] item: Leftovers
|-heal|p2a: Weezing|100/100|[from] item: Leftovers
|upkeep
|turn|79
|
|t:|1728864308
|move|p1a: PlasticBoogie|Protect|p1a: PlasticBoogie
|-singleturn|p1a: PlasticBoogie|Protect
|move|p2a: Weezing|Will-O-Wisp|p1a: PlasticBoogie
|-activate|p1a: PlasticBoogie|Protect
|
|-weather|Sandstorm|[upkeep]
|-damage|p2a: Weezing|95/100|[from] Sandstorm
|-heal|p1a: PlasticBoogie|100/100|[from] item: Leftovers
|-heal|p2a: Weezing|100/100|[from] item: Leftovers
|upkeep
|turn|80
|
|t:|1728864313
|switch|p1a: Acarine|Moltres|43/100
|move|p2a: Weezing|Sludge Bomb|p1a: Acarine
|-damage|p1a: Acarine|12/100
|
|-weather|Sandstorm|[upkeep]
|-damage|p1a: Acarine|6/100|[from] Sandstorm
|-damage|p2a: Weezing|95/100|[from] Sandstorm
|-heal|p1a: Acarine|12/100|[from] item: Leftovers
|-heal|p2a: Weezing|100/100|[from] item: Leftovers
|upkeep
|turn|81
|
|t:|1728864319
|move|p1a: Acarine|Rest|p1a: Acarine
|-status|p1a: Acarine|slp|[from] move: Rest
|-heal|p1a: Acarine|100/100 slp|[silent]
|move|p2a: Weezing|Sludge Bomb|p1a: Acarine
|-crit|p1a: Acarine
|-damage|p1a: Acarine|39/100 slp
|
|-weather|Sandstorm|[upkeep]
|-damage|p1a: Acarine|33/100 slp|[from] Sandstorm
|-damage|p2a: Weezing|95/100|[from] Sandstorm
|-heal|p1a: Acarine|39/100 slp|[from] item: Leftovers
|-heal|p2a: Weezing|100/100|[from] item: Leftovers
|upkeep
|turn|82
|
|t:|1728864325
|switch|p1a: PlasticBoogie|Flygon, F|100/100
|move|p2a: Weezing|Sludge Bomb|p1a: PlasticBoogie
|-resisted|p1a: PlasticBoogie
|-damage|p1a: PlasticBoogie|89/100
|
|-weather|Sandstorm|[upkeep]
|-damage|p2a: Weezing|95/100|[from] Sandstorm
|-heal|p1a: PlasticBoogie|95/100|[from] item: Leftovers
|-heal|p2a: Weezing|100/100|[from] item: Leftovers
|upkeep
|turn|83
|
|t:|1728864330
|move|p1a: PlasticBoogie|Protect|p1a: PlasticBoogie
|-singleturn|p1a: PlasticBoogie|Protect
|move|p2a: Weezing|Will-O-Wisp|p1a: PlasticBoogie
|-activate|p1a: PlasticBoogie|Protect
|
|-weather|Sandstorm|[upkeep]
|-damage|p2a: Weezing|95/100|[from] Sandstorm
|-heal|p1a: PlasticBoogie|100/100|[from] item: Leftovers
|-heal|p2a: Weezing|100/100|[from] item: Leftovers
|upkeep
|turn|84
|
|t:|1728864336
|switch|p1a: TheCruelMillenial|Blissey, F|100/100
|-damage|p1a: TheCruelMillenial|76/100|[from] Spikes
|move|p2a: Weezing|Will-O-Wisp|p1a: TheCruelMillenial
|-status|p1a: TheCruelMillenial|brn
|
|-weather|Sandstorm|[upkeep]
|-damage|p2a: Weezing|95/100|[from] Sandstorm
|-damage|p1a: TheCruelMillenial|69/100 brn|[from] Sandstorm
|-heal|p2a: Weezing|100/100|[from] item: Leftovers
|-heal|p1a: TheCruelMillenial|76/100 brn|[from] item: Leftovers
|-damage|p1a: TheCruelMillenial|63/100 brn|[from] brn
|upkeep
|turn|85
|
|t:|1728864346
|move|p2a: Weezing|Sludge Bomb|p1a: TheCruelMillenial
|-damage|p1a: TheCruelMillenial|34/100 brn
|move|p1a: TheCruelMillenial|Soft-Boiled|p1a: TheCruelMillenial
|-heal|p1a: TheCruelMillenial|84/100 brn
|
|-weather|Sandstorm|[upkeep]
|-damage|p2a: Weezing|95/100|[from] Sandstorm
|-damage|p1a: TheCruelMillenial|78/100 brn|[from] Sandstorm
|-heal|p2a: Weezing|100/100|[from] item: Leftovers
|-heal|p1a: TheCruelMillenial|84/100 brn|[from] item: Leftovers
|-damage|p1a: TheCruelMillenial|72/100 brn|[from] brn
|upkeep
|turn|86
|
|t:|1728864352
|move|p2a: Weezing|Sludge Bomb|p1a: TheCruelMillenial
|-damage|p1a: TheCruelMillenial|43/100 brn
|move|p1a: TheCruelMillenial|Aromatherapy|p1a: TheCruelMillenial
|-cureteam|p1a: TheCruelMillenial|[from] move: Aromatherapy
|
|-weather|Sandstorm|[upkeep]
|-damage|p2a: Weezing|95/100|[from] Sandstorm
|-damage|p1a: TheCruelMillenial|36/100|[from] Sandstorm
|-heal|p2a: Weezing|100/100|[from] item: Leftovers
|-heal|p1a: TheCruelMillenial|43/100|[from] item: Leftovers
|upkeep
|turn|87
|
|t:|1728864360
|move|p2a: Weezing|Will-O-Wisp|p1a: TheCruelMillenial|[miss]
|-miss|p2a: Weezing|p1a: TheCruelMillenial
|move|p1a: TheCruelMillenial|Soft-Boiled|p1a: TheCruelMillenial
|-heal|p1a: TheCruelMillenial|93/100
|
|-weather|Sandstorm|[upkeep]
|-damage|p2a: Weezing|95/100|[from] Sandstorm
|-damage|p1a: TheCruelMillenial|86/100|[from] Sandstorm
|-heal|p2a: Weezing|100/100|[from] item: Leftovers
|-heal|p1a: TheCruelMillenial|93/100|[from] item: Leftovers
|upkeep
|turn|88
|
|t:|1728864371
|switch|p1a: Acarine|Moltres|39/100
|move|p2a: Weezing|Sludge Bomb|p1a: Acarine
|-damage|p1a: Acarine|7/100
|
|-weather|Sandstorm|[upkeep]
|-damage|p1a: Acarine|1/100|[from] Sandstorm
|-damage|p2a: Weezing|95/100|[from] Sandstorm
|-heal|p1a: Acarine|7/100|[from] item: Leftovers
|-heal|p2a: Weezing|100/100|[from] item: Leftovers
|upkeep
|turn|89
|
|t:|1728864385
|switch|p2a: Zapdos|Zapdos|100/100
|move|p1a: Acarine|Rest|p1a: Acarine
|-status|p1a: Acarine|slp|[from] move: Rest
|-heal|p1a: Acarine|100/100 slp|[silent]
|
|-weather|Sandstorm|[upkeep]
|-damage|p1a: Acarine|94/100 slp|[from] Sandstorm
|-damage|p2a: Zapdos|94/100|[from] Sandstorm
|-heal|p1a: Acarine|100/100 slp|[from] item: Leftovers
|-heal|p2a: Zapdos|100/100|[from] item: Leftovers
|upkeep
|turn|90
|
|t:|1728864388
|switch|p1a: PlasticBoogie|Flygon, F|100/100
|move|p2a: Zapdos|Roar|p1a: PlasticBoogie
|drag|p1a: Acarine|Moltres|100/100 slp
|
|-weather|Sandstorm|[upkeep]
|-damage|p1a: Acarine|94/100 slp|[from] Sandstorm
|-damage|p2a: Zapdos|94/100|[from] Sandstorm
|-heal|p1a: Acarine|100/100 slp|[from] item: Leftovers
|-heal|p2a: Zapdos|100/100|[from] item: Leftovers
|upkeep
|turn|91
|
|t:|1728864394
|switch|p1a: PlasticBoogie|Flygon, F|100/100
|switch|p2a: Skarmory|Skarmory, M|100/100
|
|-weather|Sandstorm|[upkeep]
|upkeep
|turn|92
|
|t:|1728864398
|switch|p1a: TheBirdSong|Skarmory, F|100/100
|move|p2a: Skarmory|Roar|p1a: TheBirdSong
|drag|p1a: Fishing4Fishies|Mantine, F|59/100
|
|-weather|Sandstorm|[upkeep]
|-damage|p1a: Fishing4Fishies|53/100|[from] Sandstorm
|-heal|p1a: Fishing4Fishies|59/100|[from] item: Leftovers
|upkeep
|turn|93
|
|t:|1728864404
|switch|p1a: TheBirdSong|Skarmory, F|100/100
|move|p2a: Skarmory|Drill Peck|p1a: TheBirdSong
|-resisted|p1a: TheBirdSong
|-damage|p1a: TheBirdSong|92/100
|
|-weather|Sandstorm|[upkeep]
|-heal|p1a: TheBirdSong|98/100|[from] item: Leftovers
|upkeep
|turn|94
|
|t:|1728864408
|move|p1a: TheBirdSong|Roar|p2a: Skarmory
|drag|p2a: Flygon|Flygon, M|100/100
|
|-weather|Sandstorm|[upkeep]
|-heal|p1a: TheBirdSong|100/100|[from] item: Leftovers
|upkeep
|turn|95
|
|t:|1728864411
|switch|p2a: Weezing|Weezing, F|100/100
|move|p1a: TheBirdSong|Roar|p2a: Weezing
|drag|p2a: Zapdos|Zapdos|100/100
|
|-weather|Sandstorm|[upkeep]
|-damage|p2a: Zapdos|94/100|[from] Sandstorm
|-heal|p2a: Zapdos|100/100|[from] item: Leftovers
|upkeep
|turn|96
|
|t:|1728864417
|switch|p1a: PlasticBoogie|Flygon, F|100/100
|move|p2a: Zapdos|Roar|p1a: PlasticBoogie
|drag|p1a: Fishing4Fishies|Mantine, F|59/100
|
|-weather|Sandstorm|[upkeep]
|-damage|p2a: Zapdos|94/100|[from] Sandstorm
|-damage|p1a: Fishing4Fishies|53/100|[from] Sandstorm
|-heal|p2a: Zapdos|100/100|[from] item: Leftovers
|-heal|p1a: Fishing4Fishies|59/100|[from] item: Leftovers
|upkeep
|turn|97
|
|t:|1728864424
|switch|p2a: Weezing|Weezing, F|100/100
|switch|p1a: PlasticBoogie|Flygon, F|100/100
|
|-weather|Sandstorm|[upkeep]
|-damage|p2a: Weezing|95/100|[from] Sandstorm
|-heal|p2a: Weezing|100/100|[from] item: Leftovers
|upkeep
|turn|98
|
|t:|1728864432
|switch|p1a: Acarine|Moltres|100/100 slp
|move|p2a: Weezing|Haze|p2a: Weezing
|-clearallboost
|
|-weather|Sandstorm|[upkeep]
|-damage|p1a: Acarine|94/100 slp|[from] Sandstorm
|-damage|p2a: Weezing|95/100|[from] Sandstorm
|-heal|p1a: Acarine|100/100 slp|[from] item: Leftovers
|-heal|p2a: Weezing|100/100|[from] item: Leftovers
|upkeep
|turn|99
|
|t:|1728864437
|switch|p1a: TheBirdSong|Skarmory, F|100/100
|switch|p2a: Zapdos|Zapdos|100/100
|
|-weather|Sandstorm|[upkeep]
|-damage|p2a: Zapdos|94/100|[from] Sandstorm
|-heal|p2a: Zapdos|100/100|[from] item: Leftovers
|upkeep
|turn|100
|
|t:|1728864441
|switch|p1a: PlasticBoogie|Flygon, F|100/100
|move|p2a: Zapdos|Roar|p1a: PlasticBoogie
|drag|p1a: Fishing4Fishies|Mantine, F|59/100
|
|-weather|Sandstorm|[upkeep]
|-damage|p2a: Zapdos|94/100|[from] Sandstorm
|-damage|p1a: Fishing4Fishies|53/100|[from] Sandstorm
|-heal|p2a: Zapdos|100/100|[from] item: Leftovers
|-heal|p1a: Fishing4Fishies|59/100|[from] item: Leftovers
|upkeep
|turn|101
|
|t:|1728864444
|switch|p2a: Skarmory|Skarmory, M|100/100
|switch|p1a: PlasticBoogie|Flygon, F|100/100
|
|-weather|Sandstorm|[upkeep]
|upkeep
|turn|102
|
|t:|1728864450
|switch|p1a: TheBirdSong|Skarmory, F|100/100
|move|p2a: Skarmory|Roar|p1a: TheBirdSong
|drag|p1a: Acarine|Moltres|100/100 slp
|
|-weather|Sandstorm|[upkeep]
|-damage|p1a: Acarine|94/100 slp|[from] Sandstorm
|-heal|p1a: Acarine|100/100 slp|[from] item: Leftovers
|upkeep
|turn|103
|
|t:|1728864454
|switch|p1a: TheBirdSong|Skarmory, F|100/100
|switch|p2a: Zapdos|Zapdos|100/100
|
|-weather|Sandstorm|[upkeep]
|-damage|p2a: Zapdos|94/100|[from] Sandstorm
|-heal|p2a: Zapdos|100/100|[from] item: Leftovers
|upkeep
|turn|104
|
|t:|1728864463
|switch|p1a: PlasticBoogie|Flygon, F|100/100
|move|p2a: Zapdos|Roar|p1a: PlasticBoogie
|drag|p1a: TheBirdSong|Skarmory, F|100/100
|
|-weather|Sandstorm|[upkeep]
|-damage|p2a: Zapdos|94/100|[from] Sandstorm
|-heal|p2a: Zapdos|100/100|[from] item: Leftovers
|upkeep
|turn|105
|
|t:|1728864473
|switch|p2a: Flygon|Flygon, M|100/100
|move|p1a: TheBirdSong|Roar|p2a: Flygon
|drag|p2a: Skarmory|Skarmory, M|100/100
|
|-weather|Sandstorm|[upkeep]
|upkeep
|turn|106
|
|t:|1728864476
|switch|p2a: Flygon|Flygon, M|100/100
|move|p1a: TheBirdSong|Roar|p2a: Flygon
|drag|p2a: Blissey|Blissey, F|82/100
|-damage|p2a: Blissey|57/100|[from] Spikes
|
|-weather|Sandstorm|[upkeep]
|-damage|p2a: Blissey|51/100|[from] Sandstorm
|-heal|p2a: Blissey|57/100|[from] item: Leftovers
|upkeep
|turn|107
|
|t:|1728864481
|move|p1a: TheBirdSong|Drill Peck|p2a: Blissey
|-damage|p2a: Blissey|33/100
|move|p2a: Blissey|Soft-Boiled|p2a: Blissey
|-heal|p2a: Blissey|83/100
|
|-weather|Sandstorm|[upkeep]
|-damage|p2a: Blissey|76/100|[from] Sandstorm
|-heal|p2a: Blissey|83/100|[from] item: Leftovers
|upkeep
|turn|108
|
|t:|1728864485
|switch|p2a: Zapdos|Zapdos|100/100
|move|p1a: TheBirdSong|Drill Peck|p2a: Zapdos
|-resisted|p2a: Zapdos
|-damage|p2a: Zapdos|89/100
|
|-weather|Sandstorm|[upkeep]
|-damage|p2a: Zapdos|83/100|[from] Sandstorm
|-heal|p2a: Zapdos|89/100|[from] item: Leftovers
|upkeep
|turn|109
|
|t:|1728864488
|switch|p1a: PlasticBoogie|Flygon, F|100/100
|move|p2a: Zapdos|Roar|p1a: PlasticBoogie
|drag|p1a: Fishing4Fishies|Mantine, F|59/100
|
|-weather|Sandstorm|[upkeep]
|-damage|p2a: Zapdos|83/100|[from] Sandstorm
|-damage|p1a: Fishing4Fishies|53/100|[from] Sandstorm
|-heal|p2a: Zapdos|89/100|[from] item: Leftovers
|-heal|p1a: Fishing4Fishies|59/100|[from] item: Leftovers
|upkeep
|turn|110
|
|t:|1728864491
|switch|p2a: Skarmory|Skarmory, M|100/100
|switch|p1a: PlasticBoogie|Flygon, F|100/100
|
|-weather|Sandstorm|[upkeep]
|upkeep
|turn|111
|
|t:|1728864496
|switch|p1a: TheBirdSong|Skarmory, F|100/100
|switch|p2a: Flygon|Flygon, M|100/100
|
|-weather|Sandstorm|[upkeep]
|upkeep
|turn|112
|
|t:|1728864501
|move|p2a: Flygon|Rock Slide|p1a: TheBirdSong
|-damage|p1a: TheBirdSong|87/100
|move|p1a: TheBirdSong|Roar|p2a: Flygon
|drag|p2a: Moltres|Moltres|94/100 tox
|
|-weather|Sandstorm|[upkeep]
|-damage|p2a: Moltres|88/100 tox|[from] Sandstorm
|-heal|p2a: Moltres|94/100 tox|[from] item: Leftovers
|-damage|p2a: Moltres|88/100 tox|[from] psn
|-heal|p1a: TheBirdSong|93/100|[from] item: Leftovers
|upkeep
|turn|113
|
|t:|1728864510
|switch|p1a: Acarine|Moltres|100/100 slp
|move|p2a: Moltres|Rest|p2a: Moltres
|-status|p2a: Moltres|slp|[from] move: Rest
|-heal|p2a: Moltres|100/100 slp|[silent]
|
|-weather|Sandstorm|[upkeep]
|-damage|p1a: Acarine|94/100 slp|[from] Sandstorm
|-damage|p2a: Moltres|94/100 slp|[from] Sandstorm
|-heal|p1a: Acarine|100/100 slp|[from] item: Leftovers
|-heal|p2a: Moltres|100/100 slp|[from] item: Leftovers
|upkeep
|turn|114
|
|t:|1728864520
|switch|p1a: Fishing4Fishies|Mantine, F|59/100
|cant|p2a: Moltres|slp
|
|-weather|Sandstorm|[upkeep]
|-damage|p2a: Moltres|94/100 slp|[from] Sandstorm
|-damage|p1a: Fishing4Fishies|53/100|[from] Sandstorm
|-heal|p2a: Moltres|100/100 slp|[from] item: Leftovers
|-heal|p1a: Fishing4Fishies|59/100|[from] item: Leftovers
|upkeep
|turn|115
|
|t:|1728864523
|switch|p2a: Zapdos|Zapdos|89/100
|move|p1a: Fishing4Fishies|Surf|p2a: Zapdos
|-damage|p2a: Zapdos|69/100
|
|-weather|Sandstorm|[upkeep]
|-damage|p2a: Zapdos|63/100|[from] Sandstorm
|-damage|p1a: Fishing4Fishies|53/100|[from] Sandstorm
|-heal|p2a: Zapdos|69/100|[from] item: Leftovers
|-heal|p1a: Fishing4Fishies|59/100|[from] item: Leftovers
|upkeep
|turn|116
|
|t:|1728864527
|switch|p1a: PlasticBoogie|Flygon, F|100/100
|move|p2a: Zapdos|Rest|p2a: Zapdos
|-status|p2a: Zapdos|slp|[from] move: Rest
|-heal|p2a: Zapdos|100/100 slp|[silent]
|
|-weather|Sandstorm|[upkeep]
|-damage|p2a: Zapdos|94/100 slp|[from] Sandstorm
|-heal|p2a: Zapdos|100/100 slp|[from] item: Leftovers
|upkeep
|turn|117
|
|t:|1728864539
|move|p1a: PlasticBoogie|Protect|p1a: PlasticBoogie
|-singleturn|p1a: PlasticBoogie|Protect
|cant|p2a: Zapdos|slp
|move|p2a: Zapdos|Sleep Talk|p2a: Zapdos
|move|p2a: Zapdos|Roar|p1a: PlasticBoogie|[from]Sleep Talk
|-activate|p1a: PlasticBoogie|Protect
|
|-weather|Sandstorm|[upkeep]
|-damage|p2a: Zapdos|94/100 slp|[from] Sandstorm
|-heal|p2a: Zapdos|100/100 slp|[from] item: Leftovers
|upkeep
|turn|118
|
|t:|1728864544
|switch|p1a: TheCruelMillenial|Blissey, F|93/100
|-damage|p1a: TheCruelMillenial|68/100|[from] Spikes
|cant|p2a: Zapdos|slp
|move|p2a: Zapdos|Sleep Talk|p2a: Zapdos
|move|p2a: Zapdos|Thunderbolt|p1a: TheCruelMillenial|[from]Sleep Talk
|-damage|p1a: TheCruelMillenial|51/100
|
|-weather|Sandstorm|[upkeep]
|-damage|p2a: Zapdos|94/100 slp|[from] Sandstorm
|-damage|p1a: TheCruelMillenial|45/100|[from] Sandstorm
|-heal|p2a: Zapdos|100/100 slp|[from] item: Leftovers
|-heal|p1a: TheCruelMillenial|51/100|[from] item: Leftovers
|upkeep
|turn|119
|
|t:|1728864550
|move|p1a: TheCruelMillenial|Soft-Boiled|p1a: TheCruelMillenial
|-heal|p1a: TheCruelMillenial|100/100
|-curestatus|p2a: Zapdos|slp|[msg]
|move|p2a: Zapdos|Roar|p1a: TheCruelMillenial
|drag|p1a: Acarine|Moltres|100/100 slp
|
|-weather|Sandstorm|[upkeep]
|-damage|p1a: Acarine|94/100 slp|[from] Sandstorm
|-damage|p2a: Zapdos|94/100|[from] Sandstorm
|-heal|p1a: Acarine|100/100 slp|[from] item: Leftovers
|-heal|p2a: Zapdos|100/100|[from] item: Leftovers
|upkeep
|turn|120
|
|t:|1728864555
|switch|p1a: PlasticBoogie|Flygon, F|100/100
|move|p2a: Zapdos|Roar|p1a: PlasticBoogie
|drag|p1a: TheCruelMillenial|Blissey, F|100/100
|-damage|p1a: TheCruelMillenial|76/100|[from] Spikes
|
|-weather|Sandstorm|[upkeep]
|-damage|p2a: Zapdos|94/100|[from] Sandstorm
|-damage|p1a: TheCruelMillenial|69/100|[from] Sandstorm
|-heal|p2a: Zapdos|100/100|[from] item: Leftovers
|-heal|p1a: TheCruelMillenial|76/100|[from] item: Leftovers
|upkeep
|turn|121
|
|t:|1728864560
|switch|p1a: PlasticBoogie|Flygon, F|100/100
|move|p2a: Zapdos|Thunderbolt|p1a: PlasticBoogie
|-immune|p1a: PlasticBoogie
|
|-weather|Sandstorm|[upkeep]
|-damage|p2a: Zapdos|94/100|[from] Sandstorm
|-heal|p2a: Zapdos|100/100|[from] item: Leftovers
|upkeep
|turn|122
|
|t:|1728864565
|switch|p2a: Weezing|Weezing, F|100/100
|switch|p1a: TheBirdSong|Skarmory, F|93/100
|
|-weather|Sandstorm|[upkeep]
|-damage|p2a: Weezing|95/100|[from] Sandstorm
|-heal|p1a: TheBirdSong|99/100|[from] item: Leftovers
|-heal|p2a: Weezing|100/100|[from] item: Leftovers
|upkeep
|turn|123
|
|t:|1728864573
|switch|p2a: Flygon|Flygon, M|100/100
|move|p1a: TheBirdSong|Protect||[still]
|-fail|p1a: TheBirdSong
|
|-weather|Sandstorm|[upkeep]
|-heal|p1a: TheBirdSong|100/100|[from] item: Leftovers
|upkeep
|turn|124
|
|t:|1728864579
|move|p2a: Flygon|Rock Slide|p1a: TheBirdSong
|-damage|p1a: TheBirdSong|88/100
|cant|p1a: TheBirdSong|flinch
|
|-weather|Sandstorm|[upkeep]
|-heal|p1a: TheBirdSong|94/100|[from] item: Leftovers
|upkeep
|turn|125
|
|t:|1728864584
|move|p2a: Flygon|Protect|p2a: Flygon
|-singleturn|p2a: Flygon|Protect
|move|p1a: TheBirdSong|Roar|p2a: Flygon
|-activate|p2a: Flygon|Protect
|
|-weather|Sandstorm|[upkeep]
|-heal|p1a: TheBirdSong|99/100|[from] item: Leftovers
|upkeep
|turn|126
|
|t:|1728864586
|move|p2a: Flygon|Earthquake|p1a: TheBirdSong
|-immune|p1a: TheBirdSong
|move|p1a: TheBirdSong|Roar|p2a: Flygon
|drag|p2a: Moltres|Moltres|100/100 slp
|
|-weather|Sandstorm|[upkeep]
|-damage|p2a: Moltres|94/100 slp|[from] Sandstorm
|-heal|p2a: Moltres|100/100 slp|[from] item: Leftovers
|-heal|p1a: TheBirdSong|100/100|[from] item: Leftovers
|upkeep
|turn|127
|
|t:|1728864592
|switch|p2a: Zapdos|Zapdos|100/100
|switch|p1a: Fishing4Fishies|Mantine, F|59/100
|
|-weather|Sandstorm|[upkeep]
|-damage|p2a: Zapdos|94/100|[from] Sandstorm
|-damage|p1a: Fishing4Fishies|53/100|[from] Sandstorm
|-heal|p2a: Zapdos|100/100|[from] item: Leftovers
|-heal|p1a: Fishing4Fishies|59/100|[from] item: Leftovers
|upkeep
|turn|128
|
|t:|1728864598
|switch|p2a: Flygon|Flygon, M|100/100
|switch|p1a: Acarine|Moltres|100/100 slp
|
|-weather|Sandstorm|[upkeep]
|-damage|p1a: Acarine|94/100 slp|[from] Sandstorm
|-heal|p1a: Acarine|100/100 slp|[from] item: Leftovers
|upkeep
|turn|129
|
|t:|1728864603
|switch|p1a: TheBirdSong|Skarmory, F|100/100
|switch|p2a: Weezing|Weezing, F|100/100
|
|-weather|Sandstorm|[upkeep]
|-damage|p2a: Weezing|95/100|[from] Sandstorm
|-heal|p2a: Weezing|100/100|[from] item: Leftovers
|upkeep
|turn|130
|
|t:|1728864611
|switch|p1a: Acarine|Moltres|100/100 slp
|move|p2a: Weezing|Will-O-Wisp||[still]
|-fail|p2a: Weezing
|
|-weather|Sandstorm|[upkeep]
|-damage|p1a: Acarine|94/100 slp|[from] Sandstorm
|-damage|p2a: Weezing|95/100|[from] Sandstorm
|-heal|p1a: Acarine|100/100 slp|[from] item: Leftovers
|-heal|p2a: Weezing|100/100|[from] item: Leftovers
|upkeep
|turn|131
|
|t:|1728864620
|switch|p2a: Moltres|Moltres|100/100 slp
|cant|p1a: Acarine|slp
|
|-weather|Sandstorm|[upkeep]
|-damage|p1a: Acarine|94/100 slp|[from] Sandstorm
|-damage|p2a: Moltres|94/100 slp|[from] Sandstorm
|-heal|p1a: Acarine|100/100 slp|[from] item: Leftovers
|-heal|p2a: Moltres|100/100 slp|[from] item: Leftovers
|upkeep
|turn|132
|
|t:|1728864627
|switch|p1a: Fishing4Fishies|Mantine, F|59/100
|cant|p2a: Moltres|slp
|
|-weather|Sandstorm|[upkeep]
|-damage|p2a: Moltres|94/100 slp|[from] Sandstorm
|-damage|p1a: Fishing4Fishies|53/100|[from] Sandstorm
|-heal|p2a: Moltres|100/100 slp|[from] item: Leftovers
|-heal|p1a: Fishing4Fishies|59/100|[from] item: Leftovers
|upkeep
|turn|133
|
|t:|1728864633
|switch|p2a: Zapdos|Zapdos|100/100
|move|p1a: Fishing4Fishies|Surf|p2a: Zapdos
|-damage|p2a: Zapdos|82/100
|
|-weather|Sandstorm|[upkeep]
|-damage|p2a: Zapdos|76/100|[from] Sandstorm
|-damage|p1a: Fishing4Fishies|53/100|[from] Sandstorm
|-heal|p2a: Zapdos|82/100|[from] item: Leftovers
|-heal|p1a: Fishing4Fishies|59/100|[from] item: Leftovers
|upkeep
|turn|134
|
|t:|1728864640
|switch|p2a: Skarmory|Skarmory, M|100/100
|switch|p1a: PlasticBoogie|Flygon, F|100/100
|
|-weather|Sandstorm|[upkeep]
|upkeep
|turn|135
|
|t:|1728864644
|switch|p1a: TheBirdSong|Skarmory, F|100/100
|switch|p2a: Weezing|Weezing, F|100/100
|
|-weather|Sandstorm|[upkeep]
|-damage|p2a: Weezing|95/100|[from] Sandstorm
|-heal|p2a: Weezing|100/100|[from] item: Leftovers
|upkeep
|turn|136
|
|t:|1728864648
|switch|p1a: Acarine|Moltres|100/100 slp
|switch|p2a: Moltres|Moltres|100/100 slp
|
|-weather|Sandstorm|[upkeep]
|-damage|p1a: Acarine|94/100 slp|[from] Sandstorm
|-damage|p2a: Moltres|94/100 slp|[from] Sandstorm
|-heal|p1a: Acarine|100/100 slp|[from] item: Leftovers
|-heal|p2a: Moltres|100/100 slp|[from] item: Leftovers
|upkeep
|turn|137
|
|t:|1728864654
|switch|p1a: Fishing4Fishies|Mantine, F|59/100
|-curestatus|p2a: Moltres|slp|[msg]
|move|p2a: Moltres|Hidden Power|p1a: Fishing4Fishies
|-damage|p1a: Fishing4Fishies|43/100
|
|-weather|Sandstorm|[upkeep]
|-damage|p2a: Moltres|94/100|[from] Sandstorm
|-damage|p1a: Fishing4Fishies|37/100|[from] Sandstorm
|-heal|p2a: Moltres|100/100|[from] item: Leftovers
|-heal|p1a: Fishing4Fishies|43/100|[from] item: Leftovers
|upkeep
|turn|138
|
|t:|1728864670
|switch|p2a: Weezing|Weezing, F|100/100
|switch|p1a: Acarine|Moltres|100/100 slp
|
|-weather|Sandstorm|[upkeep]
|-damage|p1a: Acarine|94/100 slp|[from] Sandstorm
|-damage|p2a: Weezing|95/100|[from] Sandstorm
|-heal|p1a: Acarine|100/100 slp|[from] item: Leftovers
|-heal|p2a: Weezing|100/100|[from] item: Leftovers
|upkeep
|turn|139
|
|t:|1728864676
|switch|p2a: Moltres|Moltres|100/100
|cant|p1a: Acarine|slp
|
|-weather|Sandstorm|[upkeep]
|-damage|p1a: Acarine|94/100 slp|[from] Sandstorm
|-damage|p2a: Moltres|94/100|[from] Sandstorm
|-heal|p1a: Acarine|100/100 slp|[from] item: Leftovers
|-heal|p2a: Moltres|100/100|[from] item: Leftovers
|upkeep
|turn|140
|
|t:|1728864682
|switch|p1a: Fishing4Fishies|Mantine, F|43/100
|switch|p2a: Zapdos|Zapdos|82/100
|
|-weather|Sandstorm|[upkeep]
|-damage|p2a: Zapdos|76/100|[from] Sandstorm
|-damage|p1a: Fishing4Fishies|37/100|[from] Sandstorm
|-heal|p2a: Zapdos|82/100|[from] item: Leftovers
|-heal|p1a: Fishing4Fishies|43/100|[from] item: Leftovers
|upkeep
|turn|141
|
|t:|1728864685
|switch|p2a: Moltres|Moltres|100/100
|switch|p1a: PlasticBoogie|Flygon, F|100/100
|
|-weather|Sandstorm|[upkeep]
|-damage|p2a: Moltres|94/100|[from] Sandstorm
|-heal|p2a: Moltres|100/100|[from] item: Leftovers
|upkeep
|turn|142
|
|t:|1728864694
|switch|p2a: Flygon|Flygon, M|100/100
|switch|p1a: Acarine|Moltres|100/100 slp
|
|-weather|Sandstorm|[upkeep]
|-damage|p1a: Acarine|94/100 slp|[from] Sandstorm
|-heal|p1a: Acarine|100/100 slp|[from] item: Leftovers
|upkeep
|turn|143
|
|t:|1728864703
|switch|p1a: TheBirdSong|Skarmory, F|100/100
|switch|p2a: Moltres|Moltres|100/100
|
|-weather|Sandstorm|[upkeep]
|-damage|p2a: Moltres|94/100|[from] Sandstorm
|-heal|p2a: Moltres|100/100|[from] item: Leftovers
|upkeep
|turn|144
|
|t:|1728864706
|switch|p2a: Zapdos|Zapdos|82/100
|switch|p1a: Acarine|Moltres|100/100 slp
|
|-weather|Sandstorm|[upkeep]
|-damage|p1a: Acarine|94/100 slp|[from] Sandstorm
|-damage|p2a: Zapdos|76/100|[from] Sandstorm
|-heal|p1a: Acarine|100/100 slp|[from] item: Leftovers
|-heal|p2a: Zapdos|82/100|[from] item: Leftovers
|upkeep
|turn|145
|
|t:|1728864714
|switch|p1a: PlasticBoogie|Flygon, F|100/100
|switch|p2a: Skarmory|Skarmory, M|100/100
|
|-weather|Sandstorm|[upkeep]
|upkeep
|turn|146
|
|t:|1728864719
|switch|p1a: TheBirdSong|Skarmory, F|100/100
|move|p2a: Skarmory|Roar|p1a: TheBirdSong
|drag|p1a: Acarine|Moltres|100/100 slp
|
|-weather|Sandstorm|[upkeep]
|-damage|p1a: Acarine|94/100 slp|[from] Sandstorm
|-heal|p1a: Acarine|100/100 slp|[from] item: Leftovers
|upkeep
|turn|147
|
|t:|1728864724
|switch|p1a: TheBirdSong|Skarmory, F|100/100
|switch|p2a: Moltres|Moltres|100/100
|
|-weather|Sandstorm|[upkeep]
|-damage|p2a: Moltres|94/100|[from] Sandstorm
|-heal|p2a: Moltres|100/100|[from] item: Leftovers
|upkeep
|turn|148
|
|t:|1728864728
|switch|p2a: Flygon|Flygon, M|100/100
|switch|p1a: Acarine|Moltres|100/100 slp
|
|-weather|Sandstorm|[upkeep]
|-damage|p1a: Acarine|94/100 slp|[from] Sandstorm
|-heal|p1a: Acarine|100/100 slp|[from] item: Leftovers
|upkeep
|turn|149
|
|t:|1728864735
|switch|p1a: TheBirdSong|Skarmory, F|100/100
|switch|p2a: Moltres|Moltres|100/100
|
|-weather|Sandstorm|[upkeep]
|-damage|p2a: Moltres|94/100|[from] Sandstorm
|-heal|p2a: Moltres|100/100|[from] item: Leftovers
|upkeep
|turn|150
|
|t:|1728864737
|switch|p2a: Skarmory|Skarmory, M|100/100
|switch|p1a: Acarine|Moltres|100/100 slp
|
|-weather|Sandstorm|[upkeep]
|-damage|p1a: Acarine|94/100 slp|[from] Sandstorm
|-heal|p1a: Acarine|100/100 slp|[from] item: Leftovers
|upkeep
|turn|151
|
|t:|1728864741
|switch|p1a: TheBirdSong|Skarmory, F|100/100
|switch|p2a: Zapdos|Zapdos|82/100
|
|-weather|Sandstorm|[upkeep]
|-damage|p2a: Zapdos|76/100|[from] Sandstorm
|-heal|p2a: Zapdos|82/100|[from] item: Leftovers
|upkeep
|turn|152
|
|t:|1728864745
|switch|p2a: Skarmory|Skarmory, M|100/100
|switch|p1a: PlasticBoogie|Flygon, F|100/100
|
|-weather|Sandstorm|[upkeep]
|upkeep
|turn|153
|
|t:|1728864748
|switch|p1a: TheBirdSong|Skarmory, F|100/100
|move|p2a: Skarmory|Roar|p1a: TheBirdSong
|drag|p1a: TheCruelMillenial|Blissey, F|76/100
|-damage|p1a: TheCruelMillenial|51/100|[from] Spikes
|
|-weather|Sandstorm|[upkeep]
|-damage|p1a: TheCruelMillenial|45/100|[from] Sandstorm
|-heal|p1a: TheCruelMillenial|51/100|[from] item: Leftovers
|upkeep
|turn|154
|
|t:|1728864756
|switch|p1a: TheBirdSong|Skarmory, F|100/100
|move|p2a: Skarmory|Drill Peck|p1a: TheBirdSong
|-resisted|p1a: TheBirdSong
|-damage|p1a: TheBirdSong|92/100
|
|-weather|Sandstorm|[upkeep]
|-heal|p1a: TheBirdSong|98/100|[from] item: Leftovers
|upkeep
|turn|155
|
|t:|1728864761
|move|p1a: TheBirdSong|Roar|p2a: Skarmory
|drag|p2a: Moltres|Moltres|100/100
|
|-weather|Sandstorm|[upkeep]
|-damage|p2a: Moltres|94/100|[from] Sandstorm
|-heal|p2a: Moltres|100/100|[from] item: Leftovers
|-heal|p1a: TheBirdSong|100/100|[from] item: Leftovers
|upkeep
|turn|156
|
|t:|1728864765
|switch|p2a: Zapdos|Zapdos|82/100
|switch|p1a: Acarine|Moltres|100/100 slp
|
|-weather|Sandstorm|[upkeep]
|-damage|p1a: Acarine|94/100 slp|[from] Sandstorm
|-damage|p2a: Zapdos|76/100|[from] Sandstorm
|-heal|p1a: Acarine|100/100 slp|[from] item: Leftovers
|-heal|p2a: Zapdos|82/100|[from] item: Leftovers
|upkeep
|turn|157
|
|t:|1728864769
|switch|p1a: PlasticBoogie|Flygon, F|100/100
|switch|p2a: Moltres|Moltres|100/100
|
|-weather|Sandstorm|[upkeep]
|-damage|p2a: Moltres|94/100|[from] Sandstorm
|-heal|p2a: Moltres|100/100|[from] item: Leftovers
|upkeep
|turn|158
|
|t:|1728864777
|switch|p2a: Zapdos|Zapdos|82/100
|switch|p1a: Acarine|Moltres|100/100 slp
|
|-weather|Sandstorm|[upkeep]
|-damage|p1a: Acarine|94/100 slp|[from] Sandstorm
|-damage|p2a: Zapdos|76/100|[from] Sandstorm
|-heal|p1a: Acarine|100/100 slp|[from] item: Leftovers
|-heal|p2a: Zapdos|82/100|[from] item: Leftovers
|upkeep
|turn|159
|
|t:|1728864781
|switch|p1a: PlasticBoogie|Flygon, F|100/100
|move|p2a: Zapdos|Rest|p2a: Zapdos
|-status|p2a: Zapdos|slp|[from] move: Rest
|-heal|p2a: Zapdos|100/100 slp|[silent]
|
|-weather|Sandstorm|[upkeep]
|-damage|p2a: Zapdos|94/100 slp|[from] Sandstorm
|-heal|p2a: Zapdos|100/100 slp|[from] item: Leftovers
|upkeep
|turn|160
|
|t:|1728864791
|switch|p1a: TheBirdSong|Skarmory, F|100/100
|cant|p2a: Zapdos|slp
|move|p2a: Zapdos|Sleep Talk|p2a: Zapdos
|move|p2a: Zapdos|Roar|p1a: TheBirdSong|[from]Sleep Talk
|drag|p1a: Acarine|Moltres|100/100 slp
|
|-weather|Sandstorm|[upkeep]
|-damage|p1a: Acarine|94/100 slp|[from] Sandstorm
|-damage|p2a: Zapdos|94/100 slp|[from] Sandstorm
|-heal|p1a: Acarine|100/100 slp|[from] item: Leftovers
|-heal|p2a: Zapdos|100/100 slp|[from] item: Leftovers
|upkeep
|turn|161
|
|t:|1728864797
|switch|p1a: TheBirdSong|Skarmory, F|100/100
|cant|p2a: Zapdos|slp
|move|p2a: Zapdos|Sleep Talk|p2a: Zapdos
|move|p2a: Zapdos|Thunderbolt|p1a: TheBirdSong|[from]Sleep Talk
|-supereffective|p1a: TheBirdSong
|-damage|p1a: TheBirdSong|23/100
|
|-weather|Sandstorm|[upkeep]
|-damage|p2a: Zapdos|94/100 slp|[from] Sandstorm
|-heal|p2a: Zapdos|100/100 slp|[from] item: Leftovers
|-heal|p1a: TheBirdSong|29/100|[from] item: Leftovers
|upkeep
|turn|162
|
|t:|1728864803
|move|p1a: TheBirdSong|Protect|p1a: TheBirdSong
|-singleturn|p1a: TheBirdSong|Protect
|-curestatus|p2a: Zapdos|slp|[msg]
|move|p2a: Zapdos|Roar|p1a: TheBirdSong
|-activate|p1a: TheBirdSong|Protect
|
|-weather|Sandstorm|[upkeep]
|-damage|p2a: Zapdos|94/100|[from] Sandstorm
|-heal|p2a: Zapdos|100/100|[from] item: Leftovers
|-heal|p1a: TheBirdSong|35/100|[from] item: Leftovers
|upkeep
|turn|163
|
|t:|1728864805
|switch|p1a: PlasticBoogie|Flygon, F|100/100
|move|p2a: Zapdos|Roar|p1a: PlasticBoogie
|drag|p1a: Fishing4Fishies|Mantine, F|43/100
|
|-weather|Sandstorm|[upkeep]
|-damage|p2a: Zapdos|94/100|[from] Sandstorm
|-damage|p1a: Fishing4Fishies|37/100|[from] Sandstorm
|-heal|p2a: Zapdos|100/100|[from] item: Leftovers
|-heal|p1a: Fishing4Fishies|43/100|[from] item: Leftovers
|upkeep
|turn|164
|
|t:|1728864811
|switch|p1a: PlasticBoogie|Flygon, F|100/100
|move|p2a: Zapdos|Roar|p1a: PlasticBoogie
|drag|p1a: Acarine|Moltres|100/100 slp
|
|-weather|Sandstorm|[upkeep]
|-damage|p1a: Acarine|94/100 slp|[from] Sandstorm
|-damage|p2a: Zapdos|94/100|[from] Sandstorm
|-heal|p1a: Acarine|100/100 slp|[from] item: Leftovers
|-heal|p2a: Zapdos|100/100|[from] item: Leftovers
|upkeep
|turn|165
|
|t:|1728864818
|switch|p1a: PlasticBoogie|Flygon, F|100/100
|switch|p2a: Flygon|Flygon, M|100/100
|
|-weather|Sandstorm|[upkeep]
|upkeep
|turn|166
|
|t:|1728864822
|switch|p2a: Moltres|Moltres|100/100
|move|p1a: PlasticBoogie|Toxic|p2a: Moltres
|-status|p2a: Moltres|tox
|
|-weather|Sandstorm|[upkeep]
|-damage|p2a: Moltres|94/100 tox|[from] Sandstorm
|-heal|p2a: Moltres|100/100 tox|[from] item: Leftovers
|-damage|p2a: Moltres|94/100 tox|[from] psn
|upkeep
|turn|167
|
|t:|1728864830
|switch|p1a: Acarine|Moltres|100/100 slp
|move|p2a: Moltres|Rest|p2a: Moltres
|-status|p2a: Moltres|slp|[from] move: Rest
|-heal|p2a: Moltres|100/100 slp|[silent]
|
|-weather|Sandstorm|[upkeep]
|-damage|p1a: Acarine|94/100 slp|[from] Sandstorm
|-damage|p2a: Moltres|94/100 slp|[from] Sandstorm
|-heal|p1a: Acarine|100/100 slp|[from] item: Leftovers
|-heal|p2a: Moltres|100/100 slp|[from] item: Leftovers
|upkeep
|turn|168
|
|t:|1728864835
|switch|p1a: Fishing4Fishies|Mantine, F|43/100
|cant|p2a: Moltres|slp
|
|-weather|Sandstorm|[upkeep]
|-damage|p2a: Moltres|94/100 slp|[from] Sandstorm
|-damage|p1a: Fishing4Fishies|37/100|[from] Sandstorm
|-heal|p2a: Moltres|100/100 slp|[from] item: Leftovers
|-heal|p1a: Fishing4Fishies|43/100|[from] item: Leftovers
|upkeep
|turn|169
|
|t:|1728864838
|switch|p2a: Zapdos|Zapdos|100/100
|move|p1a: Fishing4Fishies|Rest|p1a: Fishing4Fishies
|-status|p1a: Fishing4Fishies|slp|[from] move: Rest
|-heal|p1a: Fishing4Fishies|100/100 slp|[silent]
|
|-weather|Sandstorm|[upkeep]
|-damage|p2a: Zapdos|94/100|[from] Sandstorm
|-damage|p1a: Fishing4Fishies|95/100 slp|[from] Sandstorm
|-heal|p2a: Zapdos|100/100|[from] item: Leftovers
|-heal|p1a: Fishing4Fishies|100/100 slp|[from] item: Leftovers
|upkeep
|turn|170
|
|t:|1728864840
|switch|p2a: Skarmory|Skarmory, M|100/100
|switch|p1a: PlasticBoogie|Flygon, F|100/100
|
|-weather|Sandstorm|[upkeep]
|upkeep
|turn|171
|
|t:|1728864842
|switch|p1a: TheBirdSong|Skarmory, F|35/100
|move|p2a: Skarmory|Roar|p1a: TheBirdSong
|drag|p1a: Acarine|Moltres|100/100 slp
|
|-weather|Sandstorm|[upkeep]
|-damage|p1a: Acarine|94/100 slp|[from] Sandstorm
|-heal|p1a: Acarine|100/100 slp|[from] item: Leftovers
|upkeep
|turn|172
|
|t:|1728864846
|switch|p1a: TheBirdSong|Skarmory, F|35/100
|switch|p2a: Zapdos|Zapdos|100/100
|
|-weather|Sandstorm|[upkeep]
|-damage|p2a: Zapdos|94/100|[from] Sandstorm
|-heal|p2a: Zapdos|100/100|[from] item: Leftovers
|-heal|p1a: TheBirdSong|41/100|[from] item: Leftovers
|upkeep
|turn|173
|
|t:|1728864849
|switch|p2a: Skarmory|Skarmory, M|100/100
|switch|p1a: PlasticBoogie|Flygon, F|100/100
|
|-weather|Sandstorm|[upkeep]
|upkeep
|turn|174
|
|t:|1728864851
|switch|p1a: TheBirdSong|Skarmory, F|41/100
|move|p2a: Skarmory|Roar|p1a: TheBirdSong
|drag|p1a: PlasticBoogie|Flygon, F|100/100
|
|-weather|Sandstorm|[upkeep]
|upkeep
|turn|175
|
|t:|1728864854
|switch|p1a: TheBirdSong|Skarmory, F|41/100
|move|p2a: Skarmory|Roar|p1a: TheBirdSong
|drag|p1a: PlasticBoogie|Flygon, F|100/100
|
|-weather|Sandstorm|[upkeep]
|upkeep
|turn|176
|
|t:|1728864857
|switch|p1a: TheBirdSong|Skarmory, F|41/100
|move|p2a: Skarmory|Roar|p1a: TheBirdSong
|drag|p1a: Acarine|Moltres|100/100 slp
|
|-weather|Sandstorm|[upkeep]
|-damage|p1a: Acarine|94/100 slp|[from] Sandstorm
|-heal|p1a: Acarine|100/100 slp|[from] item: Leftovers
|upkeep
|turn|177
|
|t:|1728864860
|switch|p2a: Zapdos|Zapdos|100/100
|-curestatus|p1a: Acarine|slp|[msg]
|move|p1a: Acarine|Will-O-Wisp|p2a: Zapdos|[miss]
|-miss|p1a: Acarine|p2a: Zapdos
|
|-weather|Sandstorm|[upkeep]
|-damage|p1a: Acarine|94/100|[from] Sandstorm
|-damage|p2a: Zapdos|94/100|[from] Sandstorm
|-heal|p1a: Acarine|100/100|[from] item: Leftovers
|-heal|p2a: Zapdos|100/100|[from] item: Leftovers
|upkeep
|turn|178
|
|t:|1728864866
|switch|p1a: PlasticBoogie|Flygon, F|100/100
|switch|p2a: Moltres|Moltres|100/100 slp
|
|-weather|Sandstorm|[upkeep]
|-damage|p2a: Moltres|94/100 slp|[from] Sandstorm
|-heal|p2a: Moltres|100/100 slp|[from] item: Leftovers
|upkeep
|turn|179
|
|t:|1728864870
|switch|p2a: Skarmory|Skarmory, M|100/100
|switch|p1a: Acarine|Moltres|100/100
|
|-weather|Sandstorm|[upkeep]
|-damage|p1a: Acarine|94/100|[from] Sandstorm
|-heal|p1a: Acarine|100/100|[from] item: Leftovers
|upkeep
|turn|180
|
|t:|1728864873
|switch|p1a: TheBirdSong|Skarmory, F|41/100
|switch|p2a: Moltres|Moltres|100/100 slp
|
|-weather|Sandstorm|[upkeep]
|-damage|p2a: Moltres|94/100 slp|[from] Sandstorm
|-heal|p2a: Moltres|100/100 slp|[from] item: Leftovers
|-heal|p1a: TheBirdSong|47/100|[from] item: Leftovers
|upkeep
|turn|181
|
|t:|1728864878
|switch|p2a: Skarmory|Skarmory, M|100/100
|switch|p1a: Acarine|Moltres|100/100
|
|-weather|Sandstorm|[upkeep]
|-damage|p1a: Acarine|94/100|[from] Sandstorm
|-heal|p1a: Acarine|100/100|[from] item: Leftovers
|upkeep
|turn|182
|
|t:|1728864881
|switch|p1a: TheBirdSong|Skarmory, F|47/100
|switch|p2a: Moltres|Moltres|100/100 slp
|
|-weather|Sandstorm|[upkeep]
|-damage|p2a: Moltres|94/100 slp|[from] Sandstorm
|-heal|p2a: Moltres|100/100 slp|[from] item: Leftovers
|-heal|p1a: TheBirdSong|53/100|[from] item: Leftovers
|upkeep
|turn|183
|
|t:|1728864885
|switch|p2a: Flygon|Flygon, M|100/100
|switch|p1a: Acarine|Moltres|100/100
|
|-weather|Sandstorm|[upkeep]
|-damage|p1a: Acarine|94/100|[from] Sandstorm
|-heal|p1a: Acarine|100/100|[from] item: Leftovers
|upkeep
|turn|184
|
|t:|1728864889
|switch|p1a: TheBirdSong|Skarmory, F|53/100
|switch|p2a: Zapdos|Zapdos|100/100
|
|-weather|Sandstorm|[upkeep]
|-damage|p2a: Zapdos|94/100|[from] Sandstorm
|-heal|p2a: Zapdos|100/100|[from] item: Leftovers
|-heal|p1a: TheBirdSong|59/100|[from] item: Leftovers
|upkeep
|turn|185
|
|t:|1728864892
|switch|p2a: Skarmory|Skarmory, M|100/100
|switch|p1a: PlasticBoogie|Flygon, F|100/100
|
|-weather|Sandstorm|[upkeep]
|upkeep
|turn|186
|
|t:|1728864898
|switch|p1a: TheBirdSong|Skarmory, F|59/100
|move|p2a: Skarmory|Roar|p1a: TheBirdSong
|drag|p1a: PlasticBoogie|Flygon, F|100/100
|
|-weather|Sandstorm|[upkeep]
|upkeep
|turn|187
|
|t:|1728864901
|switch|p1a: TheBirdSong|Skarmory, F|59/100
|move|p2a: Skarmory|Roar|p1a: TheBirdSong
|drag|p1a: TheCruelMillenial|Blissey, F|51/100
|-damage|p1a: TheCruelMillenial|26/100|[from] Spikes
|
|-weather|Sandstorm|[upkeep]
|-damage|p1a: TheCruelMillenial|20/100|[from] Sandstorm
|-heal|p1a: TheCruelMillenial|26/100|[from] item: Leftovers
|upkeep
|turn|188
|
|t:|1728864905
|move|p2a: Skarmory|Drill Peck|p1a: TheCruelMillenial
|-damage|p1a: TheCruelMillenial|3/100
|move|p1a: TheCruelMillenial|Soft-Boiled|p1a: TheCruelMillenial
|-heal|p1a: TheCruelMillenial|53/100
|
|-weather|Sandstorm|[upkeep]
|-damage|p1a: TheCruelMillenial|47/100|[from] Sandstorm
|-heal|p1a: TheCruelMillenial|53/100|[from] item: Leftovers
|upkeep
|turn|189
|
|t:|1728864910
|switch|p1a: TheBirdSong|Skarmory, F|59/100
|move|p2a: Skarmory|Drill Peck|p1a: TheBirdSong
|-resisted|p1a: TheBirdSong
|-damage|p1a: TheBirdSong|50/100
|
|-weather|Sandstorm|[upkeep]
|-heal|p1a: TheBirdSong|56/100|[from] item: Leftovers
|upkeep
|turn|190
|
|t:|1728864912
|move|p1a: TheBirdSong|Roar|p2a: Skarmory
|drag|p2a: Zapdos|Zapdos|100/100
|
|-weather|Sandstorm|[upkeep]
|-damage|p2a: Zapdos|94/100|[from] Sandstorm
|-heal|p2a: Zapdos|100/100|[from] item: Leftovers
|-heal|p1a: TheBirdSong|62/100|[from] item: Leftovers
|upkeep
|turn|191
|
|t:|1728864917
|switch|p1a: PlasticBoogie|Flygon, F|100/100
|move|p2a: Zapdos|Roar|p1a: PlasticBoogie
|drag|p1a: TheCruelMillenial|Blissey, F|53/100
|-damage|p1a: TheCruelMillenial|28/100|[from] Spikes
|
|-weather|Sandstorm|[upkeep]
|-damage|p2a: Zapdos|94/100|[from] Sandstorm
|-damage|p1a: TheCruelMillenial|22/100|[from] Sandstorm
|-heal|p2a: Zapdos|100/100|[from] item: Leftovers
|-heal|p1a: TheCruelMillenial|28/100|[from] item: Leftovers
|upkeep
|turn|192
|
|t:|1728864921
|move|p2a: Zapdos|Thunderbolt|p1a: TheCruelMillenial
|-damage|p1a: TheCruelMillenial|11/100
|move|p1a: TheCruelMillenial|Soft-Boiled|p1a: TheCruelMillenial
|-heal|p1a: TheCruelMillenial|61/100
|
|-weather|Sandstorm|[upkeep]
|-damage|p2a: Zapdos|94/100|[from] Sandstorm
|-damage|p1a: TheCruelMillenial|55/100|[from] Sandstorm
|-heal|p2a: Zapdos|100/100|[from] item: Leftovers
|-heal|p1a: TheCruelMillenial|61/100|[from] item: Leftovers
|upkeep
|turn|193
|
|t:|1728864925
|switch|p1a: PlasticBoogie|Flygon, F|100/100
|move|p2a: Zapdos|Roar|p1a: PlasticBoogie
|drag|p1a: TheBirdSong|Skarmory, F|62/100
|
|-weather|Sandstorm|[upkeep]
|-damage|p2a: Zapdos|94/100|[from] Sandstorm
|-heal|p2a: Zapdos|100/100|[from] item: Leftovers
|-heal|p1a: TheBirdSong|68/100|[from] item: Leftovers
|upkeep
|turn|194
|
|t:|1728864932
|switch|p2a: Skarmory|Skarmory, M|100/100
|move|p1a: TheBirdSong|Protect||[still]
|-fail|p1a: TheBirdSong
|
|-weather|Sandstorm|[upkeep]
|-heal|p1a: TheBirdSong|74/100|[from] item: Leftovers
|upkeep
|turn|195
|
|t:|1728864935
|move|p1a: TheBirdSong|Roar|p2a: Skarmory
|drag|p2a: Moltres|Moltres|100/100 slp
|
|-weather|Sandstorm|[upkeep]
|-damage|p2a: Moltres|94/100 slp|[from] Sandstorm
|-heal|p2a: Moltres|100/100 slp|[from] item: Leftovers
|-heal|p1a: TheBirdSong|80/100|[from] item: Leftovers
|upkeep
|turn|196
|
|t:|1728864941
|cant|p2a: Moltres|slp
|move|p1a: TheBirdSong|Roar|p2a: Moltres
|drag|p2a: Zapdos|Zapdos|100/100
|
|-weather|Sandstorm|[upkeep]
|-damage|p2a: Zapdos|94/100|[from] Sandstorm
|-heal|p2a: Zapdos|100/100|[from] item: Leftovers
|-heal|p1a: TheBirdSong|86/100|[from] item: Leftovers
|upkeep
|turn|197
|
|t:|1728864945
|switch|p2a: Skarmory|Skarmory, M|100/100
|move|p1a: TheBirdSong|Roar|p2a: Skarmory
|drag|p2a: Weezing|Weezing, F|100/100
|
|-weather|Sandstorm|[upkeep]
|-damage|p2a: Weezing|95/100|[from] Sandstorm
|-heal|p1a: TheBirdSong|92/100|[from] item: Leftovers
|-heal|p2a: Weezing|100/100|[from] item: Leftovers
|upkeep
|turn|198
|
|t:|1728864951
|switch|p1a: Acarine|Moltres|100/100
|switch|p2a: Zapdos|Zapdos|100/100
|
|-weather|Sandstorm|[upkeep]
|-damage|p1a: Acarine|94/100|[from] Sandstorm
|-damage|p2a: Zapdos|94/100|[from] Sandstorm
|-heal|p1a: Acarine|100/100|[from] item: Leftovers
|-heal|p2a: Zapdos|100/100|[from] item: Leftovers
|upkeep
|turn|199
|
|t:|1728864956
|switch|p1a: PlasticBoogie|Flygon, F|100/100
|switch|p2a: Moltres|Moltres|100/100 slp
|
|-weather|Sandstorm|[upkeep]
|-damage|p2a: Moltres|94/100 slp|[from] Sandstorm
|-heal|p2a: Moltres|100/100 slp|[from] item: Leftovers
|upkeep
|turn|200
|
|t:|1728864962
|switch|p2a: Skarmory|Skarmory, M|100/100
|switch|p1a: Acarine|Moltres|100/100
|
|-weather|Sandstorm|[upkeep]
|-damage|p1a: Acarine|94/100|[from] Sandstorm
|-heal|p1a: Acarine|100/100|[from] item: Leftovers
|upkeep
|turn|201
|
|t:|1728864968
|switch|p2a: Moltres|Moltres|100/100 slp
|move|p1a: Acarine|Roar|p2a: Moltres
|drag|p2a: Skarmory|Skarmory, M|100/100
|
|-weather|Sandstorm|[upkeep]
|-damage|p1a: Acarine|94/100|[from] Sandstorm
|-heal|p1a: Acarine|100/100|[from] item: Leftovers
|upkeep
|turn|202
|
|t:|1728864972
|switch|p2a: Moltres|Moltres|100/100 slp
|move|p1a: Acarine|Will-O-Wisp||[still]
|-fail|p1a: Acarine
|
|-weather|Sandstorm|[upkeep]
|-damage|p1a: Acarine|94/100|[from] Sandstorm
|-damage|p2a: Moltres|94/100 slp|[from] Sandstorm
|-heal|p1a: Acarine|100/100|[from] item: Leftovers
|-heal|p2a: Moltres|100/100 slp|[from] item: Leftovers
|upkeep
|turn|203
|
|t:|1728864978
|switch|p1a: Fishing4Fishies|Mantine, F|100/100 slp
|-curestatus|p2a: Moltres|slp|[msg]
|move|p2a: Moltres|Will-O-Wisp||[still]
|-fail|p2a: Moltres
|
|-weather|Sandstorm|[upkeep]
|-damage|p2a: Moltres|94/100|[from] Sandstorm
|-damage|p1a: Fishing4Fishies|95/100 slp|[from] Sandstorm
|-heal|p2a: Moltres|100/100|[from] item: Leftovers
|-heal|p1a: Fishing4Fishies|100/100 slp|[from] item: Leftovers
|upkeep
|turn|204
|
|t:|1728864985
|switch|p2a: Skarmory|Skarmory, M|100/100
|cant|p1a: Fishing4Fishies|slp
|
|-weather|Sandstorm|[upkeep]
|-damage|p1a: Fishing4Fishies|95/100 slp|[from] Sandstorm
|-heal|p1a: Fishing4Fishies|100/100 slp|[from] item: Leftovers
|upkeep
|turn|205
|
|t:|1728864991
|cant|p1a: Fishing4Fishies|slp
|move|p2a: Skarmory|Roar|p1a: Fishing4Fishies
|drag|p1a: TheCruelMillenial|Blissey, F|61/100
|-damage|p1a: TheCruelMillenial|36/100|[from] Spikes
|
|-weather|Sandstorm|[upkeep]
|-damage|p1a: TheCruelMillenial|30/100|[from] Sandstorm
|-heal|p1a: TheCruelMillenial|36/100|[from] item: Leftovers
|upkeep
|turn|206
|
|t:|1728864997
|move|p2a: Skarmory|Drill Peck|p1a: TheCruelMillenial
|-damage|p1a: TheCruelMillenial|16/100
|move|p1a: TheCruelMillenial|Soft-Boiled|p1a: TheCruelMillenial
|-heal|p1a: TheCruelMillenial|66/100
|
|-weather|Sandstorm|[upkeep]
|-damage|p1a: TheCruelMillenial|60/100|[from] Sandstorm
|-heal|p1a: TheCruelMillenial|66/100|[from] item: Leftovers
|upkeep
|turn|207
|
|t:|1728865000
|switch|p1a: TheBirdSong|Skarmory, F|92/100
|move|p2a: Skarmory|Roar|p1a: TheBirdSong
|drag|p1a: TheCruelMillenial|Blissey, F|66/100
|-damage|p1a: TheCruelMillenial|41/100|[from] Spikes
|
|-weather|Sandstorm|[upkeep]
|-damage|p1a: TheCruelMillenial|35/100|[from] Sandstorm
|-heal|p1a: TheCruelMillenial|41/100|[from] item: Leftovers
|upkeep
|turn|208
|
|t:|1728865005
|move|p2a: Skarmory|Drill Peck|p1a: TheCruelMillenial
|-damage|p1a: TheCruelMillenial|21/100
|move|p1a: TheCruelMillenial|Soft-Boiled|p1a: TheCruelMillenial
|-heal|p1a: TheCruelMillenial|71/100
|
|-weather|Sandstorm|[upkeep]
|-damage|p1a: TheCruelMillenial|65/100|[from] Sandstorm
|-heal|p1a: TheCruelMillenial|71/100|[from] item: Leftovers
|upkeep
|turn|209
|
|t:|1728865008
|switch|p1a: TheBirdSong|Skarmory, F|92/100
|move|p2a: Skarmory|Roar|p1a: TheBirdSong
|drag|p1a: PlasticBoogie|Flygon, F|100/100
|
|-weather|Sandstorm|[upkeep]
|upkeep
|turn|210
|
|t:|1728865014
|move|p1a: PlasticBoogie|Protect|p1a: PlasticBoogie
|-singleturn|p1a: PlasticBoogie|Protect
|move|p2a: Skarmory|Roar|p1a: PlasticBoogie
|-activate|p1a: PlasticBoogie|Protect
|
|-weather|Sandstorm|[upkeep]
|upkeep
|turn|211
|
|t:|1728865019
|move|p1a: PlasticBoogie|Earthquake|p2a: Skarmory
|-immune|p2a: Skarmory
|move|p2a: Skarmory|Roar|p1a: PlasticBoogie
|drag|p1a: Fishing4Fishies|Mantine, F|100/100 slp
|
|-weather|Sandstorm|[upkeep]
|-damage|p1a: Fishing4Fishies|95/100 slp|[from] Sandstorm
|-heal|p1a: Fishing4Fishies|100/100 slp|[from] item: Leftovers
|upkeep
|turn|212
|
|t:|1728865022
|-curestatus|p1a: Fishing4Fishies|slp|[msg]
|move|p1a: Fishing4Fishies|Haze|p1a: Fishing4Fishies
|-clearallboost
|move|p2a: Skarmory|Roar|p1a: Fishing4Fishies
|drag|p1a: TheBirdSong|Skarmory, F|92/100
|
|-weather|Sandstorm|[upkeep]
|-heal|p1a: TheBirdSong|98/100|[from] item: Leftovers
|upkeep
|turn|213
|
|t:|1728865039
|move|p1a: TheBirdSong|Roar|p2a: Skarmory
|drag|p2a: Flygon|Flygon, M|100/100
|
|-weather|Sandstorm|[upkeep]
|-heal|p1a: TheBirdSong|100/100|[from] item: Leftovers
|upkeep
|turn|214
|
|t:|1728865047
|switch|p2a: Skarmory|Skarmory, M|100/100
|switch|p1a: PlasticBoogie|Flygon, F|100/100
|
|-weather|Sandstorm|[upkeep]
|upkeep
|turn|215
|
|t:|1728865052
|switch|p1a: Acarine|Moltres|100/100
|move|p2a: Skarmory|Drill Peck|p1a: Acarine
|-damage|p1a: Acarine|72/100
|
|-weather|Sandstorm|[upkeep]
|-damage|p1a: Acarine|66/100|[from] Sandstorm
|-heal|p1a: Acarine|72/100|[from] item: Leftovers
|upkeep
|turn|216
|
|t:|1728865057
|switch|p2a: Moltres|Moltres|100/100
|move|p1a: Acarine|Roar|p2a: Moltres
|drag|p2a: Flygon|Flygon, M|100/100
|
|-weather|Sandstorm|[upkeep]
|-damage|p1a: Acarine|66/100|[from] Sandstorm
|-heal|p1a: Acarine|72/100|[from] item: Leftovers
|upkeep
|turn|217
|
|t:|1728865062
|switch|p1a: TheBirdSong|Skarmory, F|100/100
|switch|p2a: Moltres|Moltres|100/100
|
|-weather|Sandstorm|[upkeep]
|-damage|p2a: Moltres|94/100|[from] Sandstorm
|-heal|p2a: Moltres|100/100|[from] item: Leftovers
|upkeep
|turn|218
|
|t:|1728865066
|switch|p2a: Skarmory|Skarmory, M|100/100
|switch|p1a: Acarine|Moltres|72/100
|
|-weather|Sandstorm|[upkeep]
|-damage|p1a: Acarine|66/100|[from] Sandstorm
|-heal|p1a: Acarine|72/100|[from] item: Leftovers
|upkeep
|turn|219
|
|t:|1728865069
|switch|p2a: Moltres|Moltres|100/100
|move|p1a: Acarine|Will-O-Wisp|p2a: Moltres
|-immune|p2a: Moltres
|
|-weather|Sandstorm|[upkeep]
|-damage|p1a: Acarine|66/100|[from] Sandstorm
|-damage|p2a: Moltres|94/100|[from] Sandstorm
|-heal|p1a: Acarine|72/100|[from] item: Leftovers
|-heal|p2a: Moltres|100/100|[from] item: Leftovers
|upkeep
|turn|220
|
|t:|1728865080
|switch|p1a: Fishing4Fishies|Mantine, F|100/100
|move|p2a: Moltres|Flamethrower|p1a: Fishing4Fishies
|-resisted|p1a: Fishing4Fishies
|-damage|p1a: Fishing4Fishies|85/100
|
|-weather|Sandstorm|[upkeep]
|-damage|p2a: Moltres|94/100|[from] Sandstorm
|-damage|p1a: Fishing4Fishies|79/100|[from] Sandstorm
|-heal|p2a: Moltres|100/100|[from] item: Leftovers
|-heal|p1a: Fishing4Fishies|85/100|[from] item: Leftovers
|upkeep
|turn|221
|
|t:|1728865086
|switch|p2a: Zapdos|Zapdos|100/100
|move|p1a: Fishing4Fishies|Haze|p1a: Fishing4Fishies
|-clearallboost
|
|-weather|Sandstorm|[upkeep]
|-damage|p2a: Zapdos|94/100|[from] Sandstorm
|-damage|p1a: Fishing4Fishies|79/100|[from] Sandstorm
|-heal|p2a: Zapdos|100/100|[from] item: Leftovers
|-heal|p1a: Fishing4Fishies|85/100|[from] item: Leftovers
|upkeep
|turn|222
|
|t:|1728865092
|switch|p2a: Skarmory|Skarmory, M|100/100
|switch|p1a: TheBirdSong|Skarmory, F|100/100
|
|-weather|Sandstorm|[upkeep]
|upkeep
|turn|223
|
|t:|1728865094
|move|p1a: TheBirdSong|Roar|p2a: Skarmory
|drag|p2a: Zapdos|Zapdos|100/100
|
|-weather|Sandstorm|[upkeep]
|-damage|p2a: Zapdos|94/100|[from] Sandstorm
|-heal|p2a: Zapdos|100/100|[from] item: Leftovers
|upkeep
|turn|224
|
|t:|1728865097
|switch|p2a: Skarmory|Skarmory, M|100/100
|switch|p1a: PlasticBoogie|Flygon, F|100/100
|
|-weather|Sandstorm|[upkeep]
|upkeep
|turn|225
|
|t:|1728865102
|switch|p1a: Acarine|Moltres|72/100
|move|p2a: Skarmory|Drill Peck|p1a: Acarine
|-damage|p1a: Acarine|43/100
|
|-weather|Sandstorm|[upkeep]
|-damage|p1a: Acarine|37/100|[from] Sandstorm
|-heal|p1a: Acarine|43/100|[from] item: Leftovers
|upkeep
|turn|226
|
|t:|1728865110
|switch|p2a: Moltres|Moltres|100/100
|move|p1a: Acarine|Rest|p1a: Acarine
|-status|p1a: Acarine|slp|[from] move: Rest
|-heal|p1a: Acarine|100/100 slp|[silent]
|
|-weather|Sandstorm|[upkeep]
|-damage|p1a: Acarine|94/100 slp|[from] Sandstorm
|-damage|p2a: Moltres|94/100|[from] Sandstorm
|-heal|p1a: Acarine|100/100 slp|[from] item: Leftovers
|-heal|p2a: Moltres|100/100|[from] item: Leftovers
|upkeep
|turn|227
|
|t:|1728865113
|switch|p2a: Zapdos|Zapdos|100/100
|cant|p1a: Acarine|slp
|
|-weather|Sandstorm|[upkeep]
|-damage|p1a: Acarine|94/100 slp|[from] Sandstorm
|-damage|p2a: Zapdos|94/100|[from] Sandstorm
|-heal|p1a: Acarine|100/100 slp|[from] item: Leftovers
|-heal|p2a: Zapdos|100/100|[from] item: Leftovers
|upkeep
|turn|228
|
|t:|1728865119
|switch|p1a: PlasticBoogie|Flygon, F|100/100
|switch|p2a: Skarmory|Skarmory, M|100/100
|
|-weather|Sandstorm|[upkeep]
|upkeep
|turn|229
|
|t:|1728865139
|switch|p1a: Acarine|Moltres|100/100 slp
|move|p2a: Skarmory|Roar|p1a: Acarine
|drag|p1a: TheCruelMillenial|Blissey, F|71/100
|-damage|p1a: TheCruelMillenial|46/100|[from] Spikes
|
|-weather|Sandstorm|[upkeep]
|-damage|p1a: TheCruelMillenial|40/100|[from] Sandstorm
|-heal|p1a: TheCruelMillenial|46/100|[from] item: Leftovers
|upkeep
|turn|230
|
|t:|1728865145
|move|p1a: TheCruelMillenial|Soft-Boiled|p1a: TheCruelMillenial
|-heal|p1a: TheCruelMillenial|96/100
|move|p2a: Skarmory|Roar|p1a: TheCruelMillenial
|drag|p1a: Acarine|Moltres|100/100 slp
|
|-weather|Sandstorm|[upkeep]
|-damage|p1a: Acarine|94/100 slp|[from] Sandstorm
|-heal|p1a: Acarine|100/100 slp|[from] item: Leftovers
|upkeep
|turn|231
|
|t:|1728865155
|switch|p1a: TheBirdSong|Skarmory, F|100/100
|switch|p2a: Zapdos|Zapdos|100/100
|
|-weather|Sandstorm|[upkeep]
|-damage|p2a: Zapdos|94/100|[from] Sandstorm
|-heal|p2a: Zapdos|100/100|[from] item: Leftovers
|upkeep
|turn|232
|
|t:|1728865161
|switch|p2a: Skarmory|Skarmory, M|100/100
|move|p1a: TheBirdSong|Spikes||[still]
|-fail|p1a: TheBirdSong
|
|-weather|Sandstorm|[upkeep]
|upkeep
|turn|233
|
|t:|1728865173
|move|p1a: TheBirdSong|Roar|p2a: Skarmory
|drag|p2a: Weezing|Weezing, F|100/100
|
|-weather|Sandstorm|[upkeep]
|-damage|p2a: Weezing|95/100|[from] Sandstorm
|-heal|p2a: Weezing|100/100|[from] item: Leftovers
|upkeep
|turn|234
|
|t:|1728865180
|switch|p1a: Acarine|Moltres|100/100 slp
|switch|p2a: Moltres|Moltres|100/100
|
|-weather|Sandstorm|[upkeep]
|-damage|p1a: Acarine|94/100 slp|[from] Sandstorm
|-damage|p2a: Moltres|94/100|[from] Sandstorm
|-heal|p1a: Acarine|100/100 slp|[from] item: Leftovers
|-heal|p2a: Moltres|100/100|[from] item: Leftovers
|upkeep
|turn|235
|
|t:|1728865184
|switch|p2a: Zapdos|Zapdos|100/100
|cant|p1a: Acarine|slp
|
|-weather|Sandstorm|[upkeep]
|-damage|p1a: Acarine|94/100 slp|[from] Sandstorm
|-damage|p2a: Zapdos|94/100|[from] Sandstorm
|-heal|p1a: Acarine|100/100 slp|[from] item: Leftovers
|-heal|p2a: Zapdos|100/100|[from] item: Leftovers
|upkeep
|turn|236
|
|t:|1728865192
|switch|p2a: Moltres|Moltres|100/100
|-curestatus|p1a: Acarine|slp|[msg]
|move|p1a: Acarine|Roar|p2a: Moltres
|drag|p2a: Zapdos|Zapdos|100/100
|
|-weather|Sandstorm|[upkeep]
|-damage|p1a: Acarine|94/100|[from] Sandstorm
|-damage|p2a: Zapdos|94/100|[from] Sandstorm
|-heal|p1a: Acarine|100/100|[from] item: Leftovers
|-heal|p2a: Zapdos|100/100|[from] item: Leftovers
|upkeep
|turn|237
|
|t:|1728865198
|switch|p1a: PlasticBoogie|Flygon, F|100/100
|switch|p2a: Moltres|Moltres|100/100
|
|-weather|Sandstorm|[upkeep]
|-damage|p2a: Moltres|94/100|[from] Sandstorm
|-heal|p2a: Moltres|100/100|[from] item: Leftovers
|upkeep
|turn|238
|
|t:|1728865202
|switch|p2a: Skarmory|Skarmory, M|100/100
|switch|p1a: Acarine|Moltres|100/100
|
|-weather|Sandstorm|[upkeep]
|-damage|p1a: Acarine|94/100|[from] Sandstorm
|-heal|p1a: Acarine|100/100|[from] item: Leftovers
|upkeep
|turn|239
|
|t:|1728865205
|switch|p2a: Moltres|Moltres|100/100
|move|p1a: Acarine|Roar|p2a: Moltres
|drag|p2a: Flygon|Flygon, M|100/100
|
|-weather|Sandstorm|[upkeep]
|-damage|p1a: Acarine|94/100|[from] Sandstorm
|-heal|p1a: Acarine|100/100|[from] item: Leftovers
|upkeep
|turn|240
|
|t:|1728865210
|switch|p2a: Moltres|Moltres|100/100
|move|p1a: Acarine|Will-O-Wisp|p2a: Moltres
|-immune|p2a: Moltres
|
|-weather|Sandstorm|[upkeep]
|-damage|p1a: Acarine|94/100|[from] Sandstorm
|-damage|p2a: Moltres|94/100|[from] Sandstorm
|-heal|p1a: Acarine|100/100|[from] item: Leftovers
|-heal|p2a: Moltres|100/100|[from] item: Leftovers
|upkeep
|turn|241
|
|t:|1728865216
|move|p2a: Moltres|Will-O-Wisp|p1a: Acarine
|-immune|p1a: Acarine
|move|p1a: Acarine|Roar|p2a: Moltres
|drag|p2a: Flygon|Flygon, M|100/100
|
|-weather|Sandstorm|[upkeep]
|-damage|p1a: Acarine|94/100|[from] Sandstorm
|-heal|p1a: Acarine|100/100|[from] item: Leftovers
|upkeep
|turn|242
|
|t:|1728865220
|switch|p1a: TheBirdSong|Skarmory, F|100/100
|switch|p2a: Moltres|Moltres|100/100
|
|-weather|Sandstorm|[upkeep]
|-damage|p2a: Moltres|94/100|[from] Sandstorm
|-heal|p2a: Moltres|100/100|[from] item: Leftovers
|upkeep
|turn|243
|
|t:|1728865222
|switch|p2a: Skarmory|Skarmory, M|100/100
|switch|p1a: Acarine|Moltres|100/100
|
|-weather|Sandstorm|[upkeep]
|-damage|p1a: Acarine|94/100|[from] Sandstorm
|-heal|p1a: Acarine|100/100|[from] item: Leftovers
|upkeep
|turn|244
|
|t:|1728865225
|switch|p2a: Moltres|Moltres|100/100
|move|p1a: Acarine|Roar|p2a: Moltres
|drag|p2a: Skarmory|Skarmory, M|100/100
|
|-weather|Sandstorm|[upkeep]
|-damage|p1a: Acarine|94/100|[from] Sandstorm
|-heal|p1a: Acarine|100/100|[from] item: Leftovers
|upkeep
|turn|245
|
|t:|1728865228
|switch|p2a: Moltres|Moltres|100/100
|move|p1a: Acarine|Roar|p2a: Moltres
|drag|p2a: Skarmory|Skarmory, M|100/100
|
|-weather|Sandstorm|[upkeep]
|-damage|p1a: Acarine|94/100|[from] Sandstorm
|-heal|p1a: Acarine|100/100|[from] item: Leftovers
|upkeep
|turn|246
|
|t:|1728865230
|switch|p2a: Moltres|Moltres|100/100
|move|p1a: Acarine|Roar|p2a: Moltres
|drag|p2a: Blissey|Blissey, F|83/100
|-damage|p2a: Blissey|58/100|[from] Spikes
|
|-weather|Sandstorm|[upkeep]
|-damage|p1a: Acarine|94/100|[from] Sandstorm
|-damage|p2a: Blissey|51/100|[from] Sandstorm
|-heal|p1a: Acarine|100/100|[from] item: Leftovers
|-heal|p2a: Blissey|58/100|[from] item: Leftovers
|upkeep
|turn|247
|
|t:|1728865235
|move|p1a: Acarine|Flamethrower|p2a: Blissey
|-damage|p2a: Blissey|36/100
|move|p2a: Blissey|Soft-Boiled|p2a: Blissey
|-heal|p2a: Blissey|86/100
|
|-weather|Sandstorm|[upkeep]
|-damage|p1a: Acarine|94/100|[from] Sandstorm
|-damage|p2a: Blissey|80/100|[from] Sandstorm
|-heal|p1a: Acarine|100/100|[from] item: Leftovers
|-heal|p2a: Blissey|86/100|[from] item: Leftovers
|upkeep
|turn|248
|
|t:|1728865239
|switch|p2a: Moltres|Moltres|100/100
|move|p1a: Acarine|Flamethrower|p2a: Moltres
|-resisted|p2a: Moltres
|-damage|p2a: Moltres|68/100
|
|-weather|Sandstorm|[upkeep]
|-damage|p1a: Acarine|94/100|[from] Sandstorm
|-damage|p2a: Moltres|62/100|[from] Sandstorm
|-heal|p1a: Acarine|100/100|[from] item: Leftovers
|-heal|p2a: Moltres|68/100|[from] item: Leftovers
|upkeep
|turn|249
|
|t:|1728865246
|switch|p1a: Fishing4Fishies|Mantine, F|85/100
|move|p2a: Moltres|Rest|p2a: Moltres
|-status|p2a: Moltres|slp|[from] move: Rest
|-heal|p2a: Moltres|100/100 slp|[silent]
|
|-weather|Sandstorm|[upkeep]
|-damage|p2a: Moltres|94/100 slp|[from] Sandstorm
|-damage|p1a: Fishing4Fishies|79/100|[from] Sandstorm
|-heal|p2a: Moltres|100/100 slp|[from] item: Leftovers
|-heal|p1a: Fishing4Fishies|85/100|[from] item: Leftovers
|upkeep
|turn|250
|
|t:|1728865251
|switch|p2a: Zapdos|Zapdos|100/100
|switch|p1a: Acarine|Moltres|100/100
|
|-weather|Sandstorm|[upkeep]
|-damage|p1a: Acarine|94/100|[from] Sandstorm
|-damage|p2a: Zapdos|94/100|[from] Sandstorm
|-heal|p1a: Acarine|100/100|[from] item: Leftovers
|-heal|p2a: Zapdos|100/100|[from] item: Leftovers
|upkeep
|turn|251
|
|t:|1728865261
|move|p2a: Zapdos|Thunderbolt|p1a: Acarine
|-supereffective|p1a: Acarine
|-crit|p1a: Acarine
|-damage|p1a: Acarine|0 fnt
|faint|p1a: Acarine
|-message|Rainer2424 forfeited.
|
|win|Ooziegib
|c|☆Ooziegib|gg
|c|☆Rainer2424|Gg
|c|☆Rainer2424|i was probably losing that anyway
|c|☆Ooziegib|ye

</script>
<script type="application/json" class="data" id="replaydata-smogtours-gen3ou-798528">
{"id":"smogtours-gen3ou-798528","format":"[Gen 3] OU","players":["Rainer2424","Ooziegib"],"uploadtime":1728865266,"views":126,"formatid":"gen3ou","rating":null,"private":0,"password":null}
</script>

<script defer src="js/replays.js?9d40a366"></script>
