<!DOCTYPE html>
<meta charset="utf-8" />
<meta name="viewport" content="width=device-width" />

<title>[Gen 3] OU: FlappleFan20 vs. RodentCollector - Replays - Pok&eacute;mon Showdown!</title>

<meta name="description" content="Watch a replay of a Pok&eacute;mon battle between FlappleFan20 and RodentCollector! Format: [Gen 3] OU; Date: Oct 13, 2024" />
<!--

Hey, you! Looking in the source for the replay log?

You can find them in JSON format, just add `.json` at the end of a replay URL.

https://replay.pokemonshowdown.com/gen7randomdoublesbattle-865046831.json

Or, if you only need the log itself, add `.log` instead:

https://replay.pokemonshowdown.com/gen7randomdoublesbattle-865046831.log

-->

<link rel="stylesheet" href="//pokemonshowdown.com/style/global.css?0.023195364461161105" />
<link rel="stylesheet" href="//play.pokemonshowdown.com/style/font-awesome.css?0.13261647063804238" />
<link rel="stylesheet" href="//play.pokemonshowdown.com/style/battle.css?0.8753245789963631" />
<link rel="stylesheet" href="//play.pokemonshowdown.com/style/utilichart.css?0.8627959624976733" />

<!-- Global site tag (gtag.js) - Google Analytics -->
<script async src="https://www.googletagmanager.com/gtag/js?id=UA-26211653-1"></script>
<script>
  window.dataLayer = window.dataLayer || [];
  function gtag(){dataLayer.push(arguments);}
  gtag('js', new Date());

  gtag('config', 'UA-26211653-1');
</script>
<!-- End Google Analytics -->
<!-- Venatus Ad Manager - Install in <HEAD> of page -->
	<script src="https://hb.vntsm.com/v3/live/ad-manager.min.js" type="text/javascript" data-site-id="642aba63ec9a7b11c3c9c1be" data-mode="scan" async></script>
<!-- / Venatus Ad Manager -->

<style>
	@media (max-width:820px) {
		.battle {
			margin: 0 auto;
		}
		.battle-log {
			margin: 7px auto 0;
			max-width: 640px;
			height: 300px;
			position: static;
		}
	}
	.optgroup {
		display: inline-block;
		line-height: 22px;
		font-size: 10pt;
	}
	.optgroup .button {
		height: 25px;
		padding-top: 0;
		padding-bottom: 0;
	}
	.optgroup button.button {
		padding-left: 12px;
		padding-right: 12px;
	}
	.linklist {
		list-style: none;
		margin: 0.5em 0;
		padding: 0;
	}
	.linklist li {
		padding: 2px 0;
	}
	.sidebar {
		float: left;
		width: 320px;
	}
	.bar-wrapper {
		max-width: 1100px;
		margin: 0 auto;
	}
	.bar-wrapper.has-sidebar {
		max-width: 1430px;
	}
	.mainbar {
		margin: 0;
		padding-right: 1px;
	}
	.mainbar.has-sidebar {
		margin-left: 330px;
	}
	@media (min-width: 1511px) {
		.sidebar {
			width: 400px;
		}
		.bar-wrapper.has-sidebar {
			max-width: 1510px;
		}
		.mainbar.has-sidebar {
			margin-left: 410px;
		}
	}
	.section.first-section {
		margin-top: 9px;
	}
	.blocklink small {
		white-space: normal;
	}
	.button {
		vertical-align: middle;
	}
	.replay-controls {
		padding-top: 10px;
	}
	.replay-controls h1 {
		font-size: 16pt;
		font-weight: normal;
		color: #CCC;
	}
	.pagelink {
		text-align: center;
	}
	.pagelink a {
		width: 150px;
	}
	.textbox, .button {
		font-size: 11pt;
		vertical-align: middle;
	}
	@media (max-width: 450px) {
		.button {
			font-size: 9pt;
		}
	}
</style>

<div>

	<header>
		<div class="nav-wrapper"><ul class="nav">
			<li><a class="button nav-first" href="//pokemonshowdown.com/"><img src="//pokemonshowdown.com/images/pokemonshowdownbeta.png" srcset="//pokemonshowdown.com/images/pokemonshowdownbeta.png 1x, //pokemonshowdown.com/images/pokemonshowdownbeta@2x.png 2x" alt="Pok&eacute;mon Showdown" width="146" height="44" /> Home</a></li>
			<li><a class="button" href="//pokemonshowdown.com/dex/">Pok&eacute;dex</a></li>
			<li><a class="button cur" href="/">Replays</a></li>
			<li><a class="button" href="//pokemonshowdown.com/ladder/">Ladder</a></li>
			<li><a class="button nav-last" href="//pokemonshowdown.com/forums/">Forum</a></li>
			<li><a class="button greenbutton nav-first nav-last" href="//play.pokemonshowdown.com/">Play</a></li>
		</ul></div>
	</header>

	<div class="main" id="main">

		<noscript><section class="section">You need to enable JavaScript to use this page; sorry!</section></noscript>

	</div>

</div>

<script defer nomodule src="//play.pokemonshowdown.com/js/lib/ps-polyfill.js"></script>
<script defer src="//play.pokemonshowdown.com/js/lib/preact.min.js"></script>

<script defer src="//play.pokemonshowdown.com/config/config.js?2bddbc15"></script>
<script defer src="//play.pokemonshowdown.com/js/lib/jquery-1.11.0.min.js"></script>
<script defer src="//play.pokemonshowdown.com/js/lib/html-sanitizer-minified.js"></script>
<script defer src="//play.pokemonshowdown.com/js/battle-sound.js"></script>
<script defer src="//play.pokemonshowdown.com/js/battledata.js?0.7209276989879541"></script>
<script defer src="//play.pokemonshowdown.com/data/pokedex-mini.js?0.6111056340867951"></script>
<script defer src="//play.pokemonshowdown.com/data/pokedex-mini-bw.js?0.3532142036491459"></script>
<script defer src="//play.pokemonshowdown.com/data/graphics.js?0.24223875632456182"></script>
<script defer src="//play.pokemonshowdown.com/data/pokedex.js?0.38839984266356864"></script>
<script defer src="//play.pokemonshowdown.com/data/moves.js?0.21866028504024015"></script>
<script defer src="//play.pokemonshowdown.com/data/abilities.js?0.2005157953846628"></script>
<script defer src="//play.pokemonshowdown.com/data/items.js?0.9894211263848525"></script>
<script defer src="//play.pokemonshowdown.com/data/teambuilder-tables.js?0.6008791140282215"></script>
<script defer src="//play.pokemonshowdown.com/js/battle-tooltips.js?0.7580118955022959"></script>
<script defer src="//play.pokemonshowdown.com/js/battle.js?0.6057722274234274"></script>

<script defer src="js/utils.js?e31f9a17"></script>
<script defer src="js/replays-battle.js?7008c182"></script>

<!-- don't scrape this data! just add .json or .log after the URL!
Full API docs: https://github.com/smogon/pokemon-showdown-client/blob/master/WEB-API.md -->
<script type="text/plain" class="log" id="replaylog-smogtours-gen3ou-798265">
|inactive|Battle timer is ON: inactive players will automatically lose when time's up.
|t:|1728845757
|gametype|singles
|player|p1|FlappleFan20|swimmer-gen1|
|player|p2|RodentCollector|bugcatcher-gen4dp|
|teamsize|p1|6
|teamsize|p2|6
|gen|3
|tier|[Gen 3] OU
|rule|Sleep Clause Mod: Limit one foe put to sleep
|rule|Switch Priority Clause Mod: Faster Pokémon switch first
|rule|Species Clause: Limit one of each Pokémon
|rule|OHKO Clause: OHKO moves are banned
|rule|Evasion Items Clause: Evasion items are banned
|rule|Evasion Moves Clause: Evasion moves are banned
|rule|Endless Battle Clause: Forcing endless battles is banned
|rule|HP Percentage Mod: HP is shown in percentages
|rule|One Boost Passer Clause: Limit one Baton Passer that has a way to boost its stats
|rule|Freeze Clause Mod: Limit one foe frozen
|
|t:|1728845757
|start
|switch|p1a: Tyranitar|Tyranitar, F|100/100
|switch|p2a: Zapdos|Zapdos|100/100
|-weather|Sandstorm|[from] ability: Sand Stream|[of] p1a: Tyranitar
|turn|1
|c|☆FlappleFan20|glhf
|c|☆RodentCollector|glhf
|inactive|RodentCollector has 270 seconds left.
|inactive|FlappleFan20 has 270 seconds left.
|
|t:|1728845801
|switch|p2a: Swampert|Swampert, F|100/100
|switch|p1a: Claydol|Claydol|100/100
|
|-weather|Sandstorm|[upkeep]
|upkeep
|turn|2
|
|t:|1728845820
|switch|p1a: Milotic|Milotic, M|100/100
|move|p2a: Swampert|Hydro Pump|p1a: Milotic
|-resisted|p1a: Milotic
|-crit|p1a: Milotic
|-damage|p1a: Milotic|68/100
|
|-weather|Sandstorm|[upkeep]
|-damage|p1a: Milotic|62/100|[from] Sandstorm
|-heal|p1a: Milotic|68/100|[from] item: Leftovers
|upkeep
|turn|3
|
|t:|1728845829
|switch|p2a: Skarmory|Skarmory, M|100/100
|move|p1a: Milotic|Surf|p2a: Skarmory
|-damage|p2a: Skarmory|70/100
|
|-weather|Sandstorm|[upkeep]
|-damage|p1a: Milotic|62/100|[from] Sandstorm
|-heal|p1a: Milotic|68/100|[from] item: Leftovers
|-heal|p2a: Skarmory|76/100|[from] item: Leftovers
|upkeep
|turn|4
|
|t:|1728845838
|switch|p1a: Tyranitar|Tyranitar, F|100/100
|move|p2a: Skarmory|Toxic|p1a: Tyranitar
|-status|p1a: Tyranitar|tox
|
|-weather|Sandstorm|[upkeep]
|-heal|p2a: Skarmory|82/100|[from] item: Leftovers
|-damage|p1a: Tyranitar|94/100 tox|[from] psn
|upkeep
|turn|5
|
|t:|1728845851
|switch|p2a: Salamence|Salamence, F|100/100
|-ability|p2a: Salamence|Intimidate|boost
|-unboost|p1a: Tyranitar|atk|1
|move|p1a: Tyranitar|Fire Blast|p2a: Salamence
|-resisted|p2a: Salamence
|-damage|p2a: Salamence|74/100
|
|-weather|Sandstorm|[upkeep]
|-damage|p2a: Salamence|68/100|[from] Sandstorm
|-heal|p2a: Salamence|74/100|[from] item: Leftovers
|-heal|p1a: Tyranitar|100/100 tox|[from] item: Leftovers
|-damage|p1a: Tyranitar|88/100 tox|[from] psn
|upkeep
|turn|6
|
|t:|1728845865
|switch|p1a: Milotic|Milotic, M|68/100
|move|p2a: Salamence|Brick Break|p1a: Milotic
|-damage|p1a: Milotic|51/100
|
|-weather|Sandstorm|[upkeep]
|-damage|p2a: Salamence|68/100|[from] Sandstorm
|-damage|p1a: Milotic|45/100|[from] Sandstorm
|-heal|p2a: Salamence|74/100|[from] item: Leftovers
|-heal|p1a: Milotic|51/100|[from] item: Leftovers
|upkeep
|turn|7
|
|t:|1728845871
|switch|p2a: Jirachi|Jirachi|100/100
|move|p1a: Milotic|Recover|p1a: Milotic
|-heal|p1a: Milotic|100/100
|
|-weather|Sandstorm|[upkeep]
|-damage|p1a: Milotic|94/100|[from] Sandstorm
|-heal|p1a: Milotic|100/100|[from] item: Leftovers
|upkeep
|turn|8
|
|t:|1728845879
|switch|p2a: Zapdos|Zapdos|100/100
|move|p1a: Milotic|Surf|p2a: Zapdos
|-damage|p2a: Zapdos|68/100
|
|-weather|Sandstorm|[upkeep]
|-damage|p2a: Zapdos|61/100|[from] Sandstorm
|-damage|p1a: Milotic|94/100|[from] Sandstorm
|-heal|p2a: Zapdos|68/100|[from] item: Leftovers
|-heal|p1a: Milotic|100/100|[from] item: Leftovers
|upkeep
|turn|9
|
|t:|1728845891
|switch|p1a: Claydol|Claydol|100/100
|move|p2a: Zapdos|Toxic|p1a: Claydol
|-status|p1a: Claydol|tox
|
|-weather|Sandstorm|[upkeep]
|-damage|p2a: Zapdos|61/100|[from] Sandstorm
|-heal|p2a: Zapdos|68/100|[from] item: Leftovers
|-damage|p1a: Claydol|94/100 tox|[from] psn
|upkeep
|turn|10
|
|t:|1728845905
|switch|p1a: Forretress|Forretress, F|100/100
|move|p2a: Zapdos|Hidden Power|p1a: Forretress
|-resisted|p1a: Forretress
|-damage|p1a: Forretress|90/100
|
|-weather|Sandstorm|[upkeep]
|-damage|p2a: Zapdos|61/100|[from] Sandstorm
|-heal|p2a: Zapdos|68/100|[from] item: Leftovers
|-heal|p1a: Forretress|97/100|[from] item: Leftovers
|upkeep
|turn|11
|
|t:|1728845917
|switch|p2a: Skarmory|Skarmory, M|82/100
|move|p1a: Forretress|Spikes|p2a: Skarmory
|-sidestart|p2: RodentCollector|Spikes
|
|-weather|Sandstorm|[upkeep]
|-heal|p2a: Skarmory|88/100|[from] item: Leftovers
|-heal|p1a: Forretress|100/100|[from] item: Leftovers
|upkeep
|turn|12
|
|t:|1728845921
|move|p2a: Skarmory|Taunt|p1a: Forretress
|-start|p1a: Forretress|move: Taunt
|cant|p1a: Forretress|move: Taunt|Spikes
|
|-weather|Sandstorm|[upkeep]
|-heal|p2a: Skarmory|94/100|[from] item: Leftovers
|upkeep
|turn|13
|
|t:|1728845927
|move|p1a: Forretress|Zap Cannon|p2a: Skarmory|[miss]
|-miss|p1a: Forretress|p2a: Skarmory
|move|p2a: Skarmory|Roar|p1a: Forretress
|drag|p1a: Aerodactyl|Aerodactyl, F|100/100
|
|-weather|Sandstorm|[upkeep]
|-heal|p2a: Skarmory|99/100|[from] item: Leftovers
|upkeep
|turn|14
|
|t:|1728845936
|switch|p1a: Forretress|Forretress, F|100/100
|move|p2a: Skarmory|Spikes|p1a: Forretress
|-sidestart|p1: FlappleFan20|Spikes
|
|-weather|Sandstorm|[upkeep]
|-heal|p2a: Skarmory|100/100|[from] item: Leftovers
|upkeep
|turn|15
|
|t:|1728845940
|move|p2a: Skarmory|Taunt|p1a: Forretress
|-start|p1a: Forretress|move: Taunt
|move|p1a: Forretress|Zap Cannon|p2a: Skarmory
|-supereffective|p2a: Skarmory
|-damage|p2a: Skarmory|71/100
|-status|p2a: Skarmory|par
|
|-weather|Sandstorm|[upkeep]
|-heal|p2a: Skarmory|77/100 par|[from] item: Leftovers
|upkeep
|turn|16
|
|t:|1728845947
|switch|p2a: Salamence|Salamence, F|74/100
|-ability|p2a: Salamence|Intimidate|boost
|-unboost|p1a: Forretress|atk|1
|move|p1a: Forretress|Hidden Power|p2a: Salamence
|-resisted|p2a: Salamence
|-damage|p2a: Salamence|64/100
|
|-weather|Sandstorm|[upkeep]
|-damage|p2a: Salamence|58/100|[from] Sandstorm
|-heal|p2a: Salamence|64/100|[from] item: Leftovers
|-end|p1a: Forretress|move: Taunt|[silent]
|upkeep
|turn|17
|
|t:|1728845962
|switch|p1a: Milotic|Milotic, M|100/100
|-damage|p1a: Milotic|88/100|[from] Spikes
|move|p2a: Salamence|Hidden Power|p1a: Milotic
|-supereffective|p1a: Milotic
|-damage|p1a: Milotic|58/100
|
|-weather|Sandstorm|[upkeep]
|-damage|p2a: Salamence|58/100|[from] Sandstorm
|-damage|p1a: Milotic|52/100|[from] Sandstorm
|-heal|p2a: Salamence|64/100|[from] item: Leftovers
|-heal|p1a: Milotic|58/100|[from] item: Leftovers
|upkeep
|turn|18
|
|t:|1728845973
|switch|p2a: Zapdos|Zapdos|68/100
|move|p1a: Milotic|Recover|p1a: Milotic
|-heal|p1a: Milotic|100/100
|
|-weather|Sandstorm|[upkeep]
|-damage|p2a: Zapdos|61/100|[from] Sandstorm
|-damage|p1a: Milotic|94/100|[from] Sandstorm
|-heal|p2a: Zapdos|68/100|[from] item: Leftovers
|-heal|p1a: Milotic|100/100|[from] item: Leftovers
|upkeep
|turn|19
|
|t:|1728845987
|switch|p1a: Claydol|Claydol|94/100 tox
|move|p2a: Zapdos|Thunder Wave|p1a: Claydol
|-immune|p1a: Claydol
|
|-weather|Sandstorm|[upkeep]
|-damage|p2a: Zapdos|61/100|[from] Sandstorm
|-heal|p2a: Zapdos|68/100|[from] item: Leftovers
|-heal|p1a: Claydol|100/100 tox|[from] item: Leftovers
|-damage|p1a: Claydol|94/100 tox|[from] psn
|upkeep
|turn|20
|
|t:|1728845993
|move|p2a: Zapdos|Hidden Power|p1a: Claydol
|-supereffective|p1a: Claydol
|-damage|p1a: Claydol|56/100 tox
|move|p1a: Claydol|Rapid Spin|p2a: Zapdos
|-damage|p2a: Zapdos|63/100
|-sideend|p1: FlappleFan20|Spikes|[from] move: Rapid Spin|[of] p1a: Claydol
|
|-weather|Sandstorm|[upkeep]
|-damage|p2a: Zapdos|57/100|[from] Sandstorm
|-heal|p2a: Zapdos|63/100|[from] item: Leftovers
|-heal|p1a: Claydol|63/100 tox|[from] item: Leftovers
|-damage|p1a: Claydol|50/100 tox|[from] psn
|upkeep
|turn|21
|
|t:|1728846002
|switch|p2a: Skarmory|Skarmory, M|77/100 par
|move|p1a: Claydol|Explosion|p2a: Skarmory
|-resisted|p2a: Skarmory
|-damage|p2a: Skarmory|44/100 par
|faint|p1a: Claydol
|
|t:|1728846015
|switch|p1a: Tyranitar|Tyranitar, F|88/100 tox
|
|-weather|Sandstorm|[upkeep]
|-heal|p1a: Tyranitar|94/100 tox|[from] item: Leftovers
|-damage|p1a: Tyranitar|88/100 tox|[from] psn
|-heal|p2a: Skarmory|50/100 par|[from] item: Leftovers
|upkeep
|turn|22
|
|t:|1728846020
|move|p1a: Tyranitar|Fire Blast|p2a: Skarmory
|-supereffective|p2a: Skarmory
|-damage|p2a: Skarmory|0 fnt
|faint|p2a: Skarmory
|
|t:|1728846028
|switch|p2a: Salamence|Salamence, F|64/100
|-ability|p2a: Salamence|Intimidate|boost
|-unboost|p1a: Tyranitar|atk|1
|
|-weather|Sandstorm|[upkeep]
|-damage|p2a: Salamence|58/100|[from] Sandstorm
|-heal|p2a: Salamence|64/100|[from] item: Leftovers
|-heal|p1a: Tyranitar|94/100 tox|[from] item: Leftovers
|-damage|p1a: Tyranitar|82/100 tox|[from] psn
|upkeep
|turn|23
|
|t:|1728846032
|switch|p1a: Milotic|Milotic, M|100/100
|move|p2a: Salamence|Brick Break|p1a: Milotic
|-damage|p1a: Milotic|83/100
|
|-weather|Sandstorm|[upkeep]
|-damage|p2a: Salamence|58/100|[from] Sandstorm
|-damage|p1a: Milotic|77/100|[from] Sandstorm
|-heal|p2a: Salamence|64/100|[from] item: Leftovers
|-heal|p1a: Milotic|83/100|[from] item: Leftovers
|upkeep
|turn|24
|
|t:|1728846046
|switch|p2a: Zapdos|Zapdos|63/100
|move|p1a: Milotic|Ice Beam|p2a: Zapdos
|-supereffective|p2a: Zapdos
|-damage|p2a: Zapdos|17/100
|
|-weather|Sandstorm|[upkeep]
|-damage|p2a: Zapdos|11/100|[from] Sandstorm
|-damage|p1a: Milotic|77/100|[from] Sandstorm
|-heal|p2a: Zapdos|17/100|[from] item: Leftovers
|-heal|p1a: Milotic|83/100|[from] item: Leftovers
|upkeep
|turn|25
|
|t:|1728846055
|switch|p1a: Forretress|Forretress, F|100/100
|move|p2a: Zapdos|Thunderbolt|p1a: Forretress
|-damage|p1a: Forretress|58/100
|
|-weather|Sandstorm|[upkeep]
|-damage|p2a: Zapdos|11/100|[from] Sandstorm
|-heal|p2a: Zapdos|17/100|[from] item: Leftovers
|-heal|p1a: Forretress|64/100|[from] item: Leftovers
|upkeep
|turn|26
|
|t:|1728846060
|move|p2a: Zapdos|Thunderbolt|p1a: Forretress
|-damage|p1a: Forretress|23/100
|move|p1a: Forretress|Spikes|p2a: Zapdos
|-sidestart|p2: RodentCollector|Spikes
|
|-weather|Sandstorm|[upkeep]
|-damage|p2a: Zapdos|11/100|[from] Sandstorm
|-heal|p2a: Zapdos|17/100|[from] item: Leftovers
|-heal|p1a: Forretress|29/100|[from] item: Leftovers
|upkeep
|turn|27
|
|t:|1728846071
|move|p2a: Zapdos|Thunderbolt|p1a: Forretress
|-damage|p1a: Forretress|0 fnt
|faint|p1a: Forretress
|
|t:|1728846080
|switch|p1a: Tyranitar|Tyranitar, F|82/100 tox
|
|-weather|Sandstorm|[upkeep]
|-damage|p2a: Zapdos|11/100|[from] Sandstorm
|-heal|p2a: Zapdos|17/100|[from] item: Leftovers
|-heal|p1a: Tyranitar|88/100 tox|[from] item: Leftovers
|-damage|p1a: Tyranitar|82/100 tox|[from] psn
|upkeep
|turn|28
|
|t:|1728846087
|-activate|p2a: Zapdos|move: Pursuit
|move|p1a: Tyranitar|Pursuit|p2a: Zapdos|[from]Pursuit
|-damage|p2a: Zapdos|0 fnt
|faint|p2a: Zapdos
|-hint|Previously chosen switches continue in Gen 2-4 after a Pursuit target faints.
|switch|p2a: Salamence|Salamence, F|64/100
|-ability|p2a: Salamence|Intimidate|boost
|-unboost|p1a: Tyranitar|atk|1
|
|-weather|Sandstorm|[upkeep]
|-damage|p2a: Salamence|58/100|[from] Sandstorm
|-heal|p2a: Salamence|64/100|[from] item: Leftovers
|-heal|p1a: Tyranitar|88/100 tox|[from] item: Leftovers
|-damage|p1a: Tyranitar|76/100 tox|[from] psn
|upkeep
|turn|29
|
|t:|1728846098
|switch|p1a: Milotic|Milotic, M|83/100
|move|p2a: Salamence|Hidden Power|p1a: Milotic
|-supereffective|p1a: Milotic
|-damage|p1a: Milotic|54/100
|
|-weather|Sandstorm|[upkeep]
|-damage|p2a: Salamence|58/100|[from] Sandstorm
|-damage|p1a: Milotic|48/100|[from] Sandstorm
|-heal|p2a: Salamence|64/100|[from] item: Leftovers
|-heal|p1a: Milotic|54/100|[from] item: Leftovers
|upkeep
|turn|30
|
|t:|1728846108
|move|p2a: Salamence|Hidden Power|p1a: Milotic
|-supereffective|p1a: Milotic
|-damage|p1a: Milotic|20/100
|move|p1a: Milotic|Recover|p1a: Milotic
|-heal|p1a: Milotic|70/100
|
|-weather|Sandstorm|[upkeep]
|-damage|p2a: Salamence|58/100|[from] Sandstorm
|-damage|p1a: Milotic|64/100|[from] Sandstorm
|-heal|p2a: Salamence|64/100|[from] item: Leftovers
|-heal|p1a: Milotic|70/100|[from] item: Leftovers
|upkeep
|turn|31
|inactive|RodentCollector has 270 seconds left.
|
|t:|1728846166
|move|p2a: Salamence|Hidden Power|p1a: Milotic
|-supereffective|p1a: Milotic
|-damage|p1a: Milotic|39/100
|move|p1a: Milotic|Ice Beam|p2a: Salamence
|-supereffective|p2a: Salamence
|-damage|p2a: Salamence|0 fnt
|faint|p2a: Salamence
|inactive|RodentCollector has 240 seconds left.
|
|t:|1728846177
|switch|p2a: Jirachi|Jirachi|100/100
|-damage|p2a: Jirachi|84/100|[from] Spikes
|
|-weather|Sandstorm|[upkeep]
|-damage|p1a: Milotic|33/100|[from] Sandstorm
|-heal|p2a: Jirachi|90/100|[from] item: Leftovers
|-heal|p1a: Milotic|39/100|[from] item: Leftovers
|upkeep
|turn|32
|
|t:|1728846184
|move|p2a: Jirachi|Substitute|p2a: Jirachi
|-start|p2a: Jirachi|Substitute
|-damage|p2a: Jirachi|65/100
|move|p1a: Milotic|Recover|p1a: Milotic
|-heal|p1a: Milotic|89/100
|
|-weather|Sandstorm|[upkeep]
|-damage|p1a: Milotic|82/100|[from] Sandstorm
|-heal|p2a: Jirachi|71/100|[from] item: Leftovers
|-heal|p1a: Milotic|89/100|[from] item: Leftovers
|upkeep
|turn|33
|
|t:|1728846188
|move|p2a: Jirachi|Calm Mind|p2a: Jirachi
|-boost|p2a: Jirachi|spa|1
|-boost|p2a: Jirachi|spd|1
|move|p1a: Milotic|Surf|p2a: Jirachi
|-activate|p2a: Jirachi|Substitute|[damage]
|
|-weather|Sandstorm|[upkeep]
|-damage|p1a: Milotic|82/100|[from] Sandstorm
|-heal|p2a: Jirachi|77/100|[from] item: Leftovers
|-heal|p1a: Milotic|89/100|[from] item: Leftovers
|upkeep
|turn|34
|
|t:|1728846199
|move|p2a: Jirachi|Calm Mind|p2a: Jirachi
|-boost|p2a: Jirachi|spa|1
|-boost|p2a: Jirachi|spd|1
|move|p1a: Milotic|Surf|p2a: Jirachi
|-end|p2a: Jirachi|Substitute
|
|-weather|Sandstorm|[upkeep]
|-damage|p1a: Milotic|82/100|[from] Sandstorm
|-heal|p2a: Jirachi|84/100|[from] item: Leftovers
|-heal|p1a: Milotic|89/100|[from] item: Leftovers
|upkeep
|turn|35
|
|t:|1728846206
|switch|p1a: Tyranitar|Tyranitar, F|76/100 tox
|move|p2a: Jirachi|Substitute|p2a: Jirachi
|-start|p2a: Jirachi|Substitute
|-damage|p2a: Jirachi|59/100
|
|-weather|Sandstorm|[upkeep]
|-heal|p2a: Jirachi|65/100|[from] item: Leftovers
|-heal|p1a: Tyranitar|82/100 tox|[from] item: Leftovers
|-damage|p1a: Tyranitar|76/100 tox|[from] psn
|upkeep
|turn|36
|
|t:|1728846210
|move|p2a: Jirachi|Hidden Power|p1a: Tyranitar
|-supereffective|p1a: Tyranitar
|-damage|p1a: Tyranitar|4/100 tox
|move|p1a: Tyranitar|Fire Blast|p2a: Jirachi
|-supereffective|p2a: Jirachi
|-end|p2a: Jirachi|Substitute
|
|-weather|Sandstorm|[upkeep]
|-heal|p2a: Jirachi|71/100|[from] item: Leftovers
|-heal|p1a: Tyranitar|10/100 tox|[from] item: Leftovers
|-damage|p1a: Tyranitar|0 fnt|[from] psn
|faint|p1a: Tyranitar
|upkeep
|
|t:|1728846219
|switch|p1a: Aerodactyl|Aerodactyl, F|100/100
|turn|37
|
|t:|1728846225
|switch|p2a: Swampert|Swampert, F|100/100
|-damage|p2a: Swampert|84/100|[from] Spikes
|move|p1a: Aerodactyl|Earthquake|p2a: Swampert
|-damage|p2a: Swampert|46/100
|
|-weather|Sandstorm|[upkeep]
|-heal|p2a: Swampert|52/100|[from] item: Leftovers
|upkeep
|turn|38
|
|t:|1728846241
|switch|p1a: Breloom|Breloom, F|100/100
|move|p2a: Swampert|Ice Beam|p1a: Breloom
|-supereffective|p1a: Breloom
|-damage|p1a: Breloom|0 fnt
|faint|p1a: Breloom
|
|t:|1728846246
|switch|p1a: Milotic|Milotic, M|89/100
|
|-weather|Sandstorm|[upkeep]
|-damage|p1a: Milotic|82/100|[from] Sandstorm
|-heal|p1a: Milotic|89/100|[from] item: Leftovers
|-heal|p2a: Swampert|59/100|[from] item: Leftovers
|upkeep
|turn|39
|inactive|RodentCollector has 270 seconds left.
|
|t:|1728846297
|move|p1a: Milotic|Surf|p2a: Swampert
|-damage|p2a: Swampert|27/100
|move|p2a: Swampert|Earthquake|p1a: Milotic
|-damage|p1a: Milotic|62/100
|
|-weather|Sandstorm|[upkeep]
|-damage|p1a: Milotic|55/100|[from] Sandstorm
|-heal|p1a: Milotic|62/100|[from] item: Leftovers
|-heal|p2a: Swampert|33/100|[from] item: Leftovers
|upkeep
|turn|40
|
|t:|1728846306
|switch|p1a: Aerodactyl|Aerodactyl, F|100/100
|move|p2a: Swampert|Earthquake|p1a: Aerodactyl
|-immune|p1a: Aerodactyl
|
|-weather|Sandstorm|[upkeep]
|-heal|p2a: Swampert|40/100|[from] item: Leftovers
|upkeep
|turn|41
|
|t:|1728846314
|move|p1a: Aerodactyl|Earthquake|p2a: Swampert
|-damage|p2a: Swampert|5/100
|move|p2a: Swampert|Hydro Pump|p1a: Aerodactyl
|-supereffective|p1a: Aerodactyl
|-damage|p1a: Aerodactyl|0 fnt
|faint|p1a: Aerodactyl
|
|t:|1728846319
|switch|p1a: Milotic|Milotic, M|62/100
|
|-weather|Sandstorm|[upkeep]
|-damage|p1a: Milotic|55/100|[from] Sandstorm
|-heal|p1a: Milotic|62/100|[from] item: Leftovers
|-heal|p2a: Swampert|11/100|[from] item: Leftovers
|upkeep
|turn|42
|
|t:|1728846321
|move|p1a: Milotic|Surf|p2a: Swampert
|-damage|p2a: Swampert|0 fnt
|faint|p2a: Swampert
|
|t:|1728846324
|switch|p2a: Jirachi|Jirachi|71/100
|-damage|p2a: Jirachi|54/100|[from] Spikes
|
|-weather|Sandstorm|[upkeep]
|-damage|p1a: Milotic|55/100|[from] Sandstorm
|-heal|p2a: Jirachi|61/100|[from] item: Leftovers
|-heal|p1a: Milotic|62/100|[from] item: Leftovers
|upkeep
|turn|43
|
|t:|1728846329
|move|p2a: Jirachi|Calm Mind|p2a: Jirachi
|-boost|p2a: Jirachi|spa|1
|-boost|p2a: Jirachi|spd|1
|move|p1a: Milotic|Recover|p1a: Milotic
|-heal|p1a: Milotic|100/100
|
|-weather|Sandstorm|[upkeep]
|-damage|p1a: Milotic|94/100|[from] Sandstorm
|-heal|p2a: Jirachi|67/100|[from] item: Leftovers
|-heal|p1a: Milotic|100/100|[from] item: Leftovers
|upkeep
|turn|44
|c|☆FlappleFan20|ggs
|
|t:|1728846339
|move|p2a: Jirachi|Substitute|p2a: Jirachi
|-start|p2a: Jirachi|Substitute
|-damage|p2a: Jirachi|42/100
|move|p1a: Milotic|Surf|p2a: Jirachi
|-activate|p2a: Jirachi|Substitute|[damage]
|
|-weather|Sandstorm|[upkeep]
|-damage|p1a: Milotic|94/100|[from] Sandstorm
|-heal|p2a: Jirachi|48/100|[from] item: Leftovers
|-heal|p1a: Milotic|100/100|[from] item: Leftovers
|upkeep
|turn|45
|
|t:|1728846343
|move|p2a: Jirachi|Calm Mind|p2a: Jirachi
|-boost|p2a: Jirachi|spa|1
|-boost|p2a: Jirachi|spd|1
|move|p1a: Milotic|Surf|p2a: Jirachi
|-end|p2a: Jirachi|Substitute
|
|-weather|Sandstorm|[upkeep]
|-damage|p1a: Milotic|94/100|[from] Sandstorm
|-heal|p2a: Jirachi|54/100|[from] item: Leftovers
|-heal|p1a: Milotic|100/100|[from] item: Leftovers
|upkeep
|turn|46
|
|t:|1728846349
|move|p2a: Jirachi|Substitute|p2a: Jirachi
|-start|p2a: Jirachi|Substitute
|-damage|p2a: Jirachi|29/100
|move|p1a: Milotic|Surf|p2a: Jirachi
|-activate|p2a: Jirachi|Substitute|[damage]
|
|-weather|Sandstorm|[upkeep]
|-damage|p1a: Milotic|94/100|[from] Sandstorm
|-heal|p2a: Jirachi|35/100|[from] item: Leftovers
|-heal|p1a: Milotic|100/100|[from] item: Leftovers
|upkeep
|turn|47
|
|t:|1728846351
|move|p2a: Jirachi|Thunderbolt|p1a: Milotic
|-supereffective|p1a: Milotic
|-damage|p1a: Milotic|32/100
|move|p1a: Milotic|Surf|p2a: Jirachi
|-end|p2a: Jirachi|Substitute
|
|-weather|Sandstorm|[upkeep]
|-damage|p1a: Milotic|25/100|[from] Sandstorm
|-heal|p2a: Jirachi|42/100|[from] item: Leftovers
|-heal|p1a: Milotic|32/100|[from] item: Leftovers
|upkeep
|turn|48
|
|t:|1728846356
|move|p2a: Jirachi|Thunderbolt|p1a: Milotic
|-supereffective|p1a: Milotic
|-damage|p1a: Milotic|0 fnt
|faint|p1a: Milotic
|
|win|RodentCollector
|c|☆RodentCollector|gg
|c|☆FlappleFan20|you got the replay?
|c|☆RodentCollector|yee
|c|☆FlappleFan20|cool cool

</script>
<script type="application/json" class="data" id="replaydata-smogtours-gen3ou-798265">
{"id":"smogtours-gen3ou-798265","format":"[Gen 3] OU","players":["FlappleFan20","RodentCollector"],"uploadtime":1728846356,"views":106,"formatid":"gen3ou","rating":null,"private":0,"password":null}
</script>

<script defer src="js/replays.js?9d40a366"></script>
