<!DOCTYPE html>
<meta charset="utf-8" />
<meta name="viewport" content="width=device-width" />

<title>[Gen 3] OU: catmode vs. Figull400 - Replays - Pok&eacute;mon Showdown!</title>

<meta name="description" content="Watch a replay of a Pok&eacute;mon battle between catmode and Figull400! Format: [Gen 3] OU; Date: Nov 14, 2024" />
<!--

Hey, you! Looking in the source for the replay log?

You can find them in JSON format, just add `.json` at the end of a replay URL.

https://replay.pokemonshowdown.com/gen7randomdoublesbattle-865046831.json

Or, if you only need the log itself, add `.log` instead:

https://replay.pokemonshowdown.com/gen7randomdoublesbattle-865046831.log

-->

<link rel="stylesheet" href="//pokemonshowdown.com/style/global.css?0.767286132409787" />
<link rel="stylesheet" href="//play.pokemonshowdown.com/style/font-awesome.css?0.9266228007934947" />
<link rel="stylesheet" href="//play.pokemonshowdown.com/style/battle.css?0.7924700842790926" />
<link rel="stylesheet" href="//play.pokemonshowdown.com/style/utilichart.css?0.8777417872839479" />

<!-- Global site tag (gtag.js) - Google Analytics -->
<script async src="https://www.googletagmanager.com/gtag/js?id=UA-26211653-1"></script>
<script>
  window.dataLayer = window.dataLayer || [];
  function gtag(){dataLayer.push(arguments);}
  gtag('js', new Date());

  gtag('config', 'UA-26211653-1');
</script>
<!-- End Google Analytics -->
<!-- Venatus Ad Manager - Install in <HEAD> of page -->
	<script src="https://hb.vntsm.com/v3/live/ad-manager.min.js" type="text/javascript" data-site-id="642aba63ec9a7b11c3c9c1be" data-mode="scan" async></script>
<!-- / Venatus Ad Manager -->

<style>
	@media (max-width:820px) {
		.battle {
			margin: 0 auto;
		}
		.battle-log {
			margin: 7px auto 0;
			max-width: 640px;
			height: 300px;
			position: static;
		}
	}
	.optgroup {
		display: inline-block;
		line-height: 22px;
		font-size: 10pt;
	}
	.optgroup .button {
		height: 25px;
		padding-top: 0;
		padding-bottom: 0;
	}
	.optgroup button.button {
		padding-left: 12px;
		padding-right: 12px;
	}
	.linklist {
		list-style: none;
		margin: 0.5em 0;
		padding: 0;
	}
	.linklist li {
		padding: 2px 0;
	}
	.sidebar {
		float: left;
		width: 320px;
	}
	.bar-wrapper {
		max-width: 1100px;
		margin: 0 auto;
	}
	.bar-wrapper.has-sidebar {
		max-width: 1430px;
	}
	.mainbar {
		margin: 0;
		padding-right: 1px;
	}
	.mainbar.has-sidebar {
		margin-left: 330px;
	}
	@media (min-width: 1511px) {
		.sidebar {
			width: 400px;
		}
		.bar-wrapper.has-sidebar {
			max-width: 1510px;
		}
		.mainbar.has-sidebar {
			margin-left: 410px;
		}
	}
	.section.first-section {
		margin-top: 9px;
	}
	.blocklink small {
		white-space: normal;
	}
	.button {
		vertical-align: middle;
	}
	.replay-controls {
		padding-top: 10px;
	}
	.replay-controls h1 {
		font-size: 16pt;
		font-weight: normal;
		color: #CCC;
	}
	.pagelink {
		text-align: center;
	}
	.pagelink a {
		width: 150px;
	}
	.textbox, .button {
		font-size: 11pt;
		vertical-align: middle;
	}
	@media (max-width: 450px) {
		.button {
			font-size: 9pt;
		}
	}
</style>

<div>

	<header>
		<div class="nav-wrapper"><ul class="nav">
			<li><a class="button nav-first" href="//pokemonshowdown.com/"><img src="//pokemonshowdown.com/images/pokemonshowdownbeta.png" srcset="//pokemonshowdown.com/images/pokemonshowdownbeta.png 1x, //pokemonshowdown.com/images/pokemonshowdownbeta@2x.png 2x" alt="Pok&eacute;mon Showdown" width="146" height="44" /> Home</a></li>
			<li><a class="button" href="//pokemonshowdown.com/dex/">Pok&eacute;dex</a></li>
			<li><a class="button cur" href="/">Replays</a></li>
			<li><a class="button" href="//pokemonshowdown.com/ladder/">Ladder</a></li>
			<li><a class="button nav-last" href="//pokemonshowdown.com/forums/">Forum</a></li>
			<li><a class="button greenbutton nav-first nav-last" href="//play.pokemonshowdown.com/">Play</a></li>
		</ul></div>
	</header>

	<div class="main" id="main">

		<noscript><section class="section">You need to enable JavaScript to use this page; sorry!</section></noscript>

	</div>

</div>

<script defer nomodule src="//play.pokemonshowdown.com/js/lib/ps-polyfill.js"></script>
<script defer src="//play.pokemonshowdown.com/js/lib/preact.min.js"></script>

<script defer src="//play.pokemonshowdown.com/config/config.js?6dec07f6"></script>
<script defer src="//play.pokemonshowdown.com/js/lib/jquery-1.11.0.min.js"></script>
<script defer src="//play.pokemonshowdown.com/js/lib/html-sanitizer-minified.js"></script>
<script defer src="//play.pokemonshowdown.com/js/battle-sound.js"></script>
<script defer src="//play.pokemonshowdown.com/js/battledata.js?0.6315294753075389"></script>
<script defer src="//play.pokemonshowdown.com/data/pokedex-mini.js?0.7603743185311358"></script>
<script defer src="//play.pokemonshowdown.com/data/pokedex-mini-bw.js?0.030888842834281283"></script>
<script defer src="//play.pokemonshowdown.com/data/graphics.js?0.05593094747507488"></script>
<script defer src="//play.pokemonshowdown.com/data/pokedex.js?0.47064822249611904"></script>
<script defer src="//play.pokemonshowdown.com/data/moves.js?0.8583693120512459"></script>
<script defer src="//play.pokemonshowdown.com/data/abilities.js?0.16017181182386842"></script>
<script defer src="//play.pokemonshowdown.com/data/items.js?0.4163379185673943"></script>
<script defer src="//play.pokemonshowdown.com/data/teambuilder-tables.js?0.31075597372830477"></script>
<script defer src="//play.pokemonshowdown.com/js/battle-tooltips.js?0.6536193500708172"></script>
<script defer src="//play.pokemonshowdown.com/js/battle.js?0.1916591943277901"></script>

<script defer src="js/utils.js?e31f9a17"></script>
<script defer src="js/replays-battle.js?7008c182"></script>

<!-- don't scrape this data! just add .json or .log after the URL!
Full API docs: https://github.com/smogon/pokemon-showdown-client/blob/master/WEB-API.md -->
<script type="text/plain" class="log" id="replaylog-smogtours-gen3ou-806289">
|inactive|Battle timer is ON: inactive players will automatically lose when time's up.
|t:|1731622702
|gametype|singles
|player|p1|catmode|miku-ground|
|player|p2|Figull400|gambler|
|teamsize|p1|6
|teamsize|p2|6
|gen|3
|tier|[Gen 3] OU
|rule|Sleep Clause Mod: Limit one foe put to sleep
|rule|Switch Priority Clause Mod: Faster Pokémon switch first
|rule|Species Clause: Limit one of each Pokémon
|rule|OHKO Clause: OHKO moves are banned
|rule|Evasion Items Clause: Evasion items are banned
|rule|Evasion Moves Clause: Evasion moves are banned
|rule|Endless Battle Clause: Forcing endless battles is banned
|rule|HP Percentage Mod: HP is shown in percentages
|rule|One Boost Passer Clause: Limit one Baton Passer that has a way to boost its stats
|rule|Freeze Clause Mod: Limit one foe frozen
|
|t:|1731622702
|start
|switch|p1a: Para Salesman|Jirachi|100/100
|switch|p2a: Tyranitar|Tyranitar, F|100/100
|-weather|Sandstorm|[from] ability: Sand Stream|[of] p2a: Tyranitar
|turn|1
|c|☆Figull400|hf
|c|☆catmode|u2
|
|t:|1731622713
|switch|p2a: Skarmory|Skarmory, M|100/100
|move|p1a: Para Salesman|Hidden Power|p2a: Skarmory
|-damage|p2a: Skarmory|73/100
|
|-weather|Sandstorm|[upkeep]
|-heal|p2a: Skarmory|79/100|[from] item: Leftovers
|upkeep
|turn|2
|
|t:|1731622720
|switch|p1a: Mr. Saturn|Magneton, shiny|100/100
|switch|p2a: Dugtrio|Dugtrio, F|100/100
|
|-weather|Sandstorm|[upkeep]
|upkeep
|turn|3
|c|☆catmode|it seems that you may have watched my prior games
|
|t:|1731622738
|move|p2a: Dugtrio|Earthquake|p1a: Mr. Saturn
|-supereffective|p1a: Mr. Saturn
|-damage|p1a: Mr. Saturn|0 fnt
|faint|p1a: Mr. Saturn
|c|☆Figull400|just a hunch
|
|t:|1731622745
|switch|p1a: Magidragon|Gyarados, M, shiny|100/100
|-ability|p1a: Magidragon|Intimidate|boost
|-unboost|p2a: Dugtrio|atk|1
|
|-weather|Sandstorm|[upkeep]
|-damage|p1a: Magidragon|94/100|[from] Sandstorm
|-heal|p1a: Magidragon|100/100|[from] item: Leftovers
|upkeep
|turn|4
|
|t:|1731622752
|switch|p2a: Skarmory|Skarmory, M|79/100
|switch|p1a: Benis|Celebi|100/100
|
|-weather|Sandstorm|[upkeep]
|-damage|p1a: Benis|94/100|[from] Sandstorm
|-heal|p1a: Benis|100/100|[from] item: Leftovers
|-heal|p2a: Skarmory|85/100|[from] item: Leftovers
|upkeep
|turn|5
|
|t:|1731622758
|move|p1a: Benis|Leech Seed|p2a: Skarmory
|-start|p2a: Skarmory|move: Leech Seed
|move|p2a: Skarmory|Toxic|p1a: Benis|[miss]
|-miss|p2a: Skarmory|p1a: Benis
|
|-weather|Sandstorm|[upkeep]
|-damage|p1a: Benis|94/100|[from] Sandstorm
|-heal|p1a: Benis|100/100|[from] item: Leftovers
|-heal|p2a: Skarmory|91/100|[from] item: Leftovers
|-damage|p2a: Skarmory|78/100|[from] Leech Seed|[of] p1a: Benis
|upkeep
|turn|6
|
|t:|1731622764
|move|p1a: Benis|Swords Dance|p1a: Benis
|-boost|p1a: Benis|atk|2
|move|p2a: Skarmory|Spikes|p1a: Benis
|-sidestart|p1: catmode|Spikes
|
|-weather|Sandstorm|[upkeep]
|-damage|p1a: Benis|94/100|[from] Sandstorm
|-heal|p1a: Benis|100/100|[from] item: Leftovers
|-heal|p2a: Skarmory|84/100|[from] item: Leftovers
|-damage|p2a: Skarmory|72/100|[from] Leech Seed|[of] p1a: Benis
|upkeep
|turn|7
|
|t:|1731622766
|move|p1a: Benis|Hidden Power|p2a: Skarmory
|-damage|p2a: Skarmory|48/100
|move|p2a: Skarmory|Roar|p1a: Benis
|drag|p1a: Agent M.|Metagross, shiny|100/100
|-damage|p1a: Agent M.|88/100|[from] Spikes
|
|-weather|Sandstorm|[upkeep]
|-heal|p2a: Skarmory|54/100|[from] item: Leftovers
|-damage|p2a: Skarmory|41/100|[from] Leech Seed|[of] p1a: Agent M.
|-heal|p1a: Agent M.|99/100|[silent]
|upkeep
|turn|8
|
|t:|1731622775
|switch|p2a: Milotic|Milotic, F|100/100
|move|p1a: Agent M.|Meteor Mash|p2a: Milotic
|-resisted|p2a: Milotic
|-damage|p2a: Milotic|78/100
|
|-weather|Sandstorm|[upkeep]
|-damage|p2a: Milotic|72/100|[from] Sandstorm
|-heal|p2a: Milotic|78/100|[from] item: Leftovers
|upkeep
|turn|9
|
|t:|1731622783
|switch|p1a: Benis|Celebi|100/100
|-damage|p1a: Benis|88/100|[from] Spikes
|move|p2a: Milotic|Surf|p1a: Benis
|-resisted|p1a: Benis
|-damage|p1a: Benis|76/100
|
|-weather|Sandstorm|[upkeep]
|-damage|p1a: Benis|70/100|[from] Sandstorm
|-damage|p2a: Milotic|72/100|[from] Sandstorm
|-heal|p1a: Benis|76/100|[from] item: Leftovers
|-heal|p2a: Milotic|78/100|[from] item: Leftovers
|upkeep
|turn|10
|
|t:|1731622796
|switch|p2a: Dugtrio|Dugtrio, F|100/100
|move|p1a: Benis|Leech Seed|p2a: Dugtrio
|-start|p2a: Dugtrio|move: Leech Seed
|
|-weather|Sandstorm|[upkeep]
|-damage|p1a: Benis|70/100|[from] Sandstorm
|-damage|p2a: Dugtrio|88/100|[from] Leech Seed|[of] p1a: Benis
|-heal|p1a: Benis|76/100|[silent]
|-heal|p1a: Benis|82/100|[from] item: Leftovers
|upkeep
|turn|11
|
|t:|1731622799
|move|p2a: Dugtrio|Hidden Power|p1a: Benis
|-supereffective|p1a: Benis
|-damage|p1a: Benis|9/100
|move|p1a: Benis|Baton Pass|p1a: Benis
|
|t:|1731622815
|switch|p1a: Para Salesman|Jirachi|100/100|[from] Baton Pass
|-damage|p1a: Para Salesman|88/100|[from] Spikes
|
|-weather|Sandstorm|[upkeep]
|-damage|p2a: Dugtrio|75/100|[from] Leech Seed|[of] p1a: Para Salesman
|-heal|p1a: Para Salesman|96/100|[silent]
|upkeep
|turn|12
|
|t:|1731622831
|switch|p2a: Blissey|Blissey, F|100/100
|move|p1a: Para Salesman|Doom Desire|p2a: Blissey
|-start|p1a: Para Salesman|Doom Desire
|
|-weather|Sandstorm|[upkeep]
|-damage|p2a: Blissey|94/100|[from] Sandstorm
|-heal|p2a: Blissey|100/100|[from] item: Leftovers
|upkeep
|turn|13
|
|t:|1731622845
|switch|p1a: Benis|Celebi|9/100
|-damage|p1a: Benis|0 fnt|[from] Spikes
|faint|p1a: Benis
|
|t:|1731622851
|switch|p1a: Yo Mama|Snorlax, F, shiny|100/100
|-damage|p1a: Yo Mama|88/100|[from] Spikes
|
|-weather|Sandstorm|[upkeep]
|-damage|p2a: Blissey|94/100|[from] Sandstorm
|-damage|p1a: Yo Mama|82/100|[from] Sandstorm
|-heal|p2a: Blissey|100/100|[from] item: Leftovers
|-heal|p1a: Yo Mama|88/100|[from] item: Leftovers
|upkeep
|turn|14
|
|t:|1731622862
|move|p2a: Blissey|Thunderbolt|p1a: Yo Mama
|-damage|p1a: Yo Mama|74/100
|move|p1a: Yo Mama|Curse|p1a: Yo Mama
|-unboost|p1a: Yo Mama|spe|1
|-boost|p1a: Yo Mama|atk|1
|-boost|p1a: Yo Mama|def|1
|
|-weather|Sandstorm|[upkeep]
|-damage|p2a: Blissey|94/100|[from] Sandstorm
|-damage|p1a: Yo Mama|68/100|[from] Sandstorm
|-heal|p2a: Blissey|100/100|[from] item: Leftovers
|-heal|p1a: Yo Mama|74/100|[from] item: Leftovers
|-end|p2a: Blissey|move: Doom Desire
|-damage|p2a: Blissey|39/100
|upkeep
|turn|15
|
|t:|1731622867
|switch|p2a: Claydol|Claydol|100/100
|move|p1a: Yo Mama|Return|p2a: Claydol
|-damage|p2a: Claydol|43/100
|
|-weather|Sandstorm|[upkeep]
|-damage|p1a: Yo Mama|68/100|[from] Sandstorm
|-heal|p2a: Claydol|49/100|[from] item: Leftovers
|-heal|p1a: Yo Mama|74/100|[from] item: Leftovers
|upkeep
|turn|16
|
|t:|1731622873
|switch|p1a: Para Salesman|Jirachi|96/100
|-damage|p1a: Para Salesman|83/100|[from] Spikes
|move|p2a: Claydol|Explosion|p1a: Para Salesman
|-resisted|p1a: Para Salesman
|-damage|p1a: Para Salesman|45/100
|faint|p2a: Claydol
|
|t:|1731622876
|switch|p2a: Dugtrio|Dugtrio, F|75/100
|
|-weather|Sandstorm|[upkeep]
|upkeep
|turn|17
|
|t:|1731622880
|move|p2a: Dugtrio|Earthquake|p1a: Para Salesman
|-supereffective|p1a: Para Salesman
|-damage|p1a: Para Salesman|0 fnt
|faint|p1a: Para Salesman
|
|t:|1731622883
|switch|p1a: Magidragon|Gyarados, M, shiny|100/100
|-ability|p1a: Magidragon|Intimidate|boost
|-unboost|p2a: Dugtrio|atk|1
|
|-weather|Sandstorm|[upkeep]
|-damage|p1a: Magidragon|94/100|[from] Sandstorm
|-heal|p1a: Magidragon|100/100|[from] item: Leftovers
|upkeep
|turn|18
|
|t:|1731622886
|switch|p2a: Skarmory|Skarmory, M|41/100
|move|p1a: Magidragon|Thunder Wave|p2a: Skarmory
|-status|p2a: Skarmory|par
|
|-weather|Sandstorm|[upkeep]
|-damage|p1a: Magidragon|94/100|[from] Sandstorm
|-heal|p1a: Magidragon|100/100|[from] item: Leftovers
|-heal|p2a: Skarmory|47/100 par|[from] item: Leftovers
|upkeep
|turn|19
|
|t:|1731622897
|switch|p1a: Agent M.|Metagross, shiny|99/100
|-damage|p1a: Agent M.|88/100|[from] Spikes
|move|p2a: Skarmory|Toxic|p1a: Agent M.
|-immune|p1a: Agent M.
|
|-weather|Sandstorm|[upkeep]
|-heal|p2a: Skarmory|53/100 par|[from] item: Leftovers
|upkeep
|turn|20
|
|t:|1731622899
|switch|p2a: Milotic|Milotic, F|78/100
|move|p1a: Agent M.|Meteor Mash|p2a: Milotic
|-resisted|p2a: Milotic
|-damage|p2a: Milotic|57/100
|
|-weather|Sandstorm|[upkeep]
|-damage|p2a: Milotic|51/100|[from] Sandstorm
|-heal|p2a: Milotic|57/100|[from] item: Leftovers
|upkeep
|turn|21
|
|t:|1731622906
|switch|p1a: Yo Mama|Snorlax, F, shiny|74/100
|-damage|p1a: Yo Mama|62/100|[from] Spikes
|move|p2a: Milotic|Recover|p2a: Milotic
|-heal|p2a: Milotic|100/100
|
|-weather|Sandstorm|[upkeep]
|-damage|p2a: Milotic|94/100|[from] Sandstorm
|-damage|p1a: Yo Mama|55/100|[from] Sandstorm
|-heal|p2a: Milotic|100/100|[from] item: Leftovers
|-heal|p1a: Yo Mama|62/100|[from] item: Leftovers
|upkeep
|turn|22
|
|t:|1731622907
|switch|p2a: Tyranitar|Tyranitar, F|100/100
|move|p1a: Yo Mama|Curse|p1a: Yo Mama
|-unboost|p1a: Yo Mama|spe|1
|-boost|p1a: Yo Mama|atk|1
|-boost|p1a: Yo Mama|def|1
|
|-weather|Sandstorm|[upkeep]
|-damage|p1a: Yo Mama|55/100|[from] Sandstorm
|-heal|p1a: Yo Mama|62/100|[from] item: Leftovers
|upkeep
|turn|23
|
|t:|1731622912
|move|p2a: Tyranitar|Substitute|p2a: Tyranitar
|-start|p2a: Tyranitar|Substitute
|-damage|p2a: Tyranitar|75/100
|move|p1a: Yo Mama|Return|p2a: Tyranitar
|-resisted|p2a: Tyranitar
|-activate|p2a: Tyranitar|Substitute|[damage]
|
|-weather|Sandstorm|[upkeep]
|-damage|p1a: Yo Mama|55/100|[from] Sandstorm
|-heal|p2a: Tyranitar|82/100|[from] item: Leftovers
|-heal|p1a: Yo Mama|62/100|[from] item: Leftovers
|upkeep
|turn|24
|
|t:|1731622919
|-singleturn|p2a: Tyranitar|move: Focus Punch
|move|p1a: Yo Mama|Return|p2a: Tyranitar
|-resisted|p2a: Tyranitar
|-end|p2a: Tyranitar|Substitute
|move|p2a: Tyranitar|Focus Punch|p1a: Yo Mama
|-supereffective|p1a: Yo Mama
|-damage|p1a: Yo Mama|17/100
|
|-weather|Sandstorm|[upkeep]
|-damage|p1a: Yo Mama|10/100|[from] Sandstorm
|-heal|p2a: Tyranitar|88/100|[from] item: Leftovers
|-heal|p1a: Yo Mama|17/100|[from] item: Leftovers
|upkeep
|turn|25
|
|t:|1731622923
|switch|p1a: Magidragon|Gyarados, M, shiny|100/100
|-ability|p1a: Magidragon|Intimidate|boost
|-unboost|p2a: Tyranitar|atk|1
|move|p2a: Tyranitar|Substitute|p2a: Tyranitar
|-start|p2a: Tyranitar|Substitute
|-damage|p2a: Tyranitar|63/100
|
|-weather|Sandstorm|[upkeep]
|-damage|p1a: Magidragon|94/100|[from] Sandstorm
|-heal|p1a: Magidragon|100/100|[from] item: Leftovers
|-heal|p2a: Tyranitar|69/100|[from] item: Leftovers
|upkeep
|turn|26
|
|t:|1731622926
|move|p1a: Magidragon|Earthquake|p2a: Tyranitar
|-supereffective|p2a: Tyranitar
|-end|p2a: Tyranitar|Substitute
|move|p2a: Tyranitar|Thunder|p1a: Magidragon|[miss]
|-miss|p2a: Tyranitar|p1a: Magidragon
|
|-weather|Sandstorm|[upkeep]
|-damage|p1a: Magidragon|94/100|[from] Sandstorm
|-heal|p1a: Magidragon|100/100|[from] item: Leftovers
|-heal|p2a: Tyranitar|75/100|[from] item: Leftovers
|upkeep
|turn|27
|
|t:|1731622940
|switch|p1a: Yo Mama|Snorlax, F, shiny|17/100
|-damage|p1a: Yo Mama|4/100|[from] Spikes
|move|p2a: Tyranitar|Thunder|p1a: Yo Mama
|-damage|p1a: Yo Mama|0 fnt
|faint|p1a: Yo Mama
|
|t:|1731622945
|switch|p1a: Agent M.|Metagross, shiny|88/100
|-damage|p1a: Agent M.|75/100|[from] Spikes
|
|-weather|Sandstorm|[upkeep]
|-heal|p2a: Tyranitar|81/100|[from] item: Leftovers
|upkeep
|turn|28
|
|t:|1731622949
|switch|p2a: Milotic|Milotic, F|100/100
|move|p1a: Agent M.|Meteor Mash|p2a: Milotic
|-resisted|p2a: Milotic
|-damage|p2a: Milotic|80/100
|
|-weather|Sandstorm|[upkeep]
|-damage|p2a: Milotic|74/100|[from] Sandstorm
|-heal|p2a: Milotic|80/100|[from] item: Leftovers
|upkeep
|turn|29
|
|t:|1731622951
|move|p1a: Agent M.|Meteor Mash|p2a: Milotic
|-resisted|p2a: Milotic
|-damage|p2a: Milotic|58/100
|move|p2a: Milotic|Surf|p1a: Agent M.
|-damage|p1a: Agent M.|37/100
|
|-weather|Sandstorm|[upkeep]
|-damage|p2a: Milotic|52/100|[from] Sandstorm
|-heal|p2a: Milotic|58/100|[from] item: Leftovers
|upkeep
|turn|30
|
|t:|1731622954
|move|p1a: Agent M.|Meteor Mash|p2a: Milotic|[miss]
|-miss|p1a: Agent M.|p2a: Milotic
|move|p2a: Milotic|Recover|p2a: Milotic
|-heal|p2a: Milotic|100/100
|
|-weather|Sandstorm|[upkeep]
|-damage|p2a: Milotic|94/100|[from] Sandstorm
|-heal|p2a: Milotic|100/100|[from] item: Leftovers
|upkeep
|turn|31
|
|t:|1731622955
|move|p1a: Agent M.|Meteor Mash|p2a: Milotic
|-resisted|p2a: Milotic
|-damage|p2a: Milotic|78/100
|move|p2a: Milotic|Surf|p1a: Agent M.
|-damage|p1a: Agent M.|0 fnt
|faint|p1a: Agent M.
|
|t:|1731622958
|switch|p1a: Magidragon|Gyarados, M, shiny|100/100
|-ability|p1a: Magidragon|Intimidate|boost
|-unboost|p2a: Milotic|atk|1
|
|-weather|Sandstorm|[upkeep]
|-damage|p1a: Magidragon|94/100|[from] Sandstorm
|-damage|p2a: Milotic|72/100|[from] Sandstorm
|-heal|p1a: Magidragon|100/100|[from] item: Leftovers
|-heal|p2a: Milotic|78/100|[from] item: Leftovers
|upkeep
|turn|32
|
|t:|1731622960
|move|p1a: Magidragon|Dragon Dance|p1a: Magidragon
|-boost|p1a: Magidragon|atk|1
|-boost|p1a: Magidragon|spe|1
|move|p2a: Milotic|Toxic|p1a: Magidragon
|-status|p1a: Magidragon|tox
|
|-weather|Sandstorm|[upkeep]
|-damage|p1a: Magidragon|94/100 tox|[from] Sandstorm
|-damage|p2a: Milotic|72/100|[from] Sandstorm
|-heal|p1a: Magidragon|100/100 tox|[from] item: Leftovers
|-damage|p1a: Magidragon|94/100 tox|[from] psn
|-heal|p2a: Milotic|78/100|[from] item: Leftovers
|upkeep
|turn|33
|c|☆catmode|welp
|c|☆catmode|quick games
|
|t:|1731622966
|move|p1a: Magidragon|Dragon Dance|p1a: Magidragon
|-boost|p1a: Magidragon|atk|1
|-boost|p1a: Magidragon|spe|1
|move|p2a: Milotic|Surf|p1a: Magidragon
|-resisted|p1a: Magidragon
|-damage|p1a: Magidragon|78/100 tox
|
|-weather|Sandstorm|[upkeep]
|-damage|p1a: Magidragon|72/100 tox|[from] Sandstorm
|-damage|p2a: Milotic|72/100|[from] Sandstorm
|-heal|p1a: Magidragon|78/100 tox|[from] item: Leftovers
|-damage|p1a: Magidragon|66/100 tox|[from] psn
|-heal|p2a: Milotic|78/100|[from] item: Leftovers
|upkeep
|turn|34
|
|t:|1731622970
|move|p1a: Magidragon|Hidden Power|p2a: Milotic
|-crit|p2a: Milotic
|-damage|p2a: Milotic|0 fnt
|faint|p2a: Milotic
|
|t:|1731622972
|switch|p2a: Skarmory|Skarmory, M|53/100 par
|
|-weather|Sandstorm|[upkeep]
|-damage|p1a: Magidragon|60/100 tox|[from] Sandstorm
|-heal|p1a: Magidragon|66/100 tox|[from] item: Leftovers
|-damage|p1a: Magidragon|48/100 tox|[from] psn
|-heal|p2a: Skarmory|59/100 par|[from] item: Leftovers
|upkeep
|turn|35
|
|t:|1731622974
|move|p1a: Magidragon|Hidden Power|p2a: Skarmory
|-resisted|p2a: Skarmory
|-damage|p2a: Skarmory|28/100 par
|move|p2a: Skarmory|Drill Peck|p1a: Magidragon
|-damage|p1a: Magidragon|22/100 tox
|
|-weather|Sandstorm|[upkeep]
|-damage|p1a: Magidragon|16/100 tox|[from] Sandstorm
|-heal|p1a: Magidragon|22/100 tox|[from] item: Leftovers
|-damage|p1a: Magidragon|0 fnt|[from] psn
|faint|p1a: Magidragon
|
|win|Figull400
|upkeep
|c|☆Figull400|ggs

</script>
<script type="application/json" class="data" id="replaydata-smogtours-gen3ou-806289">
{"id":"smogtours-gen3ou-806289","format":"[Gen 3] OU","players":["catmode","Figull400"],"uploadtime":1731622974,"views":28,"formatid":"gen3ou","rating":null,"private":0,"password":null}
</script>

<script defer src="js/replays.js?9d40a366"></script>
