<!DOCTYPE html>
<meta charset="utf-8" />
<meta name="viewport" content="width=device-width" />

<title>[Gen 3] OU: GreenCatKid vs. ComSeal - Replays - Pok&eacute;mon Showdown!</title>

<meta name="description" content="Watch a replay of a Pok&eacute;mon battle between GreenCatKid and ComSeal! Format: [Gen 3] OU; Date: Oct 19, 2024" />
<!--

Hey, you! Looking in the source for the replay log?

You can find them in JSON format, just add `.json` at the end of a replay URL.

https://replay.pokemonshowdown.com/gen7randomdoublesbattle-865046831.json

Or, if you only need the log itself, add `.log` instead:

https://replay.pokemonshowdown.com/gen7randomdoublesbattle-865046831.log

-->

<link rel="stylesheet" href="//pokemonshowdown.com/style/global.css?0.023195364461161105" />
<link rel="stylesheet" href="//play.pokemonshowdown.com/style/font-awesome.css?0.13261647063804238" />
<link rel="stylesheet" href="//play.pokemonshowdown.com/style/battle.css?0.8753245789963631" />
<link rel="stylesheet" href="//play.pokemonshowdown.com/style/utilichart.css?0.8627959624976733" />

<!-- Global site tag (gtag.js) - Google Analytics -->
<script async src="https://www.googletagmanager.com/gtag/js?id=UA-26211653-1"></script>
<script>
  window.dataLayer = window.dataLayer || [];
  function gtag(){dataLayer.push(arguments);}
  gtag('js', new Date());

  gtag('config', 'UA-26211653-1');
</script>
<!-- End Google Analytics -->
<!-- Venatus Ad Manager - Install in <HEAD> of page -->
	<script src="https://hb.vntsm.com/v3/live/ad-manager.min.js" type="text/javascript" data-site-id="642aba63ec9a7b11c3c9c1be" data-mode="scan" async></script>
<!-- / Venatus Ad Manager -->

<style>
	@media (max-width:820px) {
		.battle {
			margin: 0 auto;
		}
		.battle-log {
			margin: 7px auto 0;
			max-width: 640px;
			height: 300px;
			position: static;
		}
	}
	.optgroup {
		display: inline-block;
		line-height: 22px;
		font-size: 10pt;
	}
	.optgroup .button {
		height: 25px;
		padding-top: 0;
		padding-bottom: 0;
	}
	.optgroup button.button {
		padding-left: 12px;
		padding-right: 12px;
	}
	.linklist {
		list-style: none;
		margin: 0.5em 0;
		padding: 0;
	}
	.linklist li {
		padding: 2px 0;
	}
	.sidebar {
		float: left;
		width: 320px;
	}
	.bar-wrapper {
		max-width: 1100px;
		margin: 0 auto;
	}
	.bar-wrapper.has-sidebar {
		max-width: 1430px;
	}
	.mainbar {
		margin: 0;
		padding-right: 1px;
	}
	.mainbar.has-sidebar {
		margin-left: 330px;
	}
	@media (min-width: 1511px) {
		.sidebar {
			width: 400px;
		}
		.bar-wrapper.has-sidebar {
			max-width: 1510px;
		}
		.mainbar.has-sidebar {
			margin-left: 410px;
		}
	}
	.section.first-section {
		margin-top: 9px;
	}
	.blocklink small {
		white-space: normal;
	}
	.button {
		vertical-align: middle;
	}
	.replay-controls {
		padding-top: 10px;
	}
	.replay-controls h1 {
		font-size: 16pt;
		font-weight: normal;
		color: #CCC;
	}
	.pagelink {
		text-align: center;
	}
	.pagelink a {
		width: 150px;
	}
	.textbox, .button {
		font-size: 11pt;
		vertical-align: middle;
	}
	@media (max-width: 450px) {
		.button {
			font-size: 9pt;
		}
	}
</style>

<div>

	<header>
		<div class="nav-wrapper"><ul class="nav">
			<li><a class="button nav-first" href="//pokemonshowdown.com/"><img src="//pokemonshowdown.com/images/pokemonshowdownbeta.png" srcset="//pokemonshowdown.com/images/pokemonshowdownbeta.png 1x, //pokemonshowdown.com/images/pokemonshowdownbeta@2x.png 2x" alt="Pok&eacute;mon Showdown" width="146" height="44" /> Home</a></li>
			<li><a class="button" href="//pokemonshowdown.com/dex/">Pok&eacute;dex</a></li>
			<li><a class="button cur" href="/">Replays</a></li>
			<li><a class="button" href="//pokemonshowdown.com/ladder/">Ladder</a></li>
			<li><a class="button nav-last" href="//pokemonshowdown.com/forums/">Forum</a></li>
			<li><a class="button greenbutton nav-first nav-last" href="//play.pokemonshowdown.com/">Play</a></li>
		</ul></div>
	</header>

	<div class="main" id="main">

		<noscript><section class="section">You need to enable JavaScript to use this page; sorry!</section></noscript>

	</div>

</div>

<script defer nomodule src="//play.pokemonshowdown.com/js/lib/ps-polyfill.js"></script>
<script defer src="//play.pokemonshowdown.com/js/lib/preact.min.js"></script>

<script defer src="//play.pokemonshowdown.com/config/config.js?2bddbc15"></script>
<script defer src="//play.pokemonshowdown.com/js/lib/jquery-1.11.0.min.js"></script>
<script defer src="//play.pokemonshowdown.com/js/lib/html-sanitizer-minified.js"></script>
<script defer src="//play.pokemonshowdown.com/js/battle-sound.js"></script>
<script defer src="//play.pokemonshowdown.com/js/battledata.js?0.7209276989879541"></script>
<script defer src="//play.pokemonshowdown.com/data/pokedex-mini.js?0.6111056340867951"></script>
<script defer src="//play.pokemonshowdown.com/data/pokedex-mini-bw.js?0.3532142036491459"></script>
<script defer src="//play.pokemonshowdown.com/data/graphics.js?0.24223875632456182"></script>
<script defer src="//play.pokemonshowdown.com/data/pokedex.js?0.38839984266356864"></script>
<script defer src="//play.pokemonshowdown.com/data/moves.js?0.21866028504024015"></script>
<script defer src="//play.pokemonshowdown.com/data/abilities.js?0.2005157953846628"></script>
<script defer src="//play.pokemonshowdown.com/data/items.js?0.9894211263848525"></script>
<script defer src="//play.pokemonshowdown.com/data/teambuilder-tables.js?0.6008791140282215"></script>
<script defer src="//play.pokemonshowdown.com/js/battle-tooltips.js?0.7580118955022959"></script>
<script defer src="//play.pokemonshowdown.com/js/battle.js?0.6057722274234274"></script>

<script defer src="js/utils.js?e31f9a17"></script>
<script defer src="js/replays-battle.js?7008c182"></script>

<!-- don't scrape this data! just add .json or .log after the URL!
Full API docs: https://github.com/smogon/pokemon-showdown-client/blob/master/WEB-API.md -->
<script type="text/plain" class="log" id="replaylog-smogtours-gen3ou-799964">
|inactive|Battle timer is ON: inactive players will automatically lose when time's up.
|t:|1729358298
|gametype|singles
|player|p1|GreenCatKid|fisherman-gen4|
|player|p2|ComSeal|pokemonrangerf|
|teamsize|p1|6
|teamsize|p2|6
|gen|3
|tier|[Gen 3] OU
|rule|Sleep Clause Mod: Limit one foe put to sleep
|rule|Switch Priority Clause Mod: Faster Pokémon switch first
|rule|Species Clause: Limit one of each Pokémon
|rule|OHKO Clause: OHKO moves are banned
|rule|Evasion Items Clause: Evasion items are banned
|rule|Evasion Moves Clause: Evasion moves are banned
|rule|Endless Battle Clause: Forcing endless battles is banned
|rule|HP Percentage Mod: HP is shown in percentages
|rule|One Boost Passer Clause: Limit one Baton Passer that has a way to boost its stats
|rule|Freeze Clause Mod: Limit one foe frozen
|
|t:|1729358298
|start
|switch|p1a: Blissey|Blissey, F|100/100
|switch|p2a: Salamence|Salamence, M|100/100
|-ability|p2a: Salamence|Intimidate|boost
|-unboost|p1a: Blissey|atk|1
|turn|1
|inactive|GreenCatKid also wants the timer to be on.
|
|t:|1729358317
|switch|p2a: Metagross|Metagross|100/100
|move|p1a: Blissey|Ice Beam|p2a: Metagross
|-resisted|p2a: Metagross
|-crit|p2a: Metagross
|-damage|p2a: Metagross|80/100
|
|-heal|p2a: Metagross|86/100|[from] item: Leftovers
|upkeep
|turn|2
|
|t:|1729358323
|switch|p1a: Skarmory|Skarmory, F|100/100
|move|p2a: Metagross|Meteor Mash|p1a: Skarmory|[miss]
|-miss|p2a: Metagross|p1a: Skarmory
|
|-heal|p2a: Metagross|92/100|[from] item: Leftovers
|upkeep
|turn|3
|
|t:|1729358329
|move|p1a: Skarmory|Spikes|p2a: Metagross
|-sidestart|p2: ComSeal|Spikes
|move|p2a: Metagross|Meteor Mash|p1a: Skarmory
|-resisted|p1a: Skarmory
|-damage|p1a: Skarmory|81/100
|
|-heal|p1a: Skarmory|87/100|[from] item: Leftovers
|-heal|p2a: Metagross|98/100|[from] item: Leftovers
|upkeep
|turn|4
|
|t:|1729358335
|switch|p2a: Magneton|Magneton|100/100
|-damage|p2a: Magneton|88/100|[from] Spikes
|move|p1a: Skarmory|Spikes|p2a: Magneton
|-sidestart|p2: ComSeal|Spikes
|
|-heal|p1a: Skarmory|93/100|[from] item: Leftovers
|upkeep
|turn|5
|
|t:|1729358339
|move|p1a: Skarmory|Protect|p1a: Skarmory
|-singleturn|p1a: Skarmory|Protect
|move|p2a: Magneton|Thunderbolt|p1a: Skarmory
|-activate|p1a: Skarmory|Protect
|
|-heal|p1a: Skarmory|99/100|[from] item: Leftovers
|upkeep
|turn|6
|
|t:|1729358348
|move|p2a: Magneton|Thunderbolt|p1a: Skarmory
|-supereffective|p1a: Skarmory
|-damage|p1a: Skarmory|0 fnt
|faint|p1a: Skarmory
|
|t:|1729358353
|switch|p1a: Dugtrio|Dugtrio, F|100/100
|
|upkeep
|turn|7
|
|t:|1729358357
|move|p1a: Dugtrio|Earthquake|p2a: Magneton
|-supereffective|p2a: Magneton
|-damage|p2a: Magneton|0 fnt
|faint|p2a: Magneton
|
|t:|1729358361
|switch|p2a: Claydol|Claydol|100/100
|
|upkeep
|turn|8
|
|t:|1729358385
|switch|p1a: Milotic|Milotic, M|100/100
|move|p2a: Claydol|Psychic|p1a: Milotic
|-damage|p1a: Milotic|85/100
|
|-heal|p1a: Milotic|91/100|[from] item: Leftovers
|upkeep
|turn|9
|inactive|ComSeal has 270 seconds left.
|inactive|ComSeal has 240 seconds left.
|
|t:|1729358436
|switch|p2a: Blissey|Blissey, F|100/100
|-damage|p2a: Blissey|84/100|[from] Spikes
|move|p1a: Milotic|Surf|p2a: Blissey
|-damage|p2a: Blissey|71/100
|
|-heal|p1a: Milotic|97/100|[from] item: Leftovers
|-heal|p2a: Blissey|77/100|[from] item: Leftovers
|upkeep
|turn|10
|
|t:|1729358455
|move|p1a: Milotic|Toxic|p2a: Blissey
|-status|p2a: Blissey|tox
|move|p2a: Blissey|Wish|p2a: Blissey
|
|-heal|p1a: Milotic|100/100|[from] item: Leftovers
|-heal|p2a: Blissey|83/100 tox|[from] item: Leftovers
|-damage|p2a: Blissey|77/100 tox|[from] psn
|upkeep
|turn|11
|inactive|ComSeal has 240 seconds left.
|inactive|ComSeal has 210 seconds left.
|inactive|GreenCatKid has 270 seconds left.
|
|t:|1729358514
|move|p1a: Milotic|Surf|p2a: Blissey
|-damage|p2a: Blissey|63/100 tox
|move|p2a: Blissey|Seismic Toss|p1a: Milotic
|-damage|p1a: Milotic|75/100
|
|-heal|p2a: Blissey|100/100 tox|[from] move: Wish|[wisher] Blissey
|-heal|p1a: Milotic|81/100|[from] item: Leftovers
|-damage|p2a: Blissey|88/100 tox|[from] psn
|upkeep
|turn|12
|inactive|GreenCatKid has 270 seconds left.
|
|t:|1729358528
|-curestatus|p2a: Blissey|tox|[from] ability: Natural Cure
|switch|p2a: Metagross|Metagross|98/100
|-damage|p2a: Metagross|81/100|[from] Spikes
|move|p1a: Milotic|Surf|p2a: Metagross
|-damage|p2a: Metagross|52/100
|
|-heal|p1a: Milotic|87/100|[from] item: Leftovers
|-heal|p2a: Metagross|58/100|[from] item: Leftovers
|upkeep
|turn|13
|inactive|GreenCatKid has 270 seconds left.
|
|t:|1729358549
|switch|p1a: Claydol|Claydol|100/100
|move|p2a: Metagross|Earthquake|p1a: Claydol
|-immune|p1a: Claydol
|
|-heal|p2a: Metagross|64/100|[from] item: Leftovers
|upkeep
|turn|14
|inactive|ComSeal has 180 seconds left.
|
|t:|1729358599
|switch|p2a: Salamence|Salamence, M|100/100
|-ability|p2a: Salamence|Intimidate|boost
|-unboost|p1a: Claydol|atk|1
|switch|p1a: Milotic|Milotic, M|87/100
|
|-heal|p1a: Milotic|93/100|[from] item: Leftovers
|upkeep
|turn|15
|inactive|ComSeal has 150 seconds left.
|
|t:|1729358628
|move|p2a: Salamence|Hidden Power|p1a: Milotic
|-damage|p1a: Milotic|51/100
|move|p1a: Milotic|Surf|p2a: Salamence
|-resisted|p2a: Salamence
|-damage|p2a: Salamence|80/100
|
|-heal|p1a: Milotic|57/100|[from] item: Leftovers
|upkeep
|turn|16
|inactive|ComSeal has 150 seconds left.
|inactive|GreenCatKid has 240 seconds left.
|
|t:|1729358653
|switch|p1a: Suicune|Suicune|100/100
|move|p2a: Salamence|Hidden Power|p1a: Suicune
|-damage|p1a: Suicune|72/100
|
|-heal|p1a: Suicune|78/100|[from] item: Leftovers
|upkeep
|turn|17
|inactive|GreenCatKid has 240 seconds left.
|inactive|ComSeal has 150 seconds left.
|
|t:|1729358675
|switch|p2a: Blissey|Blissey, F|88/100
|-damage|p2a: Blissey|71/100|[from] Spikes
|move|p1a: Suicune|Calm Mind|p1a: Suicune
|-boost|p1a: Suicune|spa|1
|-boost|p1a: Suicune|spd|1
|
|-heal|p1a: Suicune|84/100|[from] item: Leftovers
|-heal|p2a: Blissey|78/100|[from] item: Leftovers
|upkeep
|turn|18
|
|t:|1729358689
|move|p1a: Suicune|Calm Mind|p1a: Suicune
|-boost|p1a: Suicune|spa|1
|-boost|p1a: Suicune|spd|1
|move|p2a: Blissey|Seismic Toss|p1a: Suicune
|-damage|p1a: Suicune|59/100
|
|-heal|p1a: Suicune|65/100|[from] item: Leftovers
|-heal|p2a: Blissey|84/100|[from] item: Leftovers
|upkeep
|turn|19
|
|t:|1729358704
|move|p1a: Suicune|Rest|p1a: Suicune
|-status|p1a: Suicune|slp|[from] move: Rest
|-heal|p1a: Suicune|100/100 slp|[silent]
|move|p2a: Blissey|Seismic Toss|p1a: Suicune
|-damage|p1a: Suicune|76/100 slp
|
|-heal|p1a: Suicune|82/100 slp|[from] item: Leftovers
|-heal|p2a: Blissey|90/100|[from] item: Leftovers
|upkeep
|turn|20
|inactive|ComSeal has 150 seconds left.
|inactive|ComSeal has 120 seconds left.
|
|t:|1729358758
|switch|p1a: Milotic|Milotic, M|57/100
|switch|p2a: Salamence|Salamence, M|80/100
|-ability|p2a: Salamence|Intimidate|boost
|-unboost|p1a: Milotic|atk|1
|
|-heal|p1a: Milotic|63/100|[from] item: Leftovers
|upkeep
|turn|21
|
|t:|1729358768
|move|p2a: Salamence|Hidden Power|p1a: Milotic
|-damage|p1a: Milotic|21/100
|move|p1a: Milotic|Recover|p1a: Milotic
|-heal|p1a: Milotic|71/100
|
|-heal|p1a: Milotic|77/100|[from] item: Leftovers
|upkeep
|turn|22
|inactive|GreenCatKid has 210 seconds left.
|
|t:|1729358818
|move|p2a: Salamence|Hidden Power|p1a: Milotic
|-damage|p1a: Milotic|33/100
|move|p1a: Milotic|Recover|p1a: Milotic
|-heal|p1a: Milotic|83/100
|
|-heal|p1a: Milotic|90/100|[from] item: Leftovers
|upkeep
|turn|23
|
|t:|1729358823
|move|p2a: Salamence|Hidden Power|p1a: Milotic
|-damage|p1a: Milotic|49/100
|move|p1a: Milotic|Toxic|p2a: Salamence
|-status|p2a: Salamence|tox
|
|-damage|p2a: Salamence|74/100 tox|[from] psn
|-heal|p1a: Milotic|55/100|[from] item: Leftovers
|upkeep
|turn|24
|
|t:|1729358828
|move|p2a: Salamence|Hidden Power|p1a: Milotic
|-damage|p1a: Milotic|11/100
|move|p1a: Milotic|Recover|p1a: Milotic
|-heal|p1a: Milotic|61/100
|
|-damage|p2a: Salamence|62/100 tox|[from] psn
|-heal|p1a: Milotic|67/100|[from] item: Leftovers
|upkeep
|turn|25
|inactive|GreenCatKid has 210 seconds left.
|inactive|ComSeal has 150 seconds left.
|
|t:|1729358849
|switch|p2a: Metagross|Metagross|64/100
|-damage|p2a: Metagross|47/100|[from] Spikes
|move|p1a: Milotic|Recover|p1a: Milotic
|-heal|p1a: Milotic|100/100
|
|-heal|p2a: Metagross|54/100|[from] item: Leftovers
|upkeep
|turn|26
|inactive|GreenCatKid has 210 seconds left.
|
|t:|1729358865
|switch|p1a: Claydol|Claydol|100/100
|move|p2a: Metagross|Explosion|p1a: Claydol
|-damage|p1a: Claydol|0 fnt
|faint|p2a: Metagross
|faint|p1a: Claydol
|inactive|ComSeal has 150 seconds left.
|
|t:|1729358895
|switch|p2a: Claydol|Claydol|100/100
|switch|p1a: Milotic|Milotic, M|100/100
|
|upkeep
|turn|27
|
|t:|1729358902
|move|p1a: Milotic|Surf|p2a: Claydol
|-supereffective|p2a: Claydol
|-damage|p2a: Claydol|39/100
|move|p2a: Claydol|Explosion|p1a: Milotic
|-crit|p1a: Milotic
|-damage|p1a: Milotic|0 fnt
|faint|p2a: Claydol
|faint|p1a: Milotic
|
|t:|1729358921
|switch|p1a: Blissey|Blissey, F|100/100
|switch|p2a: Suicune|Suicune|100/100
|-damage|p2a: Suicune|84/100|[from] Spikes
|
|-heal|p2a: Suicune|90/100|[from] item: Leftovers
|upkeep
|turn|28
|
|t:|1729358939
|move|p2a: Suicune|Surf|p1a: Blissey
|-damage|p1a: Blissey|88/100
|move|p1a: Blissey|Aromatherapy|p1a: Blissey
|-cureteam|p1a: Blissey|[from] move: Aromatherapy
|
|-heal|p2a: Suicune|97/100|[from] item: Leftovers
|-heal|p1a: Blissey|94/100|[from] item: Leftovers
|upkeep
|turn|29
|
|t:|1729358948
|switch|p1a: Suicune|Suicune|82/100
|move|p2a: Suicune|Calm Mind|p2a: Suicune
|-boost|p2a: Suicune|spa|1
|-boost|p2a: Suicune|spd|1
|
|-heal|p2a: Suicune|100/100|[from] item: Leftovers
|-heal|p1a: Suicune|88/100|[from] item: Leftovers
|upkeep
|turn|30
|
|t:|1729358961
|move|p2a: Suicune|Surf|p1a: Suicune
|-resisted|p1a: Suicune
|-damage|p1a: Suicune|70/100
|move|p1a: Suicune|Roar|p2a: Suicune
|drag|p2a: Blissey|Blissey, F|90/100
|-damage|p2a: Blissey|73/100|[from] Spikes
|
|-heal|p1a: Suicune|76/100|[from] item: Leftovers
|-heal|p2a: Blissey|80/100|[from] item: Leftovers
|upkeep
|turn|31
|
|t:|1729358967
|move|p1a: Suicune|Calm Mind|p1a: Suicune
|-boost|p1a: Suicune|spa|1
|-boost|p1a: Suicune|spd|1
|move|p2a: Blissey|Seismic Toss|p1a: Suicune
|-damage|p1a: Suicune|52/100
|
|-heal|p1a: Suicune|58/100|[from] item: Leftovers
|-heal|p2a: Blissey|86/100|[from] item: Leftovers
|upkeep
|turn|32
|
|t:|1729358981
|move|p1a: Suicune|Calm Mind|p1a: Suicune
|-boost|p1a: Suicune|spa|1
|-boost|p1a: Suicune|spd|1
|move|p2a: Blissey|Wish|p2a: Blissey
|
|-heal|p1a: Suicune|64/100|[from] item: Leftovers
|-heal|p2a: Blissey|92/100|[from] item: Leftovers
|upkeep
|turn|33
|inactive|GreenCatKid has 240 seconds left.
|
|t:|1729358997
|move|p1a: Suicune|Surf|p2a: Blissey
|-damage|p2a: Blissey|67/100
|move|p2a: Blissey|Seismic Toss|p1a: Suicune
|-damage|p1a: Suicune|39/100
|
|-heal|p2a: Blissey|100/100|[from] move: Wish|[wisher] Blissey
|-heal|p1a: Suicune|46/100|[from] item: Leftovers
|upkeep
|turn|34
|inactive|GreenCatKid has 240 seconds left.
|inactive|ComSeal has 150 seconds left.
|
|t:|1729359017
|move|p1a: Suicune|Calm Mind|p1a: Suicune
|-boost|p1a: Suicune|spa|1
|-boost|p1a: Suicune|spd|1
|move|p2a: Blissey|Seismic Toss|p1a: Suicune
|-damage|p1a: Suicune|21/100
|
|-heal|p1a: Suicune|27/100|[from] item: Leftovers
|upkeep
|turn|35
|inactive|GreenCatKid has 240 seconds left.
|
|t:|1729359033
|move|p1a: Suicune|Calm Mind|p1a: Suicune
|-boost|p1a: Suicune|spa|1
|-boost|p1a: Suicune|spd|1
|move|p2a: Blissey|Seismic Toss|p1a: Suicune
|-damage|p1a: Suicune|2/100
|
|-heal|p1a: Suicune|8/100|[from] item: Leftovers
|upkeep
|turn|36
|inactive|ComSeal has 150 seconds left.
|
|t:|1729359045
|switch|p2a: Salamence|Salamence, M|62/100 tox
|-ability|p2a: Salamence|Intimidate|boost
|-unboost|p1a: Suicune|atk|1
|move|p1a: Suicune|Rest|p1a: Suicune
|-status|p1a: Suicune|slp|[from] move: Rest
|-heal|p1a: Suicune|100/100 slp|[silent]
|
|-damage|p2a: Salamence|56/100 tox|[from] psn
|upkeep
|turn|37
|inactive|ComSeal has 150 seconds left.
|
|t:|1729359051
|move|p2a: Salamence|Hidden Power|p1a: Suicune
|-damage|p1a: Suicune|67/100 slp
|cant|p1a: Suicune|slp
|
|-damage|p2a: Salamence|44/100 tox|[from] psn
|-heal|p1a: Suicune|73/100 slp|[from] item: Leftovers
|upkeep
|turn|38
|
|t:|1729359059
|move|p2a: Salamence|Hidden Power|p1a: Suicune
|-damage|p1a: Suicune|42/100 slp
|cant|p1a: Suicune|slp
|
|-damage|p2a: Salamence|26/100 tox|[from] psn
|-heal|p1a: Suicune|49/100 slp|[from] item: Leftovers
|upkeep
|turn|39
|
|t:|1729359064
|move|p2a: Salamence|Hidden Power|p1a: Suicune
|-damage|p1a: Suicune|16/100 slp
|-curestatus|p1a: Suicune|slp|[msg]
|move|p1a: Suicune|Rest|p1a: Suicune
|-status|p1a: Suicune|slp|[from] move: Rest
|-heal|p1a: Suicune|100/100 slp|[silent]
|
|-damage|p2a: Salamence|2/100 tox|[from] psn
|upkeep
|turn|40
|
|t:|1729359070
|move|p2a: Salamence|Hidden Power|p1a: Suicune
|-damage|p1a: Suicune|68/100 slp
|cant|p1a: Suicune|slp
|
|-damage|p2a: Salamence|0 fnt|[from] psn
|faint|p2a: Salamence
|-heal|p1a: Suicune|74/100 slp|[from] item: Leftovers
|upkeep
|
|t:|1729359076
|switch|p2a: Blissey|Blissey, F|100/100
|-damage|p2a: Blissey|84/100|[from] Spikes
|turn|41
|
|t:|1729359082
|cant|p1a: Suicune|slp
|move|p2a: Blissey|Seismic Toss|p1a: Suicune
|-damage|p1a: Suicune|49/100 slp
|
|-heal|p1a: Suicune|55/100 slp|[from] item: Leftovers
|-heal|p2a: Blissey|90/100|[from] item: Leftovers
|upkeep
|turn|42
|
|t:|1729359086
|-curestatus|p1a: Suicune|slp|[msg]
|move|p1a: Suicune|Calm Mind|p1a: Suicune
|-boost|p1a: Suicune|spa|1
|-boost|p1a: Suicune|spd|1
|move|p2a: Blissey|Seismic Toss|p1a: Suicune
|-damage|p1a: Suicune|31/100
|
|-heal|p1a: Suicune|37/100|[from] item: Leftovers
|-heal|p2a: Blissey|96/100|[from] item: Leftovers
|upkeep
|turn|43
|
|t:|1729359090
|move|p1a: Suicune|Calm Mind|p1a: Suicune
|-boost|p1a: Suicune|spa|1
|-boost|p1a: Suicune|spd|1
|move|p2a: Blissey|Ice Beam|p1a: Suicune
|-resisted|p1a: Suicune
|-damage|p1a: Suicune|35/100
|
|-heal|p1a: Suicune|41/100|[from] item: Leftovers
|-heal|p2a: Blissey|100/100|[from] item: Leftovers
|upkeep
|turn|44
|
|t:|1729359097
|move|p1a: Suicune|Rest|p1a: Suicune
|-status|p1a: Suicune|slp|[from] move: Rest
|-heal|p1a: Suicune|100/100 slp|[silent]
|move|p2a: Blissey|Ice Beam|p1a: Suicune
|-resisted|p1a: Suicune
|-damage|p1a: Suicune|99/100 slp
|
|-heal|p1a: Suicune|100/100 slp|[from] item: Leftovers
|upkeep
|turn|45
|
|t:|1729359100
|cant|p1a: Suicune|slp
|move|p2a: Blissey|Seismic Toss|p1a: Suicune
|-damage|p1a: Suicune|76/100 slp
|
|-heal|p1a: Suicune|82/100 slp|[from] item: Leftovers
|upkeep
|turn|46
|
|t:|1729359104
|cant|p1a: Suicune|slp
|move|p2a: Blissey|Seismic Toss|p1a: Suicune
|-damage|p1a: Suicune|57/100 slp
|
|-heal|p1a: Suicune|63/100 slp|[from] item: Leftovers
|upkeep
|turn|47
|
|t:|1729359108
|-curestatus|p1a: Suicune|slp|[msg]
|move|p1a: Suicune|Rest|p1a: Suicune
|-status|p1a: Suicune|slp|[from] move: Rest
|-heal|p1a: Suicune|100/100 slp|[silent]
|move|p2a: Blissey|Ice Beam|p1a: Suicune
|-resisted|p1a: Suicune
|-damage|p1a: Suicune|99/100 slp
|
|-heal|p1a: Suicune|100/100 slp|[from] item: Leftovers
|upkeep
|turn|48
|
|t:|1729359117
|cant|p1a: Suicune|slp
|move|p2a: Blissey|Wish|p2a: Blissey
|
|upkeep
|turn|49
|
|t:|1729359120
|cant|p1a: Suicune|slp
|move|p2a: Blissey|Seismic Toss|p1a: Suicune
|-damage|p1a: Suicune|76/100 slp
|
|-heal|p1a: Suicune|82/100 slp|[from] item: Leftovers
|upkeep
|turn|50
|
|t:|1729359129
|-curestatus|p1a: Suicune|slp|[msg]
|move|p1a: Suicune|Surf|p2a: Blissey
|-damage|p2a: Blissey|51/100
|move|p2a: Blissey|Seismic Toss|p1a: Suicune
|-damage|p1a: Suicune|57/100
|
|-heal|p1a: Suicune|63/100|[from] item: Leftovers
|-heal|p2a: Blissey|57/100|[from] item: Leftovers
|upkeep
|turn|51
|inactive|ComSeal has 270 seconds left.
|
|t:|1729359137
|move|p1a: Suicune|Surf|p2a: Blissey
|-damage|p2a: Blissey|7/100
|move|p2a: Blissey|Soft-Boiled|p2a: Blissey
|-heal|p2a: Blissey|57/100
|
|-heal|p1a: Suicune|70/100|[from] item: Leftovers
|-heal|p2a: Blissey|63/100|[from] item: Leftovers
|upkeep
|turn|52
|
|t:|1729359145
|move|p1a: Suicune|Surf|p2a: Blissey
|-damage|p2a: Blissey|19/100
|move|p2a: Blissey|Soft-Boiled|p2a: Blissey
|-heal|p2a: Blissey|69/100
|
|-heal|p1a: Suicune|76/100|[from] item: Leftovers
|-heal|p2a: Blissey|75/100|[from] item: Leftovers
|upkeep
|turn|53
|
|t:|1729359156
|move|p1a: Suicune|Surf|p2a: Blissey
|-damage|p2a: Blissey|30/100
|move|p2a: Blissey|Soft-Boiled|p2a: Blissey
|-heal|p2a: Blissey|80/100
|
|-heal|p1a: Suicune|82/100|[from] item: Leftovers
|-heal|p2a: Blissey|87/100|[from] item: Leftovers
|upkeep
|turn|54
|
|t:|1729359176
|move|p1a: Suicune|Calm Mind|p1a: Suicune
|-boost|p1a: Suicune|spa|0
|-boost|p1a: Suicune|spd|0
|move|p2a: Blissey|Soft-Boiled|p2a: Blissey
|-heal|p2a: Blissey|100/100
|
|-heal|p1a: Suicune|88/100|[from] item: Leftovers
|upkeep
|turn|55
|
|t:|1729359185
|move|p1a: Suicune|Surf|p2a: Blissey
|-damage|p2a: Blissey|56/100
|move|p2a: Blissey|Ice Beam|p1a: Suicune
|-resisted|p1a: Suicune
|-damage|p1a: Suicune|86/100
|
|-heal|p1a: Suicune|93/100|[from] item: Leftovers
|-heal|p2a: Blissey|63/100|[from] item: Leftovers
|upkeep
|turn|56
|
|t:|1729359203
|move|p1a: Suicune|Surf|p2a: Blissey
|-damage|p2a: Blissey|17/100
|move|p2a: Blissey|Soft-Boiled|p2a: Blissey
|-heal|p2a: Blissey|67/100
|
|-heal|p1a: Suicune|99/100|[from] item: Leftovers
|-heal|p2a: Blissey|74/100|[from] item: Leftovers
|upkeep
|turn|57
|
|t:|1729359226
|move|p1a: Suicune|Rest|p1a: Suicune
|-status|p1a: Suicune|slp|[from] move: Rest
|-heal|p1a: Suicune|100/100 slp|[silent]
|move|p2a: Blissey|Soft-Boiled|p2a: Blissey
|-heal|p2a: Blissey|100/100
|
|upkeep
|turn|58
|
|t:|1729359236
|cant|p1a: Suicune|slp
|move|p2a: Blissey|Seismic Toss|p1a: Suicune
|-damage|p1a: Suicune|76/100 slp
|
|-heal|p1a: Suicune|82/100 slp|[from] item: Leftovers
|upkeep
|turn|59
|
|t:|1729359239
|cant|p1a: Suicune|slp
|move|p2a: Blissey|Seismic Toss|p1a: Suicune
|-damage|p1a: Suicune|57/100 slp
|
|-heal|p1a: Suicune|63/100 slp|[from] item: Leftovers
|upkeep
|turn|60
|
|t:|1729359244
|-curestatus|p1a: Suicune|slp|[msg]
|move|p1a: Suicune|Rest|p1a: Suicune
|-status|p1a: Suicune|slp|[from] move: Rest
|-heal|p1a: Suicune|100/100 slp|[silent]
|move|p2a: Blissey|Ice Beam|p1a: Suicune
|-resisted|p1a: Suicune
|-damage|p1a: Suicune|99/100 slp
|
|-heal|p1a: Suicune|100/100 slp|[from] item: Leftovers
|upkeep
|turn|61
|
|t:|1729359247
|cant|p1a: Suicune|slp
|move|p2a: Blissey|Wish|p2a: Blissey
|
|upkeep
|turn|62
|
|t:|1729359252
|cant|p1a: Suicune|slp
|move|p2a: Blissey|Soft-Boiled||[still]
|-fail|p2a: Blissey|heal
|
|upkeep
|turn|63
|
|t:|1729359256
|-curestatus|p1a: Suicune|slp|[msg]
|move|p1a: Suicune|Calm Mind|p1a: Suicune
|-boost|p1a: Suicune|spa|0
|-boost|p1a: Suicune|spd|0
|move|p2a: Blissey|Ice Beam|p1a: Suicune
|-resisted|p1a: Suicune
|-damage|p1a: Suicune|99/100
|
|-heal|p1a: Suicune|100/100|[from] item: Leftovers
|upkeep
|turn|64
|
|t:|1729359269
|move|p1a: Suicune|Calm Mind|p1a: Suicune
|-boost|p1a: Suicune|spa|0
|-boost|p1a: Suicune|spd|0
|move|p2a: Blissey|Wish|p2a: Blissey
|
|upkeep
|turn|65
|
|t:|1729359276
|move|p1a: Suicune|Calm Mind|p1a: Suicune
|-boost|p1a: Suicune|spa|0
|-boost|p1a: Suicune|spd|0
|move|p2a: Blissey|Ice Beam|p1a: Suicune
|-resisted|p1a: Suicune
|-damage|p1a: Suicune|99/100
|
|-heal|p1a: Suicune|100/100|[from] item: Leftovers
|upkeep
|turn|66
|
|t:|1729359285
|move|p1a: Suicune|Rest|p1a: Suicune
|-fail|p1a: Suicune|heal
|move|p2a: Blissey|Ice Beam|p1a: Suicune
|-resisted|p1a: Suicune
|-damage|p1a: Suicune|99/100
|
|-heal|p1a: Suicune|100/100|[from] item: Leftovers
|upkeep
|turn|67
|
|t:|1729359296
|move|p1a: Suicune|Calm Mind|p1a: Suicune
|-boost|p1a: Suicune|spa|0
|-boost|p1a: Suicune|spd|0
|move|p2a: Blissey|Seismic Toss|p1a: Suicune
|-damage|p1a: Suicune|76/100
|
|-heal|p1a: Suicune|82/100|[from] item: Leftovers
|upkeep
|turn|68
|-message|ComSeal forfeited.
|
|win|GreenCatKid
|c|☆ComSeal|gg
|c|☆GreenCatKid|ggwp
|c|☆ComSeal|i hate this pokemon
|c|☆GreenCatKid|same
|c|☆GreenCatKid|but its really good
|c|☆GreenCatKid|which is why i brought it
|c|☆ComSeal|yeah

</script>
<script type="application/json" class="data" id="replaydata-smogtours-gen3ou-799964">
{"id":"smogtours-gen3ou-799964","format":"[Gen 3] OU","players":["GreenCatKid","ComSeal"],"uploadtime":1729359307,"views":128,"formatid":"gen3ou","rating":null,"private":0,"password":null}
</script>

<script defer src="js/replays.js?9d40a366"></script>
