<!DOCTYPE html>
<meta charset="utf-8" />
<meta name="viewport" content="width=device-width" />

<title>[Gen 3] OU: Dhrabb vs. lexitg - Replays - Pok&eacute;mon Showdown!</title>

<meta name="description" content="Watch a replay of a Pok&eacute;mon battle between Dhrabb and lexitg! Format: [Gen 3] OU; Date: Nov 3, 2024" />
<!--

Hey, you! Looking in the source for the replay log?

You can find them in JSON format, just add `.json` at the end of a replay URL.

https://replay.pokemonshowdown.com/gen7randomdoublesbattle-865046831.json

Or, if you only need the log itself, add `.log` instead:

https://replay.pokemonshowdown.com/gen7randomdoublesbattle-865046831.log

-->

<link rel="stylesheet" href="//pokemonshowdown.com/style/global.css?0.023195364461161105" />
<link rel="stylesheet" href="//play.pokemonshowdown.com/style/font-awesome.css?0.13261647063804238" />
<link rel="stylesheet" href="//play.pokemonshowdown.com/style/battle.css?0.8753245789963631" />
<link rel="stylesheet" href="//play.pokemonshowdown.com/style/utilichart.css?0.8627959624976733" />

<!-- Global site tag (gtag.js) - Google Analytics -->
<script async src="https://www.googletagmanager.com/gtag/js?id=UA-26211653-1"></script>
<script>
  window.dataLayer = window.dataLayer || [];
  function gtag(){dataLayer.push(arguments);}
  gtag('js', new Date());

  gtag('config', 'UA-26211653-1');
</script>
<!-- End Google Analytics -->
<!-- Venatus Ad Manager - Install in <HEAD> of page -->
	<script src="https://hb.vntsm.com/v3/live/ad-manager.min.js" type="text/javascript" data-site-id="642aba63ec9a7b11c3c9c1be" data-mode="scan" async></script>
<!-- / Venatus Ad Manager -->

<style>
	@media (max-width:820px) {
		.battle {
			margin: 0 auto;
		}
		.battle-log {
			margin: 7px auto 0;
			max-width: 640px;
			height: 300px;
			position: static;
		}
	}
	.optgroup {
		display: inline-block;
		line-height: 22px;
		font-size: 10pt;
	}
	.optgroup .button {
		height: 25px;
		padding-top: 0;
		padding-bottom: 0;
	}
	.optgroup button.button {
		padding-left: 12px;
		padding-right: 12px;
	}
	.linklist {
		list-style: none;
		margin: 0.5em 0;
		padding: 0;
	}
	.linklist li {
		padding: 2px 0;
	}
	.sidebar {
		float: left;
		width: 320px;
	}
	.bar-wrapper {
		max-width: 1100px;
		margin: 0 auto;
	}
	.bar-wrapper.has-sidebar {
		max-width: 1430px;
	}
	.mainbar {
		margin: 0;
		padding-right: 1px;
	}
	.mainbar.has-sidebar {
		margin-left: 330px;
	}
	@media (min-width: 1511px) {
		.sidebar {
			width: 400px;
		}
		.bar-wrapper.has-sidebar {
			max-width: 1510px;
		}
		.mainbar.has-sidebar {
			margin-left: 410px;
		}
	}
	.section.first-section {
		margin-top: 9px;
	}
	.blocklink small {
		white-space: normal;
	}
	.button {
		vertical-align: middle;
	}
	.replay-controls {
		padding-top: 10px;
	}
	.replay-controls h1 {
		font-size: 16pt;
		font-weight: normal;
		color: #CCC;
	}
	.pagelink {
		text-align: center;
	}
	.pagelink a {
		width: 150px;
	}
	.textbox, .button {
		font-size: 11pt;
		vertical-align: middle;
	}
	@media (max-width: 450px) {
		.button {
			font-size: 9pt;
		}
	}
</style>

<div>

	<header>
		<div class="nav-wrapper"><ul class="nav">
			<li><a class="button nav-first" href="//pokemonshowdown.com/"><img src="//pokemonshowdown.com/images/pokemonshowdownbeta.png" srcset="//pokemonshowdown.com/images/pokemonshowdownbeta.png 1x, //pokemonshowdown.com/images/pokemonshowdownbeta@2x.png 2x" alt="Pok&eacute;mon Showdown" width="146" height="44" /> Home</a></li>
			<li><a class="button" href="//pokemonshowdown.com/dex/">Pok&eacute;dex</a></li>
			<li><a class="button cur" href="/">Replays</a></li>
			<li><a class="button" href="//pokemonshowdown.com/ladder/">Ladder</a></li>
			<li><a class="button nav-last" href="//pokemonshowdown.com/forums/">Forum</a></li>
			<li><a class="button greenbutton nav-first nav-last" href="//play.pokemonshowdown.com/">Play</a></li>
		</ul></div>
	</header>

	<div class="main" id="main">

		<noscript><section class="section">You need to enable JavaScript to use this page; sorry!</section></noscript>

	</div>

</div>

<script defer nomodule src="//play.pokemonshowdown.com/js/lib/ps-polyfill.js"></script>
<script defer src="//play.pokemonshowdown.com/js/lib/preact.min.js"></script>

<script defer src="//play.pokemonshowdown.com/config/config.js?2bddbc15"></script>
<script defer src="//play.pokemonshowdown.com/js/lib/jquery-1.11.0.min.js"></script>
<script defer src="//play.pokemonshowdown.com/js/lib/html-sanitizer-minified.js"></script>
<script defer src="//play.pokemonshowdown.com/js/battle-sound.js"></script>
<script defer src="//play.pokemonshowdown.com/js/battledata.js?0.7209276989879541"></script>
<script defer src="//play.pokemonshowdown.com/data/pokedex-mini.js?0.6111056340867951"></script>
<script defer src="//play.pokemonshowdown.com/data/pokedex-mini-bw.js?0.3532142036491459"></script>
<script defer src="//play.pokemonshowdown.com/data/graphics.js?0.24223875632456182"></script>
<script defer src="//play.pokemonshowdown.com/data/pokedex.js?0.38839984266356864"></script>
<script defer src="//play.pokemonshowdown.com/data/moves.js?0.21866028504024015"></script>
<script defer src="//play.pokemonshowdown.com/data/abilities.js?0.2005157953846628"></script>
<script defer src="//play.pokemonshowdown.com/data/items.js?0.9894211263848525"></script>
<script defer src="//play.pokemonshowdown.com/data/teambuilder-tables.js?0.6008791140282215"></script>
<script defer src="//play.pokemonshowdown.com/js/battle-tooltips.js?0.7580118955022959"></script>
<script defer src="//play.pokemonshowdown.com/js/battle.js?0.6057722274234274"></script>

<script defer src="js/utils.js?e31f9a17"></script>
<script defer src="js/replays-battle.js?7008c182"></script>

<!-- don't scrape this data! just add .json or .log after the URL!
Full API docs: https://github.com/smogon/pokemon-showdown-client/blob/master/WEB-API.md -->
<script type="text/plain" class="log" id="replaylog-smogtours-gen3ou-804416">
|inactive|Battle timer is ON: inactive players will automatically lose when time's up.
|badge|p1|bronze|gen9ou|100-3
|uhtml|medal-msg|<div class="broadcast-blue">Curious what those medals under the avatar are? PS now has Ladder Seasons! For more information, check out the <a href="https://www.smogon.com/forums/threads/3740067/">thread on Smogon.<\/a><\/div>
|t:|1730654287
|gametype|singles
|player|p1|Dhrabb|#wcop2024bangladesh|
|player|p2|lexitg|102|
|teamsize|p1|6
|teamsize|p2|6
|gen|3
|tier|[Gen 3] OU
|rule|Sleep Clause Mod: Limit one foe put to sleep
|rule|Switch Priority Clause Mod: Faster Pokémon switch first
|rule|Species Clause: Limit one of each Pokémon
|rule|OHKO Clause: OHKO moves are banned
|rule|Evasion Items Clause: Evasion items are banned
|rule|Evasion Moves Clause: Evasion moves are banned
|rule|Endless Battle Clause: Forcing endless battles is banned
|rule|HP Percentage Mod: HP is shown in percentages
|rule|One Boost Passer Clause: Limit one Baton Passer that has a way to boost its stats
|rule|Freeze Clause Mod: Limit one foe frozen
|
|t:|1730654287
|start
|switch|p1a: Tyranitar|Tyranitar, M|100/100
|switch|p2a: Salamence|Salamence, F|100/100
|-ability|p2a: Salamence|Intimidate|boost
|-unboost|p1a: Tyranitar|atk|1
|-weather|Sandstorm|[from] ability: Sand Stream|[of] p1a: Tyranitar
|turn|1
|
|t:|1730654296
|switch|p1a: Skarmory|Skarmory, F|100/100
|move|p2a: Salamence|Brick Break|p1a: Skarmory
|-damage|p1a: Skarmory|66/100
|
|-weather|Sandstorm|[upkeep]
|-damage|p2a: Salamence|94/100|[from] Sandstorm
|-heal|p1a: Skarmory|72/100|[from] item: Leftovers
|upkeep
|turn|2
|
|t:|1730654306
|switch|p2a: Magneton|Magneton|100/100
|move|p1a: Skarmory|Spikes|p2a: Magneton
|-sidestart|p2: lexitg|Spikes
|
|-weather|Sandstorm|[upkeep]
|-heal|p1a: Skarmory|78/100|[from] item: Leftovers
|upkeep
|turn|3
|
|t:|1730654310
|move|p1a: Skarmory|Protect|p1a: Skarmory
|-singleturn|p1a: Skarmory|Protect
|move|p2a: Magneton|Thunderbolt|p1a: Skarmory
|-activate|p1a: Skarmory|Protect
|
|-weather|Sandstorm|[upkeep]
|-heal|p1a: Skarmory|84/100|[from] item: Leftovers
|upkeep
|turn|4
|
|t:|1730654313
|move|p1a: Skarmory|Protect||[still]
|-fail|p1a: Skarmory
|move|p2a: Magneton|Thunderbolt|p1a: Skarmory
|-supereffective|p1a: Skarmory
|-damage|p1a: Skarmory|0 fnt
|faint|p1a: Skarmory
|
|t:|1730654318
|switch|p1a: Flygon|Flygon, F|100/100
|
|-weather|Sandstorm|[upkeep]
|upkeep
|turn|5
|
|t:|1730654341
|switch|p2a: Skarmory|Skarmory, M|100/100
|move|p1a: Flygon|Earthquake|p2a: Skarmory
|-immune|p2a: Skarmory
|
|-weather|Sandstorm|[upkeep]
|upkeep
|turn|6
|
|t:|1730654352
|switch|p1a: Gengar|Gengar, M|100/100
|switch|p2a: Blissey|Blissey, F|100/100
|-damage|p2a: Blissey|88/100|[from] Spikes
|
|-weather|Sandstorm|[upkeep]
|-damage|p1a: Gengar|94/100|[from] Sandstorm
|-damage|p2a: Blissey|82/100|[from] Sandstorm
|-heal|p1a: Gengar|100/100|[from] item: Leftovers
|-heal|p2a: Blissey|88/100|[from] item: Leftovers
|upkeep
|turn|7
|
|t:|1730654358
|move|p1a: Gengar|Will-O-Wisp|p2a: Blissey
|-status|p2a: Blissey|brn
|move|p2a: Blissey|Ice Beam|p1a: Gengar
|-damage|p1a: Gengar|70/100
|
|-weather|Sandstorm|[upkeep]
|-damage|p1a: Gengar|64/100|[from] Sandstorm
|-damage|p2a: Blissey|82/100 brn|[from] Sandstorm
|-heal|p1a: Gengar|70/100|[from] item: Leftovers
|-heal|p2a: Blissey|88/100 brn|[from] item: Leftovers
|-damage|p2a: Blissey|76/100 brn|[from] brn
|upkeep
|turn|8
|inactive|lexitg has 270 seconds left.
|
|t:|1730654389
|switch|p1a: Jirachi|Jirachi|100/100
|-curestatus|p2a: Blissey|brn|[from] ability: Natural Cure
|switch|p2a: Zapdos|Zapdos|100/100
|
|-weather|Sandstorm|[upkeep]
|-damage|p2a: Zapdos|94/100|[from] Sandstorm
|-heal|p2a: Zapdos|100/100|[from] item: Leftovers
|upkeep
|turn|9
|
|t:|1730654395
|move|p2a: Zapdos|Thunderbolt|p1a: Jirachi
|-crit|p1a: Jirachi
|-damage|p1a: Jirachi|48/100
|move|p1a: Jirachi|Toxic|p2a: Zapdos|[miss]
|-miss|p1a: Jirachi|p2a: Zapdos
|
|-weather|Sandstorm|[upkeep]
|-damage|p2a: Zapdos|94/100|[from] Sandstorm
|-heal|p2a: Zapdos|100/100|[from] item: Leftovers
|-heal|p1a: Jirachi|54/100|[from] item: Leftovers
|upkeep
|turn|10
|
|t:|1730654405
|switch|p2a: Blissey|Blissey, F|76/100
|-damage|p2a: Blissey|63/100|[from] Spikes
|move|p1a: Jirachi|Wish|p1a: Jirachi
|
|-weather|Sandstorm|[upkeep]
|-damage|p2a: Blissey|57/100|[from] Sandstorm
|-heal|p1a: Jirachi|61/100|[from] item: Leftovers
|-heal|p2a: Blissey|63/100|[from] item: Leftovers
|upkeep
|turn|11
|
|t:|1730654408
|move|p1a: Jirachi|Toxic|p2a: Blissey
|-status|p2a: Blissey|tox
|move|p2a: Blissey|Soft-Boiled|p2a: Blissey
|-heal|p2a: Blissey|100/100 tox
|
|-heal|p1a: Jirachi|100/100|[from] move: Wish|[wisher] Jirachi
|-weather|Sandstorm|[upkeep]
|-damage|p2a: Blissey|94/100 tox|[from] Sandstorm
|-heal|p2a: Blissey|100/100 tox|[from] item: Leftovers
|-damage|p2a: Blissey|94/100 tox|[from] psn
|upkeep
|turn|12
|
|t:|1730654417
|move|p1a: Jirachi|Wish|p1a: Jirachi
|move|p2a: Blissey|Wish|p2a: Blissey
|
|-weather|Sandstorm|[upkeep]
|-damage|p2a: Blissey|88/100 tox|[from] Sandstorm
|-heal|p2a: Blissey|94/100 tox|[from] item: Leftovers
|-damage|p2a: Blissey|82/100 tox|[from] psn
|upkeep
|turn|13
|
|t:|1730654431
|switch|p1a: Gengar|Gengar, M|70/100
|-curestatus|p2a: Blissey|tox|[from] ability: Natural Cure
|switch|p2a: Magneton|Magneton|100/100
|-damage|p2a: Magneton|88/100|[from] Spikes
|
|-heal|p2a: Magneton|100/100|[from] move: Wish|[wisher] Blissey
|-heal|p1a: Gengar|100/100|[from] move: Wish|[wisher] Jirachi
|-weather|Sandstorm|[upkeep]
|-damage|p1a: Gengar|94/100|[from] Sandstorm
|-heal|p1a: Gengar|100/100|[from] item: Leftovers
|upkeep
|turn|14
|
|t:|1730654439
|switch|p1a: Flygon|Flygon, F|100/100
|move|p2a: Magneton|Thunderbolt|p1a: Flygon
|-immune|p1a: Flygon
|
|-weather|Sandstorm|[upkeep]
|upkeep
|turn|15
|
|t:|1730654448
|switch|p2a: Skarmory|Skarmory, M|100/100
|switch|p1a: Moltres|Moltres|100/100
|
|-weather|Sandstorm|[upkeep]
|-damage|p1a: Moltres|94/100|[from] Sandstorm
|-heal|p1a: Moltres|100/100|[from] item: Leftovers
|upkeep
|turn|16
|
|t:|1730654452
|switch|p2a: Blissey|Blissey, F|82/100
|-damage|p2a: Blissey|70/100|[from] Spikes
|move|p1a: Moltres|Will-O-Wisp|p2a: Blissey
|-status|p2a: Blissey|brn
|
|-weather|Sandstorm|[upkeep]
|-damage|p1a: Moltres|94/100|[from] Sandstorm
|-damage|p2a: Blissey|63/100 brn|[from] Sandstorm
|-heal|p1a: Moltres|100/100|[from] item: Leftovers
|-heal|p2a: Blissey|70/100 brn|[from] item: Leftovers
|-damage|p2a: Blissey|57/100 brn|[from] brn
|upkeep
|turn|17
|
|t:|1730654459
|switch|p1a: Tyranitar|Tyranitar, M|100/100
|move|p2a: Blissey|Soft-Boiled|p2a: Blissey
|-heal|p2a: Blissey|100/100 brn
|
|-weather|Sandstorm|[upkeep]
|-damage|p2a: Blissey|94/100 brn|[from] Sandstorm
|-heal|p2a: Blissey|100/100 brn|[from] item: Leftovers
|-damage|p2a: Blissey|88/100 brn|[from] brn
|upkeep
|turn|18
|
|t:|1730654473
|switch|p1a: Gengar|Gengar, M|100/100
|-curestatus|p2a: Blissey|brn|[from] ability: Natural Cure
|switch|p2a: Skarmory|Skarmory, M|100/100
|
|-weather|Sandstorm|[upkeep]
|-damage|p1a: Gengar|94/100|[from] Sandstorm
|-heal|p1a: Gengar|100/100|[from] item: Leftovers
|upkeep
|turn|19
|
|t:|1730654479
|move|p2a: Skarmory|Protect|p2a: Skarmory
|-singleturn|p2a: Skarmory|Protect
|move|p1a: Gengar|Will-O-Wisp|p2a: Skarmory
|-activate|p2a: Skarmory|Protect
|
|-weather|Sandstorm|[upkeep]
|-damage|p1a: Gengar|94/100|[from] Sandstorm
|-heal|p1a: Gengar|100/100|[from] item: Leftovers
|upkeep
|turn|20
|
|t:|1730654487
|switch|p2a: Magneton|Magneton|100/100
|-damage|p2a: Magneton|88/100|[from] Spikes
|move|p1a: Gengar|Will-O-Wisp|p2a: Magneton
|-status|p2a: Magneton|brn
|
|-weather|Sandstorm|[upkeep]
|-damage|p1a: Gengar|94/100|[from] Sandstorm
|-heal|p1a: Gengar|100/100|[from] item: Leftovers
|-damage|p2a: Magneton|76/100 brn|[from] brn
|upkeep
|turn|21
|
|t:|1730654490
|switch|p1a: Jirachi|Jirachi|100/100
|move|p2a: Magneton|Toxic|p1a: Jirachi
|-immune|p1a: Jirachi
|
|-weather|Sandstorm|[upkeep]
|-damage|p2a: Magneton|63/100 brn|[from] brn
|upkeep
|turn|22
|
|t:|1730654497
|move|p2a: Magneton|Hidden Power|p1a: Jirachi
|-supereffective|p1a: Jirachi
|-damage|p1a: Jirachi|66/100
|move|p1a: Jirachi|Wish|p1a: Jirachi
|
|-weather|Sandstorm|[upkeep]
|-damage|p2a: Magneton|51/100 brn|[from] brn
|-heal|p1a: Jirachi|72/100|[from] item: Leftovers
|upkeep
|turn|23
|
|t:|1730654500
|switch|p2a: Blissey|Blissey, F|88/100
|-damage|p2a: Blissey|76/100|[from] Spikes
|move|p1a: Jirachi|Fire Punch|p2a: Blissey
|-damage|p2a: Blissey|68/100
|
|-heal|p1a: Jirachi|100/100|[from] move: Wish|[wisher] Jirachi
|-weather|Sandstorm|[upkeep]
|-damage|p2a: Blissey|62/100|[from] Sandstorm
|-heal|p2a: Blissey|68/100|[from] item: Leftovers
|upkeep
|turn|24
|
|t:|1730654504
|move|p1a: Jirachi|Toxic|p2a: Blissey
|-status|p2a: Blissey|tox
|move|p2a: Blissey|Wish|p2a: Blissey
|
|-weather|Sandstorm|[upkeep]
|-damage|p2a: Blissey|62/100 tox|[from] Sandstorm
|-heal|p2a: Blissey|68/100 tox|[from] item: Leftovers
|-damage|p2a: Blissey|62/100 tox|[from] psn
|upkeep
|turn|25
|
|t:|1730654513
|switch|p1a: Tyranitar|Tyranitar, M|100/100
|-curestatus|p2a: Blissey|tox|[from] ability: Natural Cure
|switch|p2a: Magneton|Magneton|51/100 brn
|-damage|p2a: Magneton|39/100 brn|[from] Spikes
|
|-heal|p2a: Magneton|89/100 brn|[from] move: Wish|[wisher] Blissey
|-weather|Sandstorm|[upkeep]
|-damage|p2a: Magneton|76/100 brn|[from] brn
|upkeep
|turn|26
|
|t:|1730654527
|switch|p2a: Skarmory|Skarmory, M|100/100
|switch|p1a: Jirachi|Jirachi|100/100
|
|-weather|Sandstorm|[upkeep]
|upkeep
|turn|27
|
|t:|1730654533
|move|p1a: Jirachi|Fire Punch|p2a: Skarmory
|-supereffective|p2a: Skarmory
|-damage|p2a: Skarmory|71/100
|move|p2a: Skarmory|Spikes|p1a: Jirachi
|-sidestart|p1: Dhrabb|Spikes
|
|-weather|Sandstorm|[upkeep]
|-heal|p2a: Skarmory|77/100|[from] item: Leftovers
|upkeep
|turn|28
|
|t:|1730654537
|switch|p1a: Moltres|Moltres|100/100
|move|p2a: Skarmory|Protect||[still]
|-fail|p2a: Skarmory
|
|-weather|Sandstorm|[upkeep]
|-damage|p1a: Moltres|94/100|[from] Sandstorm
|-heal|p1a: Moltres|100/100|[from] item: Leftovers
|-heal|p2a: Skarmory|83/100|[from] item: Leftovers
|upkeep
|turn|29
|
|t:|1730654541
|move|p2a: Skarmory|Protect|p2a: Skarmory
|-singleturn|p2a: Skarmory|Protect
|move|p1a: Moltres|Fire Blast|p2a: Skarmory
|-activate|p2a: Skarmory|Protect
|
|-weather|Sandstorm|[upkeep]
|-damage|p1a: Moltres|94/100|[from] Sandstorm
|-heal|p1a: Moltres|100/100|[from] item: Leftovers
|-heal|p2a: Skarmory|89/100|[from] item: Leftovers
|upkeep
|turn|30
|
|t:|1730654564
|switch|p2a: Magneton|Magneton|76/100 brn
|-damage|p2a: Magneton|64/100 brn|[from] Spikes
|move|p1a: Moltres|Fire Blast|p2a: Magneton
|-supereffective|p2a: Magneton
|-damage|p2a: Magneton|0 fnt
|faint|p2a: Magneton
|
|t:|1730654566
|switch|p2a: Blissey|Blissey, F|62/100
|-damage|p2a: Blissey|50/100|[from] Spikes
|
|-weather|Sandstorm|[upkeep]
|-damage|p1a: Moltres|94/100|[from] Sandstorm
|-damage|p2a: Blissey|44/100|[from] Sandstorm
|-heal|p1a: Moltres|100/100|[from] item: Leftovers
|-heal|p2a: Blissey|50/100|[from] item: Leftovers
|upkeep
|turn|31
|
|t:|1730654571
|move|p1a: Moltres|Will-O-Wisp|p2a: Blissey
|-status|p2a: Blissey|brn
|move|p2a: Blissey|Soft-Boiled|p2a: Blissey
|-heal|p2a: Blissey|99/100 brn
|
|-weather|Sandstorm|[upkeep]
|-damage|p1a: Moltres|94/100|[from] Sandstorm
|-damage|p2a: Blissey|94/100 brn|[from] Sandstorm
|-heal|p1a: Moltres|100/100|[from] item: Leftovers
|-heal|p2a: Blissey|99/100 brn|[from] item: Leftovers
|-damage|p2a: Blissey|87/100 brn|[from] brn
|upkeep
|turn|32
|
|t:|1730654586
|switch|p1a: Tyranitar|Tyranitar, M|100/100
|-damage|p1a: Tyranitar|88/100|[from] Spikes
|-curestatus|p2a: Blissey|brn|[from] ability: Natural Cure
|switch|p2a: Swampert|Swampert, M|100/100
|-damage|p2a: Swampert|88/100|[from] Spikes
|
|-weather|Sandstorm|[upkeep]
|-heal|p1a: Tyranitar|94/100|[from] item: Leftovers
|-heal|p2a: Swampert|94/100|[from] item: Leftovers
|upkeep
|turn|33
|
|t:|1730654603
|switch|p1a: Jirachi|Jirachi|100/100
|-damage|p1a: Jirachi|88/100|[from] Spikes
|move|p2a: Swampert|Rock Slide|p1a: Jirachi|[miss]
|-miss|p2a: Swampert|p1a: Jirachi
|
|-weather|Sandstorm|[upkeep]
|-heal|p1a: Jirachi|94/100|[from] item: Leftovers
|-heal|p2a: Swampert|100/100|[from] item: Leftovers
|upkeep
|turn|34
|
|t:|1730654615
|switch|p2a: Blissey|Blissey, F|87/100
|-damage|p2a: Blissey|75/100|[from] Spikes
|move|p1a: Jirachi|Toxic|p2a: Blissey|[miss]
|-miss|p1a: Jirachi|p2a: Blissey
|
|-weather|Sandstorm|[upkeep]
|-damage|p2a: Blissey|69/100|[from] Sandstorm
|-heal|p1a: Jirachi|100/100|[from] item: Leftovers
|-heal|p2a: Blissey|75/100|[from] item: Leftovers
|upkeep
|turn|35
|
|t:|1730654624
|move|p1a: Jirachi|Toxic|p2a: Blissey
|-status|p2a: Blissey|tox
|move|p2a: Blissey|Seismic Toss|p1a: Jirachi
|-damage|p1a: Jirachi|76/100
|
|-weather|Sandstorm|[upkeep]
|-damage|p2a: Blissey|69/100 tox|[from] Sandstorm
|-heal|p1a: Jirachi|82/100|[from] item: Leftovers
|-heal|p2a: Blissey|75/100 tox|[from] item: Leftovers
|-damage|p2a: Blissey|69/100 tox|[from] psn
|upkeep
|turn|36
|
|t:|1730654631
|move|p1a: Jirachi|Wish|p1a: Jirachi
|move|p2a: Blissey|Soft-Boiled|p2a: Blissey
|-heal|p2a: Blissey|100/100 tox
|
|-weather|Sandstorm|[upkeep]
|-damage|p2a: Blissey|94/100 tox|[from] Sandstorm
|-heal|p1a: Jirachi|88/100|[from] item: Leftovers
|-heal|p2a: Blissey|100/100 tox|[from] item: Leftovers
|-damage|p2a: Blissey|88/100 tox|[from] psn
|upkeep
|turn|37
|
|t:|1730654641
|switch|p1a: Gengar|Gengar, M|100/100
|-curestatus|p2a: Blissey|tox|[from] ability: Natural Cure
|switch|p2a: Swampert|Swampert, M|100/100
|-damage|p2a: Swampert|88/100|[from] Spikes
|
|-weather|Sandstorm|[upkeep]
|-damage|p1a: Gengar|94/100|[from] Sandstorm
|-heal|p1a: Gengar|100/100|[from] item: Leftovers
|-heal|p2a: Swampert|94/100|[from] item: Leftovers
|upkeep
|turn|38
|
|t:|1730654645
|move|p2a: Swampert|Protect|p2a: Swampert
|-singleturn|p2a: Swampert|Protect
|move|p1a: Gengar|Will-O-Wisp|p2a: Swampert|[miss]
|-miss|p1a: Gengar|p2a: Swampert
|
|-weather|Sandstorm|[upkeep]
|-damage|p1a: Gengar|94/100|[from] Sandstorm
|-heal|p1a: Gengar|100/100|[from] item: Leftovers
|-heal|p2a: Swampert|100/100|[from] item: Leftovers
|upkeep
|turn|39
|
|t:|1730654653
|switch|p2a: Zapdos|Zapdos|100/100
|move|p1a: Gengar|Will-O-Wisp|p2a: Zapdos
|-status|p2a: Zapdos|brn
|
|-weather|Sandstorm|[upkeep]
|-damage|p1a: Gengar|94/100|[from] Sandstorm
|-damage|p2a: Zapdos|94/100 brn|[from] Sandstorm
|-heal|p1a: Gengar|100/100|[from] item: Leftovers
|-heal|p2a: Zapdos|100/100 brn|[from] item: Leftovers
|-damage|p2a: Zapdos|88/100 brn|[from] brn
|upkeep
|turn|40
|
|t:|1730654658
|switch|p1a: Jirachi|Jirachi|88/100
|-damage|p1a: Jirachi|76/100|[from] Spikes
|move|p2a: Zapdos|Thunderbolt|p1a: Jirachi
|-damage|p1a: Jirachi|48/100
|
|-weather|Sandstorm|[upkeep]
|-damage|p2a: Zapdos|82/100 brn|[from] Sandstorm
|-heal|p2a: Zapdos|88/100 brn|[from] item: Leftovers
|-damage|p2a: Zapdos|76/100 brn|[from] brn
|-heal|p1a: Jirachi|54/100|[from] item: Leftovers
|upkeep
|turn|41
|
|t:|1730654684
|move|p2a: Zapdos|Thunderbolt|p1a: Jirachi
|-damage|p1a: Jirachi|25/100
|move|p1a: Jirachi|Wish|p1a: Jirachi
|
|-weather|Sandstorm|[upkeep]
|-damage|p2a: Zapdos|70/100 brn|[from] Sandstorm
|-heal|p2a: Zapdos|76/100 brn|[from] item: Leftovers
|-damage|p2a: Zapdos|64/100 brn|[from] brn
|-heal|p1a: Jirachi|31/100|[from] item: Leftovers
|upkeep
|turn|42
|
|t:|1730654699
|move|p2a: Zapdos|Rest|p2a: Zapdos
|-status|p2a: Zapdos|slp|[from] move: Rest
|-heal|p2a: Zapdos|100/100 slp|[silent]
|move|p1a: Jirachi|Fire Punch|p2a: Zapdos
|-damage|p2a: Zapdos|88/100 slp
|
|-heal|p1a: Jirachi|81/100|[from] move: Wish|[wisher] Jirachi
|-weather|Sandstorm|[upkeep]
|-damage|p2a: Zapdos|82/100 slp|[from] Sandstorm
|-heal|p2a: Zapdos|88/100 slp|[from] item: Leftovers
|-heal|p1a: Jirachi|87/100|[from] item: Leftovers
|upkeep
|turn|43
|
|t:|1730654707
|switch|p1a: Tyranitar|Tyranitar, M|94/100
|-damage|p1a: Tyranitar|82/100|[from] Spikes
|cant|p2a: Zapdos|slp
|
|-weather|Sandstorm|[upkeep]
|-damage|p2a: Zapdos|82/100 slp|[from] Sandstorm
|-heal|p2a: Zapdos|88/100 slp|[from] item: Leftovers
|-heal|p1a: Tyranitar|88/100|[from] item: Leftovers
|upkeep
|turn|44
|
|t:|1730654711
|switch|p2a: Swampert|Swampert, M|100/100
|-damage|p2a: Swampert|88/100|[from] Spikes
|move|p1a: Tyranitar|Ice Beam|p2a: Swampert
|-damage|p2a: Swampert|64/100
|-status|p2a: Swampert|frz
|
|-weather|Sandstorm|[upkeep]
|-heal|p1a: Tyranitar|94/100|[from] item: Leftovers
|-heal|p2a: Swampert|70/100 frz|[from] item: Leftovers
|upkeep
|turn|45
|
|t:|1730654719
|move|p1a: Tyranitar|Crunch|p2a: Swampert
|-damage|p2a: Swampert|34/100 frz
|cant|p2a: Swampert|frz
|
|-weather|Sandstorm|[upkeep]
|-heal|p1a: Tyranitar|100/100|[from] item: Leftovers
|-heal|p2a: Swampert|41/100 frz|[from] item: Leftovers
|upkeep
|turn|46
|
|t:|1730654722
|cant|p2a: Swampert|frz
|move|p1a: Tyranitar|Crunch|p2a: Swampert
|-damage|p2a: Swampert|8/100 frz
|
|-weather|Sandstorm|[upkeep]
|-heal|p2a: Swampert|14/100 frz|[from] item: Leftovers
|upkeep
|turn|47
|
|t:|1730654727
|cant|p2a: Swampert|frz
|move|p1a: Tyranitar|Crunch|p2a: Swampert
|-damage|p2a: Swampert|0 fnt
|faint|p2a: Swampert
|
|t:|1730654730
|switch|p2a: Salamence|Salamence, F|94/100
|-ability|p2a: Salamence|Intimidate|boost
|-unboost|p1a: Tyranitar|atk|1
|
|-weather|Sandstorm|[upkeep]
|-damage|p2a: Salamence|88/100|[from] Sandstorm
|upkeep
|turn|48
|c|☆Dhrabb|Mb
|
|t:|1730654739
|switch|p1a: Flygon|Flygon, F|100/100
|move|p2a: Salamence|Hidden Power|p1a: Flygon
|-crit|p1a: Flygon
|-damage|p1a: Flygon|0 fnt
|faint|p1a: Flygon
|c|☆Dhrabb|Well that makes up for it
|
|t:|1730654750
|switch|p1a: Tyranitar|Tyranitar, M|100/100
|-damage|p1a: Tyranitar|88/100|[from] Spikes
|
|-weather|Sandstorm|[upkeep]
|-damage|p2a: Salamence|82/100|[from] Sandstorm
|-heal|p1a: Tyranitar|94/100|[from] item: Leftovers
|upkeep
|turn|49
|c|☆lexitg|lmao
|
|t:|1730654773
|-activate|p2a: Salamence|move: Pursuit
|move|p1a: Tyranitar|Pursuit|p2a: Salamence|[from]Pursuit
|-damage|p2a: Salamence|40/100
|switch|p2a: Skarmory|Skarmory, M|89/100
|
|-weather|Sandstorm|[upkeep]
|-heal|p2a: Skarmory|95/100|[from] item: Leftovers
|-heal|p1a: Tyranitar|100/100|[from] item: Leftovers
|upkeep
|turn|50
|
|t:|1730654784
|switch|p2a: Blissey|Blissey, F|88/100
|-damage|p2a: Blissey|76/100|[from] Spikes
|switch|p1a: Gengar|Gengar, M|100/100
|
|-weather|Sandstorm|[upkeep]
|-damage|p1a: Gengar|94/100|[from] Sandstorm
|-damage|p2a: Blissey|70/100|[from] Sandstorm
|-heal|p1a: Gengar|100/100|[from] item: Leftovers
|-heal|p2a: Blissey|76/100|[from] item: Leftovers
|upkeep
|turn|51
|
|t:|1730654791
|switch|p2a: Zapdos|Zapdos|88/100 slp
|move|p1a: Gengar|Taunt|p2a: Zapdos
|-start|p2a: Zapdos|move: Taunt
|
|-weather|Sandstorm|[upkeep]
|-damage|p1a: Gengar|94/100|[from] Sandstorm
|-damage|p2a: Zapdos|82/100 slp|[from] Sandstorm
|-heal|p1a: Gengar|100/100|[from] item: Leftovers
|-heal|p2a: Zapdos|88/100 slp|[from] item: Leftovers
|upkeep
|turn|52
|
|t:|1730654795
|move|p1a: Gengar|Ice Punch|p2a: Zapdos
|-supereffective|p2a: Zapdos
|-damage|p2a: Zapdos|57/100 slp
|cant|p2a: Zapdos|slp
|
|-weather|Sandstorm|[upkeep]
|-damage|p1a: Gengar|94/100|[from] Sandstorm
|-damage|p2a: Zapdos|51/100 slp|[from] Sandstorm
|-heal|p1a: Gengar|100/100|[from] item: Leftovers
|-heal|p2a: Zapdos|57/100 slp|[from] item: Leftovers
|-end|p2a: Zapdos|move: Taunt|[silent]
|upkeep
|turn|53
|
|t:|1730654809
|switch|p1a: Jirachi|Jirachi|87/100
|-damage|p1a: Jirachi|75/100|[from] Spikes
|-curestatus|p2a: Zapdos|slp|[msg]
|move|p2a: Zapdos|Thunderbolt|p1a: Jirachi
|-damage|p1a: Jirachi|47/100
|
|-weather|Sandstorm|[upkeep]
|-damage|p2a: Zapdos|51/100|[from] Sandstorm
|-heal|p2a: Zapdos|57/100|[from] item: Leftovers
|-heal|p1a: Jirachi|53/100|[from] item: Leftovers
|upkeep
|turn|54
|
|t:|1730654812
|move|p2a: Zapdos|Thunderbolt|p1a: Jirachi
|-damage|p1a: Jirachi|27/100
|move|p1a: Jirachi|Wish|p1a: Jirachi
|
|-weather|Sandstorm|[upkeep]
|-damage|p2a: Zapdos|51/100|[from] Sandstorm
|-heal|p2a: Zapdos|57/100|[from] item: Leftovers
|-heal|p1a: Jirachi|33/100|[from] item: Leftovers
|upkeep
|turn|55
|
|t:|1730654819
|move|p2a: Zapdos|Thunderbolt|p1a: Jirachi
|-damage|p1a: Jirachi|5/100
|move|p1a: Jirachi|Toxic|p2a: Zapdos
|-status|p2a: Zapdos|tox
|
|-heal|p1a: Jirachi|55/100|[from] move: Wish|[wisher] Jirachi
|-weather|Sandstorm|[upkeep]
|-damage|p2a: Zapdos|51/100 tox|[from] Sandstorm
|-heal|p2a: Zapdos|57/100 tox|[from] item: Leftovers
|-damage|p2a: Zapdos|51/100 tox|[from] psn
|-heal|p1a: Jirachi|61/100|[from] item: Leftovers
|upkeep
|turn|56
|
|t:|1730654827
|move|p2a: Zapdos|Thunderbolt|p1a: Jirachi
|-damage|p1a: Jirachi|31/100
|move|p1a: Jirachi|Wish|p1a: Jirachi
|
|-weather|Sandstorm|[upkeep]
|-damage|p2a: Zapdos|45/100 tox|[from] Sandstorm
|-heal|p2a: Zapdos|51/100 tox|[from] item: Leftovers
|-damage|p2a: Zapdos|39/100 tox|[from] psn
|-heal|p1a: Jirachi|37/100|[from] item: Leftovers
|upkeep
|turn|57
|
|t:|1730654838
|switch|p1a: Tyranitar|Tyranitar, M|100/100
|-damage|p1a: Tyranitar|88/100|[from] Spikes
|move|p2a: Zapdos|Rest|p2a: Zapdos
|-status|p2a: Zapdos|slp|[from] move: Rest
|-heal|p2a: Zapdos|100/100 slp|[silent]
|
|-heal|p1a: Tyranitar|100/100|[from] move: Wish|[wisher] Jirachi
|-weather|Sandstorm|[upkeep]
|-damage|p2a: Zapdos|94/100 slp|[from] Sandstorm
|-heal|p2a: Zapdos|100/100 slp|[from] item: Leftovers
|upkeep
|turn|58
|
|t:|1730654858
|switch|p2a: Blissey|Blissey, F|76/100
|-damage|p2a: Blissey|63/100|[from] Spikes
|switch|p1a: Jirachi|Jirachi|37/100
|-damage|p1a: Jirachi|25/100|[from] Spikes
|
|-weather|Sandstorm|[upkeep]
|-damage|p2a: Blissey|57/100|[from] Sandstorm
|-heal|p1a: Jirachi|31/100|[from] item: Leftovers
|-heal|p2a: Blissey|63/100|[from] item: Leftovers
|upkeep
|turn|59
|
|t:|1730654863
|move|p1a: Jirachi|Wish|p1a: Jirachi
|move|p2a: Blissey|Seismic Toss|p1a: Jirachi
|-damage|p1a: Jirachi|6/100
|
|-weather|Sandstorm|[upkeep]
|-damage|p2a: Blissey|57/100|[from] Sandstorm
|-heal|p1a: Jirachi|12/100|[from] item: Leftovers
|-heal|p2a: Blissey|63/100|[from] item: Leftovers
|upkeep
|turn|60
|
|t:|1730654867
|move|p1a: Jirachi|Protect|p1a: Jirachi
|-singleturn|p1a: Jirachi|Protect
|move|p2a: Blissey|Wish|p2a: Blissey
|
|-heal|p1a: Jirachi|62/100|[from] move: Wish|[wisher] Jirachi
|-weather|Sandstorm|[upkeep]
|-damage|p2a: Blissey|57/100|[from] Sandstorm
|-heal|p1a: Jirachi|68/100|[from] item: Leftovers
|-heal|p2a: Blissey|63/100|[from] item: Leftovers
|upkeep
|turn|61
|
|t:|1730654871
|switch|p2a: Salamence|Salamence, F|40/100
|-ability|p2a: Salamence|Intimidate|boost
|-unboost|p1a: Jirachi|atk|1
|move|p1a: Jirachi|Toxic|p2a: Salamence
|-status|p2a: Salamence|tox
|
|-heal|p2a: Salamence|90/100 tox|[from] move: Wish|[wisher] Blissey
|-weather|Sandstorm|[upkeep]
|-damage|p2a: Salamence|84/100 tox|[from] Sandstorm
|-damage|p2a: Salamence|78/100 tox|[from] psn
|-heal|p1a: Jirachi|75/100|[from] item: Leftovers
|upkeep
|turn|62
|
|t:|1730654878
|move|p1a: Jirachi|Protect|p1a: Jirachi
|-singleturn|p1a: Jirachi|Protect
|move|p2a: Salamence|Hidden Power|p1a: Jirachi
|-activate|p1a: Jirachi|Protect
|
|-weather|Sandstorm|[upkeep]
|-damage|p2a: Salamence|72/100 tox|[from] Sandstorm
|-damage|p2a: Salamence|60/100 tox|[from] psn
|-heal|p1a: Jirachi|81/100|[from] item: Leftovers
|upkeep
|turn|63
|
|t:|1730654883
|switch|p2a: Blissey|Blissey, F|63/100
|-damage|p2a: Blissey|51/100|[from] Spikes
|move|p1a: Jirachi|Wish|p1a: Jirachi
|
|-weather|Sandstorm|[upkeep]
|-damage|p2a: Blissey|45/100|[from] Sandstorm
|-heal|p1a: Jirachi|87/100|[from] item: Leftovers
|-heal|p2a: Blissey|51/100|[from] item: Leftovers
|upkeep
|turn|64
|
|t:|1730654885
|move|p1a: Jirachi|Toxic|p2a: Blissey
|-status|p2a: Blissey|tox
|move|p2a: Blissey|Soft-Boiled|p2a: Blissey
|-heal|p2a: Blissey|100/100 tox
|
|-heal|p1a: Jirachi|100/100|[from] move: Wish|[wisher] Jirachi
|-weather|Sandstorm|[upkeep]
|-damage|p2a: Blissey|94/100 tox|[from] Sandstorm
|-heal|p2a: Blissey|100/100 tox|[from] item: Leftovers
|-damage|p2a: Blissey|94/100 tox|[from] psn
|upkeep
|turn|65
|
|t:|1730654891
|switch|p1a: Tyranitar|Tyranitar, M|100/100
|-damage|p1a: Tyranitar|88/100|[from] Spikes
|move|p2a: Blissey|Wish|p2a: Blissey
|
|-weather|Sandstorm|[upkeep]
|-damage|p2a: Blissey|88/100 tox|[from] Sandstorm
|-heal|p1a: Tyranitar|94/100|[from] item: Leftovers
|-heal|p2a: Blissey|94/100 tox|[from] item: Leftovers
|-damage|p2a: Blissey|82/100 tox|[from] psn
|upkeep
|turn|66
|
|t:|1730654900
|-activate|p2a: Blissey|move: Pursuit
|move|p1a: Tyranitar|Pursuit|p2a: Blissey|[from]Pursuit
|-damage|p2a: Blissey|68/100 tox
|-curestatus|p2a: Blissey|tox|[from] ability: Natural Cure
|switch|p2a: Skarmory|Skarmory, M|95/100
|
|-heal|p2a: Skarmory|100/100|[from] move: Wish|[wisher] Blissey
|-weather|Sandstorm|[upkeep]
|-heal|p1a: Tyranitar|100/100|[from] item: Leftovers
|upkeep
|turn|67
|inactive|lexitg has 270 seconds left.
|
|t:|1730654958
|switch|p2a: Zapdos|Zapdos|100/100 slp
|switch|p1a: Gengar|Gengar, M|100/100
|
|-weather|Sandstorm|[upkeep]
|-damage|p1a: Gengar|94/100|[from] Sandstorm
|-damage|p2a: Zapdos|94/100 slp|[from] Sandstorm
|-heal|p1a: Gengar|100/100|[from] item: Leftovers
|-heal|p2a: Zapdos|100/100 slp|[from] item: Leftovers
|upkeep
|turn|68
|
|t:|1730654966
|move|p1a: Gengar|Ice Punch|p2a: Zapdos
|-supereffective|p2a: Zapdos
|-damage|p2a: Zapdos|68/100 slp
|cant|p2a: Zapdos|slp
|
|-weather|Sandstorm|[upkeep]
|-damage|p1a: Gengar|94/100|[from] Sandstorm
|-damage|p2a: Zapdos|62/100 slp|[from] Sandstorm
|-heal|p1a: Gengar|100/100|[from] item: Leftovers
|-heal|p2a: Zapdos|68/100 slp|[from] item: Leftovers
|upkeep
|turn|69
|
|t:|1730654973
|move|p1a: Gengar|Ice Punch|p2a: Zapdos
|-supereffective|p2a: Zapdos
|-damage|p2a: Zapdos|37/100 slp
|cant|p2a: Zapdos|slp
|
|-weather|Sandstorm|[upkeep]
|-damage|p1a: Gengar|94/100|[from] Sandstorm
|-damage|p2a: Zapdos|31/100 slp|[from] Sandstorm
|-heal|p1a: Gengar|100/100|[from] item: Leftovers
|-heal|p2a: Zapdos|37/100 slp|[from] item: Leftovers
|upkeep
|turn|70
|
|t:|1730654976
|move|p1a: Gengar|Taunt|p2a: Zapdos
|-start|p2a: Zapdos|move: Taunt
|-curestatus|p2a: Zapdos|slp|[msg]
|cant|p2a: Zapdos|move: Taunt|Rest
|
|-weather|Sandstorm|[upkeep]
|-damage|p1a: Gengar|94/100|[from] Sandstorm
|-damage|p2a: Zapdos|31/100|[from] Sandstorm
|-heal|p1a: Gengar|100/100|[from] item: Leftovers
|-heal|p2a: Zapdos|37/100|[from] item: Leftovers
|upkeep
|turn|71
|inactive|lexitg has 270 seconds left.
|
|t:|1730654992
|move|p1a: Gengar|Will-O-Wisp|p2a: Zapdos|[miss]
|-miss|p1a: Gengar|p2a: Zapdos
|move|p2a: Zapdos|Thunderbolt|p1a: Gengar
|-damage|p1a: Gengar|55/100
|
|-weather|Sandstorm|[upkeep]
|-damage|p1a: Gengar|49/100|[from] Sandstorm
|-damage|p2a: Zapdos|31/100|[from] Sandstorm
|-heal|p1a: Gengar|55/100|[from] item: Leftovers
|-heal|p2a: Zapdos|37/100|[from] item: Leftovers
|-end|p2a: Zapdos|move: Taunt|[silent]
|upkeep
|turn|72
|
|t:|1730655003
|move|p1a: Gengar|Taunt|p2a: Zapdos
|-start|p2a: Zapdos|move: Taunt
|move|p2a: Zapdos|Thunderbolt|p1a: Gengar
|-damage|p1a: Gengar|9/100
|
|-weather|Sandstorm|[upkeep]
|-damage|p1a: Gengar|2/100|[from] Sandstorm
|-damage|p2a: Zapdos|31/100|[from] Sandstorm
|-heal|p1a: Gengar|9/100|[from] item: Leftovers
|-heal|p2a: Zapdos|37/100|[from] item: Leftovers
|upkeep
|turn|73
|inactive|lexitg has 270 seconds left.
|
|t:|1730655029
|switch|p1a: Tyranitar|Tyranitar, M|100/100
|-damage|p1a: Tyranitar|88/100|[from] Spikes
|move|p2a: Zapdos|Thunderbolt|p1a: Tyranitar
|-damage|p1a: Tyranitar|57/100
|
|-weather|Sandstorm|[upkeep]
|-damage|p2a: Zapdos|31/100|[from] Sandstorm
|-heal|p2a: Zapdos|37/100|[from] item: Leftovers
|-end|p2a: Zapdos|move: Taunt|[silent]
|-heal|p1a: Tyranitar|63/100|[from] item: Leftovers
|upkeep
|turn|74
|
|t:|1730655039
|switch|p2a: Blissey|Blissey, F|68/100
|-damage|p2a: Blissey|55/100|[from] Spikes
|move|p1a: Tyranitar|Ice Beam|p2a: Blissey
|-damage|p2a: Blissey|43/100
|
|-weather|Sandstorm|[upkeep]
|-damage|p2a: Blissey|37/100|[from] Sandstorm
|-heal|p1a: Tyranitar|69/100|[from] item: Leftovers
|-heal|p2a: Blissey|43/100|[from] item: Leftovers
|upkeep
|turn|75
|
|t:|1730655043
|move|p1a: Tyranitar|Brick Break|p2a: Blissey
|-supereffective|p2a: Blissey
|-damage|p2a: Blissey|0 fnt
|faint|p2a: Blissey
|
|t:|1730655046
|switch|p2a: Salamence|Salamence, F|60/100 tox
|-ability|p2a: Salamence|Intimidate|boost
|-unboost|p1a: Tyranitar|atk|1
|
|-weather|Sandstorm|[upkeep]
|-damage|p2a: Salamence|54/100 tox|[from] Sandstorm
|-damage|p2a: Salamence|48/100 tox|[from] psn
|-heal|p1a: Tyranitar|75/100|[from] item: Leftovers
|upkeep
|turn|76
|
|t:|1730655057
|switch|p1a: Gengar|Gengar, M|9/100
|move|p2a: Salamence|Earthquake|p1a: Gengar
|-immune|p1a: Gengar
|
|-weather|Sandstorm|[upkeep]
|-damage|p1a: Gengar|2/100|[from] Sandstorm
|-damage|p2a: Salamence|42/100 tox|[from] Sandstorm
|-heal|p1a: Gengar|9/100|[from] item: Leftovers
|-damage|p2a: Salamence|29/100 tox|[from] psn
|upkeep
|turn|77
|
|t:|1730655062
|switch|p2a: Skarmory|Skarmory, M|100/100
|move|p1a: Gengar|Thunderbolt|p2a: Skarmory
|-supereffective|p2a: Skarmory
|-damage|p2a: Skarmory|48/100
|
|-weather|Sandstorm|[upkeep]
|-damage|p1a: Gengar|2/100|[from] Sandstorm
|-heal|p1a: Gengar|9/100|[from] item: Leftovers
|-heal|p2a: Skarmory|54/100|[from] item: Leftovers
|upkeep
|turn|78
|
|t:|1730655071
|move|p1a: Gengar|Thunderbolt|p2a: Skarmory
|-supereffective|p2a: Skarmory
|-damage|p2a: Skarmory|4/100
|move|p2a: Skarmory|Spikes|p1a: Gengar
|-sidestart|p1: Dhrabb|Spikes
|
|-weather|Sandstorm|[upkeep]
|-damage|p1a: Gengar|2/100|[from] Sandstorm
|-heal|p1a: Gengar|9/100|[from] item: Leftovers
|-heal|p2a: Skarmory|10/100|[from] item: Leftovers
|upkeep
|turn|79
|
|t:|1730655074
|move|p1a: Gengar|Thunderbolt|p2a: Skarmory
|-supereffective|p2a: Skarmory
|-damage|p2a: Skarmory|0 fnt
|faint|p2a: Skarmory
|
|t:|1730655078
|switch|p2a: Zapdos|Zapdos|37/100
|
|-weather|Sandstorm|[upkeep]
|-damage|p1a: Gengar|2/100|[from] Sandstorm
|-damage|p2a: Zapdos|31/100|[from] Sandstorm
|-heal|p1a: Gengar|9/100|[from] item: Leftovers
|-heal|p2a: Zapdos|37/100|[from] item: Leftovers
|upkeep
|turn|80
|
|t:|1730655085
|move|p1a: Gengar|Ice Punch|p2a: Zapdos
|-supereffective|p2a: Zapdos
|-damage|p2a: Zapdos|9/100
|move|p2a: Zapdos|Thunderbolt|p1a: Gengar
|-damage|p1a: Gengar|0 fnt
|faint|p1a: Gengar
|
|t:|1730655090
|switch|p1a: Tyranitar|Tyranitar, M|75/100
|-damage|p1a: Tyranitar|59/100|[from] Spikes
|
|-weather|Sandstorm|[upkeep]
|-damage|p2a: Zapdos|3/100|[from] Sandstorm
|-heal|p2a: Zapdos|9/100|[from] item: Leftovers
|-heal|p1a: Tyranitar|65/100|[from] item: Leftovers
|upkeep
|turn|81
|
|t:|1730655107
|move|p2a: Zapdos|Rest|p2a: Zapdos
|-status|p2a: Zapdos|slp|[from] move: Rest
|-heal|p2a: Zapdos|100/100 slp|[silent]
|move|p1a: Tyranitar|Ice Beam|p2a: Zapdos
|-supereffective|p2a: Zapdos
|-damage|p2a: Zapdos|57/100 slp
|
|-weather|Sandstorm|[upkeep]
|-damage|p2a: Zapdos|51/100 slp|[from] Sandstorm
|-heal|p2a: Zapdos|57/100 slp|[from] item: Leftovers
|-heal|p1a: Tyranitar|71/100|[from] item: Leftovers
|upkeep
|turn|82
|
|t:|1730655111
|cant|p2a: Zapdos|slp
|move|p1a: Tyranitar|Ice Beam|p2a: Zapdos
|-supereffective|p2a: Zapdos
|-damage|p2a: Zapdos|15/100 slp
|
|-weather|Sandstorm|[upkeep]
|-damage|p2a: Zapdos|9/100 slp|[from] Sandstorm
|-heal|p2a: Zapdos|15/100 slp|[from] item: Leftovers
|-heal|p1a: Tyranitar|77/100|[from] item: Leftovers
|upkeep
|turn|83
|c|☆lexitg|gg
|
|t:|1730655116
|cant|p2a: Zapdos|slp
|move|p1a: Tyranitar|Ice Beam|p2a: Zapdos
|-supereffective|p2a: Zapdos
|-damage|p2a: Zapdos|0 fnt
|faint|p2a: Zapdos
|
|t:|1730655118
|switch|p2a: Salamence|Salamence, F|29/100 tox
|-ability|p2a: Salamence|Intimidate|boost
|-unboost|p1a: Tyranitar|atk|1
|
|-weather|Sandstorm|[upkeep]
|-damage|p2a: Salamence|23/100 tox|[from] Sandstorm
|-damage|p2a: Salamence|17/100 tox|[from] psn
|-heal|p1a: Tyranitar|83/100|[from] item: Leftovers
|upkeep
|turn|84
|c|☆Dhrabb|gg
|
|t:|1730655122
|move|p2a: Salamence|Brick Break|p1a: Tyranitar
|-supereffective|p1a: Tyranitar
|-damage|p1a: Tyranitar|0 fnt
|faint|p1a: Tyranitar
|
|t:|1730655125
|switch|p1a: Moltres|Moltres|100/100
|
|-weather|Sandstorm|[upkeep]
|-damage|p1a: Moltres|94/100|[from] Sandstorm
|-damage|p2a: Salamence|11/100 tox|[from] Sandstorm
|-heal|p1a: Moltres|100/100|[from] item: Leftovers
|-damage|p2a: Salamence|0 fnt|[from] psn
|faint|p2a: Salamence
|
|win|Dhrabb
|upkeep
|player|p2|
|player|p1|

</script>
<script type="application/json" class="data" id="replaydata-smogtours-gen3ou-804416">
{"id":"smogtours-gen3ou-804416","format":"[Gen 3] OU","players":["Dhrabb","lexitg"],"uploadtime":1730655125,"views":41,"formatid":"gen3ou","rating":null,"private":0,"password":null}
</script>

<script defer src="js/replays.js?9d40a366"></script>
