<!DOCTYPE html>
<meta charset="utf-8" />
<meta name="viewport" content="width=device-width" />

<title>[Gen 3] OU: corvid_queen vs. socalson - Replays - Pok&eacute;mon Showdown!</title>

<meta name="description" content="Watch a replay of a Pok&eacute;mon battle between corvid_queen and socalson! Format: [Gen 3] OU; Date: Oct 8, 2024" />
<!--

Hey, you! Looking in the source for the replay log?

You can find them in JSON format, just add `.json` at the end of a replay URL.

https://replay.pokemonshowdown.com/gen7randomdoublesbattle-865046831.json

Or, if you only need the log itself, add `.log` instead:

https://replay.pokemonshowdown.com/gen7randomdoublesbattle-865046831.log

-->

<link rel="stylesheet" href="//pokemonshowdown.com/style/global.css?0.023195364461161105" />
<link rel="stylesheet" href="//play.pokemonshowdown.com/style/font-awesome.css?0.13261647063804238" />
<link rel="stylesheet" href="//play.pokemonshowdown.com/style/battle.css?0.8753245789963631" />
<link rel="stylesheet" href="//play.pokemonshowdown.com/style/utilichart.css?0.8627959624976733" />

<!-- Global site tag (gtag.js) - Google Analytics -->
<script async src="https://www.googletagmanager.com/gtag/js?id=UA-26211653-1"></script>
<script>
  window.dataLayer = window.dataLayer || [];
  function gtag(){dataLayer.push(arguments);}
  gtag('js', new Date());

  gtag('config', 'UA-26211653-1');
</script>
<!-- End Google Analytics -->
<!-- Venatus Ad Manager - Install in <HEAD> of page -->
	<script src="https://hb.vntsm.com/v3/live/ad-manager.min.js" type="text/javascript" data-site-id="642aba63ec9a7b11c3c9c1be" data-mode="scan" async></script>
<!-- / Venatus Ad Manager -->

<style>
	@media (max-width:820px) {
		.battle {
			margin: 0 auto;
		}
		.battle-log {
			margin: 7px auto 0;
			max-width: 640px;
			height: 300px;
			position: static;
		}
	}
	.optgroup {
		display: inline-block;
		line-height: 22px;
		font-size: 10pt;
	}
	.optgroup .button {
		height: 25px;
		padding-top: 0;
		padding-bottom: 0;
	}
	.optgroup button.button {
		padding-left: 12px;
		padding-right: 12px;
	}
	.linklist {
		list-style: none;
		margin: 0.5em 0;
		padding: 0;
	}
	.linklist li {
		padding: 2px 0;
	}
	.sidebar {
		float: left;
		width: 320px;
	}
	.bar-wrapper {
		max-width: 1100px;
		margin: 0 auto;
	}
	.bar-wrapper.has-sidebar {
		max-width: 1430px;
	}
	.mainbar {
		margin: 0;
		padding-right: 1px;
	}
	.mainbar.has-sidebar {
		margin-left: 330px;
	}
	@media (min-width: 1511px) {
		.sidebar {
			width: 400px;
		}
		.bar-wrapper.has-sidebar {
			max-width: 1510px;
		}
		.mainbar.has-sidebar {
			margin-left: 410px;
		}
	}
	.section.first-section {
		margin-top: 9px;
	}
	.blocklink small {
		white-space: normal;
	}
	.button {
		vertical-align: middle;
	}
	.replay-controls {
		padding-top: 10px;
	}
	.replay-controls h1 {
		font-size: 16pt;
		font-weight: normal;
		color: #CCC;
	}
	.pagelink {
		text-align: center;
	}
	.pagelink a {
		width: 150px;
	}
	.textbox, .button {
		font-size: 11pt;
		vertical-align: middle;
	}
	@media (max-width: 450px) {
		.button {
			font-size: 9pt;
		}
	}
</style>

<div>

	<header>
		<div class="nav-wrapper"><ul class="nav">
			<li><a class="button nav-first" href="//pokemonshowdown.com/"><img src="//pokemonshowdown.com/images/pokemonshowdownbeta.png" srcset="//pokemonshowdown.com/images/pokemonshowdownbeta.png 1x, //pokemonshowdown.com/images/pokemonshowdownbeta@2x.png 2x" alt="Pok&eacute;mon Showdown" width="146" height="44" /> Home</a></li>
			<li><a class="button" href="//pokemonshowdown.com/dex/">Pok&eacute;dex</a></li>
			<li><a class="button cur" href="/">Replays</a></li>
			<li><a class="button" href="//pokemonshowdown.com/ladder/">Ladder</a></li>
			<li><a class="button nav-last" href="//pokemonshowdown.com/forums/">Forum</a></li>
			<li><a class="button greenbutton nav-first nav-last" href="//play.pokemonshowdown.com/">Play</a></li>
		</ul></div>
	</header>

	<div class="main" id="main">

		<noscript><section class="section">You need to enable JavaScript to use this page; sorry!</section></noscript>

	</div>

</div>

<script defer nomodule src="//play.pokemonshowdown.com/js/lib/ps-polyfill.js"></script>
<script defer src="//play.pokemonshowdown.com/js/lib/preact.min.js"></script>

<script defer src="//play.pokemonshowdown.com/config/config.js?2bddbc15"></script>
<script defer src="//play.pokemonshowdown.com/js/lib/jquery-1.11.0.min.js"></script>
<script defer src="//play.pokemonshowdown.com/js/lib/html-sanitizer-minified.js"></script>
<script defer src="//play.pokemonshowdown.com/js/battle-sound.js"></script>
<script defer src="//play.pokemonshowdown.com/js/battledata.js?0.7209276989879541"></script>
<script defer src="//play.pokemonshowdown.com/data/pokedex-mini.js?0.6111056340867951"></script>
<script defer src="//play.pokemonshowdown.com/data/pokedex-mini-bw.js?0.3532142036491459"></script>
<script defer src="//play.pokemonshowdown.com/data/graphics.js?0.24223875632456182"></script>
<script defer src="//play.pokemonshowdown.com/data/pokedex.js?0.38839984266356864"></script>
<script defer src="//play.pokemonshowdown.com/data/moves.js?0.21866028504024015"></script>
<script defer src="//play.pokemonshowdown.com/data/abilities.js?0.2005157953846628"></script>
<script defer src="//play.pokemonshowdown.com/data/items.js?0.9894211263848525"></script>
<script defer src="//play.pokemonshowdown.com/data/teambuilder-tables.js?0.6008791140282215"></script>
<script defer src="//play.pokemonshowdown.com/js/battle-tooltips.js?0.7580118955022959"></script>
<script defer src="//play.pokemonshowdown.com/js/battle.js?0.6057722274234274"></script>

<script defer src="js/utils.js?e31f9a17"></script>
<script defer src="js/replays-battle.js?7008c182"></script>

<!-- don't scrape this data! just add .json or .log after the URL!
Full API docs: https://github.com/smogon/pokemon-showdown-client/blob/master/WEB-API.md -->
<script type="text/plain" class="log" id="replaylog-smogtours-gen3ou-796318">
|inactive|Battle timer is ON: inactive players will automatically lose when time's up.
|t:|1728354800
|gametype|singles
|player|p1|corvid_queen|guitarist|
|player|p2|socalson|barry|
|teamsize|p1|6
|teamsize|p2|6
|gen|3
|tier|[Gen 3] OU
|rule|Sleep Clause Mod: Limit one foe put to sleep
|rule|Switch Priority Clause Mod: Faster Pokémon switch first
|rule|Species Clause: Limit one of each Pokémon
|rule|OHKO Clause: OHKO moves are banned
|rule|Evasion Items Clause: Evasion items are banned
|rule|Evasion Moves Clause: Evasion moves are banned
|rule|Endless Battle Clause: Forcing endless battles is banned
|rule|HP Percentage Mod: HP is shown in percentages
|rule|One Boost Passer Clause: Limit one Baton Passer that has a way to boost its stats
|rule|Freeze Clause Mod: Limit one foe frozen
|
|t:|1728354800
|start
|switch|p1a: Tyranitar|Tyranitar, M|100/100
|switch|p2a: Castle Wall|Skarmory, M|100/100
|-weather|Sandstorm|[from] ability: Sand Stream|[of] p1a: Tyranitar
|turn|1
|
|t:|1728354828
|-singleturn|p1a: Tyranitar|move: Focus Punch
|move|p2a: Castle Wall|Spikes|p1a: Tyranitar
|-sidestart|p1: corvid_queen|Spikes
|move|p1a: Tyranitar|Focus Punch|p2a: Castle Wall
|-damage|p2a: Castle Wall|52/100
|
|-weather|Sandstorm|[upkeep]
|-heal|p2a: Castle Wall|58/100|[from] item: Leftovers
|upkeep
|turn|2
|
|t:|1728354837
|-singleturn|p1a: Tyranitar|move: Focus Punch
|move|p2a: Castle Wall|Protect|p2a: Castle Wall
|-singleturn|p2a: Castle Wall|Protect
|move|p1a: Tyranitar|Focus Punch|p2a: Castle Wall
|-activate|p2a: Castle Wall|Protect
|
|-weather|Sandstorm|[upkeep]
|-heal|p2a: Castle Wall|64/100|[from] item: Leftovers
|upkeep
|turn|3
|
|t:|1728354844
|-singleturn|p1a: Tyranitar|move: Focus Punch
|switch|p2a: Gengar|Gengar, F|100/100
|move|p1a: Tyranitar|Focus Punch|p2a: Gengar
|-immune|p2a: Gengar
|
|-weather|Sandstorm|[upkeep]
|-damage|p2a: Gengar|94/100|[from] Sandstorm
|-heal|p2a: Gengar|100/100|[from] item: Leftovers
|upkeep
|turn|4
|
|t:|1728354862
|switch|p2a: Dunk|Swampert, F|100/100
|switch|p1a: ?|Blissey, F|100/100
|-damage|p1a: ?|88/100|[from] Spikes
|
|-weather|Sandstorm|[upkeep]
|-damage|p1a: ?|82/100|[from] Sandstorm
|-heal|p1a: ?|88/100|[from] item: Leftovers
|upkeep
|turn|5
|
|t:|1728354877
|move|p2a: Dunk|Earthquake|p1a: ?
|-damage|p1a: ?|46/100
|move|p1a: ?|Toxic|p2a: Dunk
|-status|p2a: Dunk|tox
|
|-weather|Sandstorm|[upkeep]
|-damage|p1a: ?|40/100|[from] Sandstorm
|-damage|p2a: Dunk|94/100 tox|[from] psn
|-heal|p1a: ?|46/100|[from] item: Leftovers
|upkeep
|turn|6
|
|t:|1728354888
|switch|p2a: Castle Wall|Skarmory, M|64/100
|move|p1a: ?|Soft-Boiled|p1a: ?
|-heal|p1a: ?|96/100
|
|-weather|Sandstorm|[upkeep]
|-damage|p1a: ?|90/100|[from] Sandstorm
|-heal|p2a: Castle Wall|70/100|[from] item: Leftovers
|-heal|p1a: ?|96/100|[from] item: Leftovers
|upkeep
|turn|7
|
|t:|1728354896
|move|p2a: Castle Wall|Spikes|p1a: ?
|-sidestart|p1: corvid_queen|Spikes
|move|p1a: ?|Fire Blast|p2a: Castle Wall
|-supereffective|p2a: Castle Wall
|-damage|p2a: Castle Wall|8/100
|
|-weather|Sandstorm|[upkeep]
|-damage|p1a: ?|90/100|[from] Sandstorm
|-heal|p2a: Castle Wall|14/100|[from] item: Leftovers
|-heal|p1a: ?|96/100|[from] item: Leftovers
|upkeep
|turn|8
|
|t:|1728354901
|move|p2a: Castle Wall|Protect|p2a: Castle Wall
|-singleturn|p2a: Castle Wall|Protect
|move|p1a: ?|Ice Beam|p2a: Castle Wall
|-activate|p2a: Castle Wall|Protect
|
|-weather|Sandstorm|[upkeep]
|-damage|p1a: ?|90/100|[from] Sandstorm
|-heal|p2a: Castle Wall|20/100|[from] item: Leftovers
|-heal|p1a: ?|96/100|[from] item: Leftovers
|upkeep
|turn|9
|
|t:|1728354909
|switch|p2a: Jirachi|Jirachi|100/100
|move|p1a: ?|Ice Beam|p2a: Jirachi
|-resisted|p2a: Jirachi
|-crit|p2a: Jirachi
|-damage|p2a: Jirachi|79/100
|
|-weather|Sandstorm|[upkeep]
|-damage|p1a: ?|90/100|[from] Sandstorm
|-heal|p2a: Jirachi|85/100|[from] item: Leftovers
|-heal|p1a: ?|96/100|[from] item: Leftovers
|upkeep
|turn|10
|
|t:|1728354918
|switch|p2a: Aerodactyl|Aerodactyl, M|100/100
|move|p1a: ?|Fire Blast|p2a: Aerodactyl
|-resisted|p2a: Aerodactyl
|-damage|p2a: Aerodactyl|78/100
|-status|p2a: Aerodactyl|brn
|
|-weather|Sandstorm|[upkeep]
|-damage|p1a: ?|90/100|[from] Sandstorm
|-damage|p2a: Aerodactyl|65/100 brn|[from] brn
|-heal|p1a: ?|96/100|[from] item: Leftovers
|upkeep
|turn|11
|c|+violet river|ouch
|
|t:|1728354935
|move|p2a: Aerodactyl|Rock Slide|p1a: ?
|-damage|p1a: ?|68/100
|move|p1a: ?|Ice Beam|p2a: Aerodactyl
|-supereffective|p2a: Aerodactyl
|-crit|p2a: Aerodactyl
|-damage|p2a: Aerodactyl|0 fnt
|faint|p2a: Aerodactyl
|
|t:|1728354947
|switch|p2a: Dunk|Swampert, F|94/100 tox
|
|-weather|Sandstorm|[upkeep]
|-damage|p1a: ?|62/100|[from] Sandstorm
|-heal|p2a: Dunk|100/100 tox|[from] item: Leftovers
|-damage|p2a: Dunk|94/100 tox|[from] psn
|-heal|p1a: ?|68/100|[from] item: Leftovers
|upkeep
|turn|12
|
|t:|1728354952
|switch|p1a: Zapdos|Zapdos|100/100
|move|p2a: Dunk|Earthquake|p1a: Zapdos
|-immune|p1a: Zapdos
|
|-weather|Sandstorm|[upkeep]
|-damage|p1a: Zapdos|94/100|[from] Sandstorm
|-heal|p1a: Zapdos|100/100|[from] item: Leftovers
|-heal|p2a: Dunk|100/100 tox|[from] item: Leftovers
|-damage|p2a: Dunk|88/100 tox|[from] psn
|upkeep
|turn|13
|
|t:|1728354975
|switch|p1a: skarmory toilet|Skarmory, F|100/100
|switch|p2a: Jirachi|Jirachi|85/100
|
|-weather|Sandstorm|[upkeep]
|-heal|p2a: Jirachi|92/100|[from] item: Leftovers
|upkeep
|turn|14
|
|t:|1728354981
|move|p2a: Jirachi|Fire Punch|p1a: skarmory toilet
|-supereffective|p1a: skarmory toilet
|-damage|p1a: skarmory toilet|59/100
|move|p1a: skarmory toilet|Spikes|p2a: Jirachi
|-sidestart|p2: socalson|Spikes
|
|-weather|Sandstorm|[upkeep]
|-heal|p2a: Jirachi|98/100|[from] item: Leftovers
|-heal|p1a: skarmory toilet|65/100|[from] item: Leftovers
|upkeep
|turn|15
|
|t:|1728354989
|switch|p2a: Castle Wall|Skarmory, M|20/100
|move|p1a: skarmory toilet|Spikes|p2a: Castle Wall
|-sidestart|p2: socalson|Spikes
|
|-weather|Sandstorm|[upkeep]
|-heal|p1a: skarmory toilet|71/100|[from] item: Leftovers
|-heal|p2a: Castle Wall|26/100|[from] item: Leftovers
|upkeep
|turn|16
|
|t:|1728354992
|move|p1a: skarmory toilet|Taunt|p2a: Castle Wall
|-start|p2a: Castle Wall|move: Taunt
|cant|p2a: Castle Wall|move: Taunt|Spikes
|
|-weather|Sandstorm|[upkeep]
|-heal|p1a: skarmory toilet|77/100|[from] item: Leftovers
|-heal|p2a: Castle Wall|32/100|[from] item: Leftovers
|upkeep
|turn|17
|
|t:|1728354996
|switch|p2a: Gengar|Gengar, F|100/100
|move|p1a: skarmory toilet|Spikes|p2a: Gengar
|-sidestart|p2: socalson|Spikes
|
|-weather|Sandstorm|[upkeep]
|-damage|p2a: Gengar|94/100|[from] Sandstorm
|-heal|p2a: Gengar|100/100|[from] item: Leftovers
|-heal|p1a: skarmory toilet|83/100|[from] item: Leftovers
|upkeep
|turn|18
|
|t:|1728355020
|move|p2a: Gengar|Thunderbolt|p1a: skarmory toilet
|-supereffective|p1a: skarmory toilet
|-damage|p1a: skarmory toilet|14/100
|move|p1a: skarmory toilet|Roar|p2a: Gengar
|drag|p2a: Dunk|Swampert, F|88/100 tox
|-damage|p2a: Dunk|63/100 tox|[from] Spikes
|
|-weather|Sandstorm|[upkeep]
|-heal|p1a: skarmory toilet|20/100|[from] item: Leftovers
|-heal|p2a: Dunk|69/100 tox|[from] item: Leftovers
|-damage|p2a: Dunk|63/100 tox|[from] psn
|upkeep
|turn|19
|inactive|corvid_queen has 270 seconds left.
|
|t:|1728355044
|switch|p1a: cointoss|Jirachi|100/100
|-damage|p1a: cointoss|84/100|[from] Spikes
|switch|p2a: Castle Wall|Skarmory, M|32/100
|
|-weather|Sandstorm|[upkeep]
|-heal|p1a: cointoss|90/100|[from] item: Leftovers
|-heal|p2a: Castle Wall|38/100|[from] item: Leftovers
|upkeep
|turn|20
|
|t:|1728355049
|move|p2a: Castle Wall|Protect|p2a: Castle Wall
|-singleturn|p2a: Castle Wall|Protect
|move|p1a: cointoss|Fire Punch|p2a: Castle Wall
|-activate|p2a: Castle Wall|Protect
|
|-weather|Sandstorm|[upkeep]
|-heal|p1a: cointoss|96/100|[from] item: Leftovers
|-heal|p2a: Castle Wall|44/100|[from] item: Leftovers
|upkeep
|turn|21
|
|t:|1728355055
|switch|p2a: Dunk|Swampert, F|63/100 tox
|-damage|p2a: Dunk|38/100 tox|[from] Spikes
|move|p1a: cointoss|Fire Punch|p2a: Dunk
|-resisted|p2a: Dunk
|-damage|p2a: Dunk|27/100 tox
|
|-weather|Sandstorm|[upkeep]
|-heal|p1a: cointoss|100/100|[from] item: Leftovers
|-heal|p2a: Dunk|34/100 tox|[from] item: Leftovers
|-damage|p2a: Dunk|27/100 tox|[from] psn
|upkeep
|turn|22
|
|t:|1728355060
|move|p1a: cointoss|Hidden Power|p2a: Dunk
|-supereffective|p2a: Dunk
|-damage|p2a: Dunk|0 fnt
|faint|p2a: Dunk
|
|t:|1728355064
|switch|p2a: Jirachi|Jirachi|98/100
|-damage|p2a: Jirachi|73/100|[from] Spikes
|
|-weather|Sandstorm|[upkeep]
|-heal|p2a: Jirachi|79/100|[from] item: Leftovers
|upkeep
|turn|23
|
|t:|1728355068
|move|p2a: Jirachi|Calm Mind|p2a: Jirachi
|-boost|p2a: Jirachi|spa|1
|-boost|p2a: Jirachi|spd|1
|move|p1a: cointoss|Body Slam|p2a: Jirachi
|-resisted|p2a: Jirachi
|-crit|p2a: Jirachi
|-damage|p2a: Jirachi|62/100
|
|-weather|Sandstorm|[upkeep]
|-heal|p2a: Jirachi|68/100|[from] item: Leftovers
|upkeep
|turn|24
|
|t:|1728355090
|move|p2a: Jirachi|Substitute|p2a: Jirachi
|-start|p2a: Jirachi|Substitute
|-damage|p2a: Jirachi|43/100
|move|p1a: cointoss|Body Slam|p2a: Jirachi
|-resisted|p2a: Jirachi
|-crit|p2a: Jirachi
|-activate|p2a: Jirachi|Substitute|[damage]
|
|-weather|Sandstorm|[upkeep]
|-heal|p2a: Jirachi|49/100|[from] item: Leftovers
|upkeep
|turn|25
|
|t:|1728355101
|move|p2a: Jirachi|Fire Punch|p1a: cointoss
|-supereffective|p1a: cointoss
|-damage|p1a: cointoss|38/100
|move|p1a: cointoss|Fire Punch|p2a: Jirachi
|-supereffective|p2a: Jirachi
|-end|p2a: Jirachi|Substitute
|
|-weather|Sandstorm|[upkeep]
|-heal|p2a: Jirachi|55/100|[from] item: Leftovers
|-heal|p1a: cointoss|45/100|[from] item: Leftovers
|upkeep
|turn|26
|
|t:|1728355108
|move|p2a: Jirachi|Fire Punch|p1a: cointoss
|-supereffective|p1a: cointoss
|-damage|p1a: cointoss|0 fnt
|faint|p1a: cointoss
|inactive|corvid_queen has 270 seconds left.
|
|t:|1728355137
|switch|p1a: Zapdos|Zapdos|100/100
|
|-weather|Sandstorm|[upkeep]
|-damage|p1a: Zapdos|94/100|[from] Sandstorm
|-heal|p1a: Zapdos|100/100|[from] item: Leftovers
|-heal|p2a: Jirachi|62/100|[from] item: Leftovers
|upkeep
|turn|27
|inactive|corvid_queen has 270 seconds left.
|
|t:|1728355144
|move|p1a: Zapdos|Thunderbolt|p2a: Jirachi
|-damage|p2a: Jirachi|31/100
|-status|p2a: Jirachi|par
|cant|p2a: Jirachi|par
|
|-weather|Sandstorm|[upkeep]
|-damage|p1a: Zapdos|94/100|[from] Sandstorm
|-heal|p1a: Zapdos|100/100|[from] item: Leftovers
|-heal|p2a: Jirachi|37/100 par|[from] item: Leftovers
|upkeep
|turn|28
|
|t:|1728355152
|move|p1a: Zapdos|Thunderbolt|p2a: Jirachi
|-damage|p2a: Jirachi|8/100 par
|move|p2a: Jirachi|Psychic|p1a: Zapdos
|-damage|p1a: Zapdos|38/100
|
|-weather|Sandstorm|[upkeep]
|-damage|p1a: Zapdos|31/100|[from] Sandstorm
|-heal|p1a: Zapdos|38/100|[from] item: Leftovers
|-heal|p2a: Jirachi|14/100 par|[from] item: Leftovers
|upkeep
|turn|29
|
|t:|1728355156
|move|p1a: Zapdos|Thunderbolt|p2a: Jirachi
|-damage|p2a: Jirachi|0 fnt
|faint|p2a: Jirachi
|
|t:|1728355159
|switch|p2a: Gengar|Gengar, F|100/100
|
|-weather|Sandstorm|[upkeep]
|-damage|p2a: Gengar|94/100|[from] Sandstorm
|-damage|p1a: Zapdos|31/100|[from] Sandstorm
|-heal|p2a: Gengar|100/100|[from] item: Leftovers
|-heal|p1a: Zapdos|38/100|[from] item: Leftovers
|upkeep
|turn|30
|
|t:|1728355167
|move|p1a: Zapdos|Protect|p1a: Zapdos
|-singleturn|p1a: Zapdos|Protect
|move|p2a: Gengar|Ice Punch|p1a: Zapdos
|-activate|p1a: Zapdos|Protect
|
|-weather|Sandstorm|[upkeep]
|-damage|p2a: Gengar|94/100|[from] Sandstorm
|-damage|p1a: Zapdos|31/100|[from] Sandstorm
|-heal|p2a: Gengar|100/100|[from] item: Leftovers
|-heal|p1a: Zapdos|38/100|[from] item: Leftovers
|upkeep
|turn|31
|
|t:|1728355189
|switch|p1a: Swampert|Swampert, M|100/100
|-damage|p1a: Swampert|84/100|[from] Spikes
|move|p2a: Gengar|Ice Punch|p1a: Swampert
|-damage|p1a: Swampert|62/100
|
|-weather|Sandstorm|[upkeep]
|-damage|p2a: Gengar|94/100|[from] Sandstorm
|-heal|p2a: Gengar|100/100|[from] item: Leftovers
|-heal|p1a: Swampert|69/100|[from] item: Leftovers
|upkeep
|turn|32
|
|t:|1728355200
|move|p2a: Gengar|Hidden Power|p1a: Swampert
|-supereffective|p1a: Swampert
|-crit|p1a: Swampert
|-damage|p1a: Swampert|0 fnt
|faint|p1a: Swampert
|
|t:|1728355209
|switch|p1a: ?|Blissey, F|68/100
|-damage|p1a: ?|51/100|[from] Spikes
|
|-weather|Sandstorm|[upkeep]
|-damage|p2a: Gengar|94/100|[from] Sandstorm
|-damage|p1a: ?|45/100|[from] Sandstorm
|-heal|p2a: Gengar|100/100|[from] item: Leftovers
|-heal|p1a: ?|51/100|[from] item: Leftovers
|upkeep
|turn|33
|
|t:|1728355216
|switch|p2a: Castle Wall|Skarmory, M|44/100
|move|p1a: ?|Fire Blast|p2a: Castle Wall
|-supereffective|p2a: Castle Wall
|-damage|p2a: Castle Wall|0 fnt
|faint|p2a: Castle Wall
|
|t:|1728355221
|switch|p2a: Lunk|Tyranitar, M|100/100
|-damage|p2a: Lunk|76/100|[from] Spikes
|
|-weather|Sandstorm|[upkeep]
|-damage|p1a: ?|45/100|[from] Sandstorm
|-heal|p1a: ?|51/100|[from] item: Leftovers
|upkeep
|turn|34
|
|t:|1728355242
|move|p2a: Lunk|Dragon Dance|p2a: Lunk
|-boost|p2a: Lunk|atk|1
|-boost|p2a: Lunk|spe|1
|move|p1a: ?|Toxic|p2a: Lunk
|-status|p2a: Lunk|tox
|-enditem|p2a: Lunk|Lum Berry|[eat]
|-curestatus|p2a: Lunk|tox|[msg]
|
|-weather|Sandstorm|[upkeep]
|-damage|p1a: ?|45/100|[from] Sandstorm
|-heal|p1a: ?|51/100|[from] item: Leftovers
|upkeep
|turn|35
|inactive|corvid_queen has 270 seconds left.
|
|t:|1728355268
|move|p2a: Lunk|Rock Slide|p1a: ?
|-damage|p1a: ?|0 fnt
|faint|p1a: ?
|inactive|corvid_queen has 240 seconds left.
|inactive|corvid_queen has 210 seconds left.
|
|t:|1728355345
|switch|p1a: Tyranitar|Tyranitar, M|100/100
|-damage|p1a: Tyranitar|84/100|[from] Spikes
|
|-weather|Sandstorm|[upkeep]
|-heal|p1a: Tyranitar|90/100|[from] item: Leftovers
|upkeep
|turn|36
|
|t:|1728355353
|move|p2a: Lunk|Earthquake|p1a: Tyranitar
|-supereffective|p1a: Tyranitar
|-damage|p1a: Tyranitar|0 fnt
|faint|p1a: Tyranitar
|c|☆corvid_queen|gg
|
|t:|1728355361
|switch|p1a: Zapdos|Zapdos|38/100
|
|-weather|Sandstorm|[upkeep]
|-damage|p1a: Zapdos|31/100|[from] Sandstorm
|-heal|p1a: Zapdos|38/100|[from] item: Leftovers
|upkeep
|turn|37
|c|☆socalson|gg
|
|t:|1728355368
|move|p2a: Lunk|Rock Slide|p1a: Zapdos
|-supereffective|p1a: Zapdos
|-damage|p1a: Zapdos|0 fnt
|faint|p1a: Zapdos
|
|t:|1728355370
|switch|p1a: skarmory toilet|Skarmory, F|20/100
|
|-weather|Sandstorm|[upkeep]
|-heal|p1a: skarmory toilet|26/100|[from] item: Leftovers
|upkeep
|turn|38
|
|t:|1728355374
|move|p2a: Lunk|Rock Slide|p1a: skarmory toilet
|-damage|p1a: skarmory toilet|0 fnt
|faint|p1a: skarmory toilet
|
|win|socalson
|c|☆socalson|ggs
|player|p1|

</script>
<script type="application/json" class="data" id="replaydata-smogtours-gen3ou-796318">
{"id":"smogtours-gen3ou-796318","format":"[Gen 3] OU","players":["corvid_queen","socalson"],"uploadtime":1728355374,"views":104,"formatid":"gen3ou","rating":null,"private":0,"password":null}
</script>

<script defer src="js/replays.js?9d40a366"></script>
