<!DOCTYPE html>
<meta charset="utf-8" />
<meta name="viewport" content="width=device-width" />

<title>[Gen 3] OU: Skarph☾eRiM vs. Elisy - Replays - Pok&eacute;mon Showdown!</title>

<meta name="description" content="Watch a replay of a Pok&eacute;mon battle between Skarph☾eRiM and Elisy! Format: [Gen 3] OU; Date: Oct 3, 2024" />
<!--

Hey, you! Looking in the source for the replay log?

You can find them in JSON format, just add `.json` at the end of a replay URL.

https://replay.pokemonshowdown.com/gen7randomdoublesbattle-865046831.json

Or, if you only need the log itself, add `.log` instead:

https://replay.pokemonshowdown.com/gen7randomdoublesbattle-865046831.log

-->

<link rel="stylesheet" href="//pokemonshowdown.com/style/global.css?0.023195364461161105" />
<link rel="stylesheet" href="//play.pokemonshowdown.com/style/font-awesome.css?0.13261647063804238" />
<link rel="stylesheet" href="//play.pokemonshowdown.com/style/battle.css?0.8753245789963631" />
<link rel="stylesheet" href="//play.pokemonshowdown.com/style/utilichart.css?0.8627959624976733" />

<!-- Global site tag (gtag.js) - Google Analytics -->
<script async src="https://www.googletagmanager.com/gtag/js?id=UA-26211653-1"></script>
<script>
  window.dataLayer = window.dataLayer || [];
  function gtag(){dataLayer.push(arguments);}
  gtag('js', new Date());

  gtag('config', 'UA-26211653-1');
</script>
<!-- End Google Analytics -->
<!-- Venatus Ad Manager - Install in <HEAD> of page -->
	<script src="https://hb.vntsm.com/v3/live/ad-manager.min.js" type="text/javascript" data-site-id="642aba63ec9a7b11c3c9c1be" data-mode="scan" async></script>
<!-- / Venatus Ad Manager -->

<style>
	@media (max-width:820px) {
		.battle {
			margin: 0 auto;
		}
		.battle-log {
			margin: 7px auto 0;
			max-width: 640px;
			height: 300px;
			position: static;
		}
	}
	.optgroup {
		display: inline-block;
		line-height: 22px;
		font-size: 10pt;
	}
	.optgroup .button {
		height: 25px;
		padding-top: 0;
		padding-bottom: 0;
	}
	.optgroup button.button {
		padding-left: 12px;
		padding-right: 12px;
	}
	.linklist {
		list-style: none;
		margin: 0.5em 0;
		padding: 0;
	}
	.linklist li {
		padding: 2px 0;
	}
	.sidebar {
		float: left;
		width: 320px;
	}
	.bar-wrapper {
		max-width: 1100px;
		margin: 0 auto;
	}
	.bar-wrapper.has-sidebar {
		max-width: 1430px;
	}
	.mainbar {
		margin: 0;
		padding-right: 1px;
	}
	.mainbar.has-sidebar {
		margin-left: 330px;
	}
	@media (min-width: 1511px) {
		.sidebar {
			width: 400px;
		}
		.bar-wrapper.has-sidebar {
			max-width: 1510px;
		}
		.mainbar.has-sidebar {
			margin-left: 410px;
		}
	}
	.section.first-section {
		margin-top: 9px;
	}
	.blocklink small {
		white-space: normal;
	}
	.button {
		vertical-align: middle;
	}
	.replay-controls {
		padding-top: 10px;
	}
	.replay-controls h1 {
		font-size: 16pt;
		font-weight: normal;
		color: #CCC;
	}
	.pagelink {
		text-align: center;
	}
	.pagelink a {
		width: 150px;
	}
	.textbox, .button {
		font-size: 11pt;
		vertical-align: middle;
	}
	@media (max-width: 450px) {
		.button {
			font-size: 9pt;
		}
	}
</style>

<div>

	<header>
		<div class="nav-wrapper"><ul class="nav">
			<li><a class="button nav-first" href="//pokemonshowdown.com/"><img src="//pokemonshowdown.com/images/pokemonshowdownbeta.png" srcset="//pokemonshowdown.com/images/pokemonshowdownbeta.png 1x, //pokemonshowdown.com/images/pokemonshowdownbeta@2x.png 2x" alt="Pok&eacute;mon Showdown" width="146" height="44" /> Home</a></li>
			<li><a class="button" href="//pokemonshowdown.com/dex/">Pok&eacute;dex</a></li>
			<li><a class="button cur" href="/">Replays</a></li>
			<li><a class="button" href="//pokemonshowdown.com/ladder/">Ladder</a></li>
			<li><a class="button nav-last" href="//pokemonshowdown.com/forums/">Forum</a></li>
			<li><a class="button greenbutton nav-first nav-last" href="//play.pokemonshowdown.com/">Play</a></li>
		</ul></div>
	</header>

	<div class="main" id="main">

		<noscript><section class="section">You need to enable JavaScript to use this page; sorry!</section></noscript>

	</div>

</div>

<script defer nomodule src="//play.pokemonshowdown.com/js/lib/ps-polyfill.js"></script>
<script defer src="//play.pokemonshowdown.com/js/lib/preact.min.js"></script>

<script defer src="//play.pokemonshowdown.com/config/config.js?2bddbc15"></script>
<script defer src="//play.pokemonshowdown.com/js/lib/jquery-1.11.0.min.js"></script>
<script defer src="//play.pokemonshowdown.com/js/lib/html-sanitizer-minified.js"></script>
<script defer src="//play.pokemonshowdown.com/js/battle-sound.js"></script>
<script defer src="//play.pokemonshowdown.com/js/battledata.js?0.7209276989879541"></script>
<script defer src="//play.pokemonshowdown.com/data/pokedex-mini.js?0.6111056340867951"></script>
<script defer src="//play.pokemonshowdown.com/data/pokedex-mini-bw.js?0.3532142036491459"></script>
<script defer src="//play.pokemonshowdown.com/data/graphics.js?0.24223875632456182"></script>
<script defer src="//play.pokemonshowdown.com/data/pokedex.js?0.38839984266356864"></script>
<script defer src="//play.pokemonshowdown.com/data/moves.js?0.21866028504024015"></script>
<script defer src="//play.pokemonshowdown.com/data/abilities.js?0.2005157953846628"></script>
<script defer src="//play.pokemonshowdown.com/data/items.js?0.9894211263848525"></script>
<script defer src="//play.pokemonshowdown.com/data/teambuilder-tables.js?0.6008791140282215"></script>
<script defer src="//play.pokemonshowdown.com/js/battle-tooltips.js?0.7580118955022959"></script>
<script defer src="//play.pokemonshowdown.com/js/battle.js?0.6057722274234274"></script>

<script defer src="js/utils.js?e31f9a17"></script>
<script defer src="js/replays-battle.js?7008c182"></script>

<!-- don't scrape this data! just add .json or .log after the URL!
Full API docs: https://github.com/smogon/pokemon-showdown-client/blob/master/WEB-API.md -->
<script type="text/plain" class="log" id="replaylog-smogtours-gen3ou-794361">
|inactive|Battle timer is ON: inactive players will automatically lose when time's up.
|t:|1727986688
|gametype|singles
|player|p1|Skarph☾eRiM|#scl4platoon2|
|player|p2|Elisy|miku-flying|
|teamsize|p1|6
|teamsize|p2|6
|gen|3
|tier|[Gen 3] OU
|rule|Sleep Clause Mod: Limit one foe put to sleep
|rule|Switch Priority Clause Mod: Faster Pokémon switch first
|rule|Species Clause: Limit one of each Pokémon
|rule|OHKO Clause: OHKO moves are banned
|rule|Evasion Items Clause: Evasion items are banned
|rule|Evasion Moves Clause: Evasion moves are banned
|rule|Endless Battle Clause: Forcing endless battles is banned
|rule|HP Percentage Mod: HP is shown in percentages
|rule|One Boost Passer Clause: Limit one Baton Passer that has a way to boost its stats
|rule|Freeze Clause Mod: Limit one foe frozen
|
|t:|1727986688
|start
|switch|p1a: Skarmory|Skarmory, M|100/100
|switch|p2a: Metagross|Metagross|100/100
|turn|1
|c|☆Elisy|hf
|c|☆Skarph☾eRiM|hf
|raw|<div class="broadcast-red"><strong>Moderated chat was set to ☆!<\/strong><br />Only users of rank ☆ and higher can talk.<\/div>
|
|t:|1727986717
|switch|p2a: Magneton|Magneton|100/100
|move|p1a: Skarmory|Spikes|p2a: Magneton
|-sidestart|p2: Elisy|Spikes
|
|upkeep
|turn|2
|
|t:|1727986723
|move|p2a: Magneton|Thunderbolt|p1a: Skarmory
|-supereffective|p1a: Skarmory
|-damage|p1a: Skarmory|21/100
|move|p1a: Skarmory|Roar|p2a: Magneton
|drag|p2a: Suicune|Suicune|100/100
|-damage|p2a: Suicune|88/100|[from] Spikes
|
|-heal|p2a: Suicune|94/100|[from] item: Leftovers
|-heal|p1a: Skarmory|27/100|[from] item: Leftovers
|upkeep
|turn|3
|inactive|Skarph☾eRiM has 270 seconds left.
|inactive|Elisy has 270 seconds left.
|
|t:|1727986756
|switch|p2a: Metagross|Metagross|100/100
|-damage|p2a: Metagross|88/100|[from] Spikes
|switch|p1a: Blissey|Blissey, F|100/100
|
|-heal|p2a: Metagross|94/100|[from] item: Leftovers
|upkeep
|turn|4
|inactive|Skarph☾eRiM has 270 seconds left.
|inactive|Elisy has 270 seconds left.
|
|t:|1727986794
|move|p2a: Metagross|Meteor Mash|p1a: Blissey
|-damage|p1a: Blissey|57/100
|move|p1a: Blissey|Thunder Wave|p2a: Metagross
|-status|p2a: Metagross|par
|
|-heal|p1a: Blissey|63/100|[from] item: Leftovers
|-heal|p2a: Metagross|99/100 par|[from] item: Leftovers
|upkeep
|turn|5
|inactive|Elisy has 270 seconds left.
|inactive|Skarph☾eRiM has 240 seconds left.
|inactive|Skarph☾eRiM has 210 seconds left.
|inactive|Skarph☾eRiM has 180 seconds left.
|
|t:|1727986885
|switch|p1a: Starmie|Starmie|100/100
|cant|p2a: Metagross|par
|
|-heal|p2a: Metagross|100/100 par|[from] item: Leftovers
|upkeep
|turn|6
|inactive|Elisy has 240 seconds left.
|inactive|Elisy has 210 seconds left.
|
|t:|1727986962
|switch|p2a: Blissey|Blissey, F|100/100
|-damage|p2a: Blissey|88/100|[from] Spikes
|move|p1a: Starmie|Surf|p2a: Blissey
|-damage|p2a: Blissey|72/100
|
|-heal|p2a: Blissey|78/100|[from] item: Leftovers
|upkeep
|turn|7
|
|t:|1727986974
|switch|p1a: Tyranitar|Tyranitar, F|100/100
|-weather|Sandstorm|[from] ability: Sand Stream|[of] p1a: Tyranitar
|move|p2a: Blissey|Ice Beam|p1a: Tyranitar
|-damage|p1a: Tyranitar|80/100
|
|-weather|Sandstorm|[upkeep]
|-damage|p2a: Blissey|72/100|[from] Sandstorm
|-heal|p1a: Tyranitar|86/100|[from] item: Leftovers
|-heal|p2a: Blissey|78/100|[from] item: Leftovers
|upkeep
|turn|8
|inactive|Elisy has 180 seconds left.
|inactive|Skarph☾eRiM has 150 seconds left.
|
|t:|1727987000
|switch|p2a: Claydol|Claydol|100/100
|move|p1a: Tyranitar|Crunch|p2a: Claydol
|-supereffective|p2a: Claydol
|-damage|p2a: Claydol|42/100
|
|-weather|Sandstorm|[upkeep]
|-heal|p2a: Claydol|49/100|[from] item: Leftovers
|-heal|p1a: Tyranitar|92/100|[from] item: Leftovers
|upkeep
|turn|9
|inactive|Elisy has 180 seconds left.
|inactive|Skarph☾eRiM has 150 seconds left.
|
|t:|1727987014
|switch|p2a: Blissey|Blissey, F|78/100
|-damage|p2a: Blissey|65/100|[from] Spikes
|move|p1a: Tyranitar|Crunch|p2a: Blissey
|-damage|p2a: Blissey|50/100
|
|-weather|Sandstorm|[upkeep]
|-damage|p2a: Blissey|44/100|[from] Sandstorm
|-heal|p1a: Tyranitar|98/100|[from] item: Leftovers
|-heal|p2a: Blissey|50/100|[from] item: Leftovers
|upkeep
|turn|10
|inactive|Elisy has 180 seconds left.
|
|t:|1727987026
|switch|p2a: Skarmory|Skarmory, M|100/100
|move|p1a: Tyranitar|Brick Break|p2a: Skarmory
|-damage|p2a: Skarmory|83/100
|
|-weather|Sandstorm|[upkeep]
|-heal|p2a: Skarmory|89/100|[from] item: Leftovers
|-heal|p1a: Tyranitar|100/100|[from] item: Leftovers
|upkeep
|turn|11
|inactive|Elisy has 180 seconds left.
|
|t:|1727987042
|move|p2a: Skarmory|Protect|p2a: Skarmory
|-singleturn|p2a: Skarmory|Protect
|move|p1a: Tyranitar|Fire Blast|p2a: Skarmory
|-activate|p2a: Skarmory|Protect
|
|-weather|Sandstorm|[upkeep]
|-heal|p2a: Skarmory|95/100|[from] item: Leftovers
|upkeep
|turn|12
|
|t:|1727987053
|switch|p2a: Suicune|Suicune|94/100
|-damage|p2a: Suicune|82/100|[from] Spikes
|move|p1a: Tyranitar|Fire Blast|p2a: Suicune|[miss]
|-miss|p1a: Tyranitar|p2a: Suicune
|
|-weather|Sandstorm|[upkeep]
|-damage|p2a: Suicune|76/100|[from] Sandstorm
|-heal|p2a: Suicune|82/100|[from] item: Leftovers
|upkeep
|turn|13
|
|t:|1727987073
|switch|p1a: Starmie|Starmie|100/100
|move|p2a: Suicune|Surf|p1a: Starmie
|-resisted|p1a: Starmie
|-damage|p1a: Starmie|81/100
|
|-weather|Sandstorm|[upkeep]
|-damage|p1a: Starmie|75/100|[from] Sandstorm
|-damage|p2a: Suicune|76/100|[from] Sandstorm
|-heal|p1a: Starmie|81/100|[from] item: Leftovers
|-heal|p2a: Suicune|82/100|[from] item: Leftovers
|upkeep
|turn|14
|
|t:|1727987090
|move|p1a: Starmie|Thunderbolt|p2a: Suicune
|-supereffective|p2a: Suicune
|-damage|p2a: Suicune|39/100
|move|p2a: Suicune|Surf|p1a: Starmie
|-resisted|p1a: Starmie
|-damage|p1a: Starmie|61/100
|
|-weather|Sandstorm|[upkeep]
|-damage|p1a: Starmie|55/100|[from] Sandstorm
|-damage|p2a: Suicune|33/100|[from] Sandstorm
|-heal|p1a: Starmie|61/100|[from] item: Leftovers
|-heal|p2a: Suicune|39/100|[from] item: Leftovers
|upkeep
|turn|15
|
|t:|1727987101
|switch|p1a: Aerodactyl|Aerodactyl, F|100/100
|switch|p2a: Blissey|Blissey, F|50/100
|-damage|p2a: Blissey|38/100|[from] Spikes
|
|-weather|Sandstorm|[upkeep]
|-damage|p2a: Blissey|32/100|[from] Sandstorm
|-heal|p2a: Blissey|38/100|[from] item: Leftovers
|upkeep
|turn|16
|inactive|Elisy has 180 seconds left.
|
|t:|1727987127
|switch|p2a: Metagross|Metagross|100/100 par
|-damage|p2a: Metagross|88/100 par|[from] Spikes
|move|p1a: Aerodactyl|Rock Slide|p2a: Metagross
|-resisted|p2a: Metagross
|-crit|p2a: Metagross
|-damage|p2a: Metagross|60/100 par
|
|-weather|Sandstorm|[upkeep]
|-heal|p2a: Metagross|66/100 par|[from] item: Leftovers
|upkeep
|turn|17
|
|t:|1727987147
|switch|p1a: Swampert|Swampert, M|100/100
|switch|p2a: Blissey|Blissey, F|38/100
|-damage|p2a: Blissey|25/100|[from] Spikes
|
|-weather|Sandstorm|[upkeep]
|-damage|p2a: Blissey|19/100|[from] Sandstorm
|-heal|p2a: Blissey|25/100|[from] item: Leftovers
|upkeep
|turn|18
|
|t:|1727987160
|move|p1a: Swampert|Toxic|p2a: Blissey|[miss]
|-miss|p1a: Swampert|p2a: Blissey
|move|p2a: Blissey|Soft-Boiled|p2a: Blissey
|-heal|p2a: Blissey|75/100
|
|-weather|Sandstorm|[upkeep]
|-damage|p2a: Blissey|69/100|[from] Sandstorm
|-heal|p2a: Blissey|75/100|[from] item: Leftovers
|upkeep
|turn|19
|inactive|Skarph☾eRiM has 150 seconds left.
|
|t:|1727987191
|move|p1a: Swampert|Toxic|p2a: Blissey|[miss]
|-miss|p1a: Swampert|p2a: Blissey
|move|p2a: Blissey|Wish|p2a: Blissey
|
|-weather|Sandstorm|[upkeep]
|-damage|p2a: Blissey|69/100|[from] Sandstorm
|-heal|p2a: Blissey|75/100|[from] item: Leftovers
|upkeep
|turn|20
|inactive|Skarph☾eRiM has 150 seconds left.
|
|t:|1727987204
|switch|p1a: Starmie|Starmie|61/100
|switch|p2a: Suicune|Suicune|39/100
|-damage|p2a: Suicune|27/100|[from] Spikes
|
|-heal|p2a: Suicune|77/100|[from] move: Wish|[wisher] Blissey
|-weather|Sandstorm|[upkeep]
|-damage|p1a: Starmie|55/100|[from] Sandstorm
|-damage|p2a: Suicune|71/100|[from] Sandstorm
|-heal|p1a: Starmie|61/100|[from] item: Leftovers
|-heal|p2a: Suicune|77/100|[from] item: Leftovers
|upkeep
|turn|21
|
|t:|1727987214
|switch|p2a: Blissey|Blissey, F|75/100
|-damage|p2a: Blissey|63/100|[from] Spikes
|move|p1a: Starmie|Thunderbolt|p2a: Blissey
|-damage|p2a: Blissey|51/100
|
|-weather|Sandstorm|[upkeep]
|-damage|p1a: Starmie|55/100|[from] Sandstorm
|-damage|p2a: Blissey|45/100|[from] Sandstorm
|-heal|p1a: Starmie|61/100|[from] item: Leftovers
|-heal|p2a: Blissey|51/100|[from] item: Leftovers
|upkeep
|turn|22
|inactive|Skarph☾eRiM has 150 seconds left.
|
|t:|1727987230
|move|p1a: Starmie|Recover|p1a: Starmie
|-heal|p1a: Starmie|100/100
|move|p2a: Blissey|Soft-Boiled|p2a: Blissey
|-heal|p2a: Blissey|100/100
|
|-weather|Sandstorm|[upkeep]
|-damage|p1a: Starmie|94/100|[from] Sandstorm
|-damage|p2a: Blissey|94/100|[from] Sandstorm
|-heal|p1a: Starmie|100/100|[from] item: Leftovers
|-heal|p2a: Blissey|100/100|[from] item: Leftovers
|upkeep
|turn|23
|inactive|Skarph☾eRiM has 150 seconds left.
|
|t:|1727987242
|move|p1a: Starmie|Surf|p2a: Blissey
|-crit|p2a: Blissey
|-damage|p2a: Blissey|69/100
|move|p2a: Blissey|Wish|p2a: Blissey
|
|-weather|Sandstorm|[upkeep]
|-damage|p1a: Starmie|94/100|[from] Sandstorm
|-damage|p2a: Blissey|63/100|[from] Sandstorm
|-heal|p1a: Starmie|100/100|[from] item: Leftovers
|-heal|p2a: Blissey|69/100|[from] item: Leftovers
|upkeep
|turn|24
|inactive|Skarph☾eRiM has 150 seconds left.
|
|t:|1727987270
|switch|p1a: Swampert|Swampert, M|100/100
|move|p2a: Blissey|Seismic Toss|p1a: Swampert
|-damage|p1a: Swampert|76/100
|
|-heal|p2a: Blissey|100/100|[from] move: Wish|[wisher] Blissey
|-weather|Sandstorm|[upkeep]
|-damage|p2a: Blissey|94/100|[from] Sandstorm
|-heal|p1a: Swampert|82/100|[from] item: Leftovers
|-heal|p2a: Blissey|100/100|[from] item: Leftovers
|upkeep
|turn|25
|inactive|Elisy has 150 seconds left.
|
|t:|1727987305
|move|p1a: Swampert|Toxic|p2a: Blissey
|-status|p2a: Blissey|tox
|move|p2a: Blissey|Wish|p2a: Blissey
|
|-weather|Sandstorm|[upkeep]
|-damage|p2a: Blissey|94/100 tox|[from] Sandstorm
|-heal|p1a: Swampert|88/100|[from] item: Leftovers
|-heal|p2a: Blissey|100/100 tox|[from] item: Leftovers
|-damage|p2a: Blissey|94/100 tox|[from] psn
|upkeep
|turn|26
|inactive|Elisy has 150 seconds left.
|
|t:|1727987316
|-curestatus|p2a: Blissey|tox|[from] ability: Natural Cure
|switch|p2a: Skarmory|Skarmory, M|95/100
|move|p1a: Swampert|Toxic|p2a: Skarmory
|-immune|p2a: Skarmory
|
|-heal|p2a: Skarmory|100/100|[from] move: Wish|[wisher] Blissey
|-weather|Sandstorm|[upkeep]
|-heal|p1a: Swampert|94/100|[from] item: Leftovers
|upkeep
|turn|27
|inactive|Elisy has 150 seconds left.
|
|t:|1727987333
|move|p2a: Skarmory|Spikes|p1a: Swampert
|-sidestart|p1: Skarph☾eRiM|Spikes
|move|p1a: Swampert|Surf|p2a: Skarmory
|-damage|p2a: Skarmory|73/100
|
|-weather|Sandstorm|[upkeep]
|-heal|p2a: Skarmory|79/100|[from] item: Leftovers
|-heal|p1a: Swampert|100/100|[from] item: Leftovers
|upkeep
|turn|28
|
|t:|1727987339
|switch|p1a: Skarmory|Skarmory, M|27/100
|move|p2a: Skarmory|Spikes|p1a: Skarmory
|-sidestart|p1: Skarph☾eRiM|Spikes
|
|-weather|Sandstorm|[upkeep]
|-heal|p2a: Skarmory|85/100|[from] item: Leftovers
|-heal|p1a: Skarmory|33/100|[from] item: Leftovers
|upkeep
|turn|29
|
|t:|1727987356
|switch|p1a: Tyranitar|Tyranitar, F|100/100
|-damage|p1a: Tyranitar|84/100|[from] Spikes
|move|p2a: Skarmory|Spikes|p1a: Tyranitar
|-sidestart|p1: Skarph☾eRiM|Spikes
|
|-weather|Sandstorm|[upkeep]
|-heal|p2a: Skarmory|91/100|[from] item: Leftovers
|-heal|p1a: Tyranitar|90/100|[from] item: Leftovers
|upkeep
|turn|30
|
|t:|1727987363
|move|p2a: Skarmory|Protect|p2a: Skarmory
|-singleturn|p2a: Skarmory|Protect
|move|p1a: Tyranitar|Crunch|p2a: Skarmory
|-activate|p2a: Skarmory|Protect
|
|-weather|Sandstorm|[upkeep]
|-heal|p2a: Skarmory|97/100|[from] item: Leftovers
|-heal|p1a: Tyranitar|96/100|[from] item: Leftovers
|upkeep
|turn|31
|
|t:|1727987370
|move|p1a: Tyranitar|Fire Blast|p2a: Skarmory
|-supereffective|p2a: Skarmory
|-damage|p2a: Skarmory|25/100
|move|p2a: Skarmory|Roar|p1a: Tyranitar
|drag|p1a: Skarmory|Skarmory, M|33/100
|
|-weather|Sandstorm|[upkeep]
|-heal|p2a: Skarmory|31/100|[from] item: Leftovers
|-heal|p1a: Skarmory|39/100|[from] item: Leftovers
|upkeep
|turn|32
|
|t:|1727987391
|switch|p1a: Aerodactyl|Aerodactyl, F|100/100
|move|p2a: Skarmory|Roar|p1a: Aerodactyl
|drag|p1a: Starmie|Starmie|100/100
|-damage|p1a: Starmie|76/100|[from] Spikes
|
|-weather|Sandstorm|[upkeep]
|-damage|p1a: Starmie|70/100|[from] Sandstorm
|-heal|p1a: Starmie|76/100|[from] item: Leftovers
|-heal|p2a: Skarmory|37/100|[from] item: Leftovers
|upkeep
|turn|33
|inactive|Elisy has 180 seconds left.
|
|t:|1727987408
|move|p2a: Skarmory|Protect|p2a: Skarmory
|-singleturn|p2a: Skarmory|Protect
|move|p1a: Starmie|Recover|p1a: Starmie
|-heal|p1a: Starmie|100/100
|
|-weather|Sandstorm|[upkeep]
|-damage|p1a: Starmie|94/100|[from] Sandstorm
|-heal|p1a: Starmie|100/100|[from] item: Leftovers
|-heal|p2a: Skarmory|43/100|[from] item: Leftovers
|upkeep
|turn|34
|
|t:|1727987416
|switch|p2a: Blissey|Blissey, F|94/100
|-damage|p2a: Blissey|82/100|[from] Spikes
|move|p1a: Starmie|Thunderbolt|p2a: Blissey
|-crit|p2a: Blissey
|-damage|p2a: Blissey|58/100
|
|-weather|Sandstorm|[upkeep]
|-damage|p1a: Starmie|94/100|[from] Sandstorm
|-damage|p2a: Blissey|52/100|[from] Sandstorm
|-heal|p1a: Starmie|100/100|[from] item: Leftovers
|-heal|p2a: Blissey|58/100|[from] item: Leftovers
|upkeep
|turn|35
|
|t:|1727987423
|move|p1a: Starmie|Rapid Spin|p2a: Blissey
|-damage|p2a: Blissey|55/100
|-sideend|p1: Skarph☾eRiM|Spikes|[from] move: Rapid Spin|[of] p1a: Starmie
|move|p2a: Blissey|Wish|p2a: Blissey
|
|-weather|Sandstorm|[upkeep]
|-damage|p1a: Starmie|94/100|[from] Sandstorm
|-damage|p2a: Blissey|49/100|[from] Sandstorm
|-heal|p1a: Starmie|100/100|[from] item: Leftovers
|-heal|p2a: Blissey|55/100|[from] item: Leftovers
|upkeep
|turn|36
|
|t:|1727987434
|switch|p1a: Tyranitar|Tyranitar, F|96/100
|switch|p2a: Metagross|Metagross|66/100 par
|-damage|p2a: Metagross|53/100 par|[from] Spikes
|
|-heal|p2a: Metagross|100/100 par|[from] move: Wish|[wisher] Blissey
|-weather|Sandstorm|[upkeep]
|-heal|p1a: Tyranitar|100/100|[from] item: Leftovers
|upkeep
|turn|37
|inactive|Skarph☾eRiM has 150 seconds left.
|
|t:|1727987451
|switch|p1a: Swampert|Swampert, M|100/100
|switch|p2a: Suicune|Suicune|77/100
|-damage|p2a: Suicune|65/100|[from] Spikes
|
|-weather|Sandstorm|[upkeep]
|-damage|p2a: Suicune|58/100|[from] Sandstorm
|-heal|p2a: Suicune|65/100|[from] item: Leftovers
|upkeep
|turn|38
|inactive|Elisy has 180 seconds left.
|
|t:|1727987484
|switch|p2a: Blissey|Blissey, F|55/100
|-damage|p2a: Blissey|43/100|[from] Spikes
|switch|p1a: Starmie|Starmie|100/100
|
|-weather|Sandstorm|[upkeep]
|-damage|p1a: Starmie|94/100|[from] Sandstorm
|-damage|p2a: Blissey|37/100|[from] Sandstorm
|-heal|p1a: Starmie|100/100|[from] item: Leftovers
|-heal|p2a: Blissey|43/100|[from] item: Leftovers
|upkeep
|turn|39
|
|t:|1727987490
|switch|p1a: Tyranitar|Tyranitar, F|100/100
|move|p2a: Blissey|Soft-Boiled|p2a: Blissey
|-heal|p2a: Blissey|93/100
|
|-weather|Sandstorm|[upkeep]
|-damage|p2a: Blissey|87/100|[from] Sandstorm
|-heal|p2a: Blissey|93/100|[from] item: Leftovers
|upkeep
|turn|40
|inactive|Elisy has 180 seconds left.
|inactive|Elisy has 150 seconds left.
|
|t:|1727987527
|switch|p2a: Metagross|Metagross|100/100 par
|-damage|p2a: Metagross|88/100 par|[from] Spikes
|move|p1a: Tyranitar|Brick Break|p2a: Metagross
|-crit|p2a: Metagross
|-damage|p2a: Metagross|61/100 par
|
|-weather|Sandstorm|[upkeep]
|-heal|p2a: Metagross|67/100 par|[from] item: Leftovers
|upkeep
|turn|41
|inactive|Skarph☾eRiM has 150 seconds left.
|
|t:|1727987553
|switch|p2a: Suicune|Suicune|65/100
|-damage|p2a: Suicune|52/100|[from] Spikes
|move|p1a: Tyranitar|Fire Blast|p2a: Suicune
|-resisted|p2a: Suicune
|-damage|p2a: Suicune|40/100
|
|-weather|Sandstorm|[upkeep]
|-damage|p2a: Suicune|33/100|[from] Sandstorm
|-heal|p2a: Suicune|40/100|[from] item: Leftovers
|upkeep
|turn|42
|inactive|Elisy has 150 seconds left.
|
|t:|1727987579
|move|p2a: Suicune|Rest|p2a: Suicune
|-status|p2a: Suicune|slp|[from] move: Rest
|-heal|p2a: Suicune|100/100 slp|[silent]
|move|p1a: Tyranitar|Crunch|p2a: Suicune
|-damage|p2a: Suicune|73/100 slp
|
|-weather|Sandstorm|[upkeep]
|-damage|p2a: Suicune|67/100 slp|[from] Sandstorm
|-heal|p2a: Suicune|73/100 slp|[from] item: Leftovers
|upkeep
|turn|43
|
|t:|1727987588
|cant|p2a: Suicune|slp
|move|p1a: Tyranitar|Crunch|p2a: Suicune
|-crit|p2a: Suicune
|-damage|p2a: Suicune|18/100 slp
|
|-weather|Sandstorm|[upkeep]
|-damage|p2a: Suicune|12/100 slp|[from] Sandstorm
|-heal|p2a: Suicune|18/100 slp|[from] item: Leftovers
|upkeep
|turn|44
|inactive|Elisy has 150 seconds left.
|inactive|Skarph☾eRiM has 150 seconds left.
|
|t:|1727987601
|switch|p2a: Blissey|Blissey, F|93/100
|-damage|p2a: Blissey|80/100|[from] Spikes
|move|p1a: Tyranitar|Crunch|p2a: Blissey
|-damage|p2a: Blissey|66/100
|
|-weather|Sandstorm|[upkeep]
|-damage|p2a: Blissey|60/100|[from] Sandstorm
|-heal|p2a: Blissey|66/100|[from] item: Leftovers
|upkeep
|turn|45
|inactive|Elisy has 150 seconds left.
|
|t:|1727987615
|move|p1a: Tyranitar|Brick Break|p2a: Blissey
|-supereffective|p2a: Blissey
|-crit|p2a: Blissey
|-damage|p2a: Blissey|0 fnt
|faint|p2a: Blissey
|inactive|Elisy has 150 seconds left.
|inactive|Elisy has 120 seconds left.
|inactive|Elisy has 90 seconds left.
|
|t:|1727987689
|switch|p2a: Skarmory|Skarmory, M|43/100
|
|-weather|Sandstorm|[upkeep]
|-heal|p2a: Skarmory|49/100|[from] item: Leftovers
|upkeep
|turn|46
|inactive|Elisy has 90 seconds left.
|
|t:|1727987697
|switch|p1a: Starmie|Starmie|100/100
|move|p2a: Skarmory|Protect||[still]
|-fail|p2a: Skarmory
|
|-weather|Sandstorm|[upkeep]
|-damage|p1a: Starmie|94/100|[from] Sandstorm
|-heal|p1a: Starmie|100/100|[from] item: Leftovers
|-heal|p2a: Skarmory|55/100|[from] item: Leftovers
|upkeep
|turn|47
|inactive|Elisy has 90 seconds left.
|
|t:|1727987716
|switch|p2a: Metagross|Metagross|67/100 par
|-damage|p2a: Metagross|55/100 par|[from] Spikes
|move|p1a: Starmie|Thunderbolt|p2a: Metagross
|-damage|p2a: Metagross|28/100 par
|
|-weather|Sandstorm|[upkeep]
|-damage|p1a: Starmie|94/100|[from] Sandstorm
|-heal|p1a: Starmie|100/100|[from] item: Leftovers
|-heal|p2a: Metagross|34/100 par|[from] item: Leftovers
|upkeep
|turn|48
|inactive|Elisy has 90 seconds left.
|
|t:|1727987725
|move|p1a: Starmie|Surf|p2a: Metagross
|-damage|p2a: Metagross|0 fnt
|faint|p2a: Metagross
|inactive|Elisy has 90 seconds left.
|
|t:|1727987733
|switch|p2a: Magneton|Magneton|100/100
|-damage|p2a: Magneton|88/100|[from] Spikes
|
|-weather|Sandstorm|[upkeep]
|-damage|p1a: Starmie|94/100|[from] Sandstorm
|-heal|p1a: Starmie|100/100|[from] item: Leftovers
|-heal|p2a: Magneton|94/100|[from] item: Leftovers
|upkeep
|turn|49
|inactive|Skarph☾eRiM has 180 seconds left.
|
|t:|1727987774
|switch|p1a: Blissey|Blissey, F|63/100
|move|p2a: Magneton|Toxic|p1a: Blissey
|-status|p1a: Blissey|tox
|
|-weather|Sandstorm|[upkeep]
|-damage|p1a: Blissey|57/100 tox|[from] Sandstorm
|-heal|p2a: Magneton|100/100|[from] item: Leftovers
|-heal|p1a: Blissey|63/100 tox|[from] item: Leftovers
|-damage|p1a: Blissey|57/100 tox|[from] psn
|upkeep
|turn|50
|inactive|Elisy has 90 seconds left.
|
|t:|1727987802
|switch|p2a: Claydol|Claydol|49/100
|move|p1a: Blissey|Soft-Boiled|p1a: Blissey
|-heal|p1a: Blissey|100/100 tox
|
|-weather|Sandstorm|[upkeep]
|-damage|p1a: Blissey|94/100 tox|[from] Sandstorm
|-heal|p2a: Claydol|55/100|[from] item: Leftovers
|-heal|p1a: Blissey|100/100 tox|[from] item: Leftovers
|-damage|p1a: Blissey|88/100 tox|[from] psn
|upkeep
|turn|51
|
|t:|1727987827
|switch|p2a: Magneton|Magneton|100/100
|-damage|p2a: Magneton|88/100|[from] Spikes
|-curestatus|p1a: Blissey|tox|[from] ability: Natural Cure
|switch|p1a: Starmie|Starmie|100/100
|
|-weather|Sandstorm|[upkeep]
|-damage|p1a: Starmie|94/100|[from] Sandstorm
|-heal|p1a: Starmie|100/100|[from] item: Leftovers
|-heal|p2a: Magneton|94/100|[from] item: Leftovers
|upkeep
|turn|52
|inactive|Elisy has 60 seconds left.
|
|t:|1727987849
|switch|p1a: Blissey|Blissey, F|88/100
|move|p2a: Magneton|Thunderbolt|p1a: Blissey
|-damage|p1a: Blissey|73/100
|
|-weather|Sandstorm|[upkeep]
|-damage|p1a: Blissey|67/100|[from] Sandstorm
|-heal|p2a: Magneton|100/100|[from] item: Leftovers
|-heal|p1a: Blissey|73/100|[from] item: Leftovers
|upkeep
|turn|53
|inactive|Elisy has 60 seconds left.
|
|t:|1727987858
|switch|p2a: Claydol|Claydol|55/100
|move|p1a: Blissey|Seismic Toss|p2a: Claydol
|-damage|p2a: Claydol|24/100
|
|-weather|Sandstorm|[upkeep]
|-damage|p1a: Blissey|67/100|[from] Sandstorm
|-heal|p2a: Claydol|30/100|[from] item: Leftovers
|-heal|p1a: Blissey|73/100|[from] item: Leftovers
|upkeep
|turn|54
|inactive|Skarph☾eRiM has 180 seconds left.
|
|t:|1727987873
|switch|p1a: Starmie|Starmie|100/100
|move|p2a: Claydol|Rapid Spin|p1a: Starmie
|-damage|p1a: Starmie|96/100
|-sideend|p2: Elisy|Spikes|[from] move: Rapid Spin|[of] p2a: Claydol
|
|-weather|Sandstorm|[upkeep]
|-damage|p1a: Starmie|89/100|[from] Sandstorm
|-heal|p1a: Starmie|96/100|[from] item: Leftovers
|-heal|p2a: Claydol|36/100|[from] item: Leftovers
|upkeep
|turn|55
|inactive|Elisy has 60 seconds left.
|
|t:|1727987889
|switch|p2a: Magneton|Magneton|100/100
|move|p1a: Starmie|Surf|p2a: Magneton
|-crit|p2a: Magneton
|-damage|p2a: Magneton|0 fnt
|faint|p2a: Magneton
|inactive|Elisy has 60 seconds left.
|
|t:|1727987904
|switch|p2a: Skarmory|Skarmory, M|55/100
|
|-weather|Sandstorm|[upkeep]
|-damage|p1a: Starmie|89/100|[from] Sandstorm
|-heal|p1a: Starmie|96/100|[from] item: Leftovers
|-heal|p2a: Skarmory|61/100|[from] item: Leftovers
|upkeep
|turn|56
|inactive|Elisy has 60 seconds left.
|
|t:|1727987913
|move|p2a: Skarmory|Protect|p2a: Skarmory
|-singleturn|p2a: Skarmory|Protect
|move|p1a: Starmie|Thunderbolt|p2a: Skarmory
|-activate|p2a: Skarmory|Protect
|
|-weather|Sandstorm|[upkeep]
|-damage|p1a: Starmie|89/100|[from] Sandstorm
|-heal|p1a: Starmie|96/100|[from] item: Leftovers
|-heal|p2a: Skarmory|67/100|[from] item: Leftovers
|upkeep
|turn|57
|inactive|Elisy has 60 seconds left.
|
|t:|1727987942
|move|p1a: Starmie|Thunderbolt|p2a: Skarmory
|-supereffective|p2a: Skarmory
|-damage|p2a: Skarmory|13/100
|move|p2a: Skarmory|Roar|p1a: Starmie
|drag|p1a: Skarmory|Skarmory, M|39/100
|
|-weather|Sandstorm|[upkeep]
|-heal|p2a: Skarmory|19/100|[from] item: Leftovers
|-heal|p1a: Skarmory|45/100|[from] item: Leftovers
|upkeep
|turn|58
|
|t:|1727987948
|switch|p2a: Suicune|Suicune|18/100 slp
|switch|p1a: Starmie|Starmie|96/100
|
|-weather|Sandstorm|[upkeep]
|-damage|p1a: Starmie|89/100|[from] Sandstorm
|-damage|p2a: Suicune|12/100 slp|[from] Sandstorm
|-heal|p1a: Starmie|96/100|[from] item: Leftovers
|-heal|p2a: Suicune|18/100 slp|[from] item: Leftovers
|upkeep
|turn|59
|inactive|Elisy has 30 seconds left.
|
|t:|1727987979
|move|p1a: Starmie|Thunderbolt|p2a: Suicune
|-supereffective|p2a: Suicune
|-damage|p2a: Suicune|0 fnt
|faint|p2a: Suicune
|inactive|Elisy has 30 seconds left.
|
|t:|1727987985
|switch|p2a: Claydol|Claydol|36/100
|
|-weather|Sandstorm|[upkeep]
|-damage|p1a: Starmie|89/100|[from] Sandstorm
|-heal|p1a: Starmie|96/100|[from] item: Leftovers
|-heal|p2a: Claydol|42/100|[from] item: Leftovers
|upkeep
|turn|60
|
|t:|1727987990
|move|p1a: Starmie|Surf|p2a: Claydol
|-supereffective|p2a: Claydol
|-damage|p2a: Claydol|0 fnt
|faint|p2a: Claydol
|c|☆Elisy|gg
|c|☆Skarph☾eRiM|gg
|c|☆Elisy|/log Elisy made the replay of this battle unlisted.
|inactive|Elisy has 30 seconds left.
|
|t:|1727988005
|switch|p2a: Skarmory|Skarmory, M|19/100
|
|-weather|Sandstorm|[upkeep]
|-damage|p1a: Starmie|89/100|[from] Sandstorm
|-heal|p1a: Starmie|96/100|[from] item: Leftovers
|-heal|p2a: Skarmory|25/100|[from] item: Leftovers
|upkeep
|turn|61
|
|t:|1727988009
|move|p1a: Starmie|Surf|p2a: Skarmory
|-damage|p2a: Skarmory|0 fnt
|faint|p2a: Skarmory
|
|win|Skarph☾eRiM
|player|p1|

</script>
<script type="application/json" class="data" id="replaydata-smogtours-gen3ou-794361">
{"id":"smogtours-gen3ou-794361","format":"[Gen 3] OU","players":["Skarph\u263eeRiM","Elisy"],"uploadtime":1727988009,"views":112,"formatid":"gen3ou","rating":null,"private":1,"password":null}
</script>

<script defer src="js/replays.js?9d40a366"></script>
