<!DOCTYPE html>
<meta charset="utf-8" />
<meta name="viewport" content="width=device-width" />

<title>[Gen 3] OU: klird vs. tsukinomiko - Replays - Pok&eacute;mon Showdown!</title>

<meta name="description" content="Watch a replay of a Pok&eacute;mon battle between klird and tsukinomiko! Format: [Gen 3] OU; Date: Oct 30, 2024" />
<!--

Hey, you! Looking in the source for the replay log?

You can find them in JSON format, just add `.json` at the end of a replay URL.

https://replay.pokemonshowdown.com/gen7randomdoublesbattle-865046831.json

Or, if you only need the log itself, add `.log` instead:

https://replay.pokemonshowdown.com/gen7randomdoublesbattle-865046831.log

-->

<link rel="stylesheet" href="//pokemonshowdown.com/style/global.css?0.023195364461161105" />
<link rel="stylesheet" href="//play.pokemonshowdown.com/style/font-awesome.css?0.13261647063804238" />
<link rel="stylesheet" href="//play.pokemonshowdown.com/style/battle.css?0.8753245789963631" />
<link rel="stylesheet" href="//play.pokemonshowdown.com/style/utilichart.css?0.8627959624976733" />

<!-- Global site tag (gtag.js) - Google Analytics -->
<script async src="https://www.googletagmanager.com/gtag/js?id=UA-26211653-1"></script>
<script>
  window.dataLayer = window.dataLayer || [];
  function gtag(){dataLayer.push(arguments);}
  gtag('js', new Date());

  gtag('config', 'UA-26211653-1');
</script>
<!-- End Google Analytics -->
<!-- Venatus Ad Manager - Install in <HEAD> of page -->
	<script src="https://hb.vntsm.com/v3/live/ad-manager.min.js" type="text/javascript" data-site-id="642aba63ec9a7b11c3c9c1be" data-mode="scan" async></script>
<!-- / Venatus Ad Manager -->

<style>
	@media (max-width:820px) {
		.battle {
			margin: 0 auto;
		}
		.battle-log {
			margin: 7px auto 0;
			max-width: 640px;
			height: 300px;
			position: static;
		}
	}
	.optgroup {
		display: inline-block;
		line-height: 22px;
		font-size: 10pt;
	}
	.optgroup .button {
		height: 25px;
		padding-top: 0;
		padding-bottom: 0;
	}
	.optgroup button.button {
		padding-left: 12px;
		padding-right: 12px;
	}
	.linklist {
		list-style: none;
		margin: 0.5em 0;
		padding: 0;
	}
	.linklist li {
		padding: 2px 0;
	}
	.sidebar {
		float: left;
		width: 320px;
	}
	.bar-wrapper {
		max-width: 1100px;
		margin: 0 auto;
	}
	.bar-wrapper.has-sidebar {
		max-width: 1430px;
	}
	.mainbar {
		margin: 0;
		padding-right: 1px;
	}
	.mainbar.has-sidebar {
		margin-left: 330px;
	}
	@media (min-width: 1511px) {
		.sidebar {
			width: 400px;
		}
		.bar-wrapper.has-sidebar {
			max-width: 1510px;
		}
		.mainbar.has-sidebar {
			margin-left: 410px;
		}
	}
	.section.first-section {
		margin-top: 9px;
	}
	.blocklink small {
		white-space: normal;
	}
	.button {
		vertical-align: middle;
	}
	.replay-controls {
		padding-top: 10px;
	}
	.replay-controls h1 {
		font-size: 16pt;
		font-weight: normal;
		color: #CCC;
	}
	.pagelink {
		text-align: center;
	}
	.pagelink a {
		width: 150px;
	}
	.textbox, .button {
		font-size: 11pt;
		vertical-align: middle;
	}
	@media (max-width: 450px) {
		.button {
			font-size: 9pt;
		}
	}
</style>

<div>

	<header>
		<div class="nav-wrapper"><ul class="nav">
			<li><a class="button nav-first" href="//pokemonshowdown.com/"><img src="//pokemonshowdown.com/images/pokemonshowdownbeta.png" srcset="//pokemonshowdown.com/images/pokemonshowdownbeta.png 1x, //pokemonshowdown.com/images/pokemonshowdownbeta@2x.png 2x" alt="Pok&eacute;mon Showdown" width="146" height="44" /> Home</a></li>
			<li><a class="button" href="//pokemonshowdown.com/dex/">Pok&eacute;dex</a></li>
			<li><a class="button cur" href="/">Replays</a></li>
			<li><a class="button" href="//pokemonshowdown.com/ladder/">Ladder</a></li>
			<li><a class="button nav-last" href="//pokemonshowdown.com/forums/">Forum</a></li>
			<li><a class="button greenbutton nav-first nav-last" href="//play.pokemonshowdown.com/">Play</a></li>
		</ul></div>
	</header>

	<div class="main" id="main">

		<noscript><section class="section">You need to enable JavaScript to use this page; sorry!</section></noscript>

	</div>

</div>

<script defer nomodule src="//play.pokemonshowdown.com/js/lib/ps-polyfill.js"></script>
<script defer src="//play.pokemonshowdown.com/js/lib/preact.min.js"></script>

<script defer src="//play.pokemonshowdown.com/config/config.js?2bddbc15"></script>
<script defer src="//play.pokemonshowdown.com/js/lib/jquery-1.11.0.min.js"></script>
<script defer src="//play.pokemonshowdown.com/js/lib/html-sanitizer-minified.js"></script>
<script defer src="//play.pokemonshowdown.com/js/battle-sound.js"></script>
<script defer src="//play.pokemonshowdown.com/js/battledata.js?0.7209276989879541"></script>
<script defer src="//play.pokemonshowdown.com/data/pokedex-mini.js?0.6111056340867951"></script>
<script defer src="//play.pokemonshowdown.com/data/pokedex-mini-bw.js?0.3532142036491459"></script>
<script defer src="//play.pokemonshowdown.com/data/graphics.js?0.24223875632456182"></script>
<script defer src="//play.pokemonshowdown.com/data/pokedex.js?0.38839984266356864"></script>
<script defer src="//play.pokemonshowdown.com/data/moves.js?0.21866028504024015"></script>
<script defer src="//play.pokemonshowdown.com/data/abilities.js?0.2005157953846628"></script>
<script defer src="//play.pokemonshowdown.com/data/items.js?0.9894211263848525"></script>
<script defer src="//play.pokemonshowdown.com/data/teambuilder-tables.js?0.6008791140282215"></script>
<script defer src="//play.pokemonshowdown.com/js/battle-tooltips.js?0.7580118955022959"></script>
<script defer src="//play.pokemonshowdown.com/js/battle.js?0.6057722274234274"></script>

<script defer src="js/utils.js?e31f9a17"></script>
<script defer src="js/replays-battle.js?7008c182"></script>

<!-- don't scrape this data! just add .json or .log after the URL!
Full API docs: https://github.com/smogon/pokemon-showdown-client/blob/master/WEB-API.md -->
<script type="text/plain" class="log" id="replaylog-smogtours-gen3ou-803442">
|inactive|Battle timer is ON: inactive players will automatically lose when time's up.
|t:|1730313192
|gametype|singles
|player|p1|klird|giovanni|
|player|p2|tsukinomiko|bellelba|
|teamsize|p1|6
|teamsize|p2|6
|gen|3
|tier|[Gen 3] OU
|rule|Sleep Clause Mod: Limit one foe put to sleep
|rule|Switch Priority Clause Mod: Faster Pokémon switch first
|rule|Species Clause: Limit one of each Pokémon
|rule|OHKO Clause: OHKO moves are banned
|rule|Evasion Items Clause: Evasion items are banned
|rule|Evasion Moves Clause: Evasion moves are banned
|rule|Endless Battle Clause: Forcing endless battles is banned
|rule|HP Percentage Mod: HP is shown in percentages
|rule|One Boost Passer Clause: Limit one Baton Passer that has a way to boost its stats
|rule|Freeze Clause Mod: Limit one foe frozen
|
|t:|1730313192
|start
|switch|p1a: Zapdos|Zapdos|100/100
|switch|p2a: Registeel|Registeel|100/100
|turn|1
|
|t:|1730313215
|move|p1a: Zapdos|Protect|p1a: Zapdos
|-singleturn|p1a: Zapdos|Protect
|move|p2a: Registeel|Seismic Toss|p1a: Zapdos
|-activate|p1a: Zapdos|Protect
|
|upkeep
|turn|2
|
|t:|1730313232
|move|p1a: Zapdos|Baton Pass|p1a: Zapdos
|inactive|klird has 270 seconds left.
|
|t:|1730313277
|switch|p1a: Andrea Pirlo|Blissey, F, shiny|100/100|[from] Baton Pass
|move|p2a: Registeel|Thunder Wave|p1a: Andrea Pirlo
|-status|p1a: Andrea Pirlo|par
|
|upkeep
|turn|3
|
|t:|1730313295
|switch|p2a: Skarmory|Skarmory, F|100/100
|-curestatus|p1a: Andrea Pirlo|par|[from] ability: Natural Cure
|switch|p1a: Caw Caw|Skarmory, F|100/100
|
|upkeep
|turn|4
|
|t:|1730313307
|move|p2a: Skarmory|Spikes|p1a: Caw Caw
|-sidestart|p1: klird|Spikes
|move|p1a: Caw Caw|Spikes|p2a: Skarmory
|-sidestart|p2: tsukinomiko|Spikes
|
|upkeep
|turn|5
|
|t:|1730313313
|switch|p1a: Zapdos|Zapdos|100/100
|move|p2a: Skarmory|Spikes|p1a: Zapdos
|-sidestart|p1: klird|Spikes
|
|upkeep
|turn|6
|
|t:|1730313318
|switch|p2a: Claydol|Claydol|100/100
|move|p1a: Zapdos|Thunderbolt|p2a: Claydol
|-immune|p2a: Claydol
|
|upkeep
|turn|7
|inactive|klird has 270 seconds left.
|
|t:|1730313330
|move|p1a: Zapdos|Hidden Power|p2a: Claydol
|-supereffective|p2a: Claydol
|-damage|p2a: Claydol|60/100
|move|p2a: Claydol|Rapid Spin|p1a: Zapdos
|-damage|p1a: Zapdos|95/100
|-sideend|p2: tsukinomiko|Spikes|[from] move: Rapid Spin|[of] p2a: Claydol
|
|-heal|p1a: Zapdos|100/100|[from] item: Leftovers
|-heal|p2a: Claydol|67/100|[from] item: Leftovers
|upkeep
|turn|8
|inactive|klird has 270 seconds left.
|
|t:|1730313337
|switch|p2a: Blissey|Blissey, F|100/100
|move|p1a: Zapdos|Baton Pass|p1a: Zapdos
|inactive|klird has 270 seconds left.
|inactive|klird has 240 seconds left.
|
|t:|1730313372
|switch|p1a: Tyranitar|Tyranitar, F, shiny|100/100|[from] Baton Pass
|-damage|p1a: Tyranitar|84/100|[from] Spikes
|-weather|Sandstorm|[from] ability: Sand Stream|[of] p1a: Tyranitar
|
|-weather|Sandstorm|[upkeep]
|-damage|p2a: Blissey|94/100|[from] Sandstorm
|-heal|p1a: Tyranitar|90/100|[from] item: Leftovers
|-heal|p2a: Blissey|100/100|[from] item: Leftovers
|upkeep
|turn|9
|inactive|klird has 240 seconds left.
|
|t:|1730313405
|switch|p2a: Registeel|Registeel|100/100
|move|p1a: Tyranitar|Dragon Dance|p1a: Tyranitar
|-boost|p1a: Tyranitar|atk|1
|-boost|p1a: Tyranitar|spe|1
|
|-weather|Sandstorm|[upkeep]
|-heal|p1a: Tyranitar|96/100|[from] item: Leftovers
|upkeep
|turn|10
|
|t:|1730313419
|switch|p1a: Blue Blob|Swampert, M, shiny|100/100
|-damage|p1a: Blue Blob|84/100|[from] Spikes
|move|p2a: Registeel|Thunder Wave|p1a: Blue Blob
|-immune|p1a: Blue Blob
|
|-weather|Sandstorm|[upkeep]
|-heal|p1a: Blue Blob|90/100|[from] item: Leftovers
|upkeep
|turn|11
|
|t:|1730313436
|switch|p1a: I will (too long)|Gengar, F|100/100
|switch|p2a: Skarmory|Skarmory, F|100/100
|
|-weather|Sandstorm|[upkeep]
|-damage|p1a: I will (too long)|95/100|[from] Sandstorm
|-heal|p1a: I will (too long)|100/100|[from] item: Leftovers
|upkeep
|turn|12
|
|t:|1730313448
|-singleturn|p1a: I will (too long)|move: Focus Punch
|switch|p2a: Blissey|Blissey, F|100/100
|move|p1a: I will (too long)|Focus Punch|p2a: Blissey
|-supereffective|p2a: Blissey
|-damage|p2a: Blissey|38/100
|
|-weather|Sandstorm|[upkeep]
|-damage|p1a: I will (too long)|95/100|[from] Sandstorm
|-damage|p2a: Blissey|32/100|[from] Sandstorm
|-heal|p1a: I will (too long)|100/100|[from] item: Leftovers
|-heal|p2a: Blissey|38/100|[from] item: Leftovers
|upkeep
|turn|13
|
|t:|1730313458
|-singleturn|p1a: I will (too long)|move: Focus Punch
|move|p2a: Blissey|Ice Beam|p1a: I will (too long)
|-damage|p1a: I will (too long)|74/100
|move|p1a: I will (too long)|Focus Punch||[still]
|cant|p1a: I will (too long)|Focus Punch|Focus Punch
|
|-weather|Sandstorm|[upkeep]
|-damage|p1a: I will (too long)|68/100|[from] Sandstorm
|-damage|p2a: Blissey|32/100|[from] Sandstorm
|-heal|p1a: I will (too long)|74/100|[from] item: Leftovers
|-heal|p2a: Blissey|38/100|[from] item: Leftovers
|upkeep
|turn|14
|
|t:|1730313467
|-singleturn|p1a: I will (too long)|move: Focus Punch
|move|p2a: Blissey|Ice Beam|p1a: I will (too long)
|-damage|p1a: I will (too long)|45/100
|move|p1a: I will (too long)|Focus Punch||[still]
|cant|p1a: I will (too long)|Focus Punch|Focus Punch
|
|-weather|Sandstorm|[upkeep]
|-damage|p1a: I will (too long)|39/100|[from] Sandstorm
|-damage|p2a: Blissey|32/100|[from] Sandstorm
|-heal|p1a: I will (too long)|45/100|[from] item: Leftovers
|-heal|p2a: Blissey|38/100|[from] item: Leftovers
|upkeep
|turn|15
|
|t:|1730313475
|-singleturn|p1a: I will (too long)|move: Focus Punch
|move|p2a: Blissey|Thunderbolt|p1a: I will (too long)
|-damage|p1a: I will (too long)|18/100
|-status|p1a: I will (too long)|par
|move|p1a: I will (too long)|Focus Punch||[still]
|cant|p1a: I will (too long)|Focus Punch|Focus Punch
|
|-weather|Sandstorm|[upkeep]
|-damage|p2a: Blissey|32/100|[from] Sandstorm
|-damage|p1a: I will (too long)|12/100 par|[from] Sandstorm
|-heal|p2a: Blissey|38/100|[from] item: Leftovers
|-heal|p1a: I will (too long)|18/100 par|[from] item: Leftovers
|upkeep
|turn|16
|inactive|klird has 240 seconds left.
|
|t:|1730313487
|move|p2a: Blissey|Ice Beam|p1a: I will (too long)
|-damage|p1a: I will (too long)|0 fnt
|faint|p1a: I will (too long)
|
|t:|1730313495
|switch|p1a: Tyranitar|Tyranitar, F, shiny|96/100
|-damage|p1a: Tyranitar|80/100|[from] Spikes
|
|-weather|Sandstorm|[upkeep]
|-damage|p2a: Blissey|32/100|[from] Sandstorm
|-heal|p1a: Tyranitar|86/100|[from] item: Leftovers
|-heal|p2a: Blissey|38/100|[from] item: Leftovers
|upkeep
|turn|17
|inactive|klird has 240 seconds left.
|
|t:|1730313512
|switch|p2a: Skarmory|Skarmory, F|100/100
|move|p1a: Tyranitar|Dragon Dance|p1a: Tyranitar
|-boost|p1a: Tyranitar|atk|1
|-boost|p1a: Tyranitar|spe|1
|
|-weather|Sandstorm|[upkeep]
|-heal|p1a: Tyranitar|92/100|[from] item: Leftovers
|upkeep
|turn|18
|
|t:|1730313515
|move|p1a: Tyranitar|Rock Slide|p2a: Skarmory
|-damage|p2a: Skarmory|57/100
|move|p2a: Skarmory|Roar|p1a: Tyranitar
|drag|p1a: Blue Blob|Swampert, M, shiny|90/100
|-damage|p1a: Blue Blob|73/100|[from] Spikes
|
|-weather|Sandstorm|[upkeep]
|-heal|p2a: Skarmory|63/100|[from] item: Leftovers
|-heal|p1a: Blue Blob|80/100|[from] item: Leftovers
|upkeep
|turn|19
|
|t:|1730313520
|switch|p1a: Zapdos|Zapdos|100/100
|move|p2a: Skarmory|Spikes|p1a: Zapdos
|-sidestart|p1: klird|Spikes
|
|-weather|Sandstorm|[upkeep]
|-damage|p1a: Zapdos|94/100|[from] Sandstorm
|-heal|p1a: Zapdos|100/100|[from] item: Leftovers
|-heal|p2a: Skarmory|69/100|[from] item: Leftovers
|upkeep
|turn|20
|
|t:|1730313526
|move|p2a: Skarmory|Protect|p2a: Skarmory
|-singleturn|p2a: Skarmory|Protect
|move|p1a: Zapdos|Hidden Power|p2a: Skarmory
|-activate|p2a: Skarmory|Protect
|
|-weather|Sandstorm|[upkeep]
|-damage|p1a: Zapdos|94/100|[from] Sandstorm
|-heal|p1a: Zapdos|100/100|[from] item: Leftovers
|-heal|p2a: Skarmory|75/100|[from] item: Leftovers
|upkeep
|turn|21
|
|t:|1730313531
|switch|p2a: Registeel|Registeel|100/100
|move|p1a: Zapdos|Thunderbolt|p2a: Registeel
|-damage|p2a: Registeel|71/100
|
|-weather|Sandstorm|[upkeep]
|-damage|p1a: Zapdos|94/100|[from] Sandstorm
|-heal|p1a: Zapdos|100/100|[from] item: Leftovers
|-heal|p2a: Registeel|77/100|[from] item: Leftovers
|upkeep
|turn|22
|
|t:|1730313538
|move|p1a: Zapdos|Baton Pass|p1a: Zapdos
|
|t:|1730313547
|switch|p1a: Caw Caw|Skarmory, F|100/100|[from] Baton Pass
|move|p2a: Registeel|Thunder Wave|p1a: Caw Caw
|-status|p1a: Caw Caw|par
|
|-weather|Sandstorm|[upkeep]
|-heal|p2a: Registeel|83/100|[from] item: Leftovers
|upkeep
|turn|23
|inactive|klird has 270 seconds left.
|
|t:|1730313556
|move|p2a: Registeel|Seismic Toss|p1a: Caw Caw
|-damage|p1a: Caw Caw|71/100 par
|move|p1a: Caw Caw|Drill Peck|p2a: Registeel
|-resisted|p2a: Registeel
|-damage|p2a: Registeel|77/100
|
|-weather|Sandstorm|[upkeep]
|-heal|p2a: Registeel|83/100|[from] item: Leftovers
|-heal|p1a: Caw Caw|77/100 par|[from] item: Leftovers
|upkeep
|turn|24
|
|t:|1730313561
|move|p2a: Registeel|Seismic Toss|p1a: Caw Caw
|-damage|p1a: Caw Caw|47/100 par
|move|p1a: Caw Caw|Spikes|p2a: Registeel
|-sidestart|p2: tsukinomiko|Spikes
|
|-weather|Sandstorm|[upkeep]
|-heal|p2a: Registeel|89/100|[from] item: Leftovers
|-heal|p1a: Caw Caw|53/100 par|[from] item: Leftovers
|upkeep
|turn|25
|
|t:|1730313567
|switch|p1a: Andrea Pirlo|Blissey, F, shiny|100/100
|-damage|p1a: Andrea Pirlo|76/100|[from] Spikes
|move|p2a: Registeel|Seismic Toss|p1a: Andrea Pirlo
|-damage|p1a: Andrea Pirlo|60/100
|
|-weather|Sandstorm|[upkeep]
|-damage|p1a: Andrea Pirlo|54/100|[from] Sandstorm
|-heal|p1a: Andrea Pirlo|60/100|[from] item: Leftovers
|-heal|p2a: Registeel|95/100|[from] item: Leftovers
|upkeep
|turn|26
|
|t:|1730313583
|move|p1a: Andrea Pirlo|Thunder Wave|p2a: Registeel
|-status|p2a: Registeel|par
|move|p2a: Registeel|Explosion|p1a: Andrea Pirlo
|-damage|p1a: Andrea Pirlo|0 fnt
|faint|p2a: Registeel
|faint|p1a: Andrea Pirlo
|inactive|klird has 270 seconds left.
|
|t:|1730313631
|switch|p1a: Blue Blob|Swampert, M, shiny|80/100
|switch|p2a: Claydol|Claydol|67/100
|-damage|p1a: Blue Blob|55/100|[from] Spikes
|
|-weather|Sandstorm|[upkeep]
|-heal|p2a: Claydol|73/100|[from] item: Leftovers
|-heal|p1a: Blue Blob|61/100|[from] item: Leftovers
|upkeep
|turn|27
|
|t:|1730313640
|switch|p2a: Milotic|Milotic, F|100/100
|-damage|p2a: Milotic|88/100|[from] Spikes
|move|p1a: Blue Blob|Surf|p2a: Milotic
|-resisted|p2a: Milotic
|-damage|p2a: Milotic|77/100
|
|-weather|Sandstorm|[upkeep]
|-damage|p2a: Milotic|71/100|[from] Sandstorm
|-heal|p2a: Milotic|77/100|[from] item: Leftovers
|-heal|p1a: Blue Blob|67/100|[from] item: Leftovers
|upkeep
|turn|28
|inactive|klird has 270 seconds left.
|
|t:|1730313648
|move|p1a: Blue Blob|Protect|p1a: Blue Blob
|-singleturn|p1a: Blue Blob|Protect
|move|p2a: Milotic|Toxic|p1a: Blue Blob
|-activate|p1a: Blue Blob|Protect
|
|-weather|Sandstorm|[upkeep]
|-damage|p2a: Milotic|71/100|[from] Sandstorm
|-heal|p2a: Milotic|77/100|[from] item: Leftovers
|-heal|p1a: Blue Blob|73/100|[from] item: Leftovers
|upkeep
|turn|29
|
|t:|1730313660
|switch|p1a: Caw Caw|Skarmory, F|53/100 par
|move|p2a: Milotic|Surf|p1a: Caw Caw
|-crit|p1a: Caw Caw
|-damage|p1a: Caw Caw|0 fnt
|faint|p1a: Caw Caw
|c|☆tsukinomiko|mb
|
|t:|1730313664
|switch|p1a: Zapdos|Zapdos|100/100
|
|-weather|Sandstorm|[upkeep]
|-damage|p1a: Zapdos|94/100|[from] Sandstorm
|-damage|p2a: Milotic|71/100|[from] Sandstorm
|-heal|p1a: Zapdos|100/100|[from] item: Leftovers
|-heal|p2a: Milotic|77/100|[from] item: Leftovers
|upkeep
|turn|30
|inactive|tsukinomiko has 270 seconds left.
|inactive|klird has 270 seconds left.
|inactive|tsukinomiko has 240 seconds left.
|
|t:|1730313736
|move|p1a: Zapdos|Thunderbolt|p2a: Milotic
|-supereffective|p2a: Milotic
|-damage|p2a: Milotic|9/100
|move|p2a: Milotic|Toxic|p1a: Zapdos
|-status|p1a: Zapdos|tox
|
|-weather|Sandstorm|[upkeep]
|-damage|p1a: Zapdos|94/100 tox|[from] Sandstorm
|-damage|p2a: Milotic|3/100|[from] Sandstorm
|-heal|p1a: Zapdos|100/100 tox|[from] item: Leftovers
|-damage|p1a: Zapdos|94/100 tox|[from] psn
|-heal|p2a: Milotic|9/100|[from] item: Leftovers
|upkeep
|turn|31
|inactive|klird has 270 seconds left.
|
|t:|1730313749
|move|p1a: Zapdos|Thunderbolt|p2a: Milotic
|-supereffective|p2a: Milotic
|-damage|p2a: Milotic|0 fnt
|faint|p2a: Milotic
|
|t:|1730313752
|switch|p2a: Claydol|Claydol|73/100
|
|-weather|Sandstorm|[upkeep]
|-damage|p1a: Zapdos|88/100 tox|[from] Sandstorm
|-heal|p1a: Zapdos|94/100 tox|[from] item: Leftovers
|-damage|p1a: Zapdos|82/100 tox|[from] psn
|-heal|p2a: Claydol|79/100|[from] item: Leftovers
|upkeep
|turn|32
|
|t:|1730313756
|move|p1a: Zapdos|Hidden Power|p2a: Claydol
|-supereffective|p2a: Claydol
|-crit|p2a: Claydol
|-damage|p2a: Claydol|0 fnt
|faint|p2a: Claydol
|c|☆klird|mb
|inactive|tsukinomiko has 240 seconds left.
|
|t:|1730313796
|switch|p2a: Skarmory|Skarmory, F|75/100
|
|-weather|Sandstorm|[upkeep]
|-damage|p1a: Zapdos|76/100 tox|[from] Sandstorm
|-heal|p1a: Zapdos|82/100 tox|[from] item: Leftovers
|-damage|p1a: Zapdos|63/100 tox|[from] psn
|-heal|p2a: Skarmory|81/100|[from] item: Leftovers
|upkeep
|turn|33
|
|t:|1730313816
|switch|p1a: Blue Blob|Swampert, M, shiny|73/100
|-damage|p1a: Blue Blob|49/100|[from] Spikes
|move|p2a: Skarmory|Protect||[still]
|-fail|p2a: Skarmory
|
|-weather|Sandstorm|[upkeep]
|-heal|p2a: Skarmory|87/100|[from] item: Leftovers
|-heal|p1a: Blue Blob|55/100|[from] item: Leftovers
|upkeep
|turn|34
|
|t:|1730313824
|move|p1a: Blue Blob|Surf|p2a: Skarmory
|-damage|p2a: Skarmory|62/100
|move|p2a: Skarmory|Roar|p1a: Blue Blob
|drag|p1a: Tyranitar|Tyranitar, F, shiny|92/100
|-damage|p1a: Tyranitar|67/100|[from] Spikes
|
|-weather|Sandstorm|[upkeep]
|-heal|p1a: Tyranitar|73/100|[from] item: Leftovers
|-heal|p2a: Skarmory|68/100|[from] item: Leftovers
|upkeep
|turn|35
|inactive|klird has 270 seconds left.
|inactive|klird has 240 seconds left.
|
|t:|1730313883
|switch|p1a: Zapdos|Zapdos|63/100 tox
|move|p2a: Skarmory|Roar|p1a: Zapdos
|drag|p1a: Tyranitar|Tyranitar, F, shiny|73/100
|-damage|p1a: Tyranitar|49/100|[from] Spikes
|
|-weather|Sandstorm|[upkeep]
|-heal|p1a: Tyranitar|55/100|[from] item: Leftovers
|-heal|p2a: Skarmory|74/100|[from] item: Leftovers
|upkeep
|turn|36
|inactive|klird has 240 seconds left.
|
|t:|1730313889
|move|p1a: Tyranitar|Rock Slide|p2a: Skarmory
|-damage|p2a: Skarmory|42/100
|move|p2a: Skarmory|Roar|p1a: Tyranitar
|drag|p1a: Blue Blob|Swampert, M, shiny|55/100
|-damage|p1a: Blue Blob|30/100|[from] Spikes
|
|-weather|Sandstorm|[upkeep]
|-heal|p2a: Skarmory|48/100|[from] item: Leftovers
|-heal|p1a: Blue Blob|36/100|[from] item: Leftovers
|upkeep
|turn|37
|inactive|tsukinomiko has 270 seconds left.
|
|t:|1730313899
|move|p2a: Skarmory|Protect|p2a: Skarmory
|-singleturn|p2a: Skarmory|Protect
|move|p1a: Blue Blob|Ice Beam|p2a: Skarmory
|-activate|p2a: Skarmory|Protect
|
|-weather|Sandstorm|[upkeep]
|-heal|p2a: Skarmory|54/100|[from] item: Leftovers
|-heal|p1a: Blue Blob|42/100|[from] item: Leftovers
|upkeep
|turn|38
|
|t:|1730313902
|move|p1a: Blue Blob|Ice Beam|p2a: Skarmory
|-damage|p2a: Skarmory|36/100
|move|p2a: Skarmory|Roar|p1a: Blue Blob
|drag|p1a: Zapdos|Zapdos|63/100 tox
|
|-weather|Sandstorm|[upkeep]
|-damage|p1a: Zapdos|57/100 tox|[from] Sandstorm
|-heal|p1a: Zapdos|63/100 tox|[from] item: Leftovers
|-damage|p1a: Zapdos|57/100 tox|[from] psn
|-heal|p2a: Skarmory|42/100|[from] item: Leftovers
|upkeep
|turn|39
|
|t:|1730313911
|move|p2a: Skarmory|Protect|p2a: Skarmory
|-singleturn|p2a: Skarmory|Protect
|move|p1a: Zapdos|Thunderbolt|p2a: Skarmory
|-activate|p2a: Skarmory|Protect
|
|-weather|Sandstorm|[upkeep]
|-damage|p1a: Zapdos|51/100 tox|[from] Sandstorm
|-heal|p1a: Zapdos|57/100 tox|[from] item: Leftovers
|-damage|p1a: Zapdos|44/100 tox|[from] psn
|-heal|p2a: Skarmory|48/100|[from] item: Leftovers
|upkeep
|turn|40
|inactive|tsukinomiko has 270 seconds left.
|inactive|klird has 240 seconds left.
|inactive|tsukinomiko has 240 seconds left.
|inactive|klird has 210 seconds left.
|inactive|klird has 180 seconds left.
|inactive|tsukinomiko has 210 seconds left.
|inactive|klird has 150 seconds left.
|inactive|tsukinomiko has 180 seconds left.
|inactive|klird has 120 seconds left.
|inactive|tsukinomiko has 150 seconds left.
|inactive|klird has 90 seconds left.
|inactive|tsukinomiko has 120 seconds left.
|inactive|tsukinomiko has 90 seconds left.
|inactive|klird has 60 seconds left.
|inactive|tsukinomiko has 60 seconds left.
|inactive|klird has 30 seconds left.
|inactive|klird has 20 seconds left.
|
|t:|1730314189
|switch|p2a: Blissey|Blissey, F|38/100
|-damage|p2a: Blissey|26/100|[from] Spikes
|move|p1a: Zapdos|Thunderbolt|p2a: Blissey
|-damage|p2a: Blissey|6/100
|
|-weather|Sandstorm|[upkeep]
|-damage|p1a: Zapdos|38/100 tox|[from] Sandstorm
|-damage|p2a: Blissey|0 fnt|[from] Sandstorm
|faint|p2a: Blissey
|-heal|p1a: Zapdos|44/100 tox|[from] item: Leftovers
|-damage|p1a: Zapdos|26/100 tox|[from] psn
|upkeep
|inactive|klird has 25 seconds left this turn.
|
|t:|1730314196
|switch|p2a: Skarmory|Skarmory, F|48/100
|turn|41
|inactive|klird has 30 seconds left.
|
|t:|1730314206
|switch|p1a: Tyranitar|Tyranitar, F, shiny|55/100
|-damage|p1a: Tyranitar|30/100|[from] Spikes
|move|p2a: Skarmory|Protect||[still]
|-fail|p2a: Skarmory
|
|-weather|Sandstorm|[upkeep]
|-heal|p1a: Tyranitar|36/100|[from] item: Leftovers
|-heal|p2a: Skarmory|54/100|[from] item: Leftovers
|upkeep
|turn|42
|inactive|tsukinomiko has 60 seconds left.
|
|t:|1730314220
|move|p1a: Tyranitar|Rock Slide|p2a: Skarmory
|-damage|p2a: Skarmory|22/100
|cant|p2a: Skarmory|flinch
|
|-weather|Sandstorm|[upkeep]
|-heal|p1a: Tyranitar|42/100|[from] item: Leftovers
|-heal|p2a: Skarmory|28/100|[from] item: Leftovers
|upkeep
|turn|43
|
|t:|1730314230
|switch|p2a: Dugtrio|Dugtrio, F|100/100
|-damage|p2a: Dugtrio|88/100|[from] Spikes
|move|p1a: Tyranitar|Rock Slide|p2a: Dugtrio|[miss]
|-miss|p1a: Tyranitar|p2a: Dugtrio
|
|-weather|Sandstorm|[upkeep]
|-heal|p1a: Tyranitar|49/100|[from] item: Leftovers
|upkeep
|turn|44
|
|t:|1730314242
|move|p2a: Dugtrio|Earthquake|p1a: Tyranitar
|-supereffective|p1a: Tyranitar
|-damage|p1a: Tyranitar|0 fnt
|faint|p1a: Tyranitar
|
|t:|1730314247
|switch|p1a: Zapdos|Zapdos|26/100 tox
|
|-weather|Sandstorm|[upkeep]
|-damage|p1a: Zapdos|20/100 tox|[from] Sandstorm
|-heal|p1a: Zapdos|26/100 tox|[from] item: Leftovers
|-damage|p1a: Zapdos|20/100 tox|[from] psn
|upkeep
|turn|45
|inactive|tsukinomiko has 90 seconds left.
|inactive|klird has 30 seconds left.
|inactive|klird has 20 seconds left.
|
|t:|1730314277
|move|p2a: Dugtrio|Earthquake|p1a: Zapdos
|-immune|p1a: Zapdos
|move|p1a: Zapdos|Hidden Power|p2a: Dugtrio
|-supereffective|p2a: Dugtrio
|-damage|p2a: Dugtrio|0 fnt
|faint|p2a: Dugtrio
|inactive|klird has 25 seconds left this turn.
|
|t:|1730314283
|switch|p2a: Skarmory|Skarmory, F|28/100
|
|-weather|Sandstorm|[upkeep]
|-damage|p1a: Zapdos|13/100 tox|[from] Sandstorm
|-heal|p1a: Zapdos|20/100 tox|[from] item: Leftovers
|-damage|p1a: Zapdos|7/100 tox|[from] psn
|-heal|p2a: Skarmory|34/100|[from] item: Leftovers
|upkeep
|turn|46
|inactive|klird has 30 seconds left.
|
|t:|1730314295
|move|p2a: Skarmory|Protect|p2a: Skarmory
|-singleturn|p2a: Skarmory|Protect
|move|p1a: Zapdos|Thunderbolt|p2a: Skarmory
|-activate|p2a: Skarmory|Protect
|
|-weather|Sandstorm|[upkeep]
|-damage|p1a: Zapdos|1/100 tox|[from] Sandstorm
|-heal|p1a: Zapdos|7/100 tox|[from] item: Leftovers
|-damage|p1a: Zapdos|0 fnt|[from] psn
|faint|p1a: Zapdos
|-heal|p2a: Skarmory|40/100|[from] item: Leftovers
|upkeep
|inactive|klird has 30 seconds left this turn.
|
|t:|1730314297
|switch|p1a: Blue Blob|Swampert, M, shiny|42/100
|-damage|p1a: Blue Blob|18/100|[from] Spikes
|turn|47
|inactive|klird has 30 seconds left.
|inactive|klird has 20 seconds left.
|inactive|klird has 15 seconds left.
|
|t:|1730314324
|move|p1a: Blue Blob|Protect|p1a: Blue Blob
|-singleturn|p1a: Blue Blob|Protect
|move|p2a: Skarmory|Drill Peck|p1a: Blue Blob
|-activate|p1a: Blue Blob|Protect
|
|-weather|Sandstorm|[upkeep]
|-heal|p2a: Skarmory|46/100|[from] item: Leftovers
|-heal|p1a: Blue Blob|24/100|[from] item: Leftovers
|upkeep
|turn|48
|inactive|klird has 25 seconds left this turn.
|inactive|klird has 20 seconds left.
|inactive|klird has 15 seconds left.
|
|t:|1730314339
|move|p2a: Skarmory|Drill Peck|p1a: Blue Blob
|-damage|p1a: Blue Blob|8/100
|move|p1a: Blue Blob|Surf|p2a: Skarmory
|-damage|p2a: Skarmory|8/100
|
|-weather|Sandstorm|[upkeep]
|-heal|p2a: Skarmory|14/100|[from] item: Leftovers
|-heal|p1a: Blue Blob|14/100|[from] item: Leftovers
|upkeep
|turn|49
|inactive|klird has 25 seconds left this turn.
|inactive|klird has 20 seconds left.
|
|t:|1730314350
|move|p1a: Blue Blob|Protect|p1a: Blue Blob
|-singleturn|p1a: Blue Blob|Protect
|move|p2a: Skarmory|Drill Peck|p1a: Blue Blob
|-activate|p1a: Blue Blob|Protect
|
|-weather|Sandstorm|[upkeep]
|-heal|p2a: Skarmory|20/100|[from] item: Leftovers
|-heal|p1a: Blue Blob|20/100|[from] item: Leftovers
|upkeep
|turn|50
|inactive|klird has 30 seconds left this turn.
|
|t:|1730314358
|move|p2a: Skarmory|Drill Peck|p1a: Blue Blob
|-damage|p1a: Blue Blob|3/100
|move|p1a: Blue Blob|Surf|p2a: Skarmory
|-damage|p2a: Skarmory|0 fnt
|faint|p2a: Skarmory
|
|win|klird
|c|☆klird|gg
|player|p2|
|c|☆klird|OMG that was intense
|player|p1|
|player|p2|tsukinomiko|bellelba|

</script>
<script type="application/json" class="data" id="replaydata-smogtours-gen3ou-803442">
{"id":"smogtours-gen3ou-803442","format":"[Gen 3] OU","players":["klird","tsukinomiko"],"uploadtime":1730314358,"views":81,"formatid":"gen3ou","rating":null,"private":0,"password":null}
</script>

<script defer src="js/replays.js?9d40a366"></script>
