<!DOCTYPE html>
<meta charset="utf-8" />
<meta name="viewport" content="width=device-width" />

<title>[Gen 3] OU: bluesenergy00 vs. alargemongoose - Replays - Pok&eacute;mon Showdown!</title>

<meta name="description" content="Watch a replay of a Pok&eacute;mon battle between bluesenergy00 and alargemongoose! Format: [Gen 3] OU; Date: Nov 7, 2024" />
<!--

Hey, you! Looking in the source for the replay log?

You can find them in JSON format, just add `.json` at the end of a replay URL.

https://replay.pokemonshowdown.com/gen7randomdoublesbattle-865046831.json

Or, if you only need the log itself, add `.log` instead:

https://replay.pokemonshowdown.com/gen7randomdoublesbattle-865046831.log

-->

<link rel="stylesheet" href="//pokemonshowdown.com/style/global.css?0.023195364461161105" />
<link rel="stylesheet" href="//play.pokemonshowdown.com/style/font-awesome.css?0.13261647063804238" />
<link rel="stylesheet" href="//play.pokemonshowdown.com/style/battle.css?0.8753245789963631" />
<link rel="stylesheet" href="//play.pokemonshowdown.com/style/utilichart.css?0.8627959624976733" />

<!-- Global site tag (gtag.js) - Google Analytics -->
<script async src="https://www.googletagmanager.com/gtag/js?id=UA-26211653-1"></script>
<script>
  window.dataLayer = window.dataLayer || [];
  function gtag(){dataLayer.push(arguments);}
  gtag('js', new Date());

  gtag('config', 'UA-26211653-1');
</script>
<!-- End Google Analytics -->
<!-- Venatus Ad Manager - Install in <HEAD> of page -->
	<script src="https://hb.vntsm.com/v3/live/ad-manager.min.js" type="text/javascript" data-site-id="642aba63ec9a7b11c3c9c1be" data-mode="scan" async></script>
<!-- / Venatus Ad Manager -->

<style>
	@media (max-width:820px) {
		.battle {
			margin: 0 auto;
		}
		.battle-log {
			margin: 7px auto 0;
			max-width: 640px;
			height: 300px;
			position: static;
		}
	}
	.optgroup {
		display: inline-block;
		line-height: 22px;
		font-size: 10pt;
	}
	.optgroup .button {
		height: 25px;
		padding-top: 0;
		padding-bottom: 0;
	}
	.optgroup button.button {
		padding-left: 12px;
		padding-right: 12px;
	}
	.linklist {
		list-style: none;
		margin: 0.5em 0;
		padding: 0;
	}
	.linklist li {
		padding: 2px 0;
	}
	.sidebar {
		float: left;
		width: 320px;
	}
	.bar-wrapper {
		max-width: 1100px;
		margin: 0 auto;
	}
	.bar-wrapper.has-sidebar {
		max-width: 1430px;
	}
	.mainbar {
		margin: 0;
		padding-right: 1px;
	}
	.mainbar.has-sidebar {
		margin-left: 330px;
	}
	@media (min-width: 1511px) {
		.sidebar {
			width: 400px;
		}
		.bar-wrapper.has-sidebar {
			max-width: 1510px;
		}
		.mainbar.has-sidebar {
			margin-left: 410px;
		}
	}
	.section.first-section {
		margin-top: 9px;
	}
	.blocklink small {
		white-space: normal;
	}
	.button {
		vertical-align: middle;
	}
	.replay-controls {
		padding-top: 10px;
	}
	.replay-controls h1 {
		font-size: 16pt;
		font-weight: normal;
		color: #CCC;
	}
	.pagelink {
		text-align: center;
	}
	.pagelink a {
		width: 150px;
	}
	.textbox, .button {
		font-size: 11pt;
		vertical-align: middle;
	}
	@media (max-width: 450px) {
		.button {
			font-size: 9pt;
		}
	}
</style>

<div>

	<header>
		<div class="nav-wrapper"><ul class="nav">
			<li><a class="button nav-first" href="//pokemonshowdown.com/"><img src="//pokemonshowdown.com/images/pokemonshowdownbeta.png" srcset="//pokemonshowdown.com/images/pokemonshowdownbeta.png 1x, //pokemonshowdown.com/images/pokemonshowdownbeta@2x.png 2x" alt="Pok&eacute;mon Showdown" width="146" height="44" /> Home</a></li>
			<li><a class="button" href="//pokemonshowdown.com/dex/">Pok&eacute;dex</a></li>
			<li><a class="button cur" href="/">Replays</a></li>
			<li><a class="button" href="//pokemonshowdown.com/ladder/">Ladder</a></li>
			<li><a class="button nav-last" href="//pokemonshowdown.com/forums/">Forum</a></li>
			<li><a class="button greenbutton nav-first nav-last" href="//play.pokemonshowdown.com/">Play</a></li>
		</ul></div>
	</header>

	<div class="main" id="main">

		<noscript><section class="section">You need to enable JavaScript to use this page; sorry!</section></noscript>

	</div>

</div>

<script defer nomodule src="//play.pokemonshowdown.com/js/lib/ps-polyfill.js"></script>
<script defer src="//play.pokemonshowdown.com/js/lib/preact.min.js"></script>

<script defer src="//play.pokemonshowdown.com/config/config.js?2bddbc15"></script>
<script defer src="//play.pokemonshowdown.com/js/lib/jquery-1.11.0.min.js"></script>
<script defer src="//play.pokemonshowdown.com/js/lib/html-sanitizer-minified.js"></script>
<script defer src="//play.pokemonshowdown.com/js/battle-sound.js"></script>
<script defer src="//play.pokemonshowdown.com/js/battledata.js?0.7209276989879541"></script>
<script defer src="//play.pokemonshowdown.com/data/pokedex-mini.js?0.6111056340867951"></script>
<script defer src="//play.pokemonshowdown.com/data/pokedex-mini-bw.js?0.3532142036491459"></script>
<script defer src="//play.pokemonshowdown.com/data/graphics.js?0.24223875632456182"></script>
<script defer src="//play.pokemonshowdown.com/data/pokedex.js?0.38839984266356864"></script>
<script defer src="//play.pokemonshowdown.com/data/moves.js?0.21866028504024015"></script>
<script defer src="//play.pokemonshowdown.com/data/abilities.js?0.2005157953846628"></script>
<script defer src="//play.pokemonshowdown.com/data/items.js?0.9894211263848525"></script>
<script defer src="//play.pokemonshowdown.com/data/teambuilder-tables.js?0.6008791140282215"></script>
<script defer src="//play.pokemonshowdown.com/js/battle-tooltips.js?0.7580118955022959"></script>
<script defer src="//play.pokemonshowdown.com/js/battle.js?0.6057722274234274"></script>

<script defer src="js/utils.js?e31f9a17"></script>
<script defer src="js/replays-battle.js?7008c182"></script>

<!-- don't scrape this data! just add .json or .log after the URL!
Full API docs: https://github.com/smogon/pokemon-showdown-client/blob/master/WEB-API.md -->
<script type="text/plain" class="log" id="replaylog-smogtours-gen3ou-805137">
|inactive|Battle timer is ON: inactive players will automatically lose when time's up.
|t:|1731011891
|gametype|singles
|player|p1|bluesenergy00|red|
|player|p2|alargemongoose|fisherman|
|teamsize|p1|6
|teamsize|p2|6
|gen|3
|tier|[Gen 3] OU
|rule|Sleep Clause Mod: Limit one foe put to sleep
|rule|Switch Priority Clause Mod: Faster Pokémon switch first
|rule|Species Clause: Limit one of each Pokémon
|rule|OHKO Clause: OHKO moves are banned
|rule|Evasion Items Clause: Evasion items are banned
|rule|Evasion Moves Clause: Evasion moves are banned
|rule|Endless Battle Clause: Forcing endless battles is banned
|rule|HP Percentage Mod: HP is shown in percentages
|rule|One Boost Passer Clause: Limit one Baton Passer that has a way to boost its stats
|rule|Freeze Clause Mod: Limit one foe frozen
|
|t:|1731011891
|start
|switch|p1a: Tyranitar|Tyranitar, M|100/100
|switch|p2a: Lou|Zapdos|100/100
|-weather|Sandstorm|[from] ability: Sand Stream|[of] p1a: Tyranitar
|turn|1
|c|☆alargemongoose|gl hf
|c|☆bluesenergy00|hf
|
|t:|1731011913
|move|p2a: Lou|Hidden Power|p1a: Tyranitar
|-supereffective|p1a: Tyranitar
|-damage|p1a: Tyranitar|0 fnt
|faint|p1a: Tyranitar
|
|t:|1731011922
|switch|p1a: Heracross|Heracross, M|100/100
|
|-weather|Sandstorm|[upkeep]
|-damage|p2a: Lou|94/100|[from] Sandstorm
|-damage|p1a: Heracross|95/100|[from] Sandstorm
|-heal|p1a: Heracross|100/100|[from] item: Leftovers
|upkeep
|turn|2
|
|t:|1731011935
|switch|p2a: Sharky|Suicune|100/100
|move|p1a: Heracross|Substitute|p1a: Heracross
|-start|p1a: Heracross|Substitute
|-damage|p1a: Heracross|76/100
|
|-weather|Sandstorm|[upkeep]
|-damage|p1a: Heracross|70/100|[from] Sandstorm
|-damage|p2a: Sharky|94/100|[from] Sandstorm
|-heal|p1a: Heracross|76/100|[from] item: Leftovers
|-heal|p2a: Sharky|100/100|[from] item: Leftovers
|upkeep
|turn|3
|
|t:|1731011942
|-singleturn|p1a: Heracross|move: Focus Punch
|move|p1a: Heracross|Focus Punch|p2a: Sharky
|-damage|p2a: Sharky|53/100
|move|p2a: Sharky|Roar|p1a: Heracross
|drag|p1a: Swampert|Swampert, F|100/100
|
|-weather|Sandstorm|[upkeep]
|-damage|p2a: Sharky|47/100|[from] Sandstorm
|-heal|p2a: Sharky|53/100|[from] item: Leftovers
|upkeep
|turn|4
|
|t:|1731011977
|switch|p1a: Zapdos|Zapdos|100/100
|move|p2a: Sharky|Roar|p1a: Zapdos
|drag|p1a: Swampert|Swampert, F|100/100
|
|-weather|Sandstorm|[upkeep]
|-damage|p2a: Sharky|47/100|[from] Sandstorm
|-heal|p2a: Sharky|53/100|[from] item: Leftovers
|upkeep
|turn|5
|inactive|bluesenergy00 has 270 seconds left.
|inactive|alargemongoose has 270 seconds left.
|
|t:|1731012004
|switch|p1a: Jirachi|Jirachi|100/100
|move|p2a: Sharky|Surf|p1a: Jirachi
|-damage|p1a: Jirachi|75/100
|
|-weather|Sandstorm|[upkeep]
|-damage|p2a: Sharky|47/100|[from] Sandstorm
|-heal|p1a: Jirachi|81/100|[from] item: Leftovers
|-heal|p2a: Sharky|53/100|[from] item: Leftovers
|upkeep
|turn|6
|inactive|bluesenergy00 has 270 seconds left.
|
|t:|1731012021
|move|p1a: Jirachi|Wish|p1a: Jirachi
|move|p2a: Sharky|Roar|p1a: Jirachi
|drag|p1a: Zapdos|Zapdos|100/100
|
|-weather|Sandstorm|[upkeep]
|-damage|p1a: Zapdos|94/100|[from] Sandstorm
|-damage|p2a: Sharky|47/100|[from] Sandstorm
|-heal|p1a: Zapdos|100/100|[from] item: Leftovers
|-heal|p2a: Sharky|53/100|[from] item: Leftovers
|upkeep
|turn|7
|inactive|alargemongoose has 240 seconds left.
|
|t:|1731012048
|switch|p2a: Trowe|Porygon2|100/100
|-ability|p2a: Trowe|Pressure|[from] ability: Trace|[of] p1a: Zapdos
|move|p1a: Zapdos|Baton Pass|p1a: Zapdos
|
|t:|1731012054
|switch|p1a: Heracross|Heracross, M|76/100|[from] Baton Pass
|
|-heal|p1a: Heracross|100/100|[from] move: Wish|[wisher] Jirachi
|-weather|Sandstorm|[upkeep]
|-damage|p1a: Heracross|95/100|[from] Sandstorm
|-damage|p2a: Trowe|94/100|[from] Sandstorm
|-heal|p1a: Heracross|100/100|[from] item: Leftovers
|-heal|p2a: Trowe|100/100|[from] item: Leftovers
|upkeep
|turn|8
|
|t:|1731012063
|switch|p2a: Lou|Zapdos|94/100
|move|p1a: Heracross|Substitute|p1a: Heracross
|-start|p1a: Heracross|Substitute
|-damage|p1a: Heracross|76/100
|
|-weather|Sandstorm|[upkeep]
|-damage|p2a: Lou|88/100|[from] Sandstorm
|-damage|p1a: Heracross|70/100|[from] Sandstorm
|-heal|p1a: Heracross|76/100|[from] item: Leftovers
|upkeep
|turn|9
|
|t:|1731012070
|move|p2a: Lou|Drill Peck|p1a: Heracross
|-supereffective|p1a: Heracross
|-end|p1a: Heracross|Substitute
|move|p1a: Heracross|Rock Slide|p2a: Lou
|-supereffective|p2a: Lou
|-damage|p2a: Lou|16/100
|
|-weather|Sandstorm|[upkeep]
|-damage|p2a: Lou|10/100|[from] Sandstorm
|-damage|p1a: Heracross|70/100|[from] Sandstorm
|-heal|p1a: Heracross|76/100|[from] item: Leftovers
|upkeep
|turn|10
|
|t:|1731012083
|switch|p2a: DJ|Dugtrio, M|100/100
|switch|p1a: Jirachi|Jirachi|81/100
|
|-weather|Sandstorm|[upkeep]
|-heal|p1a: Jirachi|87/100|[from] item: Leftovers
|upkeep
|turn|11
|
|t:|1731012088
|move|p1a: Jirachi|Protect|p1a: Jirachi
|-singleturn|p1a: Jirachi|Protect
|move|p2a: DJ|Earthquake|p1a: Jirachi
|-activate|p1a: Jirachi|Protect
|
|-weather|Sandstorm|[upkeep]
|-heal|p1a: Jirachi|94/100|[from] item: Leftovers
|upkeep
|turn|12
|
|t:|1731012094
|move|p2a: DJ|Earthquake|p1a: Jirachi
|-supereffective|p1a: Jirachi
|-damage|p1a: Jirachi|21/100
|move|p1a: Jirachi|Body Slam|p2a: DJ
|-damage|p2a: DJ|42/100
|
|-weather|Sandstorm|[upkeep]
|-heal|p1a: Jirachi|27/100|[from] item: Leftovers
|upkeep
|turn|13
|
|t:|1731012102
|move|p1a: Jirachi|Protect|p1a: Jirachi
|-singleturn|p1a: Jirachi|Protect
|move|p2a: DJ|Earthquake|p1a: Jirachi
|-activate|p1a: Jirachi|Protect
|
|-weather|Sandstorm|[upkeep]
|-heal|p1a: Jirachi|33/100|[from] item: Leftovers
|upkeep
|turn|14
|
|t:|1731012104
|move|p1a: Jirachi|Protect|p1a: Jirachi
|-singleturn|p1a: Jirachi|Protect
|move|p2a: DJ|Earthquake|p1a: Jirachi
|-activate|p1a: Jirachi|Protect
|
|-weather|Sandstorm|[upkeep]
|-heal|p1a: Jirachi|39/100|[from] item: Leftovers
|upkeep
|turn|15
|
|t:|1731012107
|move|p1a: Jirachi|Protect|p1a: Jirachi
|-singleturn|p1a: Jirachi|Protect
|move|p2a: DJ|Earthquake|p1a: Jirachi
|-activate|p1a: Jirachi|Protect
|
|-weather|Sandstorm|[upkeep]
|-heal|p1a: Jirachi|46/100|[from] item: Leftovers
|upkeep
|turn|16
|
|t:|1731012127
|move|p1a: Jirachi|Protect||[still]
|-fail|p1a: Jirachi
|move|p2a: DJ|Earthquake|p1a: Jirachi
|-supereffective|p1a: Jirachi
|-damage|p1a: Jirachi|0 fnt
|faint|p1a: Jirachi
|
|t:|1731012138
|switch|p1a: Heracross|Heracross, M|76/100
|
|-weather|Sandstorm|[upkeep]
|-damage|p1a: Heracross|70/100|[from] Sandstorm
|-heal|p1a: Heracross|76/100|[from] item: Leftovers
|upkeep
|turn|17
|
|t:|1731012151
|move|p2a: DJ|Earthquake|p1a: Heracross
|-resisted|p1a: Heracross
|-damage|p1a: Heracross|36/100
|move|p1a: Heracross|Substitute|p1a: Heracross
|-start|p1a: Heracross|Substitute
|-damage|p1a: Heracross|11/100
|
|-weather|Sandstorm|[upkeep]
|-damage|p1a: Heracross|5/100|[from] Sandstorm
|-heal|p1a: Heracross|11/100|[from] item: Leftovers
|upkeep
|turn|18
|inactive|bluesenergy00 has 270 seconds left.
|
|t:|1731012175
|-singleturn|p1a: Heracross|move: Focus Punch
|move|p2a: DJ|Earthquake|p1a: Heracross
|-resisted|p1a: Heracross
|-end|p1a: Heracross|Substitute
|move|p1a: Heracross|Focus Punch|p2a: DJ
|-damage|p2a: DJ|0 fnt
|faint|p2a: DJ
|
|t:|1731012200
|switch|p2a: Artichoke|Jolteon, F|100/100
|
|-weather|Sandstorm|[upkeep]
|-damage|p2a: Artichoke|94/100|[from] Sandstorm
|-damage|p1a: Heracross|5/100|[from] Sandstorm
|-heal|p2a: Artichoke|100/100|[from] item: Leftovers
|-heal|p1a: Heracross|11/100|[from] item: Leftovers
|upkeep
|turn|19
|
|t:|1731012209
|switch|p1a: Swampert|Swampert, F|100/100
|move|p2a: Artichoke|Hidden Power|p1a: Swampert
|-damage|p1a: Swampert|82/100
|
|-weather|Sandstorm|[upkeep]
|-damage|p2a: Artichoke|94/100|[from] Sandstorm
|-heal|p2a: Artichoke|100/100|[from] item: Leftovers
|-heal|p1a: Swampert|88/100|[from] item: Leftovers
|upkeep
|turn|20
|
|t:|1731012220
|switch|p1a: Heracross|Heracross, M|11/100
|move|p2a: Artichoke|Baton Pass|p2a: Artichoke
|inactive|alargemongoose has 270 seconds left.
|
|t:|1731012240
|switch|p2a: Lou|Zapdos|10/100|[from] Baton Pass
|
|-weather|Sandstorm|[upkeep]
|-damage|p2a: Lou|4/100|[from] Sandstorm
|-damage|p1a: Heracross|5/100|[from] Sandstorm
|-heal|p1a: Heracross|11/100|[from] item: Leftovers
|upkeep
|turn|21
|
|t:|1731012250
|switch|p1a: Zapdos|Zapdos|100/100
|move|p2a: Lou|Drill Peck|p1a: Zapdos
|-resisted|p1a: Zapdos
|-damage|p1a: Zapdos|71/100
|
|-weather|Sandstorm|[upkeep]
|-damage|p2a: Lou|0 fnt|[from] Sandstorm
|-damage|p1a: Zapdos|65/100|[from] Sandstorm
|faint|p2a: Lou
|-heal|p1a: Zapdos|71/100|[from] item: Leftovers
|upkeep
|
|t:|1731012254
|switch|p2a: Volta|Raikou|100/100
|turn|22
|
|t:|1731012263
|move|p2a: Volta|Substitute|p2a: Volta
|-start|p2a: Volta|Substitute
|-damage|p2a: Volta|76/100
|move|p1a: Zapdos|Thunder Wave||[still]
|-fail|p1a: Zapdos
|
|-weather|Sandstorm|[upkeep]
|-damage|p2a: Volta|69/100|[from] Sandstorm
|-damage|p1a: Zapdos|65/100|[from] Sandstorm
|-heal|p2a: Volta|76/100|[from] item: Leftovers
|-heal|p1a: Zapdos|71/100|[from] item: Leftovers
|upkeep
|turn|23
|
|t:|1731012282
|move|p2a: Volta|Calm Mind|p2a: Volta
|-boost|p2a: Volta|spa|1
|-boost|p2a: Volta|spd|1
|move|p1a: Zapdos|Baton Pass|p1a: Zapdos
|
|t:|1731012284
|switch|p1a: Swampert|Swampert, F|88/100|[from] Baton Pass
|
|-weather|Sandstorm|[upkeep]
|-damage|p2a: Volta|69/100|[from] Sandstorm
|-heal|p2a: Volta|76/100|[from] item: Leftovers
|-heal|p1a: Swampert|95/100|[from] item: Leftovers
|upkeep
|turn|24
|
|t:|1731012288
|move|p2a: Volta|Hidden Power|p1a: Swampert
|-supereffective|p1a: Swampert
|-damage|p1a: Swampert|0 fnt
|faint|p1a: Swampert
|
|t:|1731012297
|switch|p1a: Zapdos|Zapdos|71/100
|
|-weather|Sandstorm|[upkeep]
|-damage|p2a: Volta|69/100|[from] Sandstorm
|-damage|p1a: Zapdos|65/100|[from] Sandstorm
|-heal|p2a: Volta|76/100|[from] item: Leftovers
|-heal|p1a: Zapdos|71/100|[from] item: Leftovers
|upkeep
|turn|25
|
|t:|1731012300
|move|p2a: Volta|Thunderbolt|p1a: Zapdos
|-crit|p1a: Zapdos
|-damage|p1a: Zapdos|0 fnt
|faint|p1a: Zapdos
|c|☆bluesenergy00|gg
|-message|bluesenergy00 forfeited.
|
|win|alargemongoose
|player|p1|
|c|☆alargemongoose|gg
|player|p2|
|player|p1|bluesenergy00|red|

</script>
<script type="application/json" class="data" id="replaydata-smogtours-gen3ou-805137">
{"id":"smogtours-gen3ou-805137","format":"[Gen 3] OU","players":["bluesenergy00","alargemongoose"],"uploadtime":1731012311,"views":70,"formatid":"gen3ou","rating":null,"private":0,"password":null}
</script>

<script defer src="js/replays.js?9d40a366"></script>
