<!DOCTYPE html>
<meta charset="utf-8" />
<meta name="viewport" content="width=device-width" />

<title>[Gen 3] OU: resen65 vs. basilberry - Replays - Pok&eacute;mon Showdown!</title>

<meta name="description" content="Watch a replay of a Pok&eacute;mon battle between resen65 and basilberry! Format: [Gen 3] OU; Date: Oct 18, 2024" />
<!--

Hey, you! Looking in the source for the replay log?

You can find them in JSON format, just add `.json` at the end of a replay URL.

https://replay.pokemonshowdown.com/gen7randomdoublesbattle-865046831.json

Or, if you only need the log itself, add `.log` instead:

https://replay.pokemonshowdown.com/gen7randomdoublesbattle-865046831.log

-->

<link rel="stylesheet" href="//pokemonshowdown.com/style/global.css?0.023195364461161105" />
<link rel="stylesheet" href="//play.pokemonshowdown.com/style/font-awesome.css?0.13261647063804238" />
<link rel="stylesheet" href="//play.pokemonshowdown.com/style/battle.css?0.8753245789963631" />
<link rel="stylesheet" href="//play.pokemonshowdown.com/style/utilichart.css?0.8627959624976733" />

<!-- Global site tag (gtag.js) - Google Analytics -->
<script async src="https://www.googletagmanager.com/gtag/js?id=UA-26211653-1"></script>
<script>
  window.dataLayer = window.dataLayer || [];
  function gtag(){dataLayer.push(arguments);}
  gtag('js', new Date());

  gtag('config', 'UA-26211653-1');
</script>
<!-- End Google Analytics -->
<!-- Venatus Ad Manager - Install in <HEAD> of page -->
	<script src="https://hb.vntsm.com/v3/live/ad-manager.min.js" type="text/javascript" data-site-id="642aba63ec9a7b11c3c9c1be" data-mode="scan" async></script>
<!-- / Venatus Ad Manager -->

<style>
	@media (max-width:820px) {
		.battle {
			margin: 0 auto;
		}
		.battle-log {
			margin: 7px auto 0;
			max-width: 640px;
			height: 300px;
			position: static;
		}
	}
	.optgroup {
		display: inline-block;
		line-height: 22px;
		font-size: 10pt;
	}
	.optgroup .button {
		height: 25px;
		padding-top: 0;
		padding-bottom: 0;
	}
	.optgroup button.button {
		padding-left: 12px;
		padding-right: 12px;
	}
	.linklist {
		list-style: none;
		margin: 0.5em 0;
		padding: 0;
	}
	.linklist li {
		padding: 2px 0;
	}
	.sidebar {
		float: left;
		width: 320px;
	}
	.bar-wrapper {
		max-width: 1100px;
		margin: 0 auto;
	}
	.bar-wrapper.has-sidebar {
		max-width: 1430px;
	}
	.mainbar {
		margin: 0;
		padding-right: 1px;
	}
	.mainbar.has-sidebar {
		margin-left: 330px;
	}
	@media (min-width: 1511px) {
		.sidebar {
			width: 400px;
		}
		.bar-wrapper.has-sidebar {
			max-width: 1510px;
		}
		.mainbar.has-sidebar {
			margin-left: 410px;
		}
	}
	.section.first-section {
		margin-top: 9px;
	}
	.blocklink small {
		white-space: normal;
	}
	.button {
		vertical-align: middle;
	}
	.replay-controls {
		padding-top: 10px;
	}
	.replay-controls h1 {
		font-size: 16pt;
		font-weight: normal;
		color: #CCC;
	}
	.pagelink {
		text-align: center;
	}
	.pagelink a {
		width: 150px;
	}
	.textbox, .button {
		font-size: 11pt;
		vertical-align: middle;
	}
	@media (max-width: 450px) {
		.button {
			font-size: 9pt;
		}
	}
</style>

<div>

	<header>
		<div class="nav-wrapper"><ul class="nav">
			<li><a class="button nav-first" href="//pokemonshowdown.com/"><img src="//pokemonshowdown.com/images/pokemonshowdownbeta.png" srcset="//pokemonshowdown.com/images/pokemonshowdownbeta.png 1x, //pokemonshowdown.com/images/pokemonshowdownbeta@2x.png 2x" alt="Pok&eacute;mon Showdown" width="146" height="44" /> Home</a></li>
			<li><a class="button" href="//pokemonshowdown.com/dex/">Pok&eacute;dex</a></li>
			<li><a class="button cur" href="/">Replays</a></li>
			<li><a class="button" href="//pokemonshowdown.com/ladder/">Ladder</a></li>
			<li><a class="button nav-last" href="//pokemonshowdown.com/forums/">Forum</a></li>
			<li><a class="button greenbutton nav-first nav-last" href="//play.pokemonshowdown.com/">Play</a></li>
		</ul></div>
	</header>

	<div class="main" id="main">

		<noscript><section class="section">You need to enable JavaScript to use this page; sorry!</section></noscript>

	</div>

</div>

<script defer nomodule src="//play.pokemonshowdown.com/js/lib/ps-polyfill.js"></script>
<script defer src="//play.pokemonshowdown.com/js/lib/preact.min.js"></script>

<script defer src="//play.pokemonshowdown.com/config/config.js?2bddbc15"></script>
<script defer src="//play.pokemonshowdown.com/js/lib/jquery-1.11.0.min.js"></script>
<script defer src="//play.pokemonshowdown.com/js/lib/html-sanitizer-minified.js"></script>
<script defer src="//play.pokemonshowdown.com/js/battle-sound.js"></script>
<script defer src="//play.pokemonshowdown.com/js/battledata.js?0.7209276989879541"></script>
<script defer src="//play.pokemonshowdown.com/data/pokedex-mini.js?0.6111056340867951"></script>
<script defer src="//play.pokemonshowdown.com/data/pokedex-mini-bw.js?0.3532142036491459"></script>
<script defer src="//play.pokemonshowdown.com/data/graphics.js?0.24223875632456182"></script>
<script defer src="//play.pokemonshowdown.com/data/pokedex.js?0.38839984266356864"></script>
<script defer src="//play.pokemonshowdown.com/data/moves.js?0.21866028504024015"></script>
<script defer src="//play.pokemonshowdown.com/data/abilities.js?0.2005157953846628"></script>
<script defer src="//play.pokemonshowdown.com/data/items.js?0.9894211263848525"></script>
<script defer src="//play.pokemonshowdown.com/data/teambuilder-tables.js?0.6008791140282215"></script>
<script defer src="//play.pokemonshowdown.com/js/battle-tooltips.js?0.7580118955022959"></script>
<script defer src="//play.pokemonshowdown.com/js/battle.js?0.6057722274234274"></script>

<script defer src="js/utils.js?e31f9a17"></script>
<script defer src="js/replays-battle.js?7008c182"></script>

<!-- don't scrape this data! just add .json or .log after the URL!
Full API docs: https://github.com/smogon/pokemon-showdown-client/blob/master/WEB-API.md -->
<script type="text/plain" class="log" id="replaylog-smogtours-gen3ou-799646">
|inactive|Battle timer is ON: inactive players will automatically lose when time's up.
|t:|1729280296
|gametype|singles
|player|p1|resen65|1|
|player|p2|basilberry|giovanni|
|teamsize|p1|6
|teamsize|p2|6
|gen|3
|tier|[Gen 3] OU
|rule|Sleep Clause Mod: Limit one foe put to sleep
|rule|Switch Priority Clause Mod: Faster Pokémon switch first
|rule|Species Clause: Limit one of each Pokémon
|rule|OHKO Clause: OHKO moves are banned
|rule|Evasion Items Clause: Evasion items are banned
|rule|Evasion Moves Clause: Evasion moves are banned
|rule|Endless Battle Clause: Forcing endless battles is banned
|rule|HP Percentage Mod: HP is shown in percentages
|rule|One Boost Passer Clause: Limit one Baton Passer that has a way to boost its stats
|rule|Freeze Clause Mod: Limit one foe frozen
|
|t:|1729280296
|start
|switch|p1a: Raikou|Raikou|100/100
|switch|p2a: Zapdos|Zapdos|100/100
|turn|1
|c|☆basilberry|glhf
|c|☆resen65|glhf!
|inactive|basilberry has 270 seconds left.
|
|t:|1729280336
|move|p1a: Raikou|Toxic|p2a: Zapdos
|-status|p2a: Zapdos|tox
|move|p2a: Zapdos|Baton Pass|p2a: Zapdos
|
|t:|1729280339
|switch|p2a: Swampert|Swampert, F|100/100|[from] Baton Pass
|
|upkeep
|turn|2
|inactive|resen65 has 270 seconds left.
|
|t:|1729280370
|switch|p1a: Zapdos|Zapdos|100/100
|move|p2a: Swampert|Protect||[still]
|-fail|p2a: Swampert
|
|upkeep
|turn|3
|inactive|resen65 has 270 seconds left.
|
|t:|1729280398
|switch|p2a: Zapdos|Zapdos|100/100 tox
|move|p1a: Zapdos|Toxic|p2a: Zapdos
|-fail|p2a: Zapdos|tox
|
|-damage|p2a: Zapdos|94/100 tox|[from] psn
|upkeep
|turn|4
|
|t:|1729280409
|switch|p1a: Raikou|Raikou|100/100
|move|p2a: Zapdos|Thunderbolt|p1a: Raikou
|-resisted|p1a: Raikou
|-damage|p1a: Raikou|76/100
|
|-heal|p2a: Zapdos|100/100 tox|[from] item: Leftovers
|-damage|p2a: Zapdos|88/100 tox|[from] psn
|upkeep
|turn|5
|inactive|basilberry has 270 seconds left.
|
|t:|1729280468
|switch|p2a: ALL DAY|Metagross, shiny|100/100
|move|p1a: Raikou|Substitute|p1a: Raikou
|-start|p1a: Raikou|Substitute
|-damage|p1a: Raikou|51/100
|
|upkeep
|turn|6
|inactive|resen65 has 270 seconds left.
|inactive|basilberry has 240 seconds left.
|
|t:|1729280500
|move|p1a: Raikou|Thunderbolt|p2a: ALL DAY
|-crit|p2a: ALL DAY
|-damage|p2a: ALL DAY|0 fnt
|faint|p2a: ALL DAY
|c|☆resen65|sorry
|
|t:|1729280515
|switch|p2a: Swampert|Swampert, F|100/100
|
|upkeep
|turn|7
|
|t:|1729280525
|move|p2a: Swampert|Protect|p2a: Swampert
|-singleturn|p2a: Swampert|Protect
|move|p1a: Raikou|Toxic|p2a: Swampert
|-activate|p2a: Swampert|Protect
|
|upkeep
|turn|8
|
|t:|1729280529
|move|p1a: Raikou|Toxic|p2a: Swampert
|-status|p2a: Swampert|tox
|move|p2a: Swampert|Surf|p1a: Raikou
|-end|p1a: Raikou|Substitute
|
|-damage|p2a: Swampert|94/100 tox|[from] psn
|upkeep
|turn|9
|inactive|resen65 has 270 seconds left.
|
|t:|1729280559
|switch|p1a: Zapdos|Zapdos|100/100
|move|p2a: Swampert|Toxic|p1a: Zapdos
|-status|p1a: Zapdos|tox
|
|-damage|p1a: Zapdos|94/100 tox|[from] psn
|-heal|p2a: Swampert|100/100 tox|[from] item: Leftovers
|-damage|p2a: Swampert|88/100 tox|[from] psn
|upkeep
|turn|10
|inactive|resen65 has 270 seconds left.
|inactive|resen65 has 240 seconds left.
|
|t:|1729280607
|switch|p1a: Raikou|Raikou|51/100
|switch|p2a: Zapdos|Zapdos|88/100 tox
|
|-heal|p2a: Zapdos|94/100 tox|[from] item: Leftovers
|-damage|p2a: Zapdos|88/100 tox|[from] psn
|upkeep
|turn|11
|inactive|resen65 has 240 seconds left.
|inactive|basilberry has 240 seconds left.
|
|t:|1729280624
|move|p1a: Raikou|Thunderbolt|p2a: Zapdos
|-damage|p2a: Zapdos|41/100 tox
|move|p2a: Zapdos|Thunderbolt|p1a: Raikou
|-resisted|p1a: Raikou
|-damage|p1a: Raikou|26/100
|
|-heal|p2a: Zapdos|47/100 tox|[from] item: Leftovers
|-damage|p2a: Zapdos|35/100 tox|[from] psn
|upkeep
|turn|12
|
|t:|1729280630
|switch|p2a: Swampert|Swampert, F|88/100 tox
|move|p1a: Raikou|Thunderbolt|p2a: Swampert
|-immune|p2a: Swampert
|
|-heal|p2a: Swampert|94/100 tox|[from] item: Leftovers
|-damage|p2a: Swampert|88/100 tox|[from] psn
|upkeep
|turn|13
|inactive|resen65 has 240 seconds left.
|
|t:|1729280666
|switch|p1a: Jirachi|Jirachi|100/100
|move|p2a: Swampert|Protect||[still]
|-fail|p2a: Swampert
|
|-heal|p2a: Swampert|94/100 tox|[from] item: Leftovers
|-damage|p2a: Swampert|82/100 tox|[from] psn
|upkeep
|turn|14
|
|t:|1729280680
|move|p1a: Jirachi|Fire Punch|p2a: Swampert
|-resisted|p2a: Swampert
|-damage|p2a: Swampert|73/100 tox
|move|p2a: Swampert|Refresh|p2a: Swampert
|-curestatus|p2a: Swampert|tox|[msg]
|
|-heal|p2a: Swampert|79/100|[from] item: Leftovers
|upkeep
|turn|15
|
|t:|1729280696
|move|p1a: Jirachi|Fire Punch|p2a: Swampert
|-resisted|p2a: Swampert
|-damage|p2a: Swampert|70/100
|move|p2a: Swampert|Surf|p1a: Jirachi
|-damage|p1a: Jirachi|77/100
|
|-heal|p1a: Jirachi|84/100|[from] item: Leftovers
|-heal|p2a: Swampert|76/100|[from] item: Leftovers
|upkeep
|turn|16
|
|t:|1729280701
|move|p2a: Swampert|Protect|p2a: Swampert
|-singleturn|p2a: Swampert|Protect
|move|p1a: Jirachi|Calm Mind|p1a: Jirachi
|-boost|p1a: Jirachi|spa|1
|-boost|p1a: Jirachi|spd|1
|
|-heal|p1a: Jirachi|90/100|[from] item: Leftovers
|-heal|p2a: Swampert|82/100|[from] item: Leftovers
|upkeep
|turn|17
|inactive|resen65 has 240 seconds left.
|
|t:|1729280711
|switch|p2a: PLAYIN XBOX|Tyranitar, F, shiny|100/100
|-weather|Sandstorm|[from] ability: Sand Stream|[of] p2a: PLAYIN XBOX
|move|p1a: Jirachi|Psychic|p2a: PLAYIN XBOX
|-immune|p2a: PLAYIN XBOX
|
|-weather|Sandstorm|[upkeep]
|-heal|p1a: Jirachi|96/100|[from] item: Leftovers
|upkeep
|turn|18
|inactive|resen65 has 240 seconds left.
|
|t:|1729280725
|move|p1a: Jirachi|Hidden Power|p2a: PLAYIN XBOX
|-supereffective|p2a: PLAYIN XBOX
|-damage|p2a: PLAYIN XBOX|45/100
|move|p2a: PLAYIN XBOX|Fire Blast|p1a: Jirachi
|-supereffective|p1a: Jirachi
|-damage|p1a: Jirachi|54/100
|
|-weather|Sandstorm|[upkeep]
|-heal|p1a: Jirachi|60/100|[from] item: Leftovers
|upkeep
|turn|19
|inactive|resen65 has 240 seconds left.
|inactive|basilberry has 270 seconds left.
|
|t:|1729280763
|switch|p2a: Zapdos|Zapdos|35/100 tox
|move|p1a: Jirachi|Hidden Power|p2a: Zapdos
|-resisted|p2a: Zapdos
|-damage|p2a: Zapdos|21/100 tox
|
|-weather|Sandstorm|[upkeep]
|-damage|p2a: Zapdos|15/100 tox|[from] Sandstorm
|-heal|p2a: Zapdos|21/100 tox|[from] item: Leftovers
|-damage|p2a: Zapdos|15/100 tox|[from] psn
|-heal|p1a: Jirachi|67/100|[from] item: Leftovers
|upkeep
|turn|20
|inactive|resen65 has 240 seconds left.
|
|t:|1729280793
|move|p2a: Zapdos|Thunderbolt|p1a: Jirachi
|-damage|p1a: Jirachi|40/100
|move|p1a: Jirachi|Psychic|p2a: Zapdos
|-damage|p2a: Zapdos|0 fnt
|faint|p2a: Zapdos
|inactive|basilberry has 240 seconds left.
|
|t:|1729280824
|switch|p2a: GEEKED UP|Breloom, F, shiny|100/100
|
|-weather|Sandstorm|[upkeep]
|-damage|p2a: GEEKED UP|94/100|[from] Sandstorm
|-heal|p2a: GEEKED UP|100/100|[from] item: Leftovers
|-heal|p1a: Jirachi|46/100|[from] item: Leftovers
|upkeep
|turn|21
|
|t:|1729280838
|switch|p1a: Raikou|Raikou|26/100
|move|p2a: GEEKED UP|Spore|p1a: Raikou
|-status|p1a: Raikou|slp|[from] move: Spore
|-enditem|p1a: Raikou|Lum Berry|[eat]
|-curestatus|p1a: Raikou|slp|[msg]
|
|-weather|Sandstorm|[upkeep]
|-damage|p1a: Raikou|20/100|[from] Sandstorm
|-damage|p2a: GEEKED UP|94/100|[from] Sandstorm
|-heal|p2a: GEEKED UP|100/100|[from] item: Leftovers
|upkeep
|turn|22
|
|t:|1729280841
|move|p1a: Raikou|Hidden Power|p2a: GEEKED UP
|-supereffective|p2a: GEEKED UP
|-damage|p2a: GEEKED UP|3/100
|move|p2a: GEEKED UP|Substitute|p2a: GEEKED UP
|-fail|p2a: GEEKED UP|move: Substitute|[weak]
|
|-weather|Sandstorm|[upkeep]
|-damage|p1a: Raikou|14/100|[from] Sandstorm
|-damage|p2a: GEEKED UP|0 fnt|[from] Sandstorm
|faint|p2a: GEEKED UP
|upkeep
|
|t:|1729280854
|switch|p2a: Skarmory|Skarmory, M|100/100
|turn|23
|inactive|resen65 has 240 seconds left.
|
|t:|1729280869
|switch|p2a: Swampert|Swampert, F|82/100
|move|p1a: Raikou|Thunderbolt|p2a: Swampert
|-immune|p2a: Swampert
|
|-weather|Sandstorm|[upkeep]
|-damage|p1a: Raikou|8/100|[from] Sandstorm
|-heal|p2a: Swampert|89/100|[from] item: Leftovers
|upkeep
|turn|24
|
|t:|1729280876
|move|p2a: Swampert|Protect|p2a: Swampert
|-singleturn|p2a: Swampert|Protect
|move|p1a: Raikou|Toxic|p2a: Swampert
|-activate|p2a: Swampert|Protect
|
|-weather|Sandstorm|[upkeep]
|-damage|p1a: Raikou|1/100|[from] Sandstorm
|-heal|p2a: Swampert|95/100|[from] item: Leftovers
|upkeep
|turn|25
|
|t:|1729280883
|switch|p2a: Skarmory|Skarmory, M|100/100
|move|p1a: Raikou|Toxic|p2a: Skarmory
|-immune|p2a: Skarmory
|
|-weather|Sandstorm|[upkeep]
|-damage|p1a: Raikou|0 fnt|[from] Sandstorm
|faint|p1a: Raikou
|upkeep
|inactive|resen65 has 240 seconds left.
|
|t:|1729280898
|switch|p1a: Jirachi|Jirachi|46/100
|turn|26
|
|t:|1729280904
|move|p1a: Jirachi|Fire Punch|p2a: Skarmory
|-supereffective|p2a: Skarmory
|-damage|p2a: Skarmory|63/100
|move|p2a: Skarmory|Spikes|p1a: Jirachi
|-sidestart|p1: resen65|Spikes
|
|-weather|Sandstorm|[upkeep]
|-heal|p1a: Jirachi|52/100|[from] item: Leftovers
|-heal|p2a: Skarmory|69/100|[from] item: Leftovers
|upkeep
|turn|27
|
|t:|1729280909
|move|p2a: Skarmory|Protect|p2a: Skarmory
|-singleturn|p2a: Skarmory|Protect
|move|p1a: Jirachi|Calm Mind|p1a: Jirachi
|-boost|p1a: Jirachi|spa|1
|-boost|p1a: Jirachi|spd|1
|
|-weather|Sandstorm|[upkeep]
|-heal|p1a: Jirachi|59/100|[from] item: Leftovers
|-heal|p2a: Skarmory|75/100|[from] item: Leftovers
|upkeep
|turn|28
|
|t:|1729280911
|move|p1a: Jirachi|Fire Punch|p2a: Skarmory
|-supereffective|p2a: Skarmory
|-damage|p2a: Skarmory|11/100
|move|p2a: Skarmory|Roar|p1a: Jirachi
|drag|p1a: Tyranitar|Tyranitar, F|100/100
|-damage|p1a: Tyranitar|88/100|[from] Spikes
|
|-weather|Sandstorm|[upkeep]
|-heal|p2a: Skarmory|17/100|[from] item: Leftovers
|upkeep
|turn|29
|
|t:|1729280914
|move|p1a: Tyranitar|Ice Beam|p2a: Skarmory
|-damage|p2a: Skarmory|0 fnt
|faint|p2a: Skarmory
|
|t:|1729280917
|switch|p2a: Swampert|Swampert, F|95/100
|
|-weather|Sandstorm|[upkeep]
|-heal|p2a: Swampert|100/100|[from] item: Leftovers
|upkeep
|turn|30
|
|t:|1729280929
|switch|p1a: Jirachi|Jirachi|59/100
|-damage|p1a: Jirachi|46/100|[from] Spikes
|move|p2a: Swampert|Surf|p1a: Jirachi
|-damage|p1a: Jirachi|23/100
|
|-weather|Sandstorm|[upkeep]
|-heal|p1a: Jirachi|29/100|[from] item: Leftovers
|upkeep
|turn|31
|
|t:|1729280937
|move|p1a: Jirachi|Hidden Power|p2a: Swampert
|-supereffective|p2a: Swampert
|-damage|p2a: Swampert|32/100
|move|p2a: Swampert|Surf|p1a: Jirachi
|-damage|p1a: Jirachi|0 fnt
|faint|p1a: Jirachi
|
|t:|1729280939
|switch|p1a: Tyranitar|Tyranitar, F|88/100
|-damage|p1a: Tyranitar|76/100|[from] Spikes
|
|-weather|Sandstorm|[upkeep]
|-heal|p2a: Swampert|38/100|[from] item: Leftovers
|upkeep
|turn|32
|
|t:|1729280941
|move|p2a: Swampert|Protect|p2a: Swampert
|-singleturn|p2a: Swampert|Protect
|move|p1a: Tyranitar|Hidden Power|p2a: Swampert
|-activate|p2a: Swampert|Protect
|
|-weather|Sandstorm|[upkeep]
|-heal|p2a: Swampert|45/100|[from] item: Leftovers
|upkeep
|turn|33
|
|t:|1729280954
|move|p1a: Tyranitar|Hidden Power|p2a: Swampert
|-supereffective|p2a: Swampert
|-damage|p2a: Swampert|0 fnt
|faint|p2a: Swampert
|
|t:|1729280956
|switch|p2a: PLAYIN XBOX|Tyranitar, F, shiny|45/100
|
|-weather|Sandstorm|[upkeep]
|upkeep
|turn|34
|
|t:|1729280960
|move|p1a: Tyranitar|Brick Break|p2a: PLAYIN XBOX
|-supereffective|p2a: PLAYIN XBOX
|-damage|p2a: PLAYIN XBOX|0 fnt
|faint|p2a: PLAYIN XBOX
|
|win|resen65
|c|☆resen65|gg
|c|☆basilberry|gg
|player|p2|

</script>
<script type="application/json" class="data" id="replaydata-smogtours-gen3ou-799646">
{"id":"smogtours-gen3ou-799646","format":"[Gen 3] OU","players":["resen65","basilberry"],"uploadtime":1729280960,"views":91,"formatid":"gen3ou","rating":null,"private":0,"password":null}
</script>

<script defer src="js/replays.js?9d40a366"></script>
