<!DOCTYPE html>
<meta charset="utf-8" />
<meta name="viewport" content="width=device-width" />

<title>[Gen 3] OU: ThisGuyMuks vs. DiegoIn - Replays - Pok&eacute;mon Showdown!</title>

<meta name="description" content="Watch a replay of a Pok&eacute;mon battle between ThisGuyMuks and DiegoIn! Format: [Gen 3] OU; Date: Oct 15, 2024" />
<!--

Hey, you! Looking in the source for the replay log?

You can find them in JSON format, just add `.json` at the end of a replay URL.

https://replay.pokemonshowdown.com/gen7randomdoublesbattle-865046831.json

Or, if you only need the log itself, add `.log` instead:

https://replay.pokemonshowdown.com/gen7randomdoublesbattle-865046831.log

-->

<link rel="stylesheet" href="//pokemonshowdown.com/style/global.css?0.767286132409787" />
<link rel="stylesheet" href="//play.pokemonshowdown.com/style/font-awesome.css?0.9266228007934947" />
<link rel="stylesheet" href="//play.pokemonshowdown.com/style/battle.css?0.7924700842790926" />
<link rel="stylesheet" href="//play.pokemonshowdown.com/style/utilichart.css?0.8777417872839479" />

<!-- Global site tag (gtag.js) - Google Analytics -->
<script async src="https://www.googletagmanager.com/gtag/js?id=UA-26211653-1"></script>
<script>
  window.dataLayer = window.dataLayer || [];
  function gtag(){dataLayer.push(arguments);}
  gtag('js', new Date());

  gtag('config', 'UA-26211653-1');
</script>
<!-- End Google Analytics -->
<!-- Venatus Ad Manager - Install in <HEAD> of page -->
	<script src="https://hb.vntsm.com/v3/live/ad-manager.min.js" type="text/javascript" data-site-id="642aba63ec9a7b11c3c9c1be" data-mode="scan" async></script>
<!-- / Venatus Ad Manager -->

<style>
	@media (max-width:820px) {
		.battle {
			margin: 0 auto;
		}
		.battle-log {
			margin: 7px auto 0;
			max-width: 640px;
			height: 300px;
			position: static;
		}
	}
	.optgroup {
		display: inline-block;
		line-height: 22px;
		font-size: 10pt;
	}
	.optgroup .button {
		height: 25px;
		padding-top: 0;
		padding-bottom: 0;
	}
	.optgroup button.button {
		padding-left: 12px;
		padding-right: 12px;
	}
	.linklist {
		list-style: none;
		margin: 0.5em 0;
		padding: 0;
	}
	.linklist li {
		padding: 2px 0;
	}
	.sidebar {
		float: left;
		width: 320px;
	}
	.bar-wrapper {
		max-width: 1100px;
		margin: 0 auto;
	}
	.bar-wrapper.has-sidebar {
		max-width: 1430px;
	}
	.mainbar {
		margin: 0;
		padding-right: 1px;
	}
	.mainbar.has-sidebar {
		margin-left: 330px;
	}
	@media (min-width: 1511px) {
		.sidebar {
			width: 400px;
		}
		.bar-wrapper.has-sidebar {
			max-width: 1510px;
		}
		.mainbar.has-sidebar {
			margin-left: 410px;
		}
	}
	.section.first-section {
		margin-top: 9px;
	}
	.blocklink small {
		white-space: normal;
	}
	.button {
		vertical-align: middle;
	}
	.replay-controls {
		padding-top: 10px;
	}
	.replay-controls h1 {
		font-size: 16pt;
		font-weight: normal;
		color: #CCC;
	}
	.pagelink {
		text-align: center;
	}
	.pagelink a {
		width: 150px;
	}
	.textbox, .button {
		font-size: 11pt;
		vertical-align: middle;
	}
	@media (max-width: 450px) {
		.button {
			font-size: 9pt;
		}
	}
</style>

<div>

	<header>
		<div class="nav-wrapper"><ul class="nav">
			<li><a class="button nav-first" href="//pokemonshowdown.com/"><img src="//pokemonshowdown.com/images/pokemonshowdownbeta.png" srcset="//pokemonshowdown.com/images/pokemonshowdownbeta.png 1x, //pokemonshowdown.com/images/pokemonshowdownbeta@2x.png 2x" alt="Pok&eacute;mon Showdown" width="146" height="44" /> Home</a></li>
			<li><a class="button" href="//pokemonshowdown.com/dex/">Pok&eacute;dex</a></li>
			<li><a class="button cur" href="/">Replays</a></li>
			<li><a class="button" href="//pokemonshowdown.com/ladder/">Ladder</a></li>
			<li><a class="button nav-last" href="//pokemonshowdown.com/forums/">Forum</a></li>
			<li><a class="button greenbutton nav-first nav-last" href="//play.pokemonshowdown.com/">Play</a></li>
		</ul></div>
	</header>

	<div class="main" id="main">

		<noscript><section class="section">You need to enable JavaScript to use this page; sorry!</section></noscript>

	</div>

</div>

<script defer nomodule src="//play.pokemonshowdown.com/js/lib/ps-polyfill.js"></script>
<script defer src="//play.pokemonshowdown.com/js/lib/preact.min.js"></script>

<script defer src="//play.pokemonshowdown.com/config/config.js?6dec07f6"></script>
<script defer src="//play.pokemonshowdown.com/js/lib/jquery-1.11.0.min.js"></script>
<script defer src="//play.pokemonshowdown.com/js/lib/html-sanitizer-minified.js"></script>
<script defer src="//play.pokemonshowdown.com/js/battle-sound.js"></script>
<script defer src="//play.pokemonshowdown.com/js/battledata.js?0.6315294753075389"></script>
<script defer src="//play.pokemonshowdown.com/data/pokedex-mini.js?0.7603743185311358"></script>
<script defer src="//play.pokemonshowdown.com/data/pokedex-mini-bw.js?0.030888842834281283"></script>
<script defer src="//play.pokemonshowdown.com/data/graphics.js?0.05593094747507488"></script>
<script defer src="//play.pokemonshowdown.com/data/pokedex.js?0.47064822249611904"></script>
<script defer src="//play.pokemonshowdown.com/data/moves.js?0.8583693120512459"></script>
<script defer src="//play.pokemonshowdown.com/data/abilities.js?0.16017181182386842"></script>
<script defer src="//play.pokemonshowdown.com/data/items.js?0.4163379185673943"></script>
<script defer src="//play.pokemonshowdown.com/data/teambuilder-tables.js?0.31075597372830477"></script>
<script defer src="//play.pokemonshowdown.com/js/battle-tooltips.js?0.6536193500708172"></script>
<script defer src="//play.pokemonshowdown.com/js/battle.js?0.1916591943277901"></script>

<script defer src="js/utils.js?e31f9a17"></script>
<script defer src="js/replays-battle.js?7008c182"></script>

<!-- don't scrape this data! just add .json or .log after the URL!
Full API docs: https://github.com/smogon/pokemon-showdown-client/blob/master/WEB-API.md -->
<script type="text/plain" class="log" id="replaylog-smogtours-gen3ou-798856">
|inactive|Battle timer is ON: inactive players will automatically lose when time's up.
|t:|1728954544
|gametype|singles
|player|p1|ThisGuyMuks|102|
|player|p2|DiegoIn|ethan|
|teamsize|p1|6
|teamsize|p2|6
|gen|3
|tier|[Gen 3] OU
|rule|Sleep Clause Mod: Limit one foe put to sleep
|rule|Switch Priority Clause Mod: Faster Pokémon switch first
|rule|Species Clause: Limit one of each Pokémon
|rule|OHKO Clause: OHKO moves are banned
|rule|Evasion Items Clause: Evasion items are banned
|rule|Evasion Moves Clause: Evasion moves are banned
|rule|Endless Battle Clause: Forcing endless battles is banned
|rule|HP Percentage Mod: HP is shown in percentages
|rule|One Boost Passer Clause: Limit one Baton Passer that has a way to boost its stats
|rule|Freeze Clause Mod: Limit one foe frozen
|
|t:|1728954544
|start
|switch|p1a: Zapdos|Zapdos|100/100
|switch|p2a: Suicune|Suicune|100/100
|turn|1
|inactive|ThisGuyMuks has 270 seconds left.
|
|t:|1728954575
|switch|p2a: SUMMER|Blissey, F|100/100
|move|p1a: Zapdos|Thunder Wave|p2a: SUMMER
|-status|p2a: SUMMER|par
|
|upkeep
|turn|2
|inactive|ThisGuyMuks has 270 seconds left.
|
|t:|1728954615
|switch|p1a: Swampert|Swampert, M|100/100
|-curestatus|p2a: SUMMER|par|[from] ability: Natural Cure
|switch|p2a: Zapdos|Zapdos|100/100
|
|upkeep
|turn|3
|
|t:|1728954633
|switch|p1a: Tyranitar|Tyranitar, M|100/100
|-weather|Sandstorm|[from] ability: Sand Stream|[of] p1a: Tyranitar
|move|p2a: Zapdos|Substitute|p2a: Zapdos
|-start|p2a: Zapdos|Substitute
|-damage|p2a: Zapdos|76/100
|
|-weather|Sandstorm|[upkeep]
|-damage|p2a: Zapdos|69/100|[from] Sandstorm
|-heal|p2a: Zapdos|76/100|[from] item: Leftovers
|upkeep
|turn|4
|inactive|ThisGuyMuks has 240 seconds left.
|
|t:|1728954677
|move|p2a: Zapdos|Thunderbolt|p1a: Tyranitar
|-crit|p1a: Tyranitar
|-damage|p1a: Tyranitar|1/100
|move|p1a: Tyranitar|Rock Slide|p2a: Zapdos
|-supereffective|p2a: Zapdos
|-end|p2a: Zapdos|Substitute
|
|-weather|Sandstorm|[upkeep]
|-damage|p2a: Zapdos|69/100|[from] Sandstorm
|-heal|p2a: Zapdos|76/100|[from] item: Leftovers
|-heal|p1a: Tyranitar|7/100|[from] item: Leftovers
|upkeep
|turn|5
|
|t:|1728954689
|move|p2a: Zapdos|Hidden Power|p1a: Tyranitar
|-damage|p1a: Tyranitar|0 fnt
|faint|p1a: Tyranitar
|
|t:|1728954707
|switch|p1a: Swampert|Swampert, M|100/100
|
|-weather|Sandstorm|[upkeep]
|-damage|p2a: Zapdos|69/100|[from] Sandstorm
|-heal|p2a: Zapdos|76/100|[from] item: Leftovers
|upkeep
|turn|6
|
|t:|1728954722
|switch|p2a: Suicune|Suicune|100/100
|move|p1a: Swampert|Hydro Pump|p2a: Suicune
|-resisted|p2a: Suicune
|-damage|p2a: Suicune|82/100
|
|-weather|Sandstorm|[upkeep]
|-damage|p2a: Suicune|76/100|[from] Sandstorm
|-heal|p2a: Suicune|82/100|[from] item: Leftovers
|upkeep
|turn|7
|
|t:|1728954737
|switch|p1a: Jirachi|Jirachi|100/100
|move|p2a: Suicune|Toxic|p1a: Jirachi
|-immune|p1a: Jirachi
|
|-weather|Sandstorm|[upkeep]
|-damage|p2a: Suicune|76/100|[from] Sandstorm
|-heal|p2a: Suicune|82/100|[from] item: Leftovers
|upkeep
|turn|8
|inactive|DiegoIn has 270 seconds left.
|
|t:|1728954763
|switch|p2a: SUMMER|Blissey, F|100/100
|move|p1a: Jirachi|Body Slam|p2a: SUMMER
|-crit|p2a: SUMMER
|-damage|p2a: SUMMER|65/100
|-status|p2a: SUMMER|par
|
|-weather|Sandstorm|[upkeep]
|-damage|p2a: SUMMER|59/100 par|[from] Sandstorm
|-heal|p2a: SUMMER|65/100 par|[from] item: Leftovers
|upkeep
|turn|9
|inactive|DiegoIn has 270 seconds left.
|
|t:|1728954782
|switch|p1a: Swampert|Swampert, M|100/100
|move|p2a: SUMMER|Wish|p2a: SUMMER
|
|-weather|Sandstorm|[upkeep]
|-damage|p2a: SUMMER|59/100 par|[from] Sandstorm
|-heal|p2a: SUMMER|65/100 par|[from] item: Leftovers
|upkeep
|turn|10
|inactive|DiegoIn has 270 seconds left.
|
|t:|1728954801
|switch|p1a: Zapdos|Zapdos|100/100
|-curestatus|p2a: SUMMER|par|[from] ability: Natural Cure
|switch|p2a: Zapdos|Zapdos|76/100
|
|-heal|p2a: Zapdos|100/100|[from] move: Wish|[wisher] SUMMER
|-weather|Sandstorm|[upkeep]
|-damage|p2a: Zapdos|94/100|[from] Sandstorm
|-damage|p1a: Zapdos|94/100|[from] Sandstorm
|-heal|p2a: Zapdos|100/100|[from] item: Leftovers
|-heal|p1a: Zapdos|100/100|[from] item: Leftovers
|upkeep
|turn|11
|inactive|DiegoIn has 270 seconds left.
|
|t:|1728954809
|move|p2a: Zapdos|Thunderbolt|p1a: Zapdos
|-damage|p1a: Zapdos|47/100
|move|p1a: Zapdos|Thunderbolt|p2a: Zapdos
|-damage|p2a: Zapdos|45/100
|-status|p2a: Zapdos|par
|
|-weather|Sandstorm|[upkeep]
|-damage|p1a: Zapdos|41/100|[from] Sandstorm
|-damage|p2a: Zapdos|39/100 par|[from] Sandstorm
|-heal|p1a: Zapdos|47/100|[from] item: Leftovers
|-heal|p2a: Zapdos|45/100 par|[from] item: Leftovers
|upkeep
|turn|12
|
|t:|1728954824
|switch|p1a: Swampert|Swampert, M|100/100
|switch|p2a: SUMMER|Blissey, F|65/100
|
|-weather|Sandstorm|[upkeep]
|-damage|p2a: SUMMER|59/100|[from] Sandstorm
|-heal|p2a: SUMMER|65/100|[from] item: Leftovers
|upkeep
|turn|13
|
|t:|1728954833
|-singleturn|p1a: Swampert|move: Focus Punch
|move|p1a: Swampert|Focus Punch|p2a: SUMMER
|-supereffective|p2a: SUMMER
|-damage|p2a: SUMMER|0 fnt
|faint|p2a: SUMMER
|
|t:|1728954839
|switch|p2a: PANDORA|Breloom, F|100/100
|
|-weather|Sandstorm|[upkeep]
|-damage|p2a: PANDORA|94/100|[from] Sandstorm
|-heal|p2a: PANDORA|100/100|[from] item: Leftovers
|upkeep
|turn|14
|inactive|ThisGuyMuks has 240 seconds left.
|
|t:|1728954871
|switch|p1a: Zapdos|Zapdos|47/100
|move|p2a: PANDORA|Substitute|p2a: PANDORA
|-start|p2a: PANDORA|Substitute
|-damage|p2a: PANDORA|76/100
|
|-weather|Sandstorm|[upkeep]
|-damage|p1a: Zapdos|41/100|[from] Sandstorm
|-damage|p2a: PANDORA|70/100|[from] Sandstorm
|-heal|p1a: Zapdos|47/100|[from] item: Leftovers
|-heal|p2a: PANDORA|76/100|[from] item: Leftovers
|upkeep
|turn|15
|
|t:|1728954878
|-singleturn|p2a: PANDORA|move: Focus Punch
|move|p1a: Zapdos|Hidden Power|p2a: PANDORA
|-supereffective|p2a: PANDORA
|-end|p2a: PANDORA|Substitute
|move|p2a: PANDORA|Focus Punch|p1a: Zapdos
|-resisted|p1a: Zapdos
|-damage|p1a: Zapdos|9/100
|
|-weather|Sandstorm|[upkeep]
|-damage|p1a: Zapdos|3/100|[from] Sandstorm
|-damage|p2a: PANDORA|70/100|[from] Sandstorm
|-heal|p1a: Zapdos|9/100|[from] item: Leftovers
|-heal|p2a: PANDORA|76/100|[from] item: Leftovers
|upkeep
|turn|16
|
|t:|1728954893
|switch|p2a: Zapdos|Zapdos|45/100 par
|move|p1a: Zapdos|Hidden Power|p2a: Zapdos
|-supereffective|p2a: Zapdos
|-damage|p2a: Zapdos|0 fnt
|faint|p2a: Zapdos
|
|t:|1728954905
|switch|p2a: SIGMA|Dugtrio, M|100/100
|
|-weather|Sandstorm|[upkeep]
|-damage|p1a: Zapdos|3/100|[from] Sandstorm
|-heal|p1a: Zapdos|9/100|[from] item: Leftovers
|upkeep
|turn|17
|
|t:|1728954911
|switch|p1a: Swampert|Swampert, M|100/100
|move|p2a: SIGMA|Rock Slide|p1a: Swampert
|-resisted|p1a: Swampert
|-damage|p1a: Swampert|88/100
|
|-weather|Sandstorm|[upkeep]
|-heal|p1a: Swampert|94/100|[from] item: Leftovers
|upkeep
|turn|18
|inactive|ThisGuyMuks has 240 seconds left.
|
|t:|1728954925
|switch|p2a: Suicune|Suicune|82/100
|move|p1a: Swampert|Earthquake|p2a: Suicune
|-damage|p2a: Suicune|63/100
|
|-weather|Sandstorm|[upkeep]
|-damage|p2a: Suicune|56/100|[from] Sandstorm
|-heal|p2a: Suicune|63/100|[from] item: Leftovers
|-heal|p1a: Swampert|99/100|[from] item: Leftovers
|upkeep
|turn|19
|
|t:|1728954931
|switch|p1a: Jirachi|Jirachi|100/100
|move|p2a: Suicune|Surf|p1a: Jirachi
|-damage|p1a: Jirachi|78/100
|
|-weather|Sandstorm|[upkeep]
|-damage|p2a: Suicune|56/100|[from] Sandstorm
|-heal|p1a: Jirachi|84/100|[from] item: Leftovers
|-heal|p2a: Suicune|63/100|[from] item: Leftovers
|upkeep
|turn|20
|
|t:|1728954940
|move|p1a: Jirachi|Wish|p1a: Jirachi
|move|p2a: Suicune|Surf|p1a: Jirachi
|-damage|p1a: Jirachi|64/100
|
|-weather|Sandstorm|[upkeep]
|-damage|p2a: Suicune|56/100|[from] Sandstorm
|-heal|p1a: Jirachi|70/100|[from] item: Leftovers
|-heal|p2a: Suicune|63/100|[from] item: Leftovers
|upkeep
|turn|21
|
|t:|1728954953
|move|p1a: Jirachi|Hidden Power|p2a: Suicune
|-supereffective|p2a: Suicune
|-damage|p2a: Suicune|39/100
|move|p2a: Suicune|Surf|p1a: Jirachi
|-damage|p1a: Jirachi|51/100
|
|-heal|p1a: Jirachi|100/100|[from] move: Wish|[wisher] Jirachi
|-weather|Sandstorm|[upkeep]
|-damage|p2a: Suicune|33/100|[from] Sandstorm
|-heal|p2a: Suicune|39/100|[from] item: Leftovers
|upkeep
|turn|22
|
|t:|1728954961
|move|p1a: Jirachi|Body Slam|p2a: Suicune
|-damage|p2a: Suicune|28/100
|-status|p2a: Suicune|par
|move|p2a: Suicune|Rest|p2a: Suicune
|-status|p2a: Suicune|slp|[from] move: Rest
|-heal|p2a: Suicune|100/100 slp|[silent]
|
|-weather|Sandstorm|[upkeep]
|-damage|p2a: Suicune|94/100 slp|[from] Sandstorm
|-heal|p2a: Suicune|100/100 slp|[from] item: Leftovers
|upkeep
|turn|23
|inactive|ThisGuyMuks has 270 seconds left.
|
|t:|1728954969
|switch|p2a: Salamence|Salamence, F|100/100
|-ability|p2a: Salamence|Intimidate|boost
|-unboost|p1a: Jirachi|atk|1
|move|p1a: Jirachi|Wish|p1a: Jirachi
|
|-weather|Sandstorm|[upkeep]
|-damage|p2a: Salamence|94/100|[from] Sandstorm
|upkeep
|turn|24
|
|t:|1728954983
|move|p2a: Salamence|Dragon Dance|p2a: Salamence
|-boost|p2a: Salamence|atk|1
|-boost|p2a: Salamence|spe|1
|move|p1a: Jirachi|Body Slam|p2a: Salamence
|-damage|p2a: Salamence|78/100
|-status|p2a: Salamence|par
|-enditem|p2a: Salamence|Lum Berry|[eat]
|-curestatus|p2a: Salamence|par|[msg]
|
|-weather|Sandstorm|[upkeep]
|-damage|p2a: Salamence|72/100|[from] Sandstorm
|upkeep
|turn|25
|
|t:|1728954991
|switch|p1a: Swampert|Swampert, M|99/100
|move|p2a: Salamence|Dragon Dance|p2a: Salamence
|-boost|p2a: Salamence|atk|1
|-boost|p2a: Salamence|spe|1
|
|-weather|Sandstorm|[upkeep]
|-damage|p2a: Salamence|66/100|[from] Sandstorm
|-heal|p1a: Swampert|100/100|[from] item: Leftovers
|upkeep
|turn|26
|
|t:|1728954995
|move|p2a: Salamence|Hidden Power|p1a: Swampert
|-damage|p1a: Swampert|35/100
|move|p1a: Swampert|Ice Beam|p2a: Salamence
|-supereffective|p2a: Salamence
|-damage|p2a: Salamence|0 fnt
|faint|p2a: Salamence
|
|t:|1728955000
|switch|p2a: SIGMA|Dugtrio, M|100/100
|
|-weather|Sandstorm|[upkeep]
|-heal|p1a: Swampert|41/100|[from] item: Leftovers
|upkeep
|turn|27
|
|t:|1728955008
|move|p2a: SIGMA|Earthquake|p1a: Swampert
|-damage|p1a: Swampert|0 fnt
|faint|p1a: Swampert
|
|t:|1728955012
|switch|p1a: Salamence|Salamence, M|100/100
|-ability|p1a: Salamence|Intimidate|boost
|-unboost|p2a: SIGMA|atk|1
|
|-weather|Sandstorm|[upkeep]
|-damage|p1a: Salamence|94/100|[from] Sandstorm
|-heal|p1a: Salamence|100/100|[from] item: Leftovers
|upkeep
|turn|28
|
|t:|1728955019
|switch|p2a: Suicune|Suicune|100/100 slp
|move|p1a: Salamence|Dragon Dance|p1a: Salamence
|-boost|p1a: Salamence|atk|1
|-boost|p1a: Salamence|spe|1
|
|-weather|Sandstorm|[upkeep]
|-damage|p1a: Salamence|94/100|[from] Sandstorm
|-damage|p2a: Suicune|94/100 slp|[from] Sandstorm
|-heal|p1a: Salamence|100/100|[from] item: Leftovers
|-heal|p2a: Suicune|100/100 slp|[from] item: Leftovers
|upkeep
|turn|29
|
|t:|1728955024
|move|p1a: Salamence|Hidden Power|p2a: Suicune
|-damage|p2a: Suicune|64/100 slp
|cant|p2a: Suicune|slp
|move|p2a: Suicune|Sleep Talk|p2a: Suicune
|move|p2a: Suicune|Rest|p2a: Suicune|[from]Sleep Talk
|
|-weather|Sandstorm|[upkeep]
|-damage|p1a: Salamence|94/100|[from] Sandstorm
|-damage|p2a: Suicune|58/100 slp|[from] Sandstorm
|-heal|p1a: Salamence|100/100|[from] item: Leftovers
|-heal|p2a: Suicune|64/100 slp|[from] item: Leftovers
|upkeep
|turn|30
|
|t:|1728955032
|move|p1a: Salamence|Hidden Power|p2a: Suicune
|-damage|p2a: Suicune|30/100 slp
|cant|p2a: Suicune|slp
|move|p2a: Suicune|Sleep Talk|p2a: Suicune
|move|p2a: Suicune|Rest|p2a: Suicune|[from]Sleep Talk
|
|-weather|Sandstorm|[upkeep]
|-damage|p1a: Salamence|94/100|[from] Sandstorm
|-damage|p2a: Suicune|24/100 slp|[from] Sandstorm
|-heal|p1a: Salamence|100/100|[from] item: Leftovers
|-heal|p2a: Suicune|30/100 slp|[from] item: Leftovers
|upkeep
|turn|31
|
|t:|1728955036
|move|p1a: Salamence|Hidden Power|p2a: Suicune
|-damage|p2a: Suicune|0 fnt
|faint|p2a: Suicune
|
|t:|1728955039
|switch|p2a: SIGMA|Dugtrio, M|100/100
|
|-weather|Sandstorm|[upkeep]
|-damage|p1a: Salamence|94/100|[from] Sandstorm
|-heal|p1a: Salamence|100/100|[from] item: Leftovers
|upkeep
|turn|32
|
|t:|1728955043
|move|p1a: Salamence|Hidden Power|p2a: SIGMA
|-damage|p2a: SIGMA|0 fnt
|faint|p2a: SIGMA
|
|t:|1728955046
|switch|p2a: PANDORA|Breloom, F|76/100
|
|-weather|Sandstorm|[upkeep]
|-damage|p1a: Salamence|94/100|[from] Sandstorm
|-damage|p2a: PANDORA|70/100|[from] Sandstorm
|-heal|p1a: Salamence|100/100|[from] item: Leftovers
|-heal|p2a: PANDORA|76/100|[from] item: Leftovers
|upkeep
|turn|33
|
|t:|1728955049
|move|p1a: Salamence|Hidden Power|p2a: PANDORA
|-supereffective|p2a: PANDORA
|-damage|p2a: PANDORA|0 fnt
|faint|p2a: PANDORA
|
|win|ThisGuyMuks
|player|p2|
|c|☆ThisGuyMuks|gg

</script>
<script type="application/json" class="data" id="replaydata-smogtours-gen3ou-798856">
{"id":"smogtours-gen3ou-798856","format":"[Gen 3] OU","players":["ThisGuyMuks","DiegoIn"],"uploadtime":1728955049,"views":137,"formatid":"gen3ou","rating":null,"private":0,"password":null}
</script>

<script defer src="js/replays.js?9d40a366"></script>
