<!DOCTYPE html>
<meta charset="utf-8" />
<meta name="viewport" content="width=device-width" />

<title>[Gen 3] OU: Elian vs. Nardgo - Replays - Pok&eacute;mon Showdown!</title>

<meta name="description" content="Watch a replay of a Pok&eacute;mon battle between Elian and Nardgo! Format: [Gen 3] OU; Date: Nov 1, 2024" />
<!--

Hey, you! Looking in the source for the replay log?

You can find them in JSON format, just add `.json` at the end of a replay URL.

https://replay.pokemonshowdown.com/gen7randomdoublesbattle-865046831.json

Or, if you only need the log itself, add `.log` instead:

https://replay.pokemonshowdown.com/gen7randomdoublesbattle-865046831.log

-->

<link rel="stylesheet" href="//pokemonshowdown.com/style/global.css?0.023195364461161105" />
<link rel="stylesheet" href="//play.pokemonshowdown.com/style/font-awesome.css?0.13261647063804238" />
<link rel="stylesheet" href="//play.pokemonshowdown.com/style/battle.css?0.8753245789963631" />
<link rel="stylesheet" href="//play.pokemonshowdown.com/style/utilichart.css?0.8627959624976733" />

<!-- Global site tag (gtag.js) - Google Analytics -->
<script async src="https://www.googletagmanager.com/gtag/js?id=UA-26211653-1"></script>
<script>
  window.dataLayer = window.dataLayer || [];
  function gtag(){dataLayer.push(arguments);}
  gtag('js', new Date());

  gtag('config', 'UA-26211653-1');
</script>
<!-- End Google Analytics -->
<!-- Venatus Ad Manager - Install in <HEAD> of page -->
	<script src="https://hb.vntsm.com/v3/live/ad-manager.min.js" type="text/javascript" data-site-id="642aba63ec9a7b11c3c9c1be" data-mode="scan" async></script>
<!-- / Venatus Ad Manager -->

<style>
	@media (max-width:820px) {
		.battle {
			margin: 0 auto;
		}
		.battle-log {
			margin: 7px auto 0;
			max-width: 640px;
			height: 300px;
			position: static;
		}
	}
	.optgroup {
		display: inline-block;
		line-height: 22px;
		font-size: 10pt;
	}
	.optgroup .button {
		height: 25px;
		padding-top: 0;
		padding-bottom: 0;
	}
	.optgroup button.button {
		padding-left: 12px;
		padding-right: 12px;
	}
	.linklist {
		list-style: none;
		margin: 0.5em 0;
		padding: 0;
	}
	.linklist li {
		padding: 2px 0;
	}
	.sidebar {
		float: left;
		width: 320px;
	}
	.bar-wrapper {
		max-width: 1100px;
		margin: 0 auto;
	}
	.bar-wrapper.has-sidebar {
		max-width: 1430px;
	}
	.mainbar {
		margin: 0;
		padding-right: 1px;
	}
	.mainbar.has-sidebar {
		margin-left: 330px;
	}
	@media (min-width: 1511px) {
		.sidebar {
			width: 400px;
		}
		.bar-wrapper.has-sidebar {
			max-width: 1510px;
		}
		.mainbar.has-sidebar {
			margin-left: 410px;
		}
	}
	.section.first-section {
		margin-top: 9px;
	}
	.blocklink small {
		white-space: normal;
	}
	.button {
		vertical-align: middle;
	}
	.replay-controls {
		padding-top: 10px;
	}
	.replay-controls h1 {
		font-size: 16pt;
		font-weight: normal;
		color: #CCC;
	}
	.pagelink {
		text-align: center;
	}
	.pagelink a {
		width: 150px;
	}
	.textbox, .button {
		font-size: 11pt;
		vertical-align: middle;
	}
	@media (max-width: 450px) {
		.button {
			font-size: 9pt;
		}
	}
</style>

<div>

	<header>
		<div class="nav-wrapper"><ul class="nav">
			<li><a class="button nav-first" href="//pokemonshowdown.com/"><img src="//pokemonshowdown.com/images/pokemonshowdownbeta.png" srcset="//pokemonshowdown.com/images/pokemonshowdownbeta.png 1x, //pokemonshowdown.com/images/pokemonshowdownbeta@2x.png 2x" alt="Pok&eacute;mon Showdown" width="146" height="44" /> Home</a></li>
			<li><a class="button" href="//pokemonshowdown.com/dex/">Pok&eacute;dex</a></li>
			<li><a class="button cur" href="/">Replays</a></li>
			<li><a class="button" href="//pokemonshowdown.com/ladder/">Ladder</a></li>
			<li><a class="button nav-last" href="//pokemonshowdown.com/forums/">Forum</a></li>
			<li><a class="button greenbutton nav-first nav-last" href="//play.pokemonshowdown.com/">Play</a></li>
		</ul></div>
	</header>

	<div class="main" id="main">

		<noscript><section class="section">You need to enable JavaScript to use this page; sorry!</section></noscript>

	</div>

</div>

<script defer nomodule src="//play.pokemonshowdown.com/js/lib/ps-polyfill.js"></script>
<script defer src="//play.pokemonshowdown.com/js/lib/preact.min.js"></script>

<script defer src="//play.pokemonshowdown.com/config/config.js?2bddbc15"></script>
<script defer src="//play.pokemonshowdown.com/js/lib/jquery-1.11.0.min.js"></script>
<script defer src="//play.pokemonshowdown.com/js/lib/html-sanitizer-minified.js"></script>
<script defer src="//play.pokemonshowdown.com/js/battle-sound.js"></script>
<script defer src="//play.pokemonshowdown.com/js/battledata.js?0.7209276989879541"></script>
<script defer src="//play.pokemonshowdown.com/data/pokedex-mini.js?0.6111056340867951"></script>
<script defer src="//play.pokemonshowdown.com/data/pokedex-mini-bw.js?0.3532142036491459"></script>
<script defer src="//play.pokemonshowdown.com/data/graphics.js?0.24223875632456182"></script>
<script defer src="//play.pokemonshowdown.com/data/pokedex.js?0.38839984266356864"></script>
<script defer src="//play.pokemonshowdown.com/data/moves.js?0.21866028504024015"></script>
<script defer src="//play.pokemonshowdown.com/data/abilities.js?0.2005157953846628"></script>
<script defer src="//play.pokemonshowdown.com/data/items.js?0.9894211263848525"></script>
<script defer src="//play.pokemonshowdown.com/data/teambuilder-tables.js?0.6008791140282215"></script>
<script defer src="//play.pokemonshowdown.com/js/battle-tooltips.js?0.7580118955022959"></script>
<script defer src="//play.pokemonshowdown.com/js/battle.js?0.6057722274234274"></script>

<script defer src="js/utils.js?e31f9a17"></script>
<script defer src="js/replays-battle.js?7008c182"></script>

<!-- don't scrape this data! just add .json or .log after the URL!
Full API docs: https://github.com/smogon/pokemon-showdown-client/blob/master/WEB-API.md -->
<script type="text/plain" class="log" id="replaylog-smogtours-gen3ou-803798">
|inactive|Battle timer is ON: inactive players will automatically lose when time's up.
|t:|1730492609
|gametype|singles
|player|p1|Elian|erika-gen2|
|player|p2|Nardgo|steven|
|teamsize|p1|6
|teamsize|p2|6
|gen|3
|tier|[Gen 3] OU
|rule|Sleep Clause Mod: Limit one foe put to sleep
|rule|Switch Priority Clause Mod: Faster Pokémon switch first
|rule|Species Clause: Limit one of each Pokémon
|rule|OHKO Clause: OHKO moves are banned
|rule|Evasion Items Clause: Evasion items are banned
|rule|Evasion Moves Clause: Evasion moves are banned
|rule|Endless Battle Clause: Forcing endless battles is banned
|rule|HP Percentage Mod: HP is shown in percentages
|rule|One Boost Passer Clause: Limit one Baton Passer that has a way to boost its stats
|rule|Freeze Clause Mod: Limit one foe frozen
|
|t:|1730492609
|start
|switch|p1a: Zapdos|Zapdos|100/100
|switch|p2a: Skarmory|Skarmory, M|100/100
|turn|1
|c|☆Elian|hf
|c|☆Nardgo|you too
|
|t:|1730492639
|switch|p2a: Zapdos|Zapdos|100/100
|move|p1a: Zapdos|Baton Pass|p1a: Zapdos
|
|t:|1730492643
|switch|p1a: Snorlax|Snorlax, F|100/100|[from] Baton Pass
|
|upkeep
|turn|2
|
|t:|1730492656
|switch|p2a: Skarmory|Skarmory, M|100/100
|switch|p1a: Magneton|Magneton|100/100
|
|upkeep
|turn|3
|
|t:|1730492659
|move|p1a: Magneton|Thunderbolt|p2a: Skarmory
|-supereffective|p2a: Skarmory
|-damage|p2a: Skarmory|4/100
|move|p2a: Skarmory|Spikes|p1a: Magneton
|-sidestart|p1: Elian|Spikes
|
|-heal|p2a: Skarmory|10/100|[from] item: Leftovers
|upkeep
|turn|4
|
|t:|1730492662
|move|p1a: Magneton|Thunderbolt|p2a: Skarmory
|-supereffective|p2a: Skarmory
|-damage|p2a: Skarmory|0 fnt
|faint|p2a: Skarmory
|
|t:|1730492664
|switch|p2a: Moltres|Moltres|100/100
|
|upkeep
|turn|5
|
|t:|1730492668
|switch|p1a: Zapdos|Zapdos|100/100
|move|p2a: Moltres|Flamethrower|p1a: Zapdos
|-damage|p1a: Zapdos|53/100
|
|-heal|p1a: Zapdos|59/100|[from] item: Leftovers
|upkeep
|turn|6
|
|t:|1730492691
|switch|p2a: Zapdos|Zapdos|100/100
|move|p1a: Zapdos|Thunder Wave|p2a: Zapdos
|-status|p2a: Zapdos|par
|
|-heal|p1a: Zapdos|65/100|[from] item: Leftovers
|upkeep
|turn|7
|
|t:|1730492699
|switch|p1a: Snorlax|Snorlax, F|100/100
|-damage|p1a: Snorlax|88/100|[from] Spikes
|move|p2a: Zapdos|Roar|p1a: Snorlax
|drag|p1a: Suicune|Suicune|100/100
|-damage|p1a: Suicune|88/100|[from] Spikes
|
|-heal|p1a: Suicune|94/100|[from] item: Leftovers
|upkeep
|turn|8
|
|t:|1730492706
|switch|p1a: Snorlax|Snorlax, F|88/100
|-damage|p1a: Snorlax|75/100|[from] Spikes
|move|p2a: Zapdos|Thunderbolt|p1a: Snorlax
|-damage|p1a: Snorlax|52/100
|
|-heal|p1a: Snorlax|58/100|[from] item: Leftovers
|upkeep
|turn|9
|
|t:|1730492716
|switch|p2a: Misdreavus|Misdreavus, F|100/100
|move|p1a: Snorlax|Curse|p1a: Snorlax
|-unboost|p1a: Snorlax|spe|1
|-boost|p1a: Snorlax|atk|1
|-boost|p1a: Snorlax|def|1
|
|-heal|p1a: Snorlax|65/100|[from] item: Leftovers
|upkeep
|turn|10
|
|t:|1730492722
|switch|p1a: Heracross|Heracross, M|100/100
|-damage|p1a: Heracross|88/100|[from] Spikes
|move|p2a: Misdreavus|Perish Song|p2a: Misdreavus
|-start|p1a: Heracross|perish3|[silent]
|-start|p2a: Misdreavus|perish3|[silent]
|-fieldactivate|move: Perish Song
|
|-heal|p1a: Heracross|94/100|[from] item: Leftovers
|-start|p1a: Heracross|perish3
|-start|p2a: Misdreavus|perish3
|upkeep
|turn|11
|
|t:|1730492730
|switch|p1a: Zapdos|Zapdos|65/100
|move|p2a: Misdreavus|Mean Look|p1a: Zapdos
|-activate|p1a: Zapdos|trapped
|
|-heal|p1a: Zapdos|72/100|[from] item: Leftovers
|-start|p2a: Misdreavus|perish2
|upkeep
|turn|12
|
|t:|1730492735
|switch|p2a: Zapdos|Zapdos|100/100 par
|move|p1a: Zapdos|Thunderbolt|p2a: Zapdos
|-damage|p2a: Zapdos|67/100 par
|
|-heal|p1a: Zapdos|78/100|[from] item: Leftovers
|-heal|p2a: Zapdos|73/100 par|[from] item: Leftovers
|upkeep
|turn|13
|
|t:|1730492738
|switch|p1a: Snorlax|Snorlax, F|65/100
|-damage|p1a: Snorlax|52/100|[from] Spikes
|move|p2a: Zapdos|Rest|p2a: Zapdos
|-status|p2a: Zapdos|slp|[from] move: Rest
|-heal|p2a: Zapdos|100/100 slp|[silent]
|
|-heal|p1a: Snorlax|58/100|[from] item: Leftovers
|upkeep
|turn|14
|
|t:|1730492741
|cant|p2a: Zapdos|slp
|move|p2a: Zapdos|Sleep Talk|p2a: Zapdos
|move|p2a: Zapdos|Rest|p2a: Zapdos|[from]Sleep Talk
|move|p1a: Snorlax|Curse|p1a: Snorlax
|-unboost|p1a: Snorlax|spe|1
|-boost|p1a: Snorlax|atk|1
|-boost|p1a: Snorlax|def|1
|
|-heal|p1a: Snorlax|65/100|[from] item: Leftovers
|upkeep
|turn|15
|
|t:|1730492743
|cant|p2a: Zapdos|slp
|move|p2a: Zapdos|Sleep Talk|p2a: Zapdos
|move|p2a: Zapdos|Rest|p2a: Zapdos|[from]Sleep Talk
|move|p1a: Snorlax|Shadow Ball|p2a: Zapdos
|-damage|p2a: Zapdos|60/100 slp
|-unboost|p2a: Zapdos|spd|1
|
|-heal|p2a: Zapdos|66/100 slp|[from] item: Leftovers
|-heal|p1a: Snorlax|71/100|[from] item: Leftovers
|upkeep
|turn|16
|
|t:|1730492749
|move|p1a: Snorlax|Shadow Ball|p2a: Zapdos
|-damage|p2a: Zapdos|25/100 slp
|-curestatus|p2a: Zapdos|slp|[msg]
|move|p2a: Zapdos|Roar|p1a: Snorlax
|drag|p1a: Magneton|Magneton|100/100
|-damage|p1a: Magneton|88/100|[from] Spikes
|
|-heal|p2a: Zapdos|32/100|[from] item: Leftovers
|upkeep
|turn|17
|
|t:|1730492756
|switch|p2a: Flygon|Flygon, M|100/100
|move|p1a: Magneton|Thunderbolt|p2a: Flygon
|-immune|p2a: Flygon
|
|upkeep
|turn|18
|
|t:|1730492766
|switch|p1a: Suicune|Suicune|94/100
|-damage|p1a: Suicune|82/100|[from] Spikes
|move|p2a: Flygon|Toxic|p1a: Suicune|[miss]
|-miss|p2a: Flygon|p1a: Suicune
|
|-heal|p1a: Suicune|88/100|[from] item: Leftovers
|upkeep
|turn|19
|
|t:|1730492774
|switch|p2a: Blissey|Blissey, F|100/100
|move|p1a: Suicune|Calm Mind|p1a: Suicune
|-boost|p1a: Suicune|spa|1
|-boost|p1a: Suicune|spd|1
|
|-heal|p1a: Suicune|94/100|[from] item: Leftovers
|upkeep
|turn|20
|
|t:|1730492776
|move|p1a: Suicune|Calm Mind|p1a: Suicune
|-boost|p1a: Suicune|spa|1
|-boost|p1a: Suicune|spd|1
|move|p2a: Blissey|Seismic Toss|p1a: Suicune
|-damage|p1a: Suicune|69/100
|
|-heal|p1a: Suicune|76/100|[from] item: Leftovers
|upkeep
|turn|21
|
|t:|1730492778
|move|p1a: Suicune|Calm Mind|p1a: Suicune
|-boost|p1a: Suicune|spa|1
|-boost|p1a: Suicune|spd|1
|move|p2a: Blissey|Seismic Toss|p1a: Suicune
|-damage|p1a: Suicune|51/100
|
|-heal|p1a: Suicune|57/100|[from] item: Leftovers
|upkeep
|turn|22
|
|t:|1730492780
|move|p1a: Suicune|Calm Mind|p1a: Suicune
|-boost|p1a: Suicune|spa|1
|-boost|p1a: Suicune|spd|1
|move|p2a: Blissey|Seismic Toss|p1a: Suicune
|-damage|p1a: Suicune|32/100
|
|-heal|p1a: Suicune|38/100|[from] item: Leftovers
|upkeep
|turn|23
|
|t:|1730492783
|move|p1a: Suicune|Rest|p1a: Suicune
|-status|p1a: Suicune|slp|[from] move: Rest
|-heal|p1a: Suicune|100/100 slp|[silent]
|move|p2a: Blissey|Seismic Toss|p1a: Suicune
|-damage|p1a: Suicune|76/100 slp
|
|-heal|p1a: Suicune|82/100 slp|[from] item: Leftovers
|upkeep
|turn|24
|
|t:|1730492785
|switch|p2a: Misdreavus|Misdreavus, F|100/100
|cant|p1a: Suicune|slp
|move|p1a: Suicune|Sleep Talk|p1a: Suicune
|move|p1a: Suicune|Surf|p2a: Misdreavus|[from]Sleep Talk
|-damage|p2a: Misdreavus|6/100
|
|-heal|p1a: Suicune|88/100 slp|[from] item: Leftovers
|-heal|p2a: Misdreavus|12/100|[from] item: Leftovers
|upkeep
|turn|25
|
|t:|1730492788
|move|p2a: Misdreavus|Perish Song|p2a: Misdreavus
|-start|p1a: Suicune|perish3|[silent]
|-start|p2a: Misdreavus|perish3|[silent]
|-fieldactivate|move: Perish Song
|cant|p1a: Suicune|slp
|move|p1a: Suicune|Sleep Talk|p1a: Suicune
|move|p1a: Suicune|Surf|p2a: Misdreavus|[from]Sleep Talk
|-damage|p2a: Misdreavus|0 fnt
|faint|p2a: Misdreavus
|
|t:|1730492799
|switch|p2a: Zapdos|Zapdos|32/100
|
|-heal|p2a: Zapdos|38/100|[from] item: Leftovers
|-heal|p1a: Suicune|94/100 slp|[from] item: Leftovers
|-start|p1a: Suicune|perish3
|upkeep
|turn|26
|
|t:|1730492801
|move|p2a: Zapdos|Thunderbolt|p1a: Suicune
|-supereffective|p1a: Suicune
|-damage|p1a: Suicune|74/100 slp
|-curestatus|p1a: Suicune|slp|[msg]
|move|p1a: Suicune|Surf|p2a: Zapdos
|-crit|p2a: Zapdos
|-damage|p2a: Zapdos|0 fnt
|faint|p2a: Zapdos
|
|t:|1730492807
|switch|p2a: Blissey|Blissey, F|100/100
|
|-heal|p1a: Suicune|80/100|[from] item: Leftovers
|-start|p1a: Suicune|perish2
|upkeep
|turn|27
|
|t:|1730492812
|switch|p1a: Snorlax|Snorlax, F|71/100
|-damage|p1a: Snorlax|58/100|[from] Spikes
|switch|p2a: Moltres|Moltres|100/100
|
|-heal|p1a: Snorlax|65/100|[from] item: Leftovers
|upkeep
|turn|28
|
|t:|1730492814
|move|p2a: Moltres|Will-O-Wisp|p1a: Snorlax
|-status|p1a: Snorlax|brn
|move|p1a: Snorlax|Self-Destruct|p2a: Moltres
|-damage|p2a: Moltres|0 fnt
|faint|p1a: Snorlax
|faint|p2a: Moltres
|
|t:|1730492818
|switch|p2a: Blissey|Blissey, F|100/100
|switch|p1a: Suicune|Suicune|80/100
|-damage|p1a: Suicune|68/100|[from] Spikes
|
|-heal|p1a: Suicune|74/100|[from] item: Leftovers
|upkeep
|turn|29
|
|t:|1730492821
|move|p1a: Suicune|Calm Mind|p1a: Suicune
|-boost|p1a: Suicune|spa|1
|-boost|p1a: Suicune|spd|1
|move|p2a: Blissey|Seismic Toss|p1a: Suicune
|-damage|p1a: Suicune|49/100
|
|-heal|p1a: Suicune|56/100|[from] item: Leftovers
|upkeep
|turn|30
|
|t:|1730492824
|move|p1a: Suicune|Calm Mind|p1a: Suicune
|-boost|p1a: Suicune|spa|1
|-boost|p1a: Suicune|spd|1
|move|p2a: Blissey|Seismic Toss|p1a: Suicune
|-damage|p1a: Suicune|31/100
|
|-heal|p1a: Suicune|37/100|[from] item: Leftovers
|upkeep
|turn|31
|
|t:|1730492826
|switch|p2a: Flygon|Flygon, M|100/100
|move|p1a: Suicune|Rest|p1a: Suicune
|-status|p1a: Suicune|slp|[from] move: Rest
|-heal|p1a: Suicune|100/100 slp|[silent]
|
|upkeep
|turn|32
|
|t:|1730492828
|move|p2a: Flygon|Earthquake|p1a: Suicune
|-damage|p1a: Suicune|81/100 slp
|cant|p1a: Suicune|slp
|move|p1a: Suicune|Sleep Talk|p1a: Suicune
|move|p1a: Suicune|Calm Mind|p1a: Suicune|[from]Sleep Talk
|-boost|p1a: Suicune|spa|1
|-boost|p1a: Suicune|spd|1
|
|-heal|p1a: Suicune|87/100 slp|[from] item: Leftovers
|upkeep
|turn|33
|
|t:|1730492830
|move|p2a: Flygon|Earthquake|p1a: Suicune
|-damage|p1a: Suicune|66/100 slp
|cant|p1a: Suicune|slp
|move|p1a: Suicune|Sleep Talk|p1a: Suicune
|move|p1a: Suicune|Calm Mind|p1a: Suicune|[from]Sleep Talk
|-boost|p1a: Suicune|spa|1
|-boost|p1a: Suicune|spd|1
|
|-heal|p1a: Suicune|72/100 slp|[from] item: Leftovers
|upkeep
|turn|34
|
|t:|1730492838
|move|p2a: Flygon|Earthquake|p1a: Suicune
|-damage|p1a: Suicune|52/100 slp
|-curestatus|p1a: Suicune|slp|[msg]
|move|p1a: Suicune|Surf|p2a: Flygon
|-damage|p2a: Flygon|0 fnt
|faint|p2a: Flygon
|
|t:|1730492840
|switch|p2a: Blissey|Blissey, F|100/100
|
|-heal|p1a: Suicune|58/100|[from] item: Leftovers
|upkeep
|turn|35
|-message|Nardgo forfeited.
|
|win|Elian

</script>
<script type="application/json" class="data" id="replaydata-smogtours-gen3ou-803798">
{"id":"smogtours-gen3ou-803798","format":"[Gen 3] OU","players":["Elian","Nardgo"],"uploadtime":1730492844,"views":106,"formatid":"gen3ou","rating":null,"private":0,"password":null}
</script>

<script defer src="js/replays.js?9d40a366"></script>
