<!DOCTYPE html>
<meta charset="utf-8" />
<meta name="viewport" content="width=device-width" />

<title>[Gen 3] OU: azepto vs. niiiccck - Replays - Pok&eacute;mon Showdown!</title>

<meta name="description" content="Watch a replay of a Pok&eacute;mon battle between azepto and niiiccck! Format: [Gen 3] OU; Date: Oct 15, 2024" />
<!--

Hey, you! Looking in the source for the replay log?

You can find them in JSON format, just add `.json` at the end of a replay URL.

https://replay.pokemonshowdown.com/gen7randomdoublesbattle-865046831.json

Or, if you only need the log itself, add `.log` instead:

https://replay.pokemonshowdown.com/gen7randomdoublesbattle-865046831.log

-->

<link rel="stylesheet" href="//pokemonshowdown.com/style/global.css?0.023195364461161105" />
<link rel="stylesheet" href="//play.pokemonshowdown.com/style/font-awesome.css?0.13261647063804238" />
<link rel="stylesheet" href="//play.pokemonshowdown.com/style/battle.css?0.8753245789963631" />
<link rel="stylesheet" href="//play.pokemonshowdown.com/style/utilichart.css?0.8627959624976733" />

<!-- Global site tag (gtag.js) - Google Analytics -->
<script async src="https://www.googletagmanager.com/gtag/js?id=UA-26211653-1"></script>
<script>
  window.dataLayer = window.dataLayer || [];
  function gtag(){dataLayer.push(arguments);}
  gtag('js', new Date());

  gtag('config', 'UA-26211653-1');
</script>
<!-- End Google Analytics -->
<!-- Venatus Ad Manager - Install in <HEAD> of page -->
	<script src="https://hb.vntsm.com/v3/live/ad-manager.min.js" type="text/javascript" data-site-id="642aba63ec9a7b11c3c9c1be" data-mode="scan" async></script>
<!-- / Venatus Ad Manager -->

<style>
	@media (max-width:820px) {
		.battle {
			margin: 0 auto;
		}
		.battle-log {
			margin: 7px auto 0;
			max-width: 640px;
			height: 300px;
			position: static;
		}
	}
	.optgroup {
		display: inline-block;
		line-height: 22px;
		font-size: 10pt;
	}
	.optgroup .button {
		height: 25px;
		padding-top: 0;
		padding-bottom: 0;
	}
	.optgroup button.button {
		padding-left: 12px;
		padding-right: 12px;
	}
	.linklist {
		list-style: none;
		margin: 0.5em 0;
		padding: 0;
	}
	.linklist li {
		padding: 2px 0;
	}
	.sidebar {
		float: left;
		width: 320px;
	}
	.bar-wrapper {
		max-width: 1100px;
		margin: 0 auto;
	}
	.bar-wrapper.has-sidebar {
		max-width: 1430px;
	}
	.mainbar {
		margin: 0;
		padding-right: 1px;
	}
	.mainbar.has-sidebar {
		margin-left: 330px;
	}
	@media (min-width: 1511px) {
		.sidebar {
			width: 400px;
		}
		.bar-wrapper.has-sidebar {
			max-width: 1510px;
		}
		.mainbar.has-sidebar {
			margin-left: 410px;
		}
	}
	.section.first-section {
		margin-top: 9px;
	}
	.blocklink small {
		white-space: normal;
	}
	.button {
		vertical-align: middle;
	}
	.replay-controls {
		padding-top: 10px;
	}
	.replay-controls h1 {
		font-size: 16pt;
		font-weight: normal;
		color: #CCC;
	}
	.pagelink {
		text-align: center;
	}
	.pagelink a {
		width: 150px;
	}
	.textbox, .button {
		font-size: 11pt;
		vertical-align: middle;
	}
	@media (max-width: 450px) {
		.button {
			font-size: 9pt;
		}
	}
</style>

<div>

	<header>
		<div class="nav-wrapper"><ul class="nav">
			<li><a class="button nav-first" href="//pokemonshowdown.com/"><img src="//pokemonshowdown.com/images/pokemonshowdownbeta.png" srcset="//pokemonshowdown.com/images/pokemonshowdownbeta.png 1x, //pokemonshowdown.com/images/pokemonshowdownbeta@2x.png 2x" alt="Pok&eacute;mon Showdown" width="146" height="44" /> Home</a></li>
			<li><a class="button" href="//pokemonshowdown.com/dex/">Pok&eacute;dex</a></li>
			<li><a class="button cur" href="/">Replays</a></li>
			<li><a class="button" href="//pokemonshowdown.com/ladder/">Ladder</a></li>
			<li><a class="button nav-last" href="//pokemonshowdown.com/forums/">Forum</a></li>
			<li><a class="button greenbutton nav-first nav-last" href="//play.pokemonshowdown.com/">Play</a></li>
		</ul></div>
	</header>

	<div class="main" id="main">

		<noscript><section class="section">You need to enable JavaScript to use this page; sorry!</section></noscript>

	</div>

</div>

<script defer nomodule src="//play.pokemonshowdown.com/js/lib/ps-polyfill.js"></script>
<script defer src="//play.pokemonshowdown.com/js/lib/preact.min.js"></script>

<script defer src="//play.pokemonshowdown.com/config/config.js?2bddbc15"></script>
<script defer src="//play.pokemonshowdown.com/js/lib/jquery-1.11.0.min.js"></script>
<script defer src="//play.pokemonshowdown.com/js/lib/html-sanitizer-minified.js"></script>
<script defer src="//play.pokemonshowdown.com/js/battle-sound.js"></script>
<script defer src="//play.pokemonshowdown.com/js/battledata.js?0.7209276989879541"></script>
<script defer src="//play.pokemonshowdown.com/data/pokedex-mini.js?0.6111056340867951"></script>
<script defer src="//play.pokemonshowdown.com/data/pokedex-mini-bw.js?0.3532142036491459"></script>
<script defer src="//play.pokemonshowdown.com/data/graphics.js?0.24223875632456182"></script>
<script defer src="//play.pokemonshowdown.com/data/pokedex.js?0.38839984266356864"></script>
<script defer src="//play.pokemonshowdown.com/data/moves.js?0.21866028504024015"></script>
<script defer src="//play.pokemonshowdown.com/data/abilities.js?0.2005157953846628"></script>
<script defer src="//play.pokemonshowdown.com/data/items.js?0.9894211263848525"></script>
<script defer src="//play.pokemonshowdown.com/data/teambuilder-tables.js?0.6008791140282215"></script>
<script defer src="//play.pokemonshowdown.com/js/battle-tooltips.js?0.7580118955022959"></script>
<script defer src="//play.pokemonshowdown.com/js/battle.js?0.6057722274234274"></script>

<script defer src="js/utils.js?e31f9a17"></script>
<script defer src="js/replays-battle.js?7008c182"></script>

<!-- don't scrape this data! just add .json or .log after the URL!
Full API docs: https://github.com/smogon/pokemon-showdown-client/blob/master/WEB-API.md -->
<script type="text/plain" class="log" id="replaylog-smogtours-gen3ou-798874">
|inactive|Battle timer is ON: inactive players will automatically lose when time's up.
|t:|1728957799
|gametype|singles
|player|p1|azepto|officeworker|
|player|p2|niiiccck|101|
|teamsize|p1|6
|teamsize|p2|6
|gen|3
|tier|[Gen 3] OU
|rule|Sleep Clause Mod: Limit one foe put to sleep
|rule|Switch Priority Clause Mod: Faster Pokémon switch first
|rule|Species Clause: Limit one of each Pokémon
|rule|OHKO Clause: OHKO moves are banned
|rule|Evasion Items Clause: Evasion items are banned
|rule|Evasion Moves Clause: Evasion moves are banned
|rule|Endless Battle Clause: Forcing endless battles is banned
|rule|HP Percentage Mod: HP is shown in percentages
|rule|One Boost Passer Clause: Limit one Baton Passer that has a way to boost its stats
|rule|Freeze Clause Mod: Limit one foe frozen
|
|t:|1728957799
|start
|switch|p1a: Hariyama|Hariyama, F|100/100
|switch|p2a: Slaking|Slaking, F|100/100
|turn|1
|c|☆niiiccck|glhf
|c|☆azepto|u2 hf
|inactive|azepto has 270 seconds left.
|
|t:|1728957847
|switch|p2a: Celebi|Celebi|100/100
|switch|p1a: Metagross|Metagross|100/100
|
|upkeep
|turn|2
|
|t:|1728957871
|move|p2a: Celebi|Leech Seed|p1a: Metagross
|-start|p1a: Metagross|move: Leech Seed
|move|p1a: Metagross|Meteor Mash|p2a: Celebi
|-damage|p2a: Celebi|41/100
|
|-heal|p2a: Celebi|47/100|[from] item: Leftovers
|-damage|p1a: Metagross|88/100|[from] Leech Seed|[of] p2a: Celebi
|-heal|p2a: Celebi|57/100|[silent]
|upkeep
|turn|3
|
|t:|1728957881
|switch|p2a: Swampert|Swampert, M|100/100
|move|p1a: Metagross|Meteor Mash|p2a: Swampert
|-resisted|p2a: Swampert
|-damage|p2a: Swampert|65/100
|
|-damage|p1a: Metagross|76/100|[from] Leech Seed|[of] p2a: Swampert
|-heal|p2a: Swampert|75/100|[silent]
|-heal|p2a: Swampert|81/100|[from] item: Leftovers
|upkeep
|turn|4
|inactive|azepto has 270 seconds left.
|
|t:|1728957917
|switch|p1a: Hariyama|Hariyama, F|100/100
|move|p2a: Swampert|Surf|p1a: Hariyama
|-damage|p1a: Hariyama|78/100
|
|-heal|p2a: Swampert|87/100|[from] item: Leftovers
|-heal|p1a: Hariyama|84/100|[from] item: Leftovers
|upkeep
|turn|5
|
|t:|1728957935
|switch|p2a: Celebi|Celebi|57/100
|move|p1a: Hariyama|Knock Off|p2a: Celebi
|-supereffective|p2a: Celebi
|-damage|p2a: Celebi|53/100
|-enditem|p2a: Celebi|Leftovers|[from] move: Knock Off|[of] p1a: Hariyama
|-hint|In Gens 3-4, Knock Off only makes the target's item unusable; it cannot obtain a new item.
|
|-heal|p1a: Hariyama|90/100|[from] item: Leftovers
|upkeep
|turn|6
|inactive|azepto has 270 seconds left.
|inactive|azepto has 240 seconds left.
|
|t:|1728957989
|switch|p1a: Salamence|Salamence, F|100/100
|-ability|p1a: Salamence|Intimidate|boost
|-unboost|p2a: Celebi|atk|1
|move|p2a: Celebi|Leech Seed|p1a: Salamence
|-start|p1a: Salamence|move: Leech Seed
|
|-damage|p1a: Salamence|88/100|[from] Leech Seed|[of] p2a: Celebi
|-heal|p2a: Celebi|64/100|[silent]
|upkeep
|turn|7
|inactive|azepto has 240 seconds left.
|inactive|niiiccck has 270 seconds left.
|
|t:|1728958004
|switch|p2a: Porygon2|Porygon2, shiny|100/100
|-ability|p2a: Porygon2|Intimidate|[from] ability: Trace|[of] p1a: Salamence
|move|p1a: Salamence|Hidden Power|p2a: Porygon2
|-damage|p2a: Porygon2|67/100
|
|-heal|p1a: Salamence|94/100|[from] item: Leftovers
|-damage|p1a: Salamence|82/100|[from] Leech Seed|[of] p2a: Porygon2
|-heal|p2a: Porygon2|78/100|[silent]
|-heal|p2a: Porygon2|84/100|[from] item: Leftovers
|upkeep
|turn|8
|inactive|niiiccck has 270 seconds left.
|inactive|azepto has 240 seconds left.
|
|t:|1728958030
|switch|p1a: Hariyama|Hariyama, F|90/100
|move|p2a: Porygon2|Ice Beam|p1a: Hariyama
|-damage|p1a: Hariyama|69/100
|
|-heal|p2a: Porygon2|91/100|[from] item: Leftovers
|-heal|p1a: Hariyama|76/100|[from] item: Leftovers
|upkeep
|turn|9
|inactive|niiiccck has 270 seconds left.
|
|t:|1728958043
|switch|p2a: Swampert|Swampert, M|87/100
|switch|p1a: Metagross|Metagross|76/100
|
|-heal|p2a: Swampert|94/100|[from] item: Leftovers
|upkeep
|turn|10
|
|t:|1728958051
|switch|p1a: Swampert|Swampert, F|100/100
|move|p2a: Swampert|Surf|p1a: Swampert
|-damage|p1a: Swampert|73/100
|
|-heal|p2a: Swampert|99/100|[from] item: Leftovers
|-heal|p1a: Swampert|80/100|[from] item: Leftovers
|upkeep
|turn|11
|inactive|niiiccck has 270 seconds left.
|
|t:|1728958077
|move|p1a: Swampert|Protect|p1a: Swampert
|-singleturn|p1a: Swampert|Protect
|move|p2a: Swampert|Toxic|p1a: Swampert
|-activate|p1a: Swampert|Protect
|
|-heal|p2a: Swampert|100/100|[from] item: Leftovers
|-heal|p1a: Swampert|86/100|[from] item: Leftovers
|upkeep
|turn|12
|inactive|azepto has 240 seconds left.
|
|t:|1728958099
|switch|p1a: Snorlax|Snorlax, F|100/100
|move|p2a: Swampert|Surf|p1a: Snorlax
|-damage|p1a: Snorlax|85/100
|
|-heal|p1a: Snorlax|91/100|[from] item: Leftovers
|upkeep
|turn|13
|inactive|azepto has 240 seconds left.
|inactive|niiiccck has 270 seconds left.
|
|t:|1728958109
|switch|p2a: Celebi|Celebi|64/100
|move|p1a: Snorlax|Body Slam|p2a: Celebi
|-damage|p2a: Celebi|43/100
|-status|p2a: Celebi|par
|
|-heal|p1a: Snorlax|97/100|[from] item: Leftovers
|upkeep
|turn|14
|inactive|niiiccck has 270 seconds left.
|c|☆niiiccck|unfortunate
|inactive|azepto has 240 seconds left.
|
|t:|1728958138
|move|p1a: Snorlax|Body Slam|p2a: Celebi
|-damage|p2a: Celebi|21/100 par
|move|p2a: Celebi|Leech Seed|p1a: Snorlax
|-start|p1a: Snorlax|move: Leech Seed
|
|-heal|p1a: Snorlax|100/100|[from] item: Leftovers
|-damage|p1a: Snorlax|88/100|[from] Leech Seed|[of] p2a: Celebi
|-heal|p2a: Celebi|36/100 par|[silent]
|upkeep
|turn|15
|inactive|niiiccck has 270 seconds left.
|
|t:|1728958151
|switch|p1a: Salamence|Salamence, F|82/100
|-ability|p1a: Salamence|Intimidate|boost
|-unboost|p2a: Celebi|atk|1
|-curestatus|p2a: Celebi|par|[from] ability: Natural Cure
|switch|p2a: Slaking|Slaking, F|100/100
|
|-heal|p1a: Salamence|88/100|[from] item: Leftovers
|upkeep
|turn|16
|inactive|niiiccck has 270 seconds left.
|
|t:|1728958170
|switch|p1a: Metagross|Metagross|76/100
|move|p2a: Slaking|Double-Edge|p1a: Metagross
|-resisted|p1a: Metagross
|-damage|p1a: Metagross|28/100
|-damage|p2a: Slaking|88/100|[from] Recoil|[of] p1a: Metagross
|
|upkeep
|turn|17
|
|t:|1728958184
|switch|p2a: Swampert|Swampert, M|100/100
|move|p1a: Metagross|Explosion|p2a: Swampert
|-damage|p2a: Swampert|0 fnt
|faint|p1a: Metagross
|faint|p2a: Swampert
|
|t:|1728958191
|switch|p1a: Salamence|Salamence, F|88/100
|switch|p2a: Porygon2|Porygon2, shiny|91/100
|-ability|p1a: Salamence|Intimidate|boost
|-unboost|p2a: Porygon2|atk|1
|-ability|p2a: Porygon2|Intimidate|[from] ability: Trace|[of] p1a: Salamence
|
|-heal|p1a: Salamence|94/100|[from] item: Leftovers
|-heal|p2a: Porygon2|97/100|[from] item: Leftovers
|upkeep
|turn|18
|
|t:|1728958211
|switch|p1a: Snorlax|Snorlax, F|88/100
|move|p2a: Porygon2|Ice Beam|p1a: Snorlax
|-damage|p1a: Snorlax|73/100
|
|-heal|p2a: Porygon2|100/100|[from] item: Leftovers
|-heal|p1a: Snorlax|79/100|[from] item: Leftovers
|upkeep
|turn|19
|
|t:|1728958218
|move|p2a: Porygon2|Thunder Wave|p1a: Snorlax
|-status|p1a: Snorlax|par
|cant|p1a: Snorlax|par
|
|-heal|p1a: Snorlax|86/100 par|[from] item: Leftovers
|upkeep
|turn|20
|
|t:|1728958225
|switch|p2a: Slaking|Slaking, F|88/100
|move|p1a: Snorlax|Body Slam|p2a: Slaking
|-damage|p2a: Slaking|65/100
|
|-heal|p1a: Snorlax|92/100 par|[from] item: Leftovers
|upkeep
|turn|21
|inactive|azepto has 240 seconds left.
|
|t:|1728958250
|move|p2a: Slaking|Double-Edge|p1a: Snorlax
|-damage|p1a: Snorlax|5/100 par
|-damage|p2a: Slaking|33/100|[from] Recoil|[of] p1a: Snorlax
|move|p1a: Snorlax|Body Slam|p2a: Slaking
|-damage|p2a: Slaking|8/100
|
|-heal|p1a: Snorlax|11/100 par|[from] item: Leftovers
|upkeep
|turn|22
|
|t:|1728958260
|switch|p2a: Celebi|Celebi|36/100
|move|p1a: Snorlax|Body Slam|p2a: Celebi
|-damage|p2a: Celebi|16/100
|
|-heal|p1a: Snorlax|17/100 par|[from] item: Leftovers
|upkeep
|turn|23
|
|t:|1728958284
|move|p2a: Celebi|Psychic|p1a: Snorlax
|-crit|p1a: Snorlax
|-damage|p1a: Snorlax|0 fnt
|faint|p1a: Snorlax
|inactive|azepto has 210 seconds left.
|
|t:|1728958316
|switch|p1a: Salamence|Salamence, F|94/100
|-ability|p1a: Salamence|Intimidate|boost
|-unboost|p2a: Celebi|atk|1
|
|-heal|p1a: Salamence|100/100|[from] item: Leftovers
|upkeep
|turn|24
|
|t:|1728958325
|move|p1a: Salamence|Hidden Power|p2a: Celebi
|-supereffective|p2a: Celebi
|-damage|p2a: Celebi|0 fnt
|faint|p2a: Celebi
|
|t:|1728958342
|switch|p2a: Porygon2|Porygon2, shiny|100/100
|-ability|p2a: Porygon2|Intimidate|[from] ability: Trace|[of] p1a: Salamence
|
|upkeep
|turn|25
|inactive|azepto has 210 seconds left.
|
|t:|1728958348
|switch|p1a: Hariyama|Hariyama, F|76/100
|move|p2a: Porygon2|Ice Beam|p1a: Hariyama
|-damage|p1a: Hariyama|54/100
|
|-heal|p1a: Hariyama|60/100|[from] item: Leftovers
|upkeep
|turn|26
|inactive|azepto has 210 seconds left.
|
|t:|1728958362
|move|p2a: Porygon2|Ice Beam|p1a: Hariyama
|-damage|p1a: Hariyama|38/100
|move|p1a: Hariyama|Bulk Up|p1a: Hariyama
|-boost|p1a: Hariyama|atk|1
|-boost|p1a: Hariyama|def|1
|
|-heal|p1a: Hariyama|44/100|[from] item: Leftovers
|upkeep
|turn|27
|
|t:|1728958376
|move|p2a: Porygon2|Ice Beam|p1a: Hariyama
|-damage|p1a: Hariyama|22/100
|move|p1a: Hariyama|Brick Break|p2a: Porygon2
|-supereffective|p2a: Porygon2
|-damage|p2a: Porygon2|18/100
|
|-heal|p2a: Porygon2|25/100|[from] item: Leftovers
|-heal|p1a: Hariyama|28/100|[from] item: Leftovers
|upkeep
|turn|28
|
|t:|1728958385
|move|p2a: Porygon2|Ice Beam|p1a: Hariyama
|-damage|p1a: Hariyama|6/100
|move|p1a: Hariyama|Brick Break|p2a: Porygon2
|-supereffective|p2a: Porygon2
|-damage|p2a: Porygon2|0 fnt
|faint|p2a: Porygon2
|
|t:|1728958392
|switch|p2a: Aerodactyl|Aerodactyl, F, shiny|100/100
|
|-heal|p1a: Hariyama|12/100|[from] item: Leftovers
|upkeep
|turn|29
|
|t:|1728958401
|move|p2a: Aerodactyl|Rock Slide|p1a: Hariyama
|-resisted|p1a: Hariyama
|-crit|p1a: Hariyama
|-damage|p1a: Hariyama|0 fnt
|faint|p1a: Hariyama
|inactive|azepto has 240 seconds left.
|
|t:|1728958431
|switch|p1a: Swampert|Swampert, F|86/100
|
|-heal|p1a: Swampert|92/100|[from] item: Leftovers
|upkeep
|turn|30
|
|t:|1728958440
|switch|p2a: Jolteon|Jolteon, F|100/100
|move|p1a: Swampert|Surf|p2a: Jolteon
|-damage|p2a: Jolteon|63/100
|
|-heal|p2a: Jolteon|69/100|[from] item: Leftovers
|-heal|p1a: Swampert|98/100|[from] item: Leftovers
|upkeep
|turn|31
|
|t:|1728958461
|switch|p1a: Blissey|Blissey, F|100/100
|move|p2a: Jolteon|Roar|p1a: Blissey
|drag|p1a: Salamence|Salamence, F|100/100
|-ability|p1a: Salamence|Intimidate|boost
|-unboost|p2a: Jolteon|atk|1
|
|-heal|p2a: Jolteon|76/100|[from] item: Leftovers
|upkeep
|turn|32
|
|t:|1728958469
|switch|p1a: Blissey|Blissey, F|100/100
|move|p2a: Jolteon|Hidden Power|p1a: Blissey
|-damage|p1a: Blissey|93/100
|
|-heal|p2a: Jolteon|82/100|[from] item: Leftovers
|-heal|p1a: Blissey|99/100|[from] item: Leftovers
|upkeep
|turn|33
|
|t:|1728958476
|move|p2a: Jolteon|Wish|p2a: Jolteon
|move|p1a: Blissey|Seismic Toss|p2a: Jolteon
|-damage|p2a: Jolteon|47/100
|
|-heal|p2a: Jolteon|54/100|[from] item: Leftovers
|-heal|p1a: Blissey|100/100|[from] item: Leftovers
|upkeep
|turn|34
|
|t:|1728958485
|move|p2a: Jolteon|Thunderbolt|p1a: Blissey
|-damage|p1a: Blissey|86/100
|move|p1a: Blissey|Seismic Toss|p2a: Jolteon
|-damage|p2a: Jolteon|19/100
|
|-heal|p2a: Jolteon|69/100|[from] move: Wish|[wisher] Jolteon
|-heal|p2a: Jolteon|75/100|[from] item: Leftovers
|-heal|p1a: Blissey|92/100|[from] item: Leftovers
|upkeep
|turn|35
|
|t:|1728958512
|move|p2a: Jolteon|Thunderbolt|p1a: Blissey
|-damage|p1a: Blissey|77/100
|move|p1a: Blissey|Toxic|p2a: Jolteon
|-status|p2a: Jolteon|tox
|
|-heal|p2a: Jolteon|82/100 tox|[from] item: Leftovers
|-damage|p2a: Jolteon|75/100 tox|[from] psn
|-heal|p1a: Blissey|83/100|[from] item: Leftovers
|upkeep
|turn|36
|
|t:|1728958522
|switch|p2a: Aerodactyl|Aerodactyl, F, shiny|100/100
|move|p1a: Blissey|Seismic Toss|p2a: Aerodactyl
|-damage|p2a: Aerodactyl|67/100
|
|-heal|p1a: Blissey|90/100|[from] item: Leftovers
|upkeep
|turn|37
|inactive|niiiccck has 270 seconds left.
|
|t:|1728958543
|switch|p1a: Swampert|Swampert, F|98/100
|move|p2a: Aerodactyl|Rock Slide|p1a: Swampert
|-resisted|p1a: Swampert
|-damage|p1a: Swampert|81/100
|
|-heal|p1a: Swampert|88/100|[from] item: Leftovers
|upkeep
|turn|38
|
|t:|1728958552
|switch|p2a: Jolteon|Jolteon, F|75/100 tox
|move|p1a: Swampert|Surf|p2a: Jolteon
|-damage|p2a: Jolteon|43/100 tox
|
|-heal|p2a: Jolteon|49/100 tox|[from] item: Leftovers
|-damage|p2a: Jolteon|43/100 tox|[from] psn
|-heal|p1a: Swampert|94/100|[from] item: Leftovers
|upkeep
|turn|39
|inactive|azepto has 270 seconds left.
|
|t:|1728958564
|switch|p1a: Blissey|Blissey, F|90/100
|move|p2a: Jolteon|Wish|p2a: Jolteon
|
|-heal|p2a: Jolteon|49/100 tox|[from] item: Leftovers
|-damage|p2a: Jolteon|36/100 tox|[from] psn
|-heal|p1a: Blissey|96/100|[from] item: Leftovers
|upkeep
|turn|40
|
|t:|1728958573
|move|p2a: Jolteon|Wish||[still]
|-fail|p2a: Jolteon
|move|p1a: Blissey|Toxic|p2a: Jolteon
|-fail|p2a: Jolteon|tox
|
|-heal|p2a: Jolteon|86/100 tox|[from] move: Wish|[wisher] Jolteon
|-heal|p2a: Jolteon|93/100 tox|[from] item: Leftovers
|-damage|p2a: Jolteon|74/100 tox|[from] psn
|-heal|p1a: Blissey|100/100|[from] item: Leftovers
|upkeep
|turn|41
|
|t:|1728958582
|move|p2a: Jolteon|Wish|p2a: Jolteon
|move|p1a: Blissey|Seismic Toss|p2a: Jolteon
|-damage|p2a: Jolteon|39/100 tox
|
|-heal|p2a: Jolteon|46/100 tox|[from] item: Leftovers
|-damage|p2a: Jolteon|21/100 tox|[from] psn
|upkeep
|turn|42
|
|t:|1728958590
|move|p1a: Blissey|Seismic Toss|p2a: Jolteon
|-damage|p2a: Jolteon|0 fnt
|faint|p2a: Jolteon
|
|t:|1728958594
|switch|p2a: Slaking|Slaking, F|8/100
|
|-heal|p2a: Slaking|58/100|[from] move: Wish|[wisher] Jolteon
|upkeep
|turn|43
|
|t:|1728958620
|move|p2a: Slaking|Double-Edge|p1a: Blissey
|-damage|p1a: Blissey|0 fnt
|-damage|p2a: Slaking|4/100|[from] Recoil|[of] p1a: Blissey
|faint|p1a: Blissey
|inactive|azepto has 270 seconds left.
|
|t:|1728958631
|switch|p1a: Salamence|Salamence, F|100/100
|-ability|p1a: Salamence|Intimidate|boost
|-unboost|p2a: Slaking|atk|1
|
|upkeep
|turn|44
|
|t:|1728958636
|switch|p2a: Aerodactyl|Aerodactyl, F, shiny|67/100
|move|p1a: Salamence|Dragon Dance|p1a: Salamence
|-boost|p1a: Salamence|atk|1
|-boost|p1a: Salamence|spe|1
|
|upkeep
|turn|45
|
|t:|1728958644
|move|p1a: Salamence|Rock Slide|p2a: Aerodactyl
|-supereffective|p2a: Aerodactyl
|-damage|p2a: Aerodactyl|0 fnt
|faint|p2a: Aerodactyl
|
|t:|1728958648
|switch|p2a: Slaking|Slaking, F|4/100
|
|upkeep
|turn|46
|
|t:|1728958652
|move|p1a: Salamence|Hidden Power|p2a: Slaking
|-damage|p2a: Slaking|0 fnt
|faint|p2a: Slaking
|
|win|azepto
|c|☆azepto|gg
|c|☆niiiccck|gg
|player|p2|

</script>
<script type="application/json" class="data" id="replaydata-smogtours-gen3ou-798874">
{"id":"smogtours-gen3ou-798874","format":"[Gen 3] OU","players":["azepto","niiiccck"],"uploadtime":1728958652,"views":80,"formatid":"gen3ou","rating":null,"private":0,"password":null}
</script>

<script defer src="js/replays.js?9d40a366"></script>
