<!DOCTYPE html>
<meta charset="utf-8" />
<meta name="viewport" content="width=device-width" />

<title>[Gen 3] OU: SANKE CARP vs. SBMalus - Replays - Pok&eacute;mon Showdown!</title>

<meta name="description" content="Watch a replay of a Pok&eacute;mon battle between SANKE CARP and SBMalus! Format: [Gen 3] OU; Date: Oct 16, 2024" />
<!--

Hey, you! Looking in the source for the replay log?

You can find them in JSON format, just add `.json` at the end of a replay URL.

https://replay.pokemonshowdown.com/gen7randomdoublesbattle-865046831.json

Or, if you only need the log itself, add `.log` instead:

https://replay.pokemonshowdown.com/gen7randomdoublesbattle-865046831.log

-->

<link rel="stylesheet" href="//pokemonshowdown.com/style/global.css?0.023195364461161105" />
<link rel="stylesheet" href="//play.pokemonshowdown.com/style/font-awesome.css?0.13261647063804238" />
<link rel="stylesheet" href="//play.pokemonshowdown.com/style/battle.css?0.8753245789963631" />
<link rel="stylesheet" href="//play.pokemonshowdown.com/style/utilichart.css?0.8627959624976733" />

<!-- Global site tag (gtag.js) - Google Analytics -->
<script async src="https://www.googletagmanager.com/gtag/js?id=UA-26211653-1"></script>
<script>
  window.dataLayer = window.dataLayer || [];
  function gtag(){dataLayer.push(arguments);}
  gtag('js', new Date());

  gtag('config', 'UA-26211653-1');
</script>
<!-- End Google Analytics -->
<!-- Venatus Ad Manager - Install in <HEAD> of page -->
	<script src="https://hb.vntsm.com/v3/live/ad-manager.min.js" type="text/javascript" data-site-id="642aba63ec9a7b11c3c9c1be" data-mode="scan" async></script>
<!-- / Venatus Ad Manager -->

<style>
	@media (max-width:820px) {
		.battle {
			margin: 0 auto;
		}
		.battle-log {
			margin: 7px auto 0;
			max-width: 640px;
			height: 300px;
			position: static;
		}
	}
	.optgroup {
		display: inline-block;
		line-height: 22px;
		font-size: 10pt;
	}
	.optgroup .button {
		height: 25px;
		padding-top: 0;
		padding-bottom: 0;
	}
	.optgroup button.button {
		padding-left: 12px;
		padding-right: 12px;
	}
	.linklist {
		list-style: none;
		margin: 0.5em 0;
		padding: 0;
	}
	.linklist li {
		padding: 2px 0;
	}
	.sidebar {
		float: left;
		width: 320px;
	}
	.bar-wrapper {
		max-width: 1100px;
		margin: 0 auto;
	}
	.bar-wrapper.has-sidebar {
		max-width: 1430px;
	}
	.mainbar {
		margin: 0;
		padding-right: 1px;
	}
	.mainbar.has-sidebar {
		margin-left: 330px;
	}
	@media (min-width: 1511px) {
		.sidebar {
			width: 400px;
		}
		.bar-wrapper.has-sidebar {
			max-width: 1510px;
		}
		.mainbar.has-sidebar {
			margin-left: 410px;
		}
	}
	.section.first-section {
		margin-top: 9px;
	}
	.blocklink small {
		white-space: normal;
	}
	.button {
		vertical-align: middle;
	}
	.replay-controls {
		padding-top: 10px;
	}
	.replay-controls h1 {
		font-size: 16pt;
		font-weight: normal;
		color: #CCC;
	}
	.pagelink {
		text-align: center;
	}
	.pagelink a {
		width: 150px;
	}
	.textbox, .button {
		font-size: 11pt;
		vertical-align: middle;
	}
	@media (max-width: 450px) {
		.button {
			font-size: 9pt;
		}
	}
</style>

<div>

	<header>
		<div class="nav-wrapper"><ul class="nav">
			<li><a class="button nav-first" href="//pokemonshowdown.com/"><img src="//pokemonshowdown.com/images/pokemonshowdownbeta.png" srcset="//pokemonshowdown.com/images/pokemonshowdownbeta.png 1x, //pokemonshowdown.com/images/pokemonshowdownbeta@2x.png 2x" alt="Pok&eacute;mon Showdown" width="146" height="44" /> Home</a></li>
			<li><a class="button" href="//pokemonshowdown.com/dex/">Pok&eacute;dex</a></li>
			<li><a class="button cur" href="/">Replays</a></li>
			<li><a class="button" href="//pokemonshowdown.com/ladder/">Ladder</a></li>
			<li><a class="button nav-last" href="//pokemonshowdown.com/forums/">Forum</a></li>
			<li><a class="button greenbutton nav-first nav-last" href="//play.pokemonshowdown.com/">Play</a></li>
		</ul></div>
	</header>

	<div class="main" id="main">

		<noscript><section class="section">You need to enable JavaScript to use this page; sorry!</section></noscript>

	</div>

</div>

<script defer nomodule src="//play.pokemonshowdown.com/js/lib/ps-polyfill.js"></script>
<script defer src="//play.pokemonshowdown.com/js/lib/preact.min.js"></script>

<script defer src="//play.pokemonshowdown.com/config/config.js?2bddbc15"></script>
<script defer src="//play.pokemonshowdown.com/js/lib/jquery-1.11.0.min.js"></script>
<script defer src="//play.pokemonshowdown.com/js/lib/html-sanitizer-minified.js"></script>
<script defer src="//play.pokemonshowdown.com/js/battle-sound.js"></script>
<script defer src="//play.pokemonshowdown.com/js/battledata.js?0.7209276989879541"></script>
<script defer src="//play.pokemonshowdown.com/data/pokedex-mini.js?0.6111056340867951"></script>
<script defer src="//play.pokemonshowdown.com/data/pokedex-mini-bw.js?0.3532142036491459"></script>
<script defer src="//play.pokemonshowdown.com/data/graphics.js?0.24223875632456182"></script>
<script defer src="//play.pokemonshowdown.com/data/pokedex.js?0.38839984266356864"></script>
<script defer src="//play.pokemonshowdown.com/data/moves.js?0.21866028504024015"></script>
<script defer src="//play.pokemonshowdown.com/data/abilities.js?0.2005157953846628"></script>
<script defer src="//play.pokemonshowdown.com/data/items.js?0.9894211263848525"></script>
<script defer src="//play.pokemonshowdown.com/data/teambuilder-tables.js?0.6008791140282215"></script>
<script defer src="//play.pokemonshowdown.com/js/battle-tooltips.js?0.7580118955022959"></script>
<script defer src="//play.pokemonshowdown.com/js/battle.js?0.6057722274234274"></script>

<script defer src="js/utils.js?e31f9a17"></script>
<script defer src="js/replays-battle.js?7008c182"></script>

<!-- don't scrape this data! just add .json or .log after the URL!
Full API docs: https://github.com/smogon/pokemon-showdown-client/blob/master/WEB-API.md -->
<script type="text/plain" class="log" id="replaylog-smogtours-gen3ou-799132">
|inactive|Battle timer is ON: inactive players will automatically lose when time's up.
|t:|1729103663
|gametype|singles
|player|p1|SANKE CARP|officer-gen2|
|player|p2|SBMalus|chuck|
|teamsize|p1|6
|teamsize|p2|6
|gen|3
|tier|[Gen 3] OU
|rule|Sleep Clause Mod: Limit one foe put to sleep
|rule|Switch Priority Clause Mod: Faster Pokémon switch first
|rule|Species Clause: Limit one of each Pokémon
|rule|OHKO Clause: OHKO moves are banned
|rule|Evasion Items Clause: Evasion items are banned
|rule|Evasion Moves Clause: Evasion moves are banned
|rule|Endless Battle Clause: Forcing endless battles is banned
|rule|HP Percentage Mod: HP is shown in percentages
|rule|One Boost Passer Clause: Limit one Baton Passer that has a way to boost its stats
|rule|Freeze Clause Mod: Limit one foe frozen
|
|t:|1729103663
|start
|switch|p1a: Tyranitar|Tyranitar, M|100/100
|switch|p2a: Medicham|Medicham, M|100/100
|-weather|Sandstorm|[from] ability: Sand Stream|[of] p1a: Tyranitar
|turn|1
|
|t:|1729103681
|-singleturn|p2a: Medicham|move: Focus Punch
|switch|p1a: Salamence|Salamence, F|100/100
|-ability|p1a: Salamence|Intimidate|boost
|-unboost|p2a: Medicham|atk|1
|move|p2a: Medicham|Focus Punch|p1a: Salamence
|-resisted|p1a: Salamence
|-damage|p1a: Salamence|62/100
|
|-weather|Sandstorm|[upkeep]
|-damage|p1a: Salamence|55/100|[from] Sandstorm
|-damage|p2a: Medicham|94/100|[from] Sandstorm
|-heal|p1a: Salamence|62/100|[from] item: Leftovers
|-heal|p2a: Medicham|100/100|[from] item: Leftovers
|upkeep
|turn|2
|
|t:|1729103694
|switch|p1a: Jirachi|Jirachi|100/100
|switch|p2a: Milotic|Milotic, F|100/100
|
|-weather|Sandstorm|[upkeep]
|-damage|p2a: Milotic|94/100|[from] Sandstorm
|-heal|p2a: Milotic|100/100|[from] item: Leftovers
|upkeep
|turn|3
|
|t:|1729103708
|switch|p2a: Houndoom|Houndoom, M|100/100
|move|p1a: Jirachi|Wish|p1a: Jirachi
|
|-weather|Sandstorm|[upkeep]
|-damage|p2a: Houndoom|94/100|[from] Sandstorm
|-heal|p2a: Houndoom|100/100|[from] item: Leftovers
|upkeep
|turn|4
|
|t:|1729103725
|switch|p1a: Blissey|Blissey, F|100/100
|move|p2a: Houndoom|Will-O-Wisp|p1a: Blissey
|-status|p1a: Blissey|brn
|
|-weather|Sandstorm|[upkeep]
|-damage|p2a: Houndoom|94/100|[from] Sandstorm
|-damage|p1a: Blissey|94/100 brn|[from] Sandstorm
|-heal|p2a: Houndoom|100/100|[from] item: Leftovers
|-heal|p1a: Blissey|100/100 brn|[from] item: Leftovers
|-damage|p1a: Blissey|88/100 brn|[from] brn
|upkeep
|turn|5
|
|t:|1729103750
|switch|p2a: Forretress|Forretress, M|100/100
|-curestatus|p1a: Blissey|brn|[from] ability: Natural Cure
|switch|p1a: Swampert|Swampert, F|100/100
|
|-weather|Sandstorm|[upkeep]
|upkeep
|turn|6
|inactive|SANKE CARP has 270 seconds left.
|
|t:|1729103781
|switch|p1a: Forretress|Forretress, M|100/100
|move|p2a: Forretress|Spikes|p1a: Forretress
|-sidestart|p1: SANKE CARP|Spikes
|
|-weather|Sandstorm|[upkeep]
|upkeep
|turn|7
|
|t:|1729103790
|switch|p2a: Houndoom|Houndoom, M|100/100
|move|p1a: Forretress|Spikes|p2a: Houndoom
|-sidestart|p2: SBMalus|Spikes
|
|-weather|Sandstorm|[upkeep]
|-damage|p2a: Houndoom|94/100|[from] Sandstorm
|-heal|p2a: Houndoom|100/100|[from] item: Leftovers
|upkeep
|turn|8
|inactive|SANKE CARP has 270 seconds left.
|
|t:|1729103814
|move|p2a: Houndoom|Will-O-Wisp|p1a: Forretress
|-status|p1a: Forretress|brn
|move|p1a: Forretress|Spikes|p2a: Houndoom
|-sidestart|p2: SBMalus|Spikes
|
|-weather|Sandstorm|[upkeep]
|-damage|p2a: Houndoom|94/100|[from] Sandstorm
|-heal|p2a: Houndoom|100/100|[from] item: Leftovers
|-damage|p1a: Forretress|88/100 brn|[from] brn
|upkeep
|turn|9
|
|t:|1729103826
|switch|p2a: Forretress|Forretress, M|100/100
|-damage|p2a: Forretress|84/100|[from] Spikes
|switch|p1a: Blissey|Blissey, F|88/100
|-damage|p1a: Blissey|76/100|[from] Spikes
|
|-weather|Sandstorm|[upkeep]
|-damage|p1a: Blissey|69/100|[from] Sandstorm
|-heal|p1a: Blissey|76/100|[from] item: Leftovers
|-heal|p2a: Forretress|90/100|[from] item: Leftovers
|upkeep
|turn|10
|
|t:|1729103837
|move|p1a: Blissey|Seismic Toss|p2a: Forretress
|-damage|p2a: Forretress|62/100
|move|p2a: Forretress|Rapid Spin|p1a: Blissey
|-damage|p1a: Blissey|72/100
|-sideend|p2: SBMalus|Spikes|[from] move: Rapid Spin|[of] p2a: Forretress
|
|-weather|Sandstorm|[upkeep]
|-damage|p1a: Blissey|66/100|[from] Sandstorm
|-heal|p1a: Blissey|72/100|[from] item: Leftovers
|-heal|p2a: Forretress|68/100|[from] item: Leftovers
|upkeep
|turn|11
|
|t:|1729103848
|switch|p1a: Forretress|Forretress, M|88/100 brn
|-damage|p1a: Forretress|76/100 brn|[from] Spikes
|move|p2a: Forretress|Spikes|p1a: Forretress
|-sidestart|p1: SANKE CARP|Spikes
|
|-weather|Sandstorm|[upkeep]
|-heal|p1a: Forretress|82/100 brn|[from] item: Leftovers
|-damage|p1a: Forretress|69/100 brn|[from] brn
|-heal|p2a: Forretress|74/100|[from] item: Leftovers
|upkeep
|turn|12
|
|t:|1729103856
|move|p1a: Forretress|Rapid Spin|p2a: Forretress
|-resisted|p2a: Forretress
|-damage|p2a: Forretress|74/100
|-sideend|p1: SANKE CARP|Spikes|[from] move: Rapid Spin|[of] p1a: Forretress
|move|p2a: Forretress|Spikes|p1a: Forretress
|-sidestart|p1: SANKE CARP|Spikes
|
|-weather|Sandstorm|[upkeep]
|-heal|p1a: Forretress|76/100 brn|[from] item: Leftovers
|-damage|p1a: Forretress|63/100 brn|[from] brn
|-heal|p2a: Forretress|80/100|[from] item: Leftovers
|upkeep
|turn|13
|inactive|SANKE CARP has 270 seconds left.
|
|t:|1729103883
|switch|p1a: Jirachi|Jirachi|100/100
|-damage|p1a: Jirachi|88/100|[from] Spikes
|move|p2a: Forretress|Spikes|p1a: Jirachi
|-sidestart|p1: SANKE CARP|Spikes
|
|-weather|Sandstorm|[upkeep]
|-heal|p1a: Jirachi|94/100|[from] item: Leftovers
|-heal|p2a: Forretress|86/100|[from] item: Leftovers
|upkeep
|turn|14
|
|t:|1729103891
|switch|p2a: Milotic|Milotic, F|100/100
|move|p1a: Jirachi|Body Slam|p2a: Milotic
|-damage|p2a: Milotic|86/100
|
|-weather|Sandstorm|[upkeep]
|-damage|p2a: Milotic|80/100|[from] Sandstorm
|-heal|p1a: Jirachi|100/100|[from] item: Leftovers
|-heal|p2a: Milotic|86/100|[from] item: Leftovers
|upkeep
|turn|15
|
|t:|1729103906
|switch|p2a: Houndoom|Houndoom, M|100/100
|move|p1a: Jirachi|Body Slam|p2a: Houndoom
|-crit|p2a: Houndoom
|-damage|p2a: Houndoom|29/100
|-status|p2a: Houndoom|par
|
|-weather|Sandstorm|[upkeep]
|-damage|p2a: Houndoom|23/100 par|[from] Sandstorm
|-heal|p2a: Houndoom|29/100 par|[from] item: Leftovers
|upkeep
|turn|16
|inactive|SANKE CARP has 270 seconds left.
|
|t:|1729103914
|move|p1a: Jirachi|Body Slam|p2a: Houndoom
|-damage|p2a: Houndoom|0 fnt
|faint|p2a: Houndoom
|
|t:|1729103918
|switch|p2a: Salamence|Salamence, M|100/100
|-ability|p2a: Salamence|Intimidate|boost
|-unboost|p1a: Jirachi|atk|1
|
|-weather|Sandstorm|[upkeep]
|-damage|p2a: Salamence|94/100|[from] Sandstorm
|-heal|p2a: Salamence|100/100|[from] item: Leftovers
|upkeep
|turn|17
|inactive|SANKE CARP has 270 seconds left.
|
|t:|1729103947
|switch|p2a: Milotic|Milotic, F|86/100
|move|p1a: Jirachi|Body Slam|p2a: Milotic
|-damage|p2a: Milotic|76/100
|-status|p2a: Milotic|par
|
|-weather|Sandstorm|[upkeep]
|-damage|p2a: Milotic|70/100 par|[from] Sandstorm
|-heal|p2a: Milotic|76/100 par|[from] item: Leftovers
|upkeep
|turn|18
|inactive|SANKE CARP has 240 seconds left.
|
|t:|1729103977
|switch|p1a: Forretress|Forretress, M|63/100 brn
|-damage|p1a: Forretress|47/100 brn|[from] Spikes
|switch|p2a: Medicham|Medicham, M|100/100
|
|-weather|Sandstorm|[upkeep]
|-damage|p2a: Medicham|94/100|[from] Sandstorm
|-heal|p2a: Medicham|100/100|[from] item: Leftovers
|-heal|p1a: Forretress|53/100 brn|[from] item: Leftovers
|-damage|p1a: Forretress|40/100 brn|[from] brn
|upkeep
|turn|19
|
|t:|1729103987
|move|p2a: Medicham|Brick Break|p1a: Forretress
|-damage|p1a: Forretress|7/100 brn
|move|p1a: Forretress|Rapid Spin|p2a: Medicham
|-damage|p2a: Medicham|97/100
|-sideend|p1: SANKE CARP|Spikes|[from] move: Rapid Spin|[of] p1a: Forretress
|
|-weather|Sandstorm|[upkeep]
|-damage|p2a: Medicham|91/100|[from] Sandstorm
|-heal|p2a: Medicham|97/100|[from] item: Leftovers
|-heal|p1a: Forretress|13/100 brn|[from] item: Leftovers
|-damage|p1a: Forretress|1/100 brn|[from] brn
|upkeep
|turn|20
|
|t:|1729103994
|move|p2a: Medicham|Brick Break|p1a: Forretress
|-damage|p1a: Forretress|0 fnt
|faint|p1a: Forretress
|
|t:|1729103997
|switch|p1a: Salamence|Salamence, F|62/100
|-ability|p1a: Salamence|Intimidate|boost
|-unboost|p2a: Medicham|atk|1
|
|-weather|Sandstorm|[upkeep]
|-damage|p1a: Salamence|55/100|[from] Sandstorm
|-damage|p2a: Medicham|91/100|[from] Sandstorm
|-heal|p1a: Salamence|62/100|[from] item: Leftovers
|-heal|p2a: Medicham|97/100|[from] item: Leftovers
|upkeep
|turn|21
|
|t:|1729104007
|switch|p2a: Milotic|Milotic, F|76/100 par
|move|p1a: Salamence|Dragon Claw|p2a: Milotic
|-damage|p2a: Milotic|47/100 par
|
|-weather|Sandstorm|[upkeep]
|-damage|p1a: Salamence|55/100|[from] Sandstorm
|-damage|p2a: Milotic|41/100 par|[from] Sandstorm
|-heal|p1a: Salamence|62/100|[from] item: Leftovers
|-heal|p2a: Milotic|47/100 par|[from] item: Leftovers
|upkeep
|turn|22
|
|t:|1729104025
|move|p1a: Salamence|Dragon Claw|p2a: Milotic
|-damage|p2a: Milotic|20/100 par
|move|p2a: Milotic|Recover|p2a: Milotic
|-heal|p2a: Milotic|70/100 par
|
|-weather|Sandstorm|[upkeep]
|-damage|p1a: Salamence|55/100|[from] Sandstorm
|-damage|p2a: Milotic|63/100 par|[from] Sandstorm
|-heal|p1a: Salamence|62/100|[from] item: Leftovers
|-heal|p2a: Milotic|70/100 par|[from] item: Leftovers
|upkeep
|turn|23
|inactive|SANKE CARP has 270 seconds left.
|
|t:|1729104041
|switch|p1a: Jirachi|Jirachi|100/100
|move|p2a: Milotic|Toxic|p1a: Jirachi
|-immune|p1a: Jirachi
|
|-weather|Sandstorm|[upkeep]
|-damage|p2a: Milotic|63/100 par|[from] Sandstorm
|-heal|p2a: Milotic|70/100 par|[from] item: Leftovers
|upkeep
|turn|24
|
|t:|1729104048
|move|p1a: Jirachi|Body Slam|p2a: Milotic
|-damage|p2a: Milotic|60/100 par
|move|p2a: Milotic|Recover|p2a: Milotic
|-heal|p2a: Milotic|100/100 par
|
|-weather|Sandstorm|[upkeep]
|-damage|p2a: Milotic|94/100 par|[from] Sandstorm
|-heal|p2a: Milotic|100/100 par|[from] item: Leftovers
|upkeep
|turn|25
|
|t:|1729104052
|switch|p2a: Forretress|Forretress, M|86/100
|move|p1a: Jirachi|Body Slam|p2a: Forretress
|-resisted|p2a: Forretress
|-damage|p2a: Forretress|79/100
|-status|p2a: Forretress|par
|
|-weather|Sandstorm|[upkeep]
|-heal|p2a: Forretress|85/100 par|[from] item: Leftovers
|upkeep
|turn|26
|
|t:|1729104056
|move|p1a: Jirachi|Fire Punch|p2a: Forretress
|-supereffective|p2a: Forretress
|-damage|p2a: Forretress|17/100 par
|move|p2a: Forretress|Spikes|p1a: Jirachi
|-sidestart|p1: SANKE CARP|Spikes
|
|-weather|Sandstorm|[upkeep]
|-heal|p2a: Forretress|23/100 par|[from] item: Leftovers
|upkeep
|turn|27
|
|t:|1729104062
|switch|p2a: Milotic|Milotic, F|100/100 par
|move|p1a: Jirachi|Fire Punch|p2a: Milotic
|-resisted|p2a: Milotic
|-damage|p2a: Milotic|94/100 par
|
|-weather|Sandstorm|[upkeep]
|-damage|p2a: Milotic|88/100 par|[from] Sandstorm
|-heal|p2a: Milotic|94/100 par|[from] item: Leftovers
|upkeep
|turn|28
|
|t:|1729104067
|move|p1a: Jirachi|Wish|p1a: Jirachi
|move|p2a: Milotic|Surf|p1a: Jirachi
|-damage|p1a: Jirachi|77/100
|
|-weather|Sandstorm|[upkeep]
|-damage|p2a: Milotic|88/100 par|[from] Sandstorm
|-heal|p1a: Jirachi|83/100|[from] item: Leftovers
|-heal|p2a: Milotic|94/100 par|[from] item: Leftovers
|upkeep
|turn|29
|
|t:|1729104081
|switch|p1a: Blissey|Blissey, F|72/100
|-damage|p1a: Blissey|59/100|[from] Spikes
|cant|p2a: Milotic|par
|
|-heal|p1a: Blissey|100/100|[from] move: Wish|[wisher] Jirachi
|-weather|Sandstorm|[upkeep]
|-damage|p1a: Blissey|94/100|[from] Sandstorm
|-damage|p2a: Milotic|88/100 par|[from] Sandstorm
|-heal|p1a: Blissey|100/100|[from] item: Leftovers
|-heal|p2a: Milotic|94/100 par|[from] item: Leftovers
|upkeep
|turn|30
|
|t:|1729104092
|switch|p1a: Jirachi|Jirachi|83/100
|-damage|p1a: Jirachi|71/100|[from] Spikes
|move|p2a: Milotic|Refresh|p2a: Milotic
|-curestatus|p2a: Milotic|par|[msg]
|
|-weather|Sandstorm|[upkeep]
|-damage|p2a: Milotic|88/100|[from] Sandstorm
|-heal|p1a: Jirachi|77/100|[from] item: Leftovers
|-heal|p2a: Milotic|94/100|[from] item: Leftovers
|upkeep
|turn|31
|
|t:|1729104102
|move|p1a: Jirachi|Body Slam|p2a: Milotic
|-damage|p2a: Milotic|81/100
|-status|p2a: Milotic|par
|cant|p2a: Milotic|par
|
|-weather|Sandstorm|[upkeep]
|-damage|p2a: Milotic|75/100 par|[from] Sandstorm
|-heal|p1a: Jirachi|83/100|[from] item: Leftovers
|-heal|p2a: Milotic|81/100 par|[from] item: Leftovers
|upkeep
|turn|32
|
|t:|1729104117
|switch|p1a: Blissey|Blissey, F|100/100
|-damage|p1a: Blissey|88/100|[from] Spikes
|switch|p2a: Forretress|Forretress, M|23/100 par
|
|-weather|Sandstorm|[upkeep]
|-damage|p1a: Blissey|82/100|[from] Sandstorm
|-heal|p1a: Blissey|88/100|[from] item: Leftovers
|-heal|p2a: Forretress|29/100 par|[from] item: Leftovers
|upkeep
|turn|33
|
|t:|1729104123
|move|p1a: Blissey|Seismic Toss|p2a: Forretress
|-damage|p2a: Forretress|1/100 par
|move|p2a: Forretress|Spikes|p1a: Blissey
|-sidestart|p1: SANKE CARP|Spikes
|
|-weather|Sandstorm|[upkeep]
|-damage|p1a: Blissey|82/100|[from] Sandstorm
|-heal|p1a: Blissey|88/100|[from] item: Leftovers
|-heal|p2a: Forretress|7/100 par|[from] item: Leftovers
|upkeep
|turn|34
|
|t:|1729104130
|switch|p2a: Milotic|Milotic, F|81/100 par
|move|p1a: Blissey|Seismic Toss|p2a: Milotic
|-damage|p2a: Milotic|56/100 par
|
|-weather|Sandstorm|[upkeep]
|-damage|p1a: Blissey|82/100|[from] Sandstorm
|-damage|p2a: Milotic|50/100 par|[from] Sandstorm
|-heal|p1a: Blissey|88/100|[from] item: Leftovers
|-heal|p2a: Milotic|56/100 par|[from] item: Leftovers
|upkeep
|turn|35
|
|t:|1729104134
|move|p1a: Blissey|Seismic Toss|p2a: Milotic
|-damage|p2a: Milotic|30/100 par
|move|p2a: Milotic|Recover|p2a: Milotic
|-heal|p2a: Milotic|80/100 par
|
|-weather|Sandstorm|[upkeep]
|-damage|p1a: Blissey|82/100|[from] Sandstorm
|-damage|p2a: Milotic|74/100 par|[from] Sandstorm
|-heal|p1a: Blissey|88/100|[from] item: Leftovers
|-heal|p2a: Milotic|80/100 par|[from] item: Leftovers
|upkeep
|turn|36
|
|t:|1729104141
|move|p1a: Blissey|Seismic Toss|p2a: Milotic
|-damage|p2a: Milotic|55/100 par
|cant|p2a: Milotic|par
|
|-weather|Sandstorm|[upkeep]
|-damage|p1a: Blissey|82/100|[from] Sandstorm
|-damage|p2a: Milotic|49/100 par|[from] Sandstorm
|-heal|p1a: Blissey|88/100|[from] item: Leftovers
|-heal|p2a: Milotic|55/100 par|[from] item: Leftovers
|upkeep
|turn|37
|
|t:|1729104143
|move|p1a: Blissey|Seismic Toss|p2a: Milotic
|-damage|p2a: Milotic|30/100 par
|cant|p2a: Milotic|par
|
|-weather|Sandstorm|[upkeep]
|-damage|p1a: Blissey|82/100|[from] Sandstorm
|-damage|p2a: Milotic|24/100 par|[from] Sandstorm
|-heal|p1a: Blissey|88/100|[from] item: Leftovers
|-heal|p2a: Milotic|30/100 par|[from] item: Leftovers
|upkeep
|turn|38
|
|t:|1729104147
|move|p1a: Blissey|Seismic Toss|p2a: Milotic
|-damage|p2a: Milotic|4/100 par
|move|p2a: Milotic|Recover|p2a: Milotic
|-heal|p2a: Milotic|54/100 par
|
|-weather|Sandstorm|[upkeep]
|-damage|p1a: Blissey|82/100|[from] Sandstorm
|-damage|p2a: Milotic|48/100 par|[from] Sandstorm
|-heal|p1a: Blissey|88/100|[from] item: Leftovers
|-heal|p2a: Milotic|54/100 par|[from] item: Leftovers
|upkeep
|turn|39
|
|t:|1729104150
|move|p1a: Blissey|Seismic Toss|p2a: Milotic
|-damage|p2a: Milotic|29/100 par
|cant|p2a: Milotic|par
|
|-weather|Sandstorm|[upkeep]
|-damage|p1a: Blissey|82/100|[from] Sandstorm
|-damage|p2a: Milotic|23/100 par|[from] Sandstorm
|-heal|p1a: Blissey|88/100|[from] item: Leftovers
|-heal|p2a: Milotic|29/100 par|[from] item: Leftovers
|upkeep
|turn|40
|
|t:|1729104154
|move|p1a: Blissey|Seismic Toss|p2a: Milotic
|-damage|p2a: Milotic|4/100 par
|move|p2a: Milotic|Recover|p2a: Milotic
|-heal|p2a: Milotic|54/100 par
|
|-weather|Sandstorm|[upkeep]
|-damage|p1a: Blissey|82/100|[from] Sandstorm
|-damage|p2a: Milotic|47/100 par|[from] Sandstorm
|-heal|p1a: Blissey|88/100|[from] item: Leftovers
|-heal|p2a: Milotic|54/100 par|[from] item: Leftovers
|upkeep
|turn|41
|
|t:|1729104156
|move|p1a: Blissey|Seismic Toss|p2a: Milotic
|-damage|p2a: Milotic|28/100 par
|move|p2a: Milotic|Recover|p2a: Milotic
|-heal|p2a: Milotic|78/100 par
|
|-weather|Sandstorm|[upkeep]
|-damage|p1a: Blissey|82/100|[from] Sandstorm
|-damage|p2a: Milotic|72/100 par|[from] Sandstorm
|-heal|p1a: Blissey|88/100|[from] item: Leftovers
|-heal|p2a: Milotic|78/100 par|[from] item: Leftovers
|upkeep
|turn|42
|
|t:|1729104169
|move|p1a: Blissey|Seismic Toss|p2a: Milotic
|-damage|p2a: Milotic|53/100 par
|move|p2a: Milotic|Refresh|p2a: Milotic
|-curestatus|p2a: Milotic|par|[msg]
|
|-weather|Sandstorm|[upkeep]
|-damage|p2a: Milotic|47/100|[from] Sandstorm
|-damage|p1a: Blissey|82/100|[from] Sandstorm
|-heal|p2a: Milotic|53/100|[from] item: Leftovers
|-heal|p1a: Blissey|88/100|[from] item: Leftovers
|upkeep
|turn|43
|
|t:|1729104178
|move|p2a: Milotic|Recover|p2a: Milotic
|-heal|p2a: Milotic|100/100
|move|p1a: Blissey|Toxic|p2a: Milotic
|-status|p2a: Milotic|tox
|
|-weather|Sandstorm|[upkeep]
|-damage|p2a: Milotic|94/100 tox|[from] Sandstorm
|-damage|p1a: Blissey|82/100|[from] Sandstorm
|-heal|p2a: Milotic|100/100 tox|[from] item: Leftovers
|-damage|p2a: Milotic|94/100 tox|[from] psn
|-heal|p1a: Blissey|88/100|[from] item: Leftovers
|upkeep
|turn|44
|
|t:|1729104190
|move|p2a: Milotic|Surf|p1a: Blissey
|-crit|p1a: Blissey
|-damage|p1a: Blissey|65/100
|move|p1a: Blissey|Seismic Toss|p2a: Milotic
|-damage|p2a: Milotic|69/100 tox
|
|-weather|Sandstorm|[upkeep]
|-damage|p2a: Milotic|63/100 tox|[from] Sandstorm
|-damage|p1a: Blissey|58/100|[from] Sandstorm
|-heal|p2a: Milotic|69/100 tox|[from] item: Leftovers
|-damage|p2a: Milotic|57/100 tox|[from] psn
|-heal|p1a: Blissey|65/100|[from] item: Leftovers
|upkeep
|turn|45
|
|t:|1729104200
|move|p2a: Milotic|Refresh|p2a: Milotic
|-curestatus|p2a: Milotic|tox|[msg]
|move|p1a: Blissey|Toxic|p2a: Milotic
|-status|p2a: Milotic|tox
|
|-weather|Sandstorm|[upkeep]
|-damage|p2a: Milotic|51/100 tox|[from] Sandstorm
|-damage|p1a: Blissey|58/100|[from] Sandstorm
|-heal|p2a: Milotic|57/100 tox|[from] item: Leftovers
|-damage|p2a: Milotic|51/100 tox|[from] psn
|-heal|p1a: Blissey|65/100|[from] item: Leftovers
|upkeep
|turn|46
|
|t:|1729104210
|move|p2a: Milotic|Refresh|p2a: Milotic
|-curestatus|p2a: Milotic|tox|[msg]
|move|p1a: Blissey|Seismic Toss|p2a: Milotic
|-damage|p2a: Milotic|25/100
|
|-weather|Sandstorm|[upkeep]
|-damage|p2a: Milotic|19/100|[from] Sandstorm
|-damage|p1a: Blissey|58/100|[from] Sandstorm
|-heal|p2a: Milotic|25/100|[from] item: Leftovers
|-heal|p1a: Blissey|65/100|[from] item: Leftovers
|upkeep
|turn|47
|
|t:|1729104220
|move|p2a: Milotic|Recover|p2a: Milotic
|-heal|p2a: Milotic|75/100
|move|p1a: Blissey|Soft-Boiled|p1a: Blissey
|-heal|p1a: Blissey|100/100
|
|-weather|Sandstorm|[upkeep]
|-damage|p2a: Milotic|69/100|[from] Sandstorm
|-damage|p1a: Blissey|94/100|[from] Sandstorm
|-heal|p2a: Milotic|75/100|[from] item: Leftovers
|-heal|p1a: Blissey|100/100|[from] item: Leftovers
|upkeep
|turn|48
|
|t:|1729104224
|switch|p1a: Jirachi|Jirachi|83/100
|-damage|p1a: Jirachi|67/100|[from] Spikes
|move|p2a: Milotic|Toxic|p1a: Jirachi
|-immune|p1a: Jirachi
|
|-weather|Sandstorm|[upkeep]
|-damage|p2a: Milotic|69/100|[from] Sandstorm
|-heal|p1a: Jirachi|73/100|[from] item: Leftovers
|-heal|p2a: Milotic|75/100|[from] item: Leftovers
|upkeep
|turn|49
|
|t:|1729104238
|move|p1a: Jirachi|Fire Punch|p2a: Milotic
|-resisted|p2a: Milotic
|-damage|p2a: Milotic|70/100
|move|p2a: Milotic|Recover|p2a: Milotic
|-heal|p2a: Milotic|100/100
|
|-weather|Sandstorm|[upkeep]
|-damage|p2a: Milotic|94/100|[from] Sandstorm
|-heal|p1a: Jirachi|79/100|[from] item: Leftovers
|-heal|p2a: Milotic|100/100|[from] item: Leftovers
|upkeep
|turn|50
|
|t:|1729104245
|switch|p2a: Forretress|Forretress, M|7/100 par
|move|p1a: Jirachi|Protect||[still]
|-fail|p1a: Jirachi
|
|-weather|Sandstorm|[upkeep]
|-heal|p1a: Jirachi|85/100|[from] item: Leftovers
|-heal|p2a: Forretress|13/100 par|[from] item: Leftovers
|upkeep
|turn|51
|
|t:|1729104257
|switch|p2a: Milotic|Milotic, F|100/100
|move|p1a: Jirachi|Fire Punch|p2a: Milotic
|-resisted|p2a: Milotic
|-damage|p2a: Milotic|94/100
|-status|p2a: Milotic|brn
|
|-weather|Sandstorm|[upkeep]
|-damage|p2a: Milotic|88/100 brn|[from] Sandstorm
|-heal|p1a: Jirachi|91/100|[from] item: Leftovers
|-heal|p2a: Milotic|94/100 brn|[from] item: Leftovers
|-damage|p2a: Milotic|82/100 brn|[from] brn
|upkeep
|turn|52
|
|t:|1729104276
|switch|p1a: Swampert|Swampert, F|100/100
|-damage|p1a: Swampert|84/100|[from] Spikes
|move|p2a: Milotic|Surf|p1a: Swampert
|-damage|p1a: Swampert|51/100
|
|-weather|Sandstorm|[upkeep]
|-damage|p2a: Milotic|76/100 brn|[from] Sandstorm
|-heal|p2a: Milotic|82/100 brn|[from] item: Leftovers
|-damage|p2a: Milotic|70/100 brn|[from] brn
|-heal|p1a: Swampert|58/100|[from] item: Leftovers
|upkeep
|turn|53
|
|t:|1729104297
|move|p2a: Milotic|Recover|p2a: Milotic
|-heal|p2a: Milotic|100/100 brn
|move|p1a: Swampert|Roar|p2a: Milotic
|drag|p2a: Salamence|Salamence, M|100/100
|-ability|p2a: Salamence|Intimidate|boost
|-unboost|p1a: Swampert|atk|1
|
|-weather|Sandstorm|[upkeep]
|-damage|p2a: Salamence|94/100|[from] Sandstorm
|-heal|p2a: Salamence|100/100|[from] item: Leftovers
|-heal|p1a: Swampert|64/100|[from] item: Leftovers
|upkeep
|turn|54
|
|t:|1729104304
|switch|p2a: Milotic|Milotic, F|100/100 brn
|move|p1a: Swampert|Protect||[still]
|-fail|p1a: Swampert
|
|-weather|Sandstorm|[upkeep]
|-damage|p2a: Milotic|94/100 brn|[from] Sandstorm
|-heal|p2a: Milotic|100/100 brn|[from] item: Leftovers
|-damage|p2a: Milotic|88/100 brn|[from] brn
|-heal|p1a: Swampert|70/100|[from] item: Leftovers
|upkeep
|turn|55
|
|t:|1729104311
|move|p1a: Swampert|Protect|p1a: Swampert
|-singleturn|p1a: Swampert|Protect
|move|p2a: Milotic|Toxic|p1a: Swampert|[miss]
|-miss|p2a: Milotic|p1a: Swampert
|
|-weather|Sandstorm|[upkeep]
|-damage|p2a: Milotic|82/100 brn|[from] Sandstorm
|-heal|p2a: Milotic|88/100 brn|[from] item: Leftovers
|-damage|p2a: Milotic|76/100 brn|[from] brn
|-heal|p1a: Swampert|76/100|[from] item: Leftovers
|upkeep
|turn|56
|
|t:|1729104320
|switch|p2a: Forretress|Forretress, M|13/100 par
|move|p1a: Swampert|Surf|p2a: Forretress
|-crit|p2a: Forretress
|-damage|p2a: Forretress|0 fnt
|faint|p2a: Forretress
|
|t:|1729104324
|switch|p2a: Jolteon|Jolteon, F|100/100
|
|-weather|Sandstorm|[upkeep]
|-damage|p2a: Jolteon|95/100|[from] Sandstorm
|-heal|p2a: Jolteon|100/100|[from] item: Leftovers
|-heal|p1a: Swampert|82/100|[from] item: Leftovers
|upkeep
|turn|57
|
|t:|1729104338
|switch|p1a: Jirachi|Jirachi|91/100
|-damage|p1a: Jirachi|75/100|[from] Spikes
|move|p2a: Jolteon|Hidden Power|p1a: Jirachi
|-resisted|p1a: Jirachi
|-crit|p1a: Jirachi
|-damage|p1a: Jirachi|61/100
|
|-weather|Sandstorm|[upkeep]
|-damage|p2a: Jolteon|95/100|[from] Sandstorm
|-heal|p2a: Jolteon|100/100|[from] item: Leftovers
|-heal|p1a: Jirachi|67/100|[from] item: Leftovers
|upkeep
|turn|58
|
|t:|1729104351
|move|p2a: Jolteon|Baton Pass|p2a: Jolteon
|
|t:|1729104353
|switch|p2a: Milotic|Milotic, F|76/100 brn|[from] Baton Pass
|move|p1a: Jirachi|Body Slam|p2a: Milotic
|-damage|p2a: Milotic|66/100 brn
|
|-weather|Sandstorm|[upkeep]
|-damage|p2a: Milotic|60/100 brn|[from] Sandstorm
|-heal|p1a: Jirachi|73/100|[from] item: Leftovers
|-heal|p2a: Milotic|66/100 brn|[from] item: Leftovers
|-damage|p2a: Milotic|53/100 brn|[from] brn
|upkeep
|turn|59
|
|t:|1729104369
|move|p1a: Jirachi|Protect|p1a: Jirachi
|-singleturn|p1a: Jirachi|Protect
|move|p2a: Milotic|Recover|p2a: Milotic
|-heal|p2a: Milotic|100/100 brn
|
|-weather|Sandstorm|[upkeep]
|-damage|p2a: Milotic|94/100 brn|[from] Sandstorm
|-heal|p1a: Jirachi|79/100|[from] item: Leftovers
|-heal|p2a: Milotic|100/100 brn|[from] item: Leftovers
|-damage|p2a: Milotic|88/100 brn|[from] brn
|upkeep
|turn|60
|
|t:|1729104379
|move|p1a: Jirachi|Wish|p1a: Jirachi
|move|p2a: Milotic|Surf|p1a: Jirachi
|-damage|p1a: Jirachi|55/100
|
|-weather|Sandstorm|[upkeep]
|-damage|p2a: Milotic|82/100 brn|[from] Sandstorm
|-heal|p1a: Jirachi|61/100|[from] item: Leftovers
|-heal|p2a: Milotic|88/100 brn|[from] item: Leftovers
|-damage|p2a: Milotic|76/100 brn|[from] brn
|upkeep
|turn|61
|
|t:|1729104385
|move|p1a: Jirachi|Body Slam|p2a: Milotic
|-damage|p2a: Milotic|67/100 brn
|move|p2a: Milotic|Toxic|p1a: Jirachi
|-immune|p1a: Jirachi
|
|-heal|p1a: Jirachi|100/100|[from] move: Wish|[wisher] Jirachi
|-weather|Sandstorm|[upkeep]
|-damage|p2a: Milotic|61/100 brn|[from] Sandstorm
|-heal|p2a: Milotic|67/100 brn|[from] item: Leftovers
|-damage|p2a: Milotic|55/100 brn|[from] brn
|upkeep
|turn|62
|
|t:|1729104393
|switch|p1a: Blissey|Blissey, F|100/100
|-damage|p1a: Blissey|84/100|[from] Spikes
|move|p2a: Milotic|Recover|p2a: Milotic
|-heal|p2a: Milotic|100/100 brn
|
|-weather|Sandstorm|[upkeep]
|-damage|p2a: Milotic|94/100 brn|[from] Sandstorm
|-damage|p1a: Blissey|78/100|[from] Sandstorm
|-heal|p2a: Milotic|100/100 brn|[from] item: Leftovers
|-damage|p2a: Milotic|88/100 brn|[from] brn
|-heal|p1a: Blissey|84/100|[from] item: Leftovers
|upkeep
|turn|63
|
|t:|1729104399
|move|p2a: Milotic|Toxic|p1a: Blissey
|-status|p1a: Blissey|tox
|move|p1a: Blissey|Seismic Toss|p2a: Milotic
|-damage|p2a: Milotic|63/100 brn
|
|-weather|Sandstorm|[upkeep]
|-damage|p2a: Milotic|57/100 brn|[from] Sandstorm
|-damage|p1a: Blissey|78/100 tox|[from] Sandstorm
|-heal|p2a: Milotic|63/100 brn|[from] item: Leftovers
|-damage|p2a: Milotic|50/100 brn|[from] brn
|-heal|p1a: Blissey|84/100 tox|[from] item: Leftovers
|-damage|p1a: Blissey|78/100 tox|[from] psn
|upkeep
|turn|64
|
|t:|1729104409
|-curestatus|p1a: Blissey|tox|[from] ability: Natural Cure
|switch|p1a: Jirachi|Jirachi|100/100
|-damage|p1a: Jirachi|84/100|[from] Spikes
|move|p2a: Milotic|Recover|p2a: Milotic
|-heal|p2a: Milotic|99/100 brn
|
|-weather|Sandstorm|[upkeep]
|-damage|p2a: Milotic|94/100 brn|[from] Sandstorm
|-heal|p1a: Jirachi|90/100|[from] item: Leftovers
|-heal|p2a: Milotic|99/100 brn|[from] item: Leftovers
|-damage|p2a: Milotic|88/100 brn|[from] brn
|upkeep
|turn|65
|
|t:|1729104422
|switch|p2a: Salamence|Salamence, M|100/100
|-ability|p2a: Salamence|Intimidate|boost
|-unboost|p1a: Jirachi|atk|1
|move|p1a: Jirachi|Fire Punch|p2a: Salamence
|-resisted|p2a: Salamence
|-damage|p2a: Salamence|90/100
|-status|p2a: Salamence|brn
|
|-weather|Sandstorm|[upkeep]
|-damage|p2a: Salamence|84/100 brn|[from] Sandstorm
|-heal|p2a: Salamence|90/100 brn|[from] item: Leftovers
|-damage|p2a: Salamence|78/100 brn|[from] brn
|-heal|p1a: Jirachi|96/100|[from] item: Leftovers
|upkeep
|turn|66
|
|t:|1729104432
|switch|p2a: Medicham|Medicham, M|97/100
|move|p1a: Jirachi|Protect||[still]
|-fail|p1a: Jirachi
|
|-weather|Sandstorm|[upkeep]
|-damage|p2a: Medicham|91/100|[from] Sandstorm
|-heal|p2a: Medicham|97/100|[from] item: Leftovers
|-heal|p1a: Jirachi|100/100|[from] item: Leftovers
|upkeep
|turn|67
|
|t:|1729104443
|move|p2a: Medicham|Substitute|p2a: Medicham
|-start|p2a: Medicham|Substitute
|-damage|p2a: Medicham|72/100
|move|p1a: Jirachi|Body Slam|p2a: Medicham
|-activate|p2a: Medicham|Substitute|[damage]
|
|-weather|Sandstorm|[upkeep]
|-damage|p2a: Medicham|66/100|[from] Sandstorm
|-heal|p2a: Medicham|72/100|[from] item: Leftovers
|upkeep
|turn|68
|
|t:|1729104452
|-singleturn|p2a: Medicham|move: Focus Punch
|move|p1a: Jirachi|Fire Punch|p2a: Medicham
|-end|p2a: Medicham|Substitute
|move|p2a: Medicham|Focus Punch|p1a: Jirachi
|-damage|p1a: Jirachi|25/100
|
|-weather|Sandstorm|[upkeep]
|-damage|p2a: Medicham|66/100|[from] Sandstorm
|-heal|p2a: Medicham|72/100|[from] item: Leftovers
|-heal|p1a: Jirachi|32/100|[from] item: Leftovers
|upkeep
|turn|69
|
|t:|1729104472
|switch|p1a: Salamence|Salamence, F|62/100
|-ability|p1a: Salamence|Intimidate|boost
|-unboost|p2a: Medicham|atk|1
|move|p2a: Medicham|Brick Break|p1a: Salamence
|-resisted|p1a: Salamence
|-damage|p1a: Salamence|43/100
|
|-weather|Sandstorm|[upkeep]
|-damage|p1a: Salamence|37/100|[from] Sandstorm
|-damage|p2a: Medicham|66/100|[from] Sandstorm
|-heal|p1a: Salamence|43/100|[from] item: Leftovers
|-heal|p2a: Medicham|72/100|[from] item: Leftovers
|upkeep
|turn|70
|
|t:|1729104482
|switch|p2a: Salamence|Salamence, M|78/100 brn
|-ability|p2a: Salamence|Intimidate|boost
|-unboost|p1a: Salamence|atk|1
|move|p1a: Salamence|Dragon Claw|p2a: Salamence
|-supereffective|p2a: Salamence
|-damage|p2a: Salamence|0 fnt
|faint|p2a: Salamence
|
|t:|1729104486
|switch|p2a: Jolteon|Jolteon, F|100/100
|
|-weather|Sandstorm|[upkeep]
|-damage|p2a: Jolteon|95/100|[from] Sandstorm
|-damage|p1a: Salamence|37/100|[from] Sandstorm
|-heal|p2a: Jolteon|100/100|[from] item: Leftovers
|-heal|p1a: Salamence|43/100|[from] item: Leftovers
|upkeep
|turn|71
|
|t:|1729104505
|switch|p1a: Swampert|Swampert, F|82/100
|-damage|p1a: Swampert|66/100|[from] Spikes
|move|p2a: Jolteon|Baton Pass|p2a: Jolteon
|
|t:|1729104508
|switch|p2a: Milotic|Milotic, F|88/100 brn|[from] Baton Pass
|
|-weather|Sandstorm|[upkeep]
|-damage|p2a: Milotic|82/100 brn|[from] Sandstorm
|-heal|p2a: Milotic|88/100 brn|[from] item: Leftovers
|-damage|p2a: Milotic|75/100 brn|[from] brn
|-heal|p1a: Swampert|72/100|[from] item: Leftovers
|upkeep
|turn|72
|
|t:|1729104526
|move|p2a: Milotic|Surf|p1a: Swampert
|-damage|p1a: Swampert|39/100
|move|p1a: Swampert|Surf|p2a: Milotic
|-resisted|p2a: Milotic
|-damage|p2a: Milotic|65/100 brn
|
|-weather|Sandstorm|[upkeep]
|-damage|p2a: Milotic|59/100 brn|[from] Sandstorm
|-heal|p2a: Milotic|65/100 brn|[from] item: Leftovers
|-damage|p2a: Milotic|53/100 brn|[from] brn
|-heal|p1a: Swampert|46/100|[from] item: Leftovers
|upkeep
|turn|73
|
|t:|1729104534
|move|p2a: Milotic|Surf|p1a: Swampert
|-damage|p1a: Swampert|14/100
|move|p1a: Swampert|Surf|p2a: Milotic
|-resisted|p2a: Milotic
|-damage|p2a: Milotic|35/100 brn
|
|-weather|Sandstorm|[upkeep]
|-damage|p2a: Milotic|29/100 brn|[from] Sandstorm
|-heal|p2a: Milotic|35/100 brn|[from] item: Leftovers
|-damage|p2a: Milotic|23/100 brn|[from] brn
|-heal|p1a: Swampert|20/100|[from] item: Leftovers
|upkeep
|turn|74
|
|t:|1729104540
|move|p2a: Milotic|Recover|p2a: Milotic
|-heal|p2a: Milotic|73/100 brn
|move|p1a: Swampert|Surf|p2a: Milotic
|-resisted|p2a: Milotic
|-damage|p2a: Milotic|56/100 brn
|
|-weather|Sandstorm|[upkeep]
|-damage|p2a: Milotic|49/100 brn|[from] Sandstorm
|-heal|p2a: Milotic|56/100 brn|[from] item: Leftovers
|-damage|p2a: Milotic|43/100 brn|[from] brn
|-heal|p1a: Swampert|26/100|[from] item: Leftovers
|upkeep
|turn|75
|
|t:|1729104547
|move|p2a: Milotic|Recover|p2a: Milotic
|-heal|p2a: Milotic|93/100 brn
|move|p1a: Swampert|Surf|p2a: Milotic
|-resisted|p2a: Milotic
|-damage|p2a: Milotic|78/100 brn
|
|-weather|Sandstorm|[upkeep]
|-damage|p2a: Milotic|72/100 brn|[from] Sandstorm
|-heal|p2a: Milotic|78/100 brn|[from] item: Leftovers
|-damage|p2a: Milotic|65/100 brn|[from] brn
|-heal|p1a: Swampert|32/100|[from] item: Leftovers
|upkeep
|turn|76
|
|t:|1729104574
|move|p2a: Milotic|Surf|p1a: Swampert
|-damage|p1a: Swampert|4/100
|move|p1a: Swampert|Surf|p2a: Milotic
|-resisted|p2a: Milotic
|-damage|p2a: Milotic|49/100 brn
|
|-weather|Sandstorm|[upkeep]
|-damage|p2a: Milotic|43/100 brn|[from] Sandstorm
|-heal|p2a: Milotic|49/100 brn|[from] item: Leftovers
|-damage|p2a: Milotic|37/100 brn|[from] brn
|-heal|p1a: Swampert|10/100|[from] item: Leftovers
|upkeep
|turn|77
|
|t:|1729104579
|move|p2a: Milotic|Recover|p2a: Milotic
|-heal|p2a: Milotic|87/100 brn
|move|p1a: Swampert|Surf|p2a: Milotic
|-resisted|p2a: Milotic
|-damage|p2a: Milotic|70/100 brn
|
|-weather|Sandstorm|[upkeep]
|-damage|p2a: Milotic|63/100 brn|[from] Sandstorm
|-heal|p2a: Milotic|70/100 brn|[from] item: Leftovers
|-damage|p2a: Milotic|57/100 brn|[from] brn
|-heal|p1a: Swampert|16/100|[from] item: Leftovers
|upkeep
|turn|78
|
|t:|1729104586
|move|p1a: Swampert|Protect|p1a: Swampert
|-singleturn|p1a: Swampert|Protect
|move|p2a: Milotic|Surf|p1a: Swampert
|-activate|p1a: Swampert|Protect
|
|-weather|Sandstorm|[upkeep]
|-damage|p2a: Milotic|51/100 brn|[from] Sandstorm
|-heal|p2a: Milotic|57/100 brn|[from] item: Leftovers
|-damage|p2a: Milotic|45/100 brn|[from] brn
|-heal|p1a: Swampert|23/100|[from] item: Leftovers
|upkeep
|turn|79
|inactive|SANKE CARP has 270 seconds left.
|
|t:|1729104635
|move|p2a: Milotic|Recover|p2a: Milotic
|-heal|p2a: Milotic|95/100 brn
|move|p1a: Swampert|Surf|p2a: Milotic
|-resisted|p2a: Milotic
|-damage|p2a: Milotic|79/100 brn
|
|-weather|Sandstorm|[upkeep]
|-damage|p2a: Milotic|73/100 brn|[from] Sandstorm
|-heal|p2a: Milotic|79/100 brn|[from] item: Leftovers
|-damage|p2a: Milotic|66/100 brn|[from] brn
|-heal|p1a: Swampert|29/100|[from] item: Leftovers
|upkeep
|turn|80
|
|t:|1729104646
|move|p1a: Swampert|Protect|p1a: Swampert
|-singleturn|p1a: Swampert|Protect
|move|p2a: Milotic|Refresh|p2a: Milotic
|-curestatus|p2a: Milotic|brn|[msg]
|
|-weather|Sandstorm|[upkeep]
|-damage|p2a: Milotic|60/100|[from] Sandstorm
|-heal|p2a: Milotic|66/100|[from] item: Leftovers
|-heal|p1a: Swampert|35/100|[from] item: Leftovers
|upkeep
|turn|81
|
|t:|1729104655
|switch|p1a: Blissey|Blissey, F|78/100
|-damage|p1a: Blissey|61/100|[from] Spikes
|move|p2a: Milotic|Surf|p1a: Blissey
|-damage|p1a: Blissey|49/100
|
|-weather|Sandstorm|[upkeep]
|-damage|p2a: Milotic|60/100|[from] Sandstorm
|-damage|p1a: Blissey|43/100|[from] Sandstorm
|-heal|p2a: Milotic|66/100|[from] item: Leftovers
|-heal|p1a: Blissey|49/100|[from] item: Leftovers
|upkeep
|turn|82
|
|t:|1729104663
|move|p2a: Milotic|Toxic|p1a: Blissey
|-status|p1a: Blissey|tox
|move|p1a: Blissey|Seismic Toss|p2a: Milotic
|-damage|p2a: Milotic|41/100
|
|-weather|Sandstorm|[upkeep]
|-damage|p2a: Milotic|35/100|[from] Sandstorm
|-damage|p1a: Blissey|43/100 tox|[from] Sandstorm
|-heal|p2a: Milotic|41/100|[from] item: Leftovers
|-heal|p1a: Blissey|49/100 tox|[from] item: Leftovers
|-damage|p1a: Blissey|43/100 tox|[from] psn
|upkeep
|turn|83
|inactive|SANKE CARP has 270 seconds left.
|
|t:|1729104670
|move|p2a: Milotic|Surf|p1a: Blissey
|-damage|p1a: Blissey|30/100 tox
|move|p1a: Blissey|Soft-Boiled|p1a: Blissey
|-heal|p1a: Blissey|80/100 tox
|
|-weather|Sandstorm|[upkeep]
|-damage|p2a: Milotic|35/100|[from] Sandstorm
|-damage|p1a: Blissey|74/100 tox|[from] Sandstorm
|-heal|p2a: Milotic|41/100|[from] item: Leftovers
|-heal|p1a: Blissey|80/100 tox|[from] item: Leftovers
|-damage|p1a: Blissey|68/100 tox|[from] psn
|upkeep
|turn|84
|
|t:|1729104677
|move|p2a: Milotic|Recover|p2a: Milotic
|-heal|p2a: Milotic|91/100
|move|p1a: Blissey|Toxic|p2a: Milotic
|-status|p2a: Milotic|tox
|
|-weather|Sandstorm|[upkeep]
|-damage|p2a: Milotic|85/100 tox|[from] Sandstorm
|-damage|p1a: Blissey|62/100 tox|[from] Sandstorm
|-heal|p2a: Milotic|91/100 tox|[from] item: Leftovers
|-damage|p2a: Milotic|85/100 tox|[from] psn
|-heal|p1a: Blissey|68/100 tox|[from] item: Leftovers
|-damage|p1a: Blissey|49/100 tox|[from] psn
|upkeep
|turn|85
|
|t:|1729104684
|switch|p2a: Medicham|Medicham, M|72/100
|move|p1a: Blissey|Soft-Boiled|p1a: Blissey
|-heal|p1a: Blissey|99/100 tox
|
|-weather|Sandstorm|[upkeep]
|-damage|p2a: Medicham|66/100|[from] Sandstorm
|-damage|p1a: Blissey|93/100 tox|[from] Sandstorm
|-heal|p2a: Medicham|72/100|[from] item: Leftovers
|-heal|p1a: Blissey|99/100 tox|[from] item: Leftovers
|-damage|p1a: Blissey|75/100 tox|[from] psn
|upkeep
|turn|86
|inactive|SANKE CARP has 270 seconds left.
|
|t:|1729104715
|-curestatus|p1a: Blissey|tox|[from] ability: Natural Cure
|switch|p1a: Salamence|Salamence, F|43/100
|-ability|p1a: Salamence|Intimidate|boost
|-unboost|p2a: Medicham|atk|1
|move|p2a: Medicham|Substitute|p2a: Medicham
|-start|p2a: Medicham|Substitute
|-damage|p2a: Medicham|47/100
|
|-weather|Sandstorm|[upkeep]
|-damage|p1a: Salamence|37/100|[from] Sandstorm
|-damage|p2a: Medicham|41/100|[from] Sandstorm
|-heal|p1a: Salamence|43/100|[from] item: Leftovers
|-heal|p2a: Medicham|47/100|[from] item: Leftovers
|upkeep
|turn|87
|
|t:|1729104725
|-singleturn|p2a: Medicham|move: Focus Punch
|move|p1a: Salamence|Dragon Claw|p2a: Medicham
|-end|p2a: Medicham|Substitute
|move|p2a: Medicham|Focus Punch|p1a: Salamence
|-resisted|p1a: Salamence
|-damage|p1a: Salamence|4/100
|
|-weather|Sandstorm|[upkeep]
|-damage|p1a: Salamence|0 fnt|[from] Sandstorm
|-damage|p2a: Medicham|41/100|[from] Sandstorm
|faint|p1a: Salamence
|-heal|p2a: Medicham|47/100|[from] item: Leftovers
|upkeep
|
|t:|1729104751
|switch|p1a: Swampert|Swampert, F|35/100
|-damage|p1a: Swampert|18/100|[from] Spikes
|turn|88
|
|t:|1729104759
|switch|p2a: Jolteon|Jolteon, F|100/100
|move|p1a: Swampert|Protect||[still]
|-fail|p1a: Swampert
|
|-weather|Sandstorm|[upkeep]
|-damage|p2a: Jolteon|95/100|[from] Sandstorm
|-heal|p2a: Jolteon|100/100|[from] item: Leftovers
|-heal|p1a: Swampert|25/100|[from] item: Leftovers
|upkeep
|turn|89
|
|t:|1729104770
|move|p1a: Swampert|Protect|p1a: Swampert
|-singleturn|p1a: Swampert|Protect
|move|p2a: Jolteon|Substitute|p2a: Jolteon
|-start|p2a: Jolteon|Substitute
|-damage|p2a: Jolteon|76/100
|
|-weather|Sandstorm|[upkeep]
|-damage|p2a: Jolteon|70/100|[from] Sandstorm
|-heal|p2a: Jolteon|76/100|[from] item: Leftovers
|-heal|p1a: Swampert|31/100|[from] item: Leftovers
|upkeep
|turn|90
|
|t:|1729104775
|switch|p1a: Blissey|Blissey, F|75/100
|-damage|p1a: Blissey|58/100|[from] Spikes
|move|p2a: Jolteon|Hidden Power|p1a: Blissey
|-damage|p1a: Blissey|50/100
|
|-weather|Sandstorm|[upkeep]
|-damage|p2a: Jolteon|70/100|[from] Sandstorm
|-damage|p1a: Blissey|44/100|[from] Sandstorm
|-heal|p2a: Jolteon|76/100|[from] item: Leftovers
|-heal|p1a: Blissey|50/100|[from] item: Leftovers
|upkeep
|turn|91
|
|t:|1729104783
|move|p2a: Jolteon|Baton Pass|p2a: Jolteon
|
|t:|1729104785
|switch|p2a: Medicham|Medicham, M|47/100|[from] Baton Pass
|move|p1a: Blissey|Seismic Toss|p2a: Medicham
|-end|p2a: Medicham|Substitute
|
|-weather|Sandstorm|[upkeep]
|-damage|p2a: Medicham|41/100|[from] Sandstorm
|-damage|p1a: Blissey|44/100|[from] Sandstorm
|-heal|p2a: Medicham|47/100|[from] item: Leftovers
|-heal|p1a: Blissey|50/100|[from] item: Leftovers
|upkeep
|turn|92
|inactive|SANKE CARP has 270 seconds left.
|inactive|SANKE CARP has 240 seconds left.
|
|t:|1729104820
|move|p2a: Medicham|Brick Break|p1a: Blissey
|-supereffective|p1a: Blissey
|-damage|p1a: Blissey|0 fnt
|faint|p1a: Blissey
|inactive|SANKE CARP has 240 seconds left.
|
|t:|1729104827
|switch|p1a: Swampert|Swampert, F|31/100
|-damage|p1a: Swampert|14/100|[from] Spikes
|
|-weather|Sandstorm|[upkeep]
|-damage|p2a: Medicham|41/100|[from] Sandstorm
|-heal|p2a: Medicham|47/100|[from] item: Leftovers
|-heal|p1a: Swampert|20/100|[from] item: Leftovers
|upkeep
|turn|93
|
|t:|1729104836
|move|p1a: Swampert|Protect|p1a: Swampert
|-singleturn|p1a: Swampert|Protect
|move|p2a: Medicham|Brick Break|p1a: Swampert
|-activate|p1a: Swampert|Protect
|
|-weather|Sandstorm|[upkeep]
|-damage|p2a: Medicham|41/100|[from] Sandstorm
|-heal|p2a: Medicham|47/100|[from] item: Leftovers
|-heal|p1a: Swampert|27/100|[from] item: Leftovers
|upkeep
|turn|94
|
|t:|1729104840
|move|p1a: Swampert|Protect|p1a: Swampert
|-singleturn|p1a: Swampert|Protect
|move|p2a: Medicham|Brick Break|p1a: Swampert
|-activate|p1a: Swampert|Protect
|
|-weather|Sandstorm|[upkeep]
|-damage|p2a: Medicham|41/100|[from] Sandstorm
|-heal|p2a: Medicham|47/100|[from] item: Leftovers
|-heal|p1a: Swampert|33/100|[from] item: Leftovers
|upkeep
|turn|95
|inactive|SBMalus has 270 seconds left.
|
|t:|1729104878
|switch|p2a: Jolteon|Jolteon, F|76/100
|move|p1a: Swampert|Surf|p2a: Jolteon
|-damage|p2a: Jolteon|21/100
|
|-weather|Sandstorm|[upkeep]
|-damage|p2a: Jolteon|15/100|[from] Sandstorm
|-heal|p2a: Jolteon|21/100|[from] item: Leftovers
|-heal|p1a: Swampert|39/100|[from] item: Leftovers
|upkeep
|turn|96
|
|t:|1729104887
|move|p1a: Swampert|Protect|p1a: Swampert
|-singleturn|p1a: Swampert|Protect
|move|p2a: Jolteon|Hidden Power|p1a: Swampert
|-activate|p1a: Swampert|Protect
|
|-weather|Sandstorm|[upkeep]
|-damage|p2a: Jolteon|15/100|[from] Sandstorm
|-heal|p2a: Jolteon|21/100|[from] item: Leftovers
|-heal|p1a: Swampert|45/100|[from] item: Leftovers
|upkeep
|turn|97
|inactive|SANKE CARP has 270 seconds left.
|
|t:|1729104907
|switch|p1a: Jirachi|Jirachi|32/100
|-damage|p1a: Jirachi|15/100|[from] Spikes
|move|p2a: Jolteon|Hidden Power|p1a: Jirachi
|-resisted|p1a: Jirachi
|-damage|p1a: Jirachi|8/100
|
|-weather|Sandstorm|[upkeep]
|-damage|p2a: Jolteon|15/100|[from] Sandstorm
|-heal|p2a: Jolteon|21/100|[from] item: Leftovers
|-heal|p1a: Jirachi|14/100|[from] item: Leftovers
|upkeep
|turn|98
|
|t:|1729104917
|move|p1a: Jirachi|Protect|p1a: Jirachi
|-singleturn|p1a: Jirachi|Protect
|move|p2a: Jolteon|Thunderbolt|p1a: Jirachi
|-activate|p1a: Jirachi|Protect
|
|-weather|Sandstorm|[upkeep]
|-damage|p2a: Jolteon|15/100|[from] Sandstorm
|-heal|p2a: Jolteon|21/100|[from] item: Leftovers
|-heal|p1a: Jirachi|21/100|[from] item: Leftovers
|upkeep
|turn|99
|
|t:|1729104921
|move|p1a: Jirachi|Protect|p1a: Jirachi
|-singleturn|p1a: Jirachi|Protect
|move|p2a: Jolteon|Thunderbolt|p1a: Jirachi
|-activate|p1a: Jirachi|Protect
|
|-weather|Sandstorm|[upkeep]
|-damage|p2a: Jolteon|15/100|[from] Sandstorm
|-heal|p2a: Jolteon|21/100|[from] item: Leftovers
|-heal|p1a: Jirachi|27/100|[from] item: Leftovers
|upkeep
|turn|100
|c|☆SBMalus|bro.
|
|t:|1729104928
|move|p1a: Jirachi|Protect||[still]
|-fail|p1a: Jirachi
|move|p2a: Jolteon|Thunderbolt|p1a: Jirachi
|-damage|p1a: Jirachi|0 fnt
|faint|p1a: Jirachi
|
|t:|1729104931
|switch|p1a: Tyranitar|Tyranitar, M|100/100
|-damage|p1a: Tyranitar|84/100|[from] Spikes
|
|-weather|Sandstorm|[upkeep]
|-damage|p2a: Jolteon|15/100|[from] Sandstorm
|-heal|p2a: Jolteon|21/100|[from] item: Leftovers
|-heal|p1a: Tyranitar|90/100|[from] item: Leftovers
|upkeep
|turn|101
|inactive|SANKE CARP has 270 seconds left.
|
|t:|1729104958
|move|p2a: Jolteon|Thunderbolt|p1a: Tyranitar
|-damage|p1a: Tyranitar|55/100
|move|p1a: Tyranitar|Pursuit|p2a: Jolteon
|-damage|p2a: Jolteon|0 fnt
|faint|p2a: Jolteon
|
|t:|1729104964
|switch|p2a: Medicham|Medicham, M|47/100
|
|-weather|Sandstorm|[upkeep]
|-damage|p2a: Medicham|41/100|[from] Sandstorm
|-heal|p2a: Medicham|47/100|[from] item: Leftovers
|-heal|p1a: Tyranitar|62/100|[from] item: Leftovers
|upkeep
|turn|102
|
|t:|1729104974
|move|p2a: Medicham|Brick Break|p1a: Tyranitar
|-supereffective|p1a: Tyranitar
|-damage|p1a: Tyranitar|0 fnt
|faint|p1a: Tyranitar
|
|t:|1729104975
|switch|p1a: Swampert|Swampert, F|45/100
|-damage|p1a: Swampert|29/100|[from] Spikes
|
|-weather|Sandstorm|[upkeep]
|-damage|p2a: Medicham|41/100|[from] Sandstorm
|-heal|p2a: Medicham|47/100|[from] item: Leftovers
|-heal|p1a: Swampert|35/100|[from] item: Leftovers
|upkeep
|turn|103
|inactive|SANKE CARP has 270 seconds left.
|
|t:|1729104995
|move|p2a: Medicham|Substitute|p2a: Medicham
|-start|p2a: Medicham|Substitute
|-damage|p2a: Medicham|22/100
|move|p1a: Swampert|Roar|p2a: Medicham
|drag|p2a: Milotic|Milotic, F|85/100 tox
|
|-weather|Sandstorm|[upkeep]
|-damage|p2a: Milotic|79/100 tox|[from] Sandstorm
|-heal|p2a: Milotic|85/100 tox|[from] item: Leftovers
|-damage|p2a: Milotic|79/100 tox|[from] psn
|-heal|p1a: Swampert|41/100|[from] item: Leftovers
|upkeep
|turn|104
|inactive|SANKE CARP has 270 seconds left.
|
|t:|1729105006
|move|p1a: Swampert|Protect|p1a: Swampert
|-singleturn|p1a: Swampert|Protect
|move|p2a: Milotic|Refresh|p2a: Milotic
|-curestatus|p2a: Milotic|tox|[msg]
|
|-weather|Sandstorm|[upkeep]
|-damage|p2a: Milotic|73/100|[from] Sandstorm
|-heal|p2a: Milotic|79/100|[from] item: Leftovers
|-heal|p1a: Swampert|47/100|[from] item: Leftovers
|upkeep
|turn|105
|inactive|SANKE CARP has 270 seconds left.
|
|t:|1729105017
|move|p2a: Milotic|Toxic|p1a: Swampert|[miss]
|-miss|p2a: Milotic|p1a: Swampert
|move|p1a: Swampert|Roar|p2a: Milotic
|drag|p2a: Medicham|Medicham, M|22/100
|
|-weather|Sandstorm|[upkeep]
|-damage|p2a: Medicham|16/100|[from] Sandstorm
|-heal|p2a: Medicham|22/100|[from] item: Leftovers
|-heal|p1a: Swampert|53/100|[from] item: Leftovers
|upkeep
|turn|106
|
|t:|1729105023
|move|p2a: Medicham|Brick Break|p1a: Swampert
|-damage|p1a: Swampert|23/100
|move|p1a: Swampert|Surf|p2a: Medicham
|-damage|p2a: Medicham|0 fnt
|faint|p2a: Medicham
|
|t:|1729105026
|switch|p2a: Milotic|Milotic, F|79/100
|
|-weather|Sandstorm|[upkeep]
|-damage|p2a: Milotic|73/100|[from] Sandstorm
|-heal|p2a: Milotic|79/100|[from] item: Leftovers
|-heal|p1a: Swampert|29/100|[from] item: Leftovers
|upkeep
|turn|107
|
|t:|1729105030
|move|p1a: Swampert|Protect|p1a: Swampert
|-singleturn|p1a: Swampert|Protect
|move|p2a: Milotic|Surf|p1a: Swampert
|-activate|p1a: Swampert|Protect
|
|-weather|Sandstorm|[upkeep]
|-damage|p2a: Milotic|73/100|[from] Sandstorm
|-heal|p2a: Milotic|79/100|[from] item: Leftovers
|-heal|p1a: Swampert|35/100|[from] item: Leftovers
|upkeep
|turn|108
|
|t:|1729105034
|move|p2a: Milotic|Surf|p1a: Swampert
|-damage|p1a: Swampert|5/100
|move|p1a: Swampert|Surf|p2a: Milotic
|-resisted|p2a: Milotic
|-crit|p2a: Milotic
|-damage|p2a: Milotic|44/100
|
|-weather|Sandstorm|[upkeep]
|-damage|p2a: Milotic|38/100|[from] Sandstorm
|-heal|p2a: Milotic|44/100|[from] item: Leftovers
|-heal|p1a: Swampert|12/100|[from] item: Leftovers
|upkeep
|turn|109
|c|☆SANKE CARP|Gg
|c|☆SBMalus|gg
|-message|SANKE CARP forfeited.
|
|win|SBMalus
|player|p1|

</script>
<script type="application/json" class="data" id="replaydata-smogtours-gen3ou-799132">
{"id":"smogtours-gen3ou-799132","format":"[Gen 3] OU","players":["SANKE CARP","SBMalus"],"uploadtime":1729105044,"views":143,"formatid":"gen3ou","rating":null,"private":0,"password":null}
</script>

<script defer src="js/replays.js?9d40a366"></script>
