<!DOCTYPE html>
<meta charset="utf-8" />
<meta name="viewport" content="width=device-width" />

<title>[Gen 3] OU: singingcrow vs. fayestra - Replays - Pok&eacute;mon Showdown!</title>

<meta name="description" content="Watch a replay of a Pok&eacute;mon battle between singingcrow and fayestra! Format: [Gen 3] OU; Date: Oct 5, 2024" />
<!--

Hey, you! Looking in the source for the replay log?

You can find them in JSON format, just add `.json` at the end of a replay URL.

https://replay.pokemonshowdown.com/gen7randomdoublesbattle-865046831.json

Or, if you only need the log itself, add `.log` instead:

https://replay.pokemonshowdown.com/gen7randomdoublesbattle-865046831.log

-->

<link rel="stylesheet" href="//pokemonshowdown.com/style/global.css?0.023195364461161105" />
<link rel="stylesheet" href="//play.pokemonshowdown.com/style/font-awesome.css?0.13261647063804238" />
<link rel="stylesheet" href="//play.pokemonshowdown.com/style/battle.css?0.8753245789963631" />
<link rel="stylesheet" href="//play.pokemonshowdown.com/style/utilichart.css?0.8627959624976733" />

<!-- Global site tag (gtag.js) - Google Analytics -->
<script async src="https://www.googletagmanager.com/gtag/js?id=UA-26211653-1"></script>
<script>
  window.dataLayer = window.dataLayer || [];
  function gtag(){dataLayer.push(arguments);}
  gtag('js', new Date());

  gtag('config', 'UA-26211653-1');
</script>
<!-- End Google Analytics -->
<!-- Venatus Ad Manager - Install in <HEAD> of page -->
	<script src="https://hb.vntsm.com/v3/live/ad-manager.min.js" type="text/javascript" data-site-id="642aba63ec9a7b11c3c9c1be" data-mode="scan" async></script>
<!-- / Venatus Ad Manager -->

<style>
	@media (max-width:820px) {
		.battle {
			margin: 0 auto;
		}
		.battle-log {
			margin: 7px auto 0;
			max-width: 640px;
			height: 300px;
			position: static;
		}
	}
	.optgroup {
		display: inline-block;
		line-height: 22px;
		font-size: 10pt;
	}
	.optgroup .button {
		height: 25px;
		padding-top: 0;
		padding-bottom: 0;
	}
	.optgroup button.button {
		padding-left: 12px;
		padding-right: 12px;
	}
	.linklist {
		list-style: none;
		margin: 0.5em 0;
		padding: 0;
	}
	.linklist li {
		padding: 2px 0;
	}
	.sidebar {
		float: left;
		width: 320px;
	}
	.bar-wrapper {
		max-width: 1100px;
		margin: 0 auto;
	}
	.bar-wrapper.has-sidebar {
		max-width: 1430px;
	}
	.mainbar {
		margin: 0;
		padding-right: 1px;
	}
	.mainbar.has-sidebar {
		margin-left: 330px;
	}
	@media (min-width: 1511px) {
		.sidebar {
			width: 400px;
		}
		.bar-wrapper.has-sidebar {
			max-width: 1510px;
		}
		.mainbar.has-sidebar {
			margin-left: 410px;
		}
	}
	.section.first-section {
		margin-top: 9px;
	}
	.blocklink small {
		white-space: normal;
	}
	.button {
		vertical-align: middle;
	}
	.replay-controls {
		padding-top: 10px;
	}
	.replay-controls h1 {
		font-size: 16pt;
		font-weight: normal;
		color: #CCC;
	}
	.pagelink {
		text-align: center;
	}
	.pagelink a {
		width: 150px;
	}
	.textbox, .button {
		font-size: 11pt;
		vertical-align: middle;
	}
	@media (max-width: 450px) {
		.button {
			font-size: 9pt;
		}
	}
</style>

<div>

	<header>
		<div class="nav-wrapper"><ul class="nav">
			<li><a class="button nav-first" href="//pokemonshowdown.com/"><img src="//pokemonshowdown.com/images/pokemonshowdownbeta.png" srcset="//pokemonshowdown.com/images/pokemonshowdownbeta.png 1x, //pokemonshowdown.com/images/pokemonshowdownbeta@2x.png 2x" alt="Pok&eacute;mon Showdown" width="146" height="44" /> Home</a></li>
			<li><a class="button" href="//pokemonshowdown.com/dex/">Pok&eacute;dex</a></li>
			<li><a class="button cur" href="/">Replays</a></li>
			<li><a class="button" href="//pokemonshowdown.com/ladder/">Ladder</a></li>
			<li><a class="button nav-last" href="//pokemonshowdown.com/forums/">Forum</a></li>
			<li><a class="button greenbutton nav-first nav-last" href="//play.pokemonshowdown.com/">Play</a></li>
		</ul></div>
	</header>

	<div class="main" id="main">

		<noscript><section class="section">You need to enable JavaScript to use this page; sorry!</section></noscript>

	</div>

</div>

<script defer nomodule src="//play.pokemonshowdown.com/js/lib/ps-polyfill.js"></script>
<script defer src="//play.pokemonshowdown.com/js/lib/preact.min.js"></script>

<script defer src="//play.pokemonshowdown.com/config/config.js?2bddbc15"></script>
<script defer src="//play.pokemonshowdown.com/js/lib/jquery-1.11.0.min.js"></script>
<script defer src="//play.pokemonshowdown.com/js/lib/html-sanitizer-minified.js"></script>
<script defer src="//play.pokemonshowdown.com/js/battle-sound.js"></script>
<script defer src="//play.pokemonshowdown.com/js/battledata.js?0.7209276989879541"></script>
<script defer src="//play.pokemonshowdown.com/data/pokedex-mini.js?0.6111056340867951"></script>
<script defer src="//play.pokemonshowdown.com/data/pokedex-mini-bw.js?0.3532142036491459"></script>
<script defer src="//play.pokemonshowdown.com/data/graphics.js?0.24223875632456182"></script>
<script defer src="//play.pokemonshowdown.com/data/pokedex.js?0.38839984266356864"></script>
<script defer src="//play.pokemonshowdown.com/data/moves.js?0.21866028504024015"></script>
<script defer src="//play.pokemonshowdown.com/data/abilities.js?0.2005157953846628"></script>
<script defer src="//play.pokemonshowdown.com/data/items.js?0.9894211263848525"></script>
<script defer src="//play.pokemonshowdown.com/data/teambuilder-tables.js?0.6008791140282215"></script>
<script defer src="//play.pokemonshowdown.com/js/battle-tooltips.js?0.7580118955022959"></script>
<script defer src="//play.pokemonshowdown.com/js/battle.js?0.6057722274234274"></script>

<script defer src="js/utils.js?e31f9a17"></script>
<script defer src="js/replays-battle.js?7008c182"></script>

<!-- don't scrape this data! just add .json or .log after the URL!
Full API docs: https://github.com/smogon/pokemon-showdown-client/blob/master/WEB-API.md -->
<script type="text/plain" class="log" id="replaylog-smogtours-gen3ou-794788">
|inactive|Battle timer is ON: inactive players will automatically lose when time's up.
|t:|1728087180
|gametype|singles
|player|p1|singingcrow|170|
|player|p2|fayestra|kris-gen2|
|teamsize|p1|6
|teamsize|p2|6
|gen|3
|tier|[Gen 3] OU
|rule|Sleep Clause Mod: Limit one foe put to sleep
|rule|Switch Priority Clause Mod: Faster Pokémon switch first
|rule|Species Clause: Limit one of each Pokémon
|rule|OHKO Clause: OHKO moves are banned
|rule|Evasion Items Clause: Evasion items are banned
|rule|Evasion Moves Clause: Evasion moves are banned
|rule|Endless Battle Clause: Forcing endless battles is banned
|rule|HP Percentage Mod: HP is shown in percentages
|rule|One Boost Passer Clause: Limit one Baton Passer that has a way to boost its stats
|rule|Freeze Clause Mod: Limit one foe frozen
|
|t:|1728087180
|start
|switch|p1a: Hariyama|Hariyama, F|100/100
|switch|p2a: Weezing|Weezing, F|100/100
|turn|1
|
|t:|1728087190
|move|p2a: Weezing|Fire Blast|p1a: Hariyama
|-damage|p1a: Hariyama|82/100
|move|p1a: Hariyama|Knock Off|p2a: Weezing
|-damage|p2a: Weezing|98/100
|-enditem|p2a: Weezing|Leftovers|[from] move: Knock Off|[of] p1a: Hariyama
|-hint|In Gens 3-4, Knock Off only makes the target's item unusable; it cannot obtain a new item.
|
|-heal|p1a: Hariyama|88/100|[from] item: Leftovers
|upkeep
|turn|2
|
|t:|1728087203
|move|p2a: Weezing|Thunderbolt|p1a: Hariyama
|-damage|p1a: Hariyama|75/100
|move|p1a: Hariyama|Whirlwind|p2a: Weezing
|drag|p2a: Celebi|Celebi|100/100
|
|-heal|p1a: Hariyama|81/100|[from] item: Leftovers
|upkeep
|turn|3
|
|t:|1728087209
|switch|p2a: Weezing|Weezing, F|98/100
|move|p1a: Hariyama|Knock Off|p2a: Weezing
|-damage|p2a: Weezing|95/100
|
|-heal|p1a: Hariyama|88/100|[from] item: Leftovers
|upkeep
|turn|4
|
|t:|1728087216
|move|p2a: Weezing|Will-O-Wisp|p1a: Hariyama
|-status|p1a: Hariyama|brn
|move|p1a: Hariyama|Brick Break|p2a: Weezing
|-resisted|p2a: Weezing
|-damage|p2a: Weezing|78/100
|
|-heal|p1a: Hariyama|94/100 brn|[from] item: Leftovers
|-damage|p1a: Hariyama|81/100 brn|[from] brn
|upkeep
|turn|5
|
|t:|1728087221
|move|p2a: Weezing|Thunderbolt|p1a: Hariyama
|-damage|p1a: Hariyama|67/100 brn
|move|p1a: Hariyama|Brick Break|p2a: Weezing
|-resisted|p2a: Weezing
|-damage|p2a: Weezing|62/100
|
|-heal|p1a: Hariyama|73/100 brn|[from] item: Leftovers
|-damage|p1a: Hariyama|61/100 brn|[from] brn
|upkeep
|turn|6
|
|t:|1728087230
|move|p2a: Weezing|Pain Split|p1a: Hariyama
|-sethp|p1a: Hariyama|53/100 brn|[from] move: Pain Split|[silent]
|-sethp|p2a: Weezing|72/100|[from] move: Pain Split
|move|p1a: Hariyama|Brick Break|p2a: Weezing
|-resisted|p2a: Weezing
|-damage|p2a: Weezing|57/100
|
|-heal|p1a: Hariyama|60/100 brn|[from] item: Leftovers
|-damage|p1a: Hariyama|47/100 brn|[from] brn
|upkeep
|turn|7
|
|t:|1728087241
|move|p2a: Weezing|Thunderbolt|p1a: Hariyama
|-damage|p1a: Hariyama|33/100 brn
|move|p1a: Hariyama|Rest|p1a: Hariyama
|-status|p1a: Hariyama|slp|[from] move: Rest
|-heal|p1a: Hariyama|100/100 slp|[silent]
|
|upkeep
|turn|8
|
|t:|1728087251
|switch|p2a: Celebi|Celebi|100/100
|switch|p1a: Skarmory|Skarmory, M|100/100
|
|upkeep
|turn|9
|
|t:|1728087254
|move|p2a: Celebi|Leech Seed|p1a: Skarmory|[miss]
|-miss|p2a: Celebi|p1a: Skarmory
|move|p1a: Skarmory|Spikes|p2a: Celebi
|-sidestart|p2: fayestra|Spikes
|
|upkeep
|turn|10
|
|t:|1728087259
|switch|p2a: Forretress|Forretress, M|100/100
|-damage|p2a: Forretress|88/100|[from] Spikes
|move|p1a: Skarmory|Roar|p2a: Forretress
|drag|p2a: Weezing|Weezing, F|57/100
|
|upkeep
|turn|11
|
|t:|1728087262
|switch|p1a: Hariyama|Hariyama, F|100/100 slp
|move|p2a: Weezing|Will-O-Wisp||[still]
|-fail|p2a: Weezing
|
|upkeep
|turn|12
|
|t:|1728087267
|switch|p2a: Forretress|Forretress, M|88/100
|-damage|p2a: Forretress|76/100|[from] Spikes
|cant|p1a: Hariyama|slp
|
|-heal|p2a: Forretress|82/100|[from] item: Leftovers
|upkeep
|turn|13
|
|t:|1728087273
|cant|p1a: Hariyama|slp
|move|p2a: Forretress|Spikes|p1a: Hariyama
|-sidestart|p1: singingcrow|Spikes
|
|-heal|p2a: Forretress|88/100|[from] item: Leftovers
|upkeep
|turn|14
|
|t:|1728087279
|switch|p2a: Weezing|Weezing, F|57/100
|-curestatus|p1a: Hariyama|slp|[msg]
|move|p1a: Hariyama|Knock Off|p2a: Weezing
|-damage|p2a: Weezing|54/100
|
|upkeep
|turn|15
|
|t:|1728087284
|move|p2a: Weezing|Pain Split|p1a: Hariyama
|-sethp|p1a: Hariyama|70/100|[from] move: Pain Split|[silent]
|-sethp|p2a: Weezing|95/100|[from] move: Pain Split
|move|p1a: Hariyama|Brick Break|p2a: Weezing
|-resisted|p2a: Weezing
|-damage|p2a: Weezing|85/100
|
|-heal|p1a: Hariyama|76/100|[from] item: Leftovers
|upkeep
|turn|16
|
|t:|1728087294
|move|p2a: Weezing|Will-O-Wisp|p1a: Hariyama|[miss]
|-miss|p2a: Weezing|p1a: Hariyama
|move|p1a: Hariyama|Whirlwind|p2a: Weezing
|drag|p2a: Forretress|Forretress, M|88/100
|-damage|p2a: Forretress|76/100|[from] Spikes
|
|-heal|p1a: Hariyama|83/100|[from] item: Leftovers
|-heal|p2a: Forretress|82/100|[from] item: Leftovers
|upkeep
|turn|17
|
|t:|1728087307
|switch|p2a: Weezing|Weezing, F|85/100
|move|p1a: Hariyama|Knock Off|p2a: Weezing
|-damage|p2a: Weezing|82/100
|
|-heal|p1a: Hariyama|89/100|[from] item: Leftovers
|upkeep
|turn|18
|
|t:|1728087311
|move|p2a: Weezing|Thunderbolt|p1a: Hariyama
|-damage|p1a: Hariyama|74/100
|move|p1a: Hariyama|Whirlwind|p2a: Weezing
|drag|p2a: Swampert|Swampert, M|100/100
|-damage|p2a: Swampert|88/100|[from] Spikes
|
|-heal|p2a: Swampert|94/100|[from] item: Leftovers
|-heal|p1a: Hariyama|80/100|[from] item: Leftovers
|upkeep
|turn|19
|
|t:|1728087318
|move|p2a: Swampert|Protect|p2a: Swampert
|-singleturn|p2a: Swampert|Protect
|move|p1a: Hariyama|Brick Break|p2a: Swampert
|-activate|p2a: Swampert|Protect
|
|-heal|p2a: Swampert|100/100|[from] item: Leftovers
|-heal|p1a: Hariyama|87/100|[from] item: Leftovers
|upkeep
|turn|20
|
|t:|1728087322
|switch|p2a: Weezing|Weezing, F|82/100
|move|p1a: Hariyama|Knock Off|p2a: Weezing
|-crit|p2a: Weezing
|-damage|p2a: Weezing|77/100
|
|-heal|p1a: Hariyama|93/100|[from] item: Leftovers
|upkeep
|turn|21
|
|t:|1728087329
|move|p2a: Weezing|Will-O-Wisp|p1a: Hariyama
|-status|p1a: Hariyama|brn
|move|p1a: Hariyama|Whirlwind|p2a: Weezing
|drag|p2a: Swampert|Swampert, M|100/100
|-damage|p2a: Swampert|88/100|[from] Spikes
|
|-heal|p2a: Swampert|94/100|[from] item: Leftovers
|-heal|p1a: Hariyama|99/100 brn|[from] item: Leftovers
|-damage|p1a: Hariyama|87/100 brn|[from] brn
|upkeep
|turn|22
|
|t:|1728087338
|switch|p2a: Weezing|Weezing, F|77/100
|move|p1a: Hariyama|Brick Break|p2a: Weezing
|-resisted|p2a: Weezing
|-crit|p2a: Weezing
|-damage|p2a: Weezing|46/100
|
|-heal|p1a: Hariyama|93/100 brn|[from] item: Leftovers
|-damage|p1a: Hariyama|80/100 brn|[from] brn
|upkeep
|turn|23
|
|t:|1728087342
|move|p2a: Weezing|Pain Split|p1a: Hariyama
|-sethp|p1a: Hariyama|57/100 brn|[from] move: Pain Split|[silent]
|-sethp|p2a: Weezing|77/100|[from] move: Pain Split
|move|p1a: Hariyama|Brick Break|p2a: Weezing
|-resisted|p2a: Weezing
|-crit|p2a: Weezing
|-damage|p2a: Weezing|45/100
|
|-heal|p1a: Hariyama|64/100 brn|[from] item: Leftovers
|-damage|p1a: Hariyama|51/100 brn|[from] brn
|upkeep
|turn|24
|
|t:|1728087349
|move|p2a: Weezing|Thunderbolt|p1a: Hariyama
|-damage|p1a: Hariyama|36/100 brn
|move|p1a: Hariyama|Rest|p1a: Hariyama
|-status|p1a: Hariyama|slp|[from] move: Rest
|-heal|p1a: Hariyama|100/100 slp|[silent]
|
|upkeep
|turn|25
|
|t:|1728087356
|move|p2a: Weezing|Pain Split|p1a: Hariyama
|-sethp|p1a: Hariyama|67/100 slp|[from] move: Pain Split|[silent]
|-sethp|p2a: Weezing|90/100|[from] move: Pain Split
|cant|p1a: Hariyama|slp
|
|-heal|p1a: Hariyama|73/100 slp|[from] item: Leftovers
|upkeep
|turn|26
|
|t:|1728087362
|switch|p2a: Forretress|Forretress, M|82/100
|-damage|p2a: Forretress|69/100|[from] Spikes
|cant|p1a: Hariyama|slp
|
|-heal|p1a: Hariyama|79/100 slp|[from] item: Leftovers
|-heal|p2a: Forretress|76/100|[from] item: Leftovers
|upkeep
|turn|27
|
|t:|1728087369
|-curestatus|p1a: Hariyama|slp|[msg]
|move|p1a: Hariyama|Knock Off|p2a: Forretress
|-resisted|p2a: Forretress
|-damage|p2a: Forretress|75/100
|-enditem|p2a: Forretress|Leftovers|[from] move: Knock Off|[of] p1a: Hariyama
|move|p2a: Forretress|Rapid Spin|p1a: Hariyama
|-damage|p1a: Hariyama|76/100
|-sideend|p2: fayestra|Spikes|[from] move: Rapid Spin|[of] p2a: Forretress
|
|-heal|p1a: Hariyama|82/100|[from] item: Leftovers
|upkeep
|turn|28
|
|t:|1728087373
|move|p1a: Hariyama|Brick Break|p2a: Forretress
|-damage|p2a: Forretress|54/100
|move|p2a: Forretress|Spikes|p1a: Hariyama
|-sidestart|p1: singingcrow|Spikes
|
|-heal|p1a: Hariyama|88/100|[from] item: Leftovers
|upkeep
|turn|29
|
|t:|1728087382
|move|p1a: Hariyama|Brick Break|p2a: Forretress
|-damage|p2a: Forretress|34/100
|move|p2a: Forretress|Spikes|p1a: Hariyama
|-sidestart|p1: singingcrow|Spikes
|
|-heal|p1a: Hariyama|94/100|[from] item: Leftovers
|upkeep
|turn|30
|
|t:|1728087386
|switch|p2a: Weezing|Weezing, F|90/100
|move|p1a: Hariyama|Brick Break|p2a: Weezing
|-resisted|p2a: Weezing
|-damage|p2a: Weezing|79/100
|
|-heal|p1a: Hariyama|100/100|[from] item: Leftovers
|upkeep
|turn|31
|
|t:|1728087393
|move|p2a: Weezing|Will-O-Wisp|p1a: Hariyama
|-status|p1a: Hariyama|brn
|move|p1a: Hariyama|Brick Break|p2a: Weezing
|-resisted|p2a: Weezing
|-damage|p2a: Weezing|65/100
|
|-damage|p1a: Hariyama|88/100 brn|[from] brn
|upkeep
|turn|32
|
|t:|1728087400
|move|p2a: Weezing|Pain Split|p1a: Hariyama
|-sethp|p1a: Hariyama|68/100 brn|[from] move: Pain Split|[silent]
|-sethp|p2a: Weezing|92/100|[from] move: Pain Split
|move|p1a: Hariyama|Brick Break|p2a: Weezing
|-resisted|p2a: Weezing
|-damage|p2a: Weezing|75/100
|
|-heal|p1a: Hariyama|74/100 brn|[from] item: Leftovers
|-damage|p1a: Hariyama|62/100 brn|[from] brn
|upkeep
|turn|33
|
|t:|1728087410
|move|p2a: Weezing|Thunderbolt|p1a: Hariyama
|-damage|p1a: Hariyama|46/100 brn
|move|p1a: Hariyama|Brick Break|p2a: Weezing
|-resisted|p2a: Weezing
|-damage|p2a: Weezing|61/100
|
|-heal|p1a: Hariyama|53/100 brn|[from] item: Leftovers
|-damage|p1a: Hariyama|40/100 brn|[from] brn
|upkeep
|turn|34
|
|t:|1728087416
|switch|p2a: Celebi|Celebi|100/100
|move|p1a: Hariyama|Rest|p1a: Hariyama
|-status|p1a: Hariyama|slp|[from] move: Rest
|-heal|p1a: Hariyama|100/100 slp|[silent]
|
|upkeep
|turn|35
|
|t:|1728087420
|switch|p1a: Skarmory|Skarmory, M|100/100
|move|p2a: Celebi|Leech Seed|p1a: Skarmory
|-start|p1a: Skarmory|move: Leech Seed
|
|-damage|p1a: Skarmory|88/100|[from] Leech Seed|[of] p2a: Celebi
|upkeep
|turn|36
|
|t:|1728087426
|switch|p2a: Forretress|Forretress, M|34/100
|switch|p1a: Claydol|Claydol|100/100
|
|upkeep
|turn|37
|
|t:|1728087441
|move|p1a: Claydol|Rapid Spin|p2a: Forretress
|-resisted|p2a: Forretress
|-damage|p2a: Forretress|32/100
|-sideend|p1: singingcrow|Spikes|[from] move: Rapid Spin|[of] p1a: Claydol
|move|p2a: Forretress|Hidden Power|p1a: Claydol
|-supereffective|p1a: Claydol
|-damage|p1a: Claydol|70/100
|
|-heal|p1a: Claydol|76/100|[from] item: Leftovers
|upkeep
|turn|38
|
|t:|1728087447
|switch|p2a: Celebi|Celebi|100/100
|move|p1a: Claydol|Earthquake|p2a: Celebi
|-resisted|p2a: Celebi
|-crit|p2a: Celebi
|-damage|p2a: Celebi|74/100
|
|-heal|p2a: Celebi|80/100|[from] item: Leftovers
|-heal|p1a: Claydol|83/100|[from] item: Leftovers
|upkeep
|turn|39
|
|t:|1728087452
|switch|p1a: Skarmory|Skarmory, M|88/100
|move|p2a: Celebi|Leech Seed|p1a: Skarmory
|-start|p1a: Skarmory|move: Leech Seed
|
|-heal|p2a: Celebi|86/100|[from] item: Leftovers
|-heal|p1a: Skarmory|94/100|[from] item: Leftovers
|-damage|p1a: Skarmory|82/100|[from] Leech Seed|[of] p2a: Celebi
|-heal|p2a: Celebi|97/100|[silent]
|upkeep
|turn|40
|
|t:|1728087455
|switch|p2a: Forretress|Forretress, M|32/100
|switch|p1a: Dugtrio|Dugtrio, M|100/100
|
|upkeep
|turn|41
|
|t:|1728087463
|move|p1a: Dugtrio|Earthquake|p2a: Forretress
|-damage|p2a: Forretress|0 fnt
|faint|p2a: Forretress
|
|t:|1728087471
|switch|p2a: Celebi|Celebi|97/100
|
|-heal|p2a: Celebi|100/100|[from] item: Leftovers
|upkeep
|turn|42
|
|t:|1728087477
|switch|p1a: Skarmory|Skarmory, M|82/100
|move|p2a: Celebi|Leech Seed|p1a: Skarmory
|-start|p1a: Skarmory|move: Leech Seed
|
|-heal|p1a: Skarmory|88/100|[from] item: Leftovers
|-damage|p1a: Skarmory|76/100|[from] Leech Seed|[of] p2a: Celebi
|upkeep
|turn|43
|
|t:|1728087486
|switch|p2a: Weezing|Weezing, F|61/100
|move|p1a: Skarmory|Spikes|p2a: Weezing
|-sidestart|p2: fayestra|Spikes
|
|-heal|p1a: Skarmory|82/100|[from] item: Leftovers
|-damage|p1a: Skarmory|69/100|[from] Leech Seed|[of] p2a: Weezing
|-heal|p2a: Weezing|73/100|[silent]
|upkeep
|turn|44
|
|t:|1728087488
|switch|p1a: Hariyama|Hariyama, F|100/100 slp
|move|p2a: Weezing|Will-O-Wisp||[still]
|-fail|p2a: Weezing
|
|upkeep
|turn|45
|
|t:|1728087493
|move|p2a: Weezing|Pain Split|p1a: Hariyama
|-sethp|p1a: Hariyama|77/100 slp|[from] move: Pain Split|[silent]
|-sethp|p2a: Weezing|100/100|[from] move: Pain Split
|cant|p1a: Hariyama|slp
|
|-heal|p1a: Hariyama|84/100 slp|[from] item: Leftovers
|upkeep
|turn|46
|
|t:|1728087498
|switch|p2a: Celebi|Celebi|100/100
|-damage|p2a: Celebi|88/100|[from] Spikes
|cant|p1a: Hariyama|slp
|
|-heal|p2a: Celebi|94/100|[from] item: Leftovers
|-heal|p1a: Hariyama|90/100 slp|[from] item: Leftovers
|upkeep
|turn|47
|
|t:|1728087502
|move|p2a: Celebi|Leech Seed|p1a: Hariyama
|-start|p1a: Hariyama|move: Leech Seed
|-curestatus|p1a: Hariyama|slp|[msg]
|move|p1a: Hariyama|Knock Off|p2a: Celebi
|-supereffective|p2a: Celebi
|-damage|p2a: Celebi|91/100
|-enditem|p2a: Celebi|Leftovers|[from] move: Knock Off|[of] p1a: Hariyama
|
|-heal|p1a: Hariyama|96/100|[from] item: Leftovers
|-damage|p1a: Hariyama|84/100|[from] Leech Seed|[of] p2a: Celebi
|-heal|p2a: Celebi|100/100|[silent]
|upkeep
|turn|48
|
|t:|1728087505
|switch|p1a: Skarmory|Skarmory, M|69/100
|move|p2a: Celebi|Hidden Power|p1a: Skarmory
|-resisted|p1a: Skarmory
|-damage|p1a: Skarmory|64/100
|
|-heal|p1a: Skarmory|70/100|[from] item: Leftovers
|upkeep
|turn|49
|
|t:|1728087509
|move|p2a: Celebi|Leech Seed|p1a: Skarmory
|-start|p1a: Skarmory|move: Leech Seed
|move|p1a: Skarmory|Spikes|p2a: Celebi
|-sidestart|p2: fayestra|Spikes
|
|-heal|p1a: Skarmory|76/100|[from] item: Leftovers
|-damage|p1a: Skarmory|63/100|[from] Leech Seed|[of] p2a: Celebi
|upkeep
|turn|50
|
|t:|1728087520
|switch|p2a: Weezing|Weezing, F|100/100
|switch|p1a: Hariyama|Hariyama, F|84/100
|
|-heal|p1a: Hariyama|90/100|[from] item: Leftovers
|upkeep
|turn|51
|
|t:|1728087524
|move|p2a: Weezing|Will-O-Wisp|p1a: Hariyama
|-status|p1a: Hariyama|brn
|move|p1a: Hariyama|Brick Break|p2a: Weezing
|-resisted|p2a: Weezing
|-damage|p2a: Weezing|84/100
|
|-heal|p1a: Hariyama|96/100 brn|[from] item: Leftovers
|-damage|p1a: Hariyama|84/100 brn|[from] brn
|upkeep
|turn|52
|
|t:|1728087539
|move|p2a: Weezing|Thunderbolt|p1a: Hariyama
|-crit|p1a: Hariyama
|-damage|p1a: Hariyama|53/100 brn
|move|p1a: Hariyama|Brick Break|p2a: Weezing
|-resisted|p2a: Weezing
|-damage|p2a: Weezing|68/100
|
|-heal|p1a: Hariyama|59/100 brn|[from] item: Leftovers
|-damage|p1a: Hariyama|47/100 brn|[from] brn
|upkeep
|turn|53
|
|t:|1728087544
|switch|p2a: Swampert|Swampert, M|94/100
|-damage|p2a: Swampert|78/100|[from] Spikes
|move|p1a: Hariyama|Rest|p1a: Hariyama
|-status|p1a: Hariyama|slp|[from] move: Rest
|-heal|p1a: Hariyama|100/100 slp|[silent]
|
|-heal|p2a: Swampert|84/100|[from] item: Leftovers
|upkeep
|turn|54
|
|t:|1728087549
|move|p2a: Swampert|Surf|p1a: Hariyama
|-damage|p1a: Hariyama|78/100 slp
|cant|p1a: Hariyama|slp
|
|-heal|p2a: Swampert|90/100|[from] item: Leftovers
|-heal|p1a: Hariyama|84/100 slp|[from] item: Leftovers
|upkeep
|turn|55
|
|t:|1728087552
|cant|p1a: Hariyama|slp
|move|p2a: Swampert|Roar|p1a: Hariyama
|drag|p1a: Claydol|Claydol|83/100
|
|-heal|p1a: Claydol|89/100|[from] item: Leftovers
|-heal|p2a: Swampert|96/100|[from] item: Leftovers
|upkeep
|turn|56
|
|t:|1728087559
|switch|p1a: Hariyama|Hariyama, F|84/100 slp
|move|p2a: Swampert|Toxic||[still]
|-fail|p2a: Swampert
|
|-heal|p2a: Swampert|100/100|[from] item: Leftovers
|-heal|p1a: Hariyama|90/100 slp|[from] item: Leftovers
|upkeep
|turn|57
|
|t:|1728087564
|move|p2a: Swampert|Surf|p1a: Hariyama
|-damage|p1a: Hariyama|71/100 slp
|-curestatus|p1a: Hariyama|slp|[msg]
|move|p1a: Hariyama|Whirlwind|p2a: Swampert
|drag|p2a: Snorlax|Snorlax, M|100/100
|-damage|p2a: Snorlax|84/100|[from] Spikes
|
|-heal|p1a: Hariyama|77/100|[from] item: Leftovers
|-heal|p2a: Snorlax|90/100|[from] item: Leftovers
|upkeep
|turn|58
|
|t:|1728087572
|switch|p2a: Weezing|Weezing, F|68/100
|move|p1a: Hariyama|Whirlwind|p2a: Weezing
|drag|p2a: Umbreon|Umbreon, F|100/100
|-damage|p2a: Umbreon|84/100|[from] Spikes
|
|-heal|p2a: Umbreon|90/100|[from] item: Leftovers
|-heal|p1a: Hariyama|83/100|[from] item: Leftovers
|upkeep
|turn|59
|
|t:|1728087579
|move|p2a: Umbreon|Protect|p2a: Umbreon
|-singleturn|p2a: Umbreon|Protect
|move|p1a: Hariyama|Whirlwind|p2a: Umbreon
|-activate|p2a: Umbreon|Protect
|
|-heal|p2a: Umbreon|96/100|[from] item: Leftovers
|-heal|p1a: Hariyama|89/100|[from] item: Leftovers
|upkeep
|turn|60
|
|t:|1728087584
|move|p2a: Umbreon|Wish|p2a: Umbreon
|move|p1a: Hariyama|Knock Off|p2a: Umbreon
|-resisted|p2a: Umbreon
|-damage|p2a: Umbreon|96/100
|-enditem|p2a: Umbreon|Leftovers|[from] move: Knock Off|[of] p1a: Hariyama
|
|-heal|p1a: Hariyama|96/100|[from] item: Leftovers
|upkeep
|turn|61
|
|t:|1728087587
|move|p2a: Umbreon|Toxic|p1a: Hariyama
|-status|p1a: Hariyama|tox
|move|p1a: Hariyama|Whirlwind|p2a: Umbreon
|drag|p2a: Weezing|Weezing, F|68/100
|
|-heal|p2a: Weezing|100/100|[from] move: Wish|[wisher] Umbreon
|-heal|p1a: Hariyama|100/100 tox|[from] item: Leftovers
|-damage|p1a: Hariyama|94/100 tox|[from] psn
|upkeep
|turn|62
|
|t:|1728087592
|move|p2a: Weezing|Thunderbolt|p1a: Hariyama
|-damage|p1a: Hariyama|79/100 tox
|move|p1a: Hariyama|Brick Break|p2a: Weezing
|-resisted|p2a: Weezing
|-damage|p2a: Weezing|86/100
|
|-heal|p1a: Hariyama|85/100 tox|[from] item: Leftovers
|-damage|p1a: Hariyama|72/100 tox|[from] psn
|upkeep
|turn|63
|
|t:|1728087596
|move|p2a: Weezing|Thunderbolt|p1a: Hariyama
|-damage|p1a: Hariyama|57/100 tox
|move|p1a: Hariyama|Rest|p1a: Hariyama
|-status|p1a: Hariyama|slp|[from] move: Rest
|-heal|p1a: Hariyama|100/100 slp|[silent]
|
|upkeep
|turn|64
|
|t:|1728087603
|switch|p2a: Swampert|Swampert, M|100/100
|-damage|p2a: Swampert|84/100|[from] Spikes
|cant|p1a: Hariyama|slp
|
|-heal|p2a: Swampert|90/100|[from] item: Leftovers
|upkeep
|turn|65
|
|t:|1728087607
|move|p2a: Swampert|Roar|p1a: Hariyama
|drag|p1a: Claydol|Claydol|89/100
|
|-heal|p1a: Claydol|95/100|[from] item: Leftovers
|-heal|p2a: Swampert|96/100|[from] item: Leftovers
|upkeep
|turn|66
|
|t:|1728087611
|switch|p1a: Hariyama|Hariyama, F|100/100 slp
|move|p2a: Swampert|Surf|p1a: Hariyama
|-damage|p1a: Hariyama|78/100 slp
|
|-heal|p2a: Swampert|100/100|[from] item: Leftovers
|-heal|p1a: Hariyama|84/100 slp|[from] item: Leftovers
|upkeep
|turn|67
|
|t:|1728087625
|move|p2a: Swampert|Roar|p1a: Hariyama
|drag|p1a: Skarmory|Skarmory, M|63/100
|
|-heal|p1a: Skarmory|69/100|[from] item: Leftovers
|upkeep
|turn|68
|
|t:|1728087632
|switch|p1a: Hariyama|Hariyama, F|84/100 slp
|move|p2a: Swampert|Surf|p1a: Hariyama
|-damage|p1a: Hariyama|62/100 slp
|
|-heal|p1a: Hariyama|69/100 slp|[from] item: Leftovers
|upkeep
|turn|69
|
|t:|1728087642
|move|p2a: Swampert|Surf|p1a: Hariyama
|-damage|p1a: Hariyama|48/100 slp
|cant|p1a: Hariyama|slp
|
|-heal|p1a: Hariyama|54/100 slp|[from] item: Leftovers
|upkeep
|turn|70
|
|t:|1728087648
|switch|p2a: Weezing|Weezing, F|86/100
|-curestatus|p1a: Hariyama|slp|[msg]
|move|p1a: Hariyama|Knock Off|p2a: Weezing
|-damage|p2a: Weezing|83/100
|
|-heal|p1a: Hariyama|60/100|[from] item: Leftovers
|upkeep
|turn|71
|
|t:|1728087653
|move|p2a: Weezing|Thunderbolt|p1a: Hariyama
|-damage|p1a: Hariyama|44/100
|move|p1a: Hariyama|Whirlwind|p2a: Weezing
|drag|p2a: Snorlax|Snorlax, M|90/100
|-damage|p2a: Snorlax|74/100|[from] Spikes
|
|-heal|p1a: Hariyama|51/100|[from] item: Leftovers
|-heal|p2a: Snorlax|80/100|[from] item: Leftovers
|upkeep
|turn|72
|
|t:|1728087663
|switch|p2a: Weezing|Weezing, F|83/100
|move|p1a: Hariyama|Brick Break|p2a: Weezing
|-resisted|p2a: Weezing
|-damage|p2a: Weezing|72/100
|
|-heal|p1a: Hariyama|57/100|[from] item: Leftovers
|upkeep
|turn|73
|
|t:|1728087669
|move|p2a: Weezing|Thunderbolt|p1a: Hariyama
|-damage|p1a: Hariyama|42/100
|move|p1a: Hariyama|Whirlwind|p2a: Weezing
|drag|p2a: Celebi|Celebi|100/100
|-damage|p2a: Celebi|84/100|[from] Spikes
|
|-heal|p1a: Hariyama|48/100|[from] item: Leftovers
|upkeep
|turn|74
|
|t:|1728087676
|switch|p1a: Skarmory|Skarmory, M|69/100
|move|p2a: Celebi|Leech Seed|p1a: Skarmory
|-start|p1a: Skarmory|move: Leech Seed
|
|-heal|p1a: Skarmory|75/100|[from] item: Leftovers
|-damage|p1a: Skarmory|63/100|[from] Leech Seed|[of] p2a: Celebi
|-heal|p2a: Celebi|94/100|[silent]
|upkeep
|turn|75
|
|t:|1728087687
|switch|p2a: Weezing|Weezing, F|72/100
|move|p1a: Skarmory|Spikes|p2a: Weezing
|-sidestart|p2: fayestra|Spikes
|
|-heal|p1a: Skarmory|69/100|[from] item: Leftovers
|-damage|p1a: Skarmory|57/100|[from] Leech Seed|[of] p2a: Weezing
|-heal|p2a: Weezing|84/100|[silent]
|upkeep
|turn|76
|
|t:|1728087694
|switch|p1a: Hariyama|Hariyama, F|48/100
|move|p2a: Weezing|Fire Blast|p1a: Hariyama
|-damage|p1a: Hariyama|32/100
|
|-heal|p1a: Hariyama|38/100|[from] item: Leftovers
|upkeep
|turn|77
|
|t:|1728087702
|move|p2a: Weezing|Thunderbolt|p1a: Hariyama
|-damage|p1a: Hariyama|24/100
|move|p1a: Hariyama|Rest|p1a: Hariyama
|-status|p1a: Hariyama|slp|[from] move: Rest
|-heal|p1a: Hariyama|100/100 slp|[silent]
|
|upkeep
|turn|78
|
|t:|1728087710
|switch|p2a: Swampert|Swampert, M|100/100
|-damage|p2a: Swampert|76/100|[from] Spikes
|cant|p1a: Hariyama|slp
|
|-heal|p2a: Swampert|82/100|[from] item: Leftovers
|upkeep
|turn|79
|
|t:|1728087713
|cant|p1a: Hariyama|slp
|move|p2a: Swampert|Roar|p1a: Hariyama
|drag|p1a: Suicune|Suicune|100/100
|
|-heal|p2a: Swampert|88/100|[from] item: Leftovers
|upkeep
|turn|80
|
|t:|1728087719
|switch|p1a: Hariyama|Hariyama, F|100/100 slp
|move|p2a: Swampert|Toxic|p1a: Hariyama|[miss]
|-miss|p2a: Swampert|p1a: Hariyama
|
|-heal|p2a: Swampert|94/100|[from] item: Leftovers
|upkeep
|turn|81
|
|t:|1728087727
|switch|p2a: Celebi|Celebi|94/100
|-damage|p2a: Celebi|69/100|[from] Spikes
|-curestatus|p1a: Hariyama|slp|[msg]
|move|p1a: Hariyama|Whirlwind|p2a: Celebi
|drag|p2a: Swampert|Swampert, M|94/100
|-damage|p2a: Swampert|69/100|[from] Spikes
|
|-heal|p2a: Swampert|76/100|[from] item: Leftovers
|upkeep
|turn|82
|
|t:|1728087735
|move|p2a: Swampert|Protect|p2a: Swampert
|-singleturn|p2a: Swampert|Protect
|move|p1a: Hariyama|Whirlwind|p2a: Swampert
|-activate|p2a: Swampert|Protect
|
|-heal|p2a: Swampert|82/100|[from] item: Leftovers
|upkeep
|turn|83
|
|t:|1728087739
|switch|p2a: Weezing|Weezing, F|84/100
|move|p1a: Hariyama|Whirlwind|p2a: Weezing
|drag|p2a: Snorlax|Snorlax, M|80/100
|-damage|p2a: Snorlax|55/100|[from] Spikes
|
|-heal|p2a: Snorlax|61/100|[from] item: Leftovers
|upkeep
|turn|84
|
|t:|1728087744
|switch|p2a: Weezing|Weezing, F|84/100
|move|p1a: Hariyama|Knock Off|p2a: Weezing
|-damage|p2a: Weezing|81/100
|
|upkeep
|turn|85
|
|t:|1728087753
|move|p2a: Weezing|Will-O-Wisp|p1a: Hariyama|[miss]
|-miss|p2a: Weezing|p1a: Hariyama
|move|p1a: Hariyama|Whirlwind|p2a: Weezing
|drag|p2a: Umbreon|Umbreon, F|96/100
|-damage|p2a: Umbreon|71/100|[from] Spikes
|
|upkeep
|turn|86
|
|t:|1728087759
|move|p2a: Umbreon|Protect|p2a: Umbreon
|-singleturn|p2a: Umbreon|Protect
|move|p1a: Hariyama|Whirlwind|p2a: Umbreon
|-activate|p2a: Umbreon|Protect
|
|upkeep
|turn|87
|
|t:|1728087761
|move|p2a: Umbreon|Toxic|p1a: Hariyama
|-status|p1a: Hariyama|tox
|move|p1a: Hariyama|Whirlwind|p2a: Umbreon
|drag|p2a: Weezing|Weezing, F|81/100
|
|-damage|p1a: Hariyama|94/100 tox|[from] psn
|upkeep
|turn|88
|
|t:|1728087767
|move|p2a: Weezing|Thunderbolt|p1a: Hariyama
|-damage|p1a: Hariyama|80/100 tox
|move|p1a: Hariyama|Whirlwind|p2a: Weezing
|drag|p2a: Celebi|Celebi|69/100
|-damage|p2a: Celebi|44/100|[from] Spikes
|
|-heal|p1a: Hariyama|86/100 tox|[from] item: Leftovers
|-damage|p1a: Hariyama|74/100 tox|[from] psn
|upkeep
|turn|89
|
|t:|1728087770
|move|p2a: Celebi|Recover|p2a: Celebi
|-heal|p2a: Celebi|94/100
|move|p1a: Hariyama|Whirlwind|p2a: Celebi
|drag|p2a: Weezing|Weezing, F|81/100
|
|-heal|p1a: Hariyama|80/100 tox|[from] item: Leftovers
|-damage|p1a: Hariyama|61/100 tox|[from] psn
|upkeep
|turn|90
|
|t:|1728087782
|move|p2a: Weezing|Thunderbolt|p1a: Hariyama
|-damage|p1a: Hariyama|46/100 tox
|move|p1a: Hariyama|Rest|p1a: Hariyama
|-status|p1a: Hariyama|slp|[from] move: Rest
|-heal|p1a: Hariyama|100/100 slp|[silent]
|
|upkeep
|turn|91
|
|t:|1728087790
|switch|p1a: Skarmory|Skarmory, M|57/100
|move|p2a: Weezing|Pain Split|p1a: Skarmory
|-sethp|p1a: Skarmory|69/100|[from] move: Pain Split|[silent]
|-sethp|p2a: Weezing|69/100|[from] move: Pain Split
|
|-heal|p1a: Skarmory|75/100|[from] item: Leftovers
|upkeep
|turn|92
|
|t:|1728087795
|move|p1a: Skarmory|Protect|p1a: Skarmory
|-singleturn|p1a: Skarmory|Protect
|move|p2a: Weezing|Will-O-Wisp|p1a: Skarmory|[miss]
|-miss|p2a: Weezing|p1a: Skarmory
|
|-heal|p1a: Skarmory|81/100|[from] item: Leftovers
|upkeep
|turn|93
|
|t:|1728087797
|switch|p1a: Hariyama|Hariyama, F|100/100 slp
|move|p2a: Weezing|Pain Split|p1a: Hariyama
|-sethp|p1a: Hariyama|76/100 slp|[from] move: Pain Split|[silent]
|-sethp|p2a: Weezing|100/100|[from] move: Pain Split
|
|-heal|p1a: Hariyama|82/100 slp|[from] item: Leftovers
|upkeep
|turn|94
|
|t:|1728087817
|switch|p2a: Celebi|Celebi|94/100
|-damage|p2a: Celebi|69/100|[from] Spikes
|cant|p1a: Hariyama|slp
|
|-heal|p1a: Hariyama|88/100 slp|[from] item: Leftovers
|upkeep
|turn|95
|
|t:|1728087820
|move|p2a: Celebi|Leech Seed|p1a: Hariyama
|-start|p1a: Hariyama|move: Leech Seed
|cant|p1a: Hariyama|slp
|
|-heal|p1a: Hariyama|94/100 slp|[from] item: Leftovers
|-damage|p1a: Hariyama|82/100 slp|[from] Leech Seed|[of] p2a: Celebi
|-heal|p2a: Celebi|83/100|[silent]
|upkeep
|turn|96
|
|t:|1728087831
|switch|p1a: Claydol|Claydol|95/100
|move|p2a: Celebi|Hidden Power|p1a: Claydol
|-supereffective|p1a: Claydol
|-damage|p1a: Claydol|49/100
|
|-heal|p1a: Claydol|55/100|[from] item: Leftovers
|upkeep
|turn|97
|
|t:|1728087839
|switch|p1a: Skarmory|Skarmory, M|81/100
|move|p2a: Celebi|Hidden Power|p1a: Skarmory
|-resisted|p1a: Skarmory
|-damage|p1a: Skarmory|75/100
|
|-heal|p1a: Skarmory|81/100|[from] item: Leftovers
|upkeep
|turn|98
|
|t:|1728087844
|move|p2a: Celebi|Recover|p2a: Celebi
|-heal|p2a: Celebi|100/100
|move|p1a: Skarmory|Toxic|p2a: Celebi|[miss]
|-miss|p1a: Skarmory|p2a: Celebi
|
|-heal|p1a: Skarmory|87/100|[from] item: Leftovers
|upkeep
|turn|99
|
|t:|1728087846
|move|p2a: Celebi|Leech Seed|p1a: Skarmory
|-start|p1a: Skarmory|move: Leech Seed
|move|p1a: Skarmory|Roar|p2a: Celebi
|drag|p2a: Snorlax|Snorlax, M|61/100
|-damage|p2a: Snorlax|36/100|[from] Spikes
|
|-heal|p1a: Skarmory|93/100|[from] item: Leftovers
|-damage|p1a: Skarmory|81/100|[from] Leech Seed|[of] p2a: Snorlax
|-heal|p2a: Snorlax|45/100|[silent]
|-heal|p2a: Snorlax|51/100|[from] item: Leftovers
|upkeep
|turn|100
|
|t:|1728087851
|switch|p1a: Hariyama|Hariyama, F|82/100 slp
|move|p2a: Snorlax|Rest|p2a: Snorlax
|-status|p2a: Snorlax|slp|[from] move: Rest
|-heal|p2a: Snorlax|100/100 slp|[silent]
|
|-heal|p1a: Hariyama|88/100 slp|[from] item: Leftovers
|upkeep
|turn|101
|
|t:|1728087855
|switch|p2a: Weezing|Weezing, F|100/100
|-curestatus|p1a: Hariyama|slp|[msg]
|move|p1a: Hariyama|Whirlwind|p2a: Weezing
|drag|p2a: Umbreon|Umbreon, F|71/100
|-damage|p2a: Umbreon|46/100|[from] Spikes
|
|-heal|p1a: Hariyama|94/100|[from] item: Leftovers
|upkeep
|turn|102
|
|t:|1728087861
|move|p2a: Umbreon|Protect|p2a: Umbreon
|-singleturn|p2a: Umbreon|Protect
|move|p1a: Hariyama|Brick Break|p2a: Umbreon
|-activate|p2a: Umbreon|Protect
|
|-heal|p1a: Hariyama|100/100|[from] item: Leftovers
|upkeep
|turn|103
|
|t:|1728087864
|switch|p2a: Weezing|Weezing, F|100/100
|move|p1a: Hariyama|Whirlwind|p2a: Weezing
|drag|p2a: Snorlax|Snorlax, M|100/100 slp
|-damage|p2a: Snorlax|76/100 slp|[from] Spikes
|
|-heal|p2a: Snorlax|82/100 slp|[from] item: Leftovers
|upkeep
|turn|104
|
|t:|1728087868
|switch|p2a: Weezing|Weezing, F|100/100
|move|p1a: Hariyama|Whirlwind|p2a: Weezing
|drag|p2a: Snorlax|Snorlax, M|82/100 slp
|-damage|p2a: Snorlax|57/100 slp|[from] Spikes
|
|-heal|p2a: Snorlax|63/100 slp|[from] item: Leftovers
|upkeep
|turn|105
|
|t:|1728087871
|switch|p2a: Swampert|Swampert, M|82/100
|-damage|p2a: Swampert|57/100|[from] Spikes
|move|p1a: Hariyama|Whirlwind|p2a: Swampert
|drag|p2a: Snorlax|Snorlax, M|63/100 slp
|-damage|p2a: Snorlax|38/100 slp|[from] Spikes
|
|-heal|p2a: Snorlax|44/100 slp|[from] item: Leftovers
|upkeep
|turn|106
|
|t:|1728087875
|switch|p2a: Celebi|Celebi|100/100
|-damage|p2a: Celebi|75/100|[from] Spikes
|move|p1a: Hariyama|Whirlwind|p2a: Celebi
|drag|p2a: Snorlax|Snorlax, M|44/100 slp
|-damage|p2a: Snorlax|19/100 slp|[from] Spikes
|
|-heal|p2a: Snorlax|26/100 slp|[from] item: Leftovers
|upkeep
|turn|107
|
|t:|1728087880
|switch|p2a: Weezing|Weezing, F|100/100
|move|p1a: Hariyama|Whirlwind|p2a: Weezing
|drag|p2a: Celebi|Celebi|75/100
|-damage|p2a: Celebi|50/100|[from] Spikes
|
|upkeep
|turn|108
|
|t:|1728087886
|switch|p1a: Dugtrio|Dugtrio, M|100/100
|move|p2a: Celebi|Heal Bell|p2a: Celebi
|-activate|p2a: Celebi|move: Heal Bell
|-curestatus|p2: Snorlax|slp|[silent]
|
|upkeep
|turn|109
|
|t:|1728087890
|move|p1a: Dugtrio|Hidden Power|p2a: Celebi
|-supereffective|p2a: Celebi
|-damage|p2a: Celebi|0 fnt
|faint|p2a: Celebi
|
|t:|1728087899
|switch|p2a: Weezing|Weezing, F|100/100
|
|upkeep
|turn|110
|
|t:|1728087903
|switch|p1a: Hariyama|Hariyama, F|100/100
|move|p2a: Weezing|Will-O-Wisp|p1a: Hariyama|[miss]
|-miss|p2a: Weezing|p1a: Hariyama
|
|upkeep
|turn|111
|c|+ALlCE|piex
|c|☆singingcrow|srry for bringing stall
|c|☆fayestra|i'm also stall
|c|☆singingcrow|lol
|inactive|singingcrow has 270 seconds left.
|
|t:|1728087939
|move|p2a: Weezing|Will-O-Wisp|p1a: Hariyama
|-status|p1a: Hariyama|brn
|move|p1a: Hariyama|Whirlwind|p2a: Weezing
|drag|p2a: Umbreon|Umbreon, F|46/100
|-damage|p2a: Umbreon|21/100|[from] Spikes
|
|-damage|p1a: Hariyama|88/100 brn|[from] brn
|upkeep
|turn|112
|
|t:|1728087943
|move|p2a: Umbreon|Wish|p2a: Umbreon
|move|p1a: Hariyama|Whirlwind|p2a: Umbreon
|drag|p2a: Swampert|Swampert, M|57/100
|-damage|p2a: Swampert|32/100|[from] Spikes
|
|-heal|p2a: Swampert|38/100|[from] item: Leftovers
|-heal|p1a: Hariyama|94/100 brn|[from] item: Leftovers
|-damage|p1a: Hariyama|82/100 brn|[from] brn
|upkeep
|turn|113
|
|t:|1728087950
|move|p2a: Swampert|Roar|p1a: Hariyama
|drag|p1a: Skarmory|Skarmory, M|81/100
|
|-heal|p2a: Swampert|88/100|[from] move: Wish|[wisher] Umbreon
|-heal|p1a: Skarmory|87/100|[from] item: Leftovers
|-heal|p2a: Swampert|95/100|[from] item: Leftovers
|upkeep
|turn|114
|
|t:|1728087956
|move|p1a: Skarmory|Toxic|p2a: Swampert
|-status|p2a: Swampert|tox
|move|p2a: Swampert|Surf|p1a: Skarmory
|-damage|p1a: Skarmory|60/100
|
|-heal|p1a: Skarmory|66/100|[from] item: Leftovers
|-heal|p2a: Swampert|100/100 tox|[from] item: Leftovers
|-damage|p2a: Swampert|94/100 tox|[from] psn
|upkeep
|turn|115
|
|t:|1728087961
|switch|p2a: Weezing|Weezing, F|100/100
|move|p1a: Skarmory|Protect||[still]
|-fail|p1a: Skarmory
|
|-heal|p1a: Skarmory|72/100|[from] item: Leftovers
|upkeep
|turn|116
|
|t:|1728087966
|switch|p1a: Hariyama|Hariyama, F|82/100 brn
|move|p2a: Weezing|Thunderbolt|p1a: Hariyama
|-damage|p1a: Hariyama|68/100 brn
|
|-heal|p1a: Hariyama|74/100 brn|[from] item: Leftovers
|-damage|p1a: Hariyama|62/100 brn|[from] brn
|upkeep
|turn|117
|
|t:|1728087974
|move|p2a: Weezing|Thunderbolt|p1a: Hariyama
|-damage|p1a: Hariyama|48/100 brn
|move|p1a: Hariyama|Rest|p1a: Hariyama
|-status|p1a: Hariyama|slp|[from] move: Rest
|-heal|p1a: Hariyama|100/100 slp|[silent]
|
|upkeep
|turn|118
|
|t:|1728087978
|move|p2a: Weezing|Pain Split|p1a: Hariyama
|-sethp|p1a: Hariyama|88/100 slp|[from] move: Pain Split|[silent]
|-sethp|p2a: Weezing|100/100|[from] move: Pain Split
|cant|p1a: Hariyama|slp
|
|-heal|p1a: Hariyama|94/100 slp|[from] item: Leftovers
|upkeep
|turn|119
|
|t:|1728087987
|move|p2a: Weezing|Thunderbolt|p1a: Hariyama
|-damage|p1a: Hariyama|80/100 slp
|cant|p1a: Hariyama|slp
|
|-heal|p1a: Hariyama|86/100 slp|[from] item: Leftovers
|upkeep
|turn|120
|
|t:|1728087998
|move|p2a: Weezing|Will-O-Wisp|p1a: Hariyama|[miss]
|-miss|p2a: Weezing|p1a: Hariyama
|-curestatus|p1a: Hariyama|slp|[msg]
|move|p1a: Hariyama|Whirlwind|p2a: Weezing
|drag|p2a: Umbreon|Umbreon, F|21/100
|-damage|p2a: Umbreon|0 fnt|[from] Spikes
|faint|p2a: Umbreon
|
|t:|1728088001
|switch|p2a: Swampert|Swampert, M|94/100 tox
|-damage|p2a: Swampert|69/100 tox|[from] Spikes
|
|-heal|p2a: Swampert|76/100 tox|[from] item: Leftovers
|-damage|p2a: Swampert|69/100 tox|[from] psn
|-heal|p1a: Hariyama|93/100|[from] item: Leftovers
|upkeep
|turn|121
|
|t:|1728088006
|move|p1a: Hariyama|Knock Off|p2a: Swampert
|-damage|p2a: Swampert|67/100 tox
|-enditem|p2a: Swampert|Leftovers|[from] move: Knock Off|[of] p1a: Hariyama
|move|p2a: Swampert|Roar|p1a: Hariyama
|drag|p1a: Skarmory|Skarmory, M|72/100
|
|-heal|p1a: Skarmory|78/100|[from] item: Leftovers
|-damage|p2a: Swampert|55/100 tox|[from] psn
|upkeep
|turn|122
|
|t:|1728088013
|move|p2a: Swampert|Surf|p1a: Skarmory
|-damage|p1a: Skarmory|54/100
|move|p1a: Skarmory|Roar|p2a: Swampert
|drag|p2a: Weezing|Weezing, F|100/100
|
|-heal|p1a: Skarmory|60/100|[from] item: Leftovers
|upkeep
|turn|123
|
|t:|1728088015
|switch|p1a: Hariyama|Hariyama, F|93/100
|move|p2a: Weezing|Will-O-Wisp|p1a: Hariyama
|-status|p1a: Hariyama|brn
|
|-heal|p1a: Hariyama|99/100 brn|[from] item: Leftovers
|-damage|p1a: Hariyama|86/100 brn|[from] brn
|upkeep
|turn|124
|
|t:|1728088020
|move|p2a: Weezing|Thunderbolt|p1a: Hariyama
|-damage|p1a: Hariyama|71/100 brn
|move|p1a: Hariyama|Whirlwind|p2a: Weezing
|drag|p2a: Snorlax|Snorlax, M|26/100
|-damage|p2a: Snorlax|1/100|[from] Spikes
|
|-heal|p1a: Hariyama|77/100 brn|[from] item: Leftovers
|-damage|p1a: Hariyama|65/100 brn|[from] brn
|-heal|p2a: Snorlax|7/100|[from] item: Leftovers
|upkeep
|turn|125
|
|t:|1728088023
|move|p1a: Hariyama|Brick Break|p2a: Snorlax
|-supereffective|p2a: Snorlax
|-damage|p2a: Snorlax|0 fnt
|faint|p2a: Snorlax
|
|t:|1728088024
|switch|p2a: Swampert|Swampert, M|55/100 tox
|-damage|p2a: Swampert|30/100 tox|[from] Spikes
|
|-damage|p2a: Swampert|24/100 tox|[from] psn
|-heal|p1a: Hariyama|71/100 brn|[from] item: Leftovers
|-damage|p1a: Hariyama|58/100 brn|[from] brn
|upkeep
|turn|126
|-message|fayestra forfeited.
|
|win|singingcrow
|c|☆singingcrow|gg
|c|☆fayestra|gg
|c|☆singingcrow|pretty close tbh, though i feel i got a lucky matchup

</script>
<script type="application/json" class="data" id="replaydata-smogtours-gen3ou-794788">
{"id":"smogtours-gen3ou-794788","format":"[Gen 3] OU","players":["singingcrow","fayestra"],"uploadtime":1728088029,"views":147,"formatid":"gen3ou","rating":null,"private":0,"password":null}
</script>

<script defer src="js/replays.js?9d40a366"></script>
