<!DOCTYPE html>
<meta charset="utf-8" />
<meta name="viewport" content="width=device-width" />

<title>[Gen 3] OU: Halbert Simpson vs. Colby2D - Replays - Pok&eacute;mon Showdown!</title>

<meta name="description" content="Watch a replay of a Pok&eacute;mon battle between Halbert Simpson and Colby2D! Format: [Gen 3] OU; Date: Oct 14, 2024" />
<!--

Hey, you! Looking in the source for the replay log?

You can find them in JSON format, just add `.json` at the end of a replay URL.

https://replay.pokemonshowdown.com/gen7randomdoublesbattle-865046831.json

Or, if you only need the log itself, add `.log` instead:

https://replay.pokemonshowdown.com/gen7randomdoublesbattle-865046831.log

-->

<link rel="stylesheet" href="//pokemonshowdown.com/style/global.css?0.767286132409787" />
<link rel="stylesheet" href="//play.pokemonshowdown.com/style/font-awesome.css?0.9266228007934947" />
<link rel="stylesheet" href="//play.pokemonshowdown.com/style/battle.css?0.7924700842790926" />
<link rel="stylesheet" href="//play.pokemonshowdown.com/style/utilichart.css?0.8777417872839479" />

<!-- Global site tag (gtag.js) - Google Analytics -->
<script async src="https://www.googletagmanager.com/gtag/js?id=UA-26211653-1"></script>
<script>
  window.dataLayer = window.dataLayer || [];
  function gtag(){dataLayer.push(arguments);}
  gtag('js', new Date());

  gtag('config', 'UA-26211653-1');
</script>
<!-- End Google Analytics -->
<!-- Venatus Ad Manager - Install in <HEAD> of page -->
	<script src="https://hb.vntsm.com/v3/live/ad-manager.min.js" type="text/javascript" data-site-id="642aba63ec9a7b11c3c9c1be" data-mode="scan" async></script>
<!-- / Venatus Ad Manager -->

<style>
	@media (max-width:820px) {
		.battle {
			margin: 0 auto;
		}
		.battle-log {
			margin: 7px auto 0;
			max-width: 640px;
			height: 300px;
			position: static;
		}
	}
	.optgroup {
		display: inline-block;
		line-height: 22px;
		font-size: 10pt;
	}
	.optgroup .button {
		height: 25px;
		padding-top: 0;
		padding-bottom: 0;
	}
	.optgroup button.button {
		padding-left: 12px;
		padding-right: 12px;
	}
	.linklist {
		list-style: none;
		margin: 0.5em 0;
		padding: 0;
	}
	.linklist li {
		padding: 2px 0;
	}
	.sidebar {
		float: left;
		width: 320px;
	}
	.bar-wrapper {
		max-width: 1100px;
		margin: 0 auto;
	}
	.bar-wrapper.has-sidebar {
		max-width: 1430px;
	}
	.mainbar {
		margin: 0;
		padding-right: 1px;
	}
	.mainbar.has-sidebar {
		margin-left: 330px;
	}
	@media (min-width: 1511px) {
		.sidebar {
			width: 400px;
		}
		.bar-wrapper.has-sidebar {
			max-width: 1510px;
		}
		.mainbar.has-sidebar {
			margin-left: 410px;
		}
	}
	.section.first-section {
		margin-top: 9px;
	}
	.blocklink small {
		white-space: normal;
	}
	.button {
		vertical-align: middle;
	}
	.replay-controls {
		padding-top: 10px;
	}
	.replay-controls h1 {
		font-size: 16pt;
		font-weight: normal;
		color: #CCC;
	}
	.pagelink {
		text-align: center;
	}
	.pagelink a {
		width: 150px;
	}
	.textbox, .button {
		font-size: 11pt;
		vertical-align: middle;
	}
	@media (max-width: 450px) {
		.button {
			font-size: 9pt;
		}
	}
</style>

<div>

	<header>
		<div class="nav-wrapper"><ul class="nav">
			<li><a class="button nav-first" href="//pokemonshowdown.com/"><img src="//pokemonshowdown.com/images/pokemonshowdownbeta.png" srcset="//pokemonshowdown.com/images/pokemonshowdownbeta.png 1x, //pokemonshowdown.com/images/pokemonshowdownbeta@2x.png 2x" alt="Pok&eacute;mon Showdown" width="146" height="44" /> Home</a></li>
			<li><a class="button" href="//pokemonshowdown.com/dex/">Pok&eacute;dex</a></li>
			<li><a class="button cur" href="/">Replays</a></li>
			<li><a class="button" href="//pokemonshowdown.com/ladder/">Ladder</a></li>
			<li><a class="button nav-last" href="//pokemonshowdown.com/forums/">Forum</a></li>
			<li><a class="button greenbutton nav-first nav-last" href="//play.pokemonshowdown.com/">Play</a></li>
		</ul></div>
	</header>

	<div class="main" id="main">

		<noscript><section class="section">You need to enable JavaScript to use this page; sorry!</section></noscript>

	</div>

</div>

<script defer nomodule src="//play.pokemonshowdown.com/js/lib/ps-polyfill.js"></script>
<script defer src="//play.pokemonshowdown.com/js/lib/preact.min.js"></script>

<script defer src="//play.pokemonshowdown.com/config/config.js?6dec07f6"></script>
<script defer src="//play.pokemonshowdown.com/js/lib/jquery-1.11.0.min.js"></script>
<script defer src="//play.pokemonshowdown.com/js/lib/html-sanitizer-minified.js"></script>
<script defer src="//play.pokemonshowdown.com/js/battle-sound.js"></script>
<script defer src="//play.pokemonshowdown.com/js/battledata.js?0.6315294753075389"></script>
<script defer src="//play.pokemonshowdown.com/data/pokedex-mini.js?0.7603743185311358"></script>
<script defer src="//play.pokemonshowdown.com/data/pokedex-mini-bw.js?0.030888842834281283"></script>
<script defer src="//play.pokemonshowdown.com/data/graphics.js?0.05593094747507488"></script>
<script defer src="//play.pokemonshowdown.com/data/pokedex.js?0.47064822249611904"></script>
<script defer src="//play.pokemonshowdown.com/data/moves.js?0.8583693120512459"></script>
<script defer src="//play.pokemonshowdown.com/data/abilities.js?0.16017181182386842"></script>
<script defer src="//play.pokemonshowdown.com/data/items.js?0.4163379185673943"></script>
<script defer src="//play.pokemonshowdown.com/data/teambuilder-tables.js?0.31075597372830477"></script>
<script defer src="//play.pokemonshowdown.com/js/battle-tooltips.js?0.6536193500708172"></script>
<script defer src="//play.pokemonshowdown.com/js/battle.js?0.1916591943277901"></script>

<script defer src="js/utils.js?e31f9a17"></script>
<script defer src="js/replays-battle.js?7008c182"></script>

<!-- don't scrape this data! just add .json or .log after the URL!
Full API docs: https://github.com/smogon/pokemon-showdown-client/blob/master/WEB-API.md -->
<script type="text/plain" class="log" id="replaylog-smogtours-gen3ou-798690">
|inactive|Battle timer is ON: inactive players will automatically lose when time's up.
|t:|1728929472
|gametype|singles
|player|p1|Halbert Simpson|bugcatcher-gen4dp|
|player|p2|Colby2D|1|
|teamsize|p1|6
|teamsize|p2|6
|gen|3
|tier|[Gen 3] OU
|rule|Sleep Clause Mod: Limit one foe put to sleep
|rule|Switch Priority Clause Mod: Faster Pokémon switch first
|rule|Species Clause: Limit one of each Pokémon
|rule|OHKO Clause: OHKO moves are banned
|rule|Evasion Items Clause: Evasion items are banned
|rule|Evasion Moves Clause: Evasion moves are banned
|rule|Endless Battle Clause: Forcing endless battles is banned
|rule|HP Percentage Mod: HP is shown in percentages
|rule|One Boost Passer Clause: Limit one Baton Passer that has a way to boost its stats
|rule|Freeze Clause Mod: Limit one foe frozen
|
|t:|1728929472
|start
|switch|p1a: Ratto-Kazooie|Tyranitar, M|100/100
|switch|p2a: Jolteon|Jolteon, F|100/100
|-weather|Sandstorm|[from] ability: Sand Stream|[of] p1a: Ratto-Kazooie
|turn|1
|c|☆Colby2D|glhf
|
|t:|1728929498
|switch|p2a: Suicune|Suicune|100/100
|move|p1a: Ratto-Kazooie|Ice Beam|p2a: Suicune
|-resisted|p2a: Suicune
|-damage|p2a: Suicune|90/100
|
|-weather|Sandstorm|[upkeep]
|-damage|p2a: Suicune|83/100|[from] Sandstorm
|-heal|p2a: Suicune|90/100|[from] item: Leftovers
|upkeep
|turn|2
|c|☆Halbert Simpson|You too.
|inactive|Halbert Simpson has 270 seconds left.
|
|t:|1728929535
|switch|p1a: Big Remy|Raticate, M|100/100
|move|p2a: Suicune|Ice Beam|p1a: Big Remy
|-damage|p1a: Big Remy|78/100
|
|-weather|Sandstorm|[upkeep]
|-damage|p1a: Big Remy|72/100|[from] Sandstorm
|-damage|p2a: Suicune|83/100|[from] Sandstorm
|-heal|p1a: Big Remy|78/100|[from] item: Leftovers
|-heal|p2a: Suicune|90/100|[from] item: Leftovers
|upkeep
|turn|3
|inactive|Halbert Simpson has 270 seconds left.
|
|t:|1728929546
|switch|p2a: Skarmory|Skarmory, F|100/100
|move|p1a: Big Remy|Thunder Wave|p2a: Skarmory
|-status|p2a: Skarmory|par
|
|-weather|Sandstorm|[upkeep]
|-damage|p1a: Big Remy|72/100|[from] Sandstorm
|-heal|p1a: Big Remy|78/100|[from] item: Leftovers
|upkeep
|turn|4
|inactive|Halbert Simpson has 270 seconds left.
|
|t:|1728929559
|move|p1a: Big Remy|Super Fang|p2a: Skarmory|[miss]
|-miss|p1a: Big Remy|p2a: Skarmory
|move|p2a: Skarmory|Spikes|p1a: Big Remy
|-sidestart|p1: Halbert Simpson|Spikes
|
|-weather|Sandstorm|[upkeep]
|-damage|p1a: Big Remy|72/100|[from] Sandstorm
|-heal|p1a: Big Remy|78/100|[from] item: Leftovers
|upkeep
|turn|5
|inactive|Halbert Simpson has 270 seconds left.
|
|t:|1728929581
|switch|p1a: Skarmory|Skarmory, F|100/100
|cant|p2a: Skarmory|par
|
|-weather|Sandstorm|[upkeep]
|upkeep
|turn|6
|
|t:|1728929585
|move|p1a: Skarmory|Spikes|p2a: Skarmory
|-sidestart|p2: Colby2D|Spikes
|move|p2a: Skarmory|Thief|p1a: Skarmory
|-resisted|p1a: Skarmory
|-damage|p1a: Skarmory|99/100
|-enditem|p1a: Skarmory|Leftovers|[silent]|[from] move: Thief|[of] p2a: Skarmory
|-item|p2a: Skarmory|Leftovers|[from] move: Thief|[of] p1a: Skarmory
|
|-weather|Sandstorm|[upkeep]
|upkeep
|turn|7
|
|t:|1728929594
|switch|p2a: Jolteon|Jolteon, F|100/100
|-damage|p2a: Jolteon|88/100|[from] Spikes
|move|p1a: Skarmory|Spikes|p2a: Jolteon
|-sidestart|p2: Colby2D|Spikes
|
|-weather|Sandstorm|[upkeep]
|-damage|p2a: Jolteon|82/100|[from] Sandstorm
|-heal|p2a: Jolteon|88/100|[from] item: Leftovers
|upkeep
|turn|8
|
|t:|1728929602
|switch|p1a: Flygon|Flygon, F|100/100
|move|p2a: Jolteon|Substitute|p2a: Jolteon
|-start|p2a: Jolteon|Substitute
|-damage|p2a: Jolteon|63/100
|
|-weather|Sandstorm|[upkeep]
|-damage|p2a: Jolteon|57/100|[from] Sandstorm
|-heal|p2a: Jolteon|63/100|[from] item: Leftovers
|upkeep
|turn|9
|
|t:|1728929615
|switch|p1a: Skarmory|Skarmory, F|99/100
|move|p2a: Jolteon|Baton Pass|p2a: Jolteon
|
|t:|1728929625
|switch|p2a: Suicune|Suicune|90/100|[from] Baton Pass
|-damage|p2a: Suicune|73/100|[from] Spikes
|
|-weather|Sandstorm|[upkeep]
|-damage|p2a: Suicune|67/100|[from] Sandstorm
|-heal|p2a: Suicune|73/100|[from] item: Leftovers
|upkeep
|turn|10
|
|t:|1728929634
|move|p2a: Suicune|Surf|p1a: Skarmory
|-damage|p1a: Skarmory|72/100
|move|p1a: Skarmory|Roar|p2a: Suicune
|drag|p2a: Salamence|Salamence, F|100/100
|-ability|p2a: Salamence|Intimidate|boost
|-unboost|p1a: Skarmory|atk|1
|
|-weather|Sandstorm|[upkeep]
|-damage|p2a: Salamence|94/100|[from] Sandstorm
|-heal|p2a: Salamence|100/100|[from] item: Leftovers
|upkeep
|turn|11
|
|t:|1728929641
|switch|p1a: Ratto-Tooie|Gengar, F|100/100
|move|p2a: Salamence|Dragon Dance|p2a: Salamence
|-boost|p2a: Salamence|atk|1
|-boost|p2a: Salamence|spe|1
|
|-weather|Sandstorm|[upkeep]
|-damage|p2a: Salamence|94/100|[from] Sandstorm
|-damage|p1a: Ratto-Tooie|94/100|[from] Sandstorm
|-heal|p2a: Salamence|100/100|[from] item: Leftovers
|-heal|p1a: Ratto-Tooie|100/100|[from] item: Leftovers
|upkeep
|turn|12
|
|t:|1728929649
|move|p2a: Salamence|Hidden Power|p1a: Ratto-Tooie
|-damage|p1a: Ratto-Tooie|11/100
|move|p1a: Ratto-Tooie|Explosion|p2a: Salamence
|-damage|p2a: Salamence|1/100
|faint|p1a: Ratto-Tooie
|
|t:|1728929661
|switch|p1a: Ratto-Kazooie|Tyranitar, M|100/100
|-damage|p1a: Ratto-Kazooie|88/100|[from] Spikes
|
|-weather|Sandstorm|[upkeep]
|-damage|p2a: Salamence|0 fnt|[from] Sandstorm
|faint|p2a: Salamence
|-heal|p1a: Ratto-Kazooie|94/100|[from] item: Leftovers
|upkeep
|
|t:|1728929669
|switch|p2a: Dugtrio|Dugtrio, M|100/100
|-damage|p2a: Dugtrio|84/100|[from] Spikes
|turn|13
|
|t:|1728929673
|move|p2a: Dugtrio|Earthquake|p1a: Ratto-Kazooie
|-supereffective|p1a: Ratto-Kazooie
|-damage|p1a: Ratto-Kazooie|0 fnt
|faint|p1a: Ratto-Kazooie
|
|t:|1728929681
|switch|p1a: Flygon|Flygon, F|100/100
|
|-weather|Sandstorm|[upkeep]
|upkeep
|turn|14
|
|t:|1728929689
|switch|p2a: Suicune|Suicune|73/100
|-damage|p2a: Suicune|56/100|[from] Spikes
|move|p1a: Flygon|Rock Slide|p2a: Suicune
|-damage|p2a: Suicune|46/100
|
|-weather|Sandstorm|[upkeep]
|-damage|p2a: Suicune|40/100|[from] Sandstorm
|-heal|p2a: Suicune|46/100|[from] item: Leftovers
|upkeep
|turn|15
|
|t:|1728929697
|switch|p1a: Big Remy|Raticate, M|78/100
|-damage|p1a: Big Remy|66/100|[from] Spikes
|move|p2a: Suicune|Ice Beam|p1a: Big Remy
|-damage|p1a: Big Remy|44/100
|
|-weather|Sandstorm|[upkeep]
|-damage|p1a: Big Remy|38/100|[from] Sandstorm
|-damage|p2a: Suicune|40/100|[from] Sandstorm
|-heal|p1a: Big Remy|44/100|[from] item: Leftovers
|-heal|p2a: Suicune|46/100|[from] item: Leftovers
|upkeep
|turn|16
|
|t:|1728929706
|move|p1a: Big Remy|Thunder Wave|p2a: Suicune
|-status|p2a: Suicune|par
|move|p2a: Suicune|Rest|p2a: Suicune
|-status|p2a: Suicune|slp|[from] move: Rest
|-heal|p2a: Suicune|100/100 slp|[silent]
|
|-weather|Sandstorm|[upkeep]
|-damage|p1a: Big Remy|38/100|[from] Sandstorm
|-damage|p2a: Suicune|94/100 slp|[from] Sandstorm
|-heal|p1a: Big Remy|44/100|[from] item: Leftovers
|-heal|p2a: Suicune|100/100 slp|[from] item: Leftovers
|upkeep
|turn|17
|
|t:|1728929715
|switch|p2a: Skarmory|Skarmory, F|100/100 par
|move|p1a: Big Remy|Endeavor|p2a: Skarmory
|-damage|p2a: Skarmory|42/100 par
|
|-weather|Sandstorm|[upkeep]
|-damage|p1a: Big Remy|38/100|[from] Sandstorm
|-heal|p1a: Big Remy|44/100|[from] item: Leftovers
|-heal|p2a: Skarmory|48/100 par|[from] item: Leftovers
|upkeep
|turn|18
|
|t:|1728929720
|move|p1a: Big Remy|Super Fang|p2a: Skarmory
|-damage|p2a: Skarmory|24/100 par
|move|p2a: Skarmory|Spikes|p1a: Big Remy
|-sidestart|p1: Halbert Simpson|Spikes
|
|-weather|Sandstorm|[upkeep]
|-damage|p1a: Big Remy|38/100|[from] Sandstorm
|-heal|p1a: Big Remy|44/100|[from] item: Leftovers
|-heal|p2a: Skarmory|30/100 par|[from] item: Leftovers
|upkeep
|turn|19
|
|t:|1728929728
|switch|p1a: Jirachi|Jirachi|100/100
|-damage|p1a: Jirachi|84/100|[from] Spikes
|move|p2a: Skarmory|Spikes|p1a: Jirachi
|-sidestart|p1: Halbert Simpson|Spikes
|
|-weather|Sandstorm|[upkeep]
|-heal|p1a: Jirachi|90/100|[from] item: Leftovers
|-heal|p2a: Skarmory|36/100 par|[from] item: Leftovers
|upkeep
|turn|20
|
|t:|1728929734
|move|p1a: Jirachi|Hidden Power|p2a: Skarmory
|-resisted|p2a: Skarmory
|-damage|p2a: Skarmory|32/100 par
|move|p2a: Skarmory|Roar|p1a: Jirachi
|drag|p1a: Flygon|Flygon, F|100/100
|
|-weather|Sandstorm|[upkeep]
|-heal|p2a: Skarmory|38/100 par|[from] item: Leftovers
|upkeep
|turn|21
|
|t:|1728929740
|move|p1a: Flygon|Rock Slide|p2a: Skarmory
|-damage|p2a: Skarmory|25/100 par
|move|p2a: Skarmory|Roar|p1a: Flygon
|drag|p1a: Big Remy|Raticate, M|44/100
|-damage|p1a: Big Remy|20/100|[from] Spikes
|
|-weather|Sandstorm|[upkeep]
|-damage|p1a: Big Remy|14/100|[from] Sandstorm
|-heal|p1a: Big Remy|20/100|[from] item: Leftovers
|-heal|p2a: Skarmory|31/100 par|[from] item: Leftovers
|upkeep
|turn|22
|
|t:|1728929748
|move|p1a: Big Remy|Endeavor|p2a: Skarmory
|-damage|p2a: Skarmory|18/100 par
|move|p2a: Skarmory|Roar|p1a: Big Remy
|drag|p1a: Skarmory|Skarmory, F|72/100
|
|-weather|Sandstorm|[upkeep]
|-heal|p2a: Skarmory|24/100 par|[from] item: Leftovers
|upkeep
|turn|23
|
|t:|1728929755
|switch|p2a: Jolteon|Jolteon, F|63/100
|-damage|p2a: Jolteon|47/100|[from] Spikes
|move|p1a: Skarmory|Spikes|p2a: Jolteon
|-sidestart|p2: Colby2D|Spikes
|
|-weather|Sandstorm|[upkeep]
|-damage|p2a: Jolteon|40/100|[from] Sandstorm
|-heal|p2a: Jolteon|47/100|[from] item: Leftovers
|upkeep
|turn|24
|
|t:|1728929762
|move|p2a: Jolteon|Substitute|p2a: Jolteon
|-start|p2a: Jolteon|Substitute
|-damage|p2a: Jolteon|22/100
|move|p1a: Skarmory|Roar|p2a: Jolteon
|drag|p2a: Suicune|Suicune|100/100 slp
|-damage|p2a: Suicune|75/100 slp|[from] Spikes
|
|-weather|Sandstorm|[upkeep]
|-damage|p2a: Suicune|69/100 slp|[from] Sandstorm
|-heal|p2a: Suicune|75/100 slp|[from] item: Leftovers
|upkeep
|turn|25
|
|t:|1728929767
|cant|p2a: Suicune|slp
|move|p1a: Skarmory|Roar|p2a: Suicune
|drag|p2a: Skarmory|Skarmory, F|24/100 par
|
|-weather|Sandstorm|[upkeep]
|-heal|p2a: Skarmory|30/100 par|[from] item: Leftovers
|upkeep
|turn|26
|
|t:|1728929773
|move|p1a: Skarmory|Roar|p2a: Skarmory
|drag|p2a: Jolteon|Jolteon, F|22/100
|-damage|p2a: Jolteon|0 fnt|[from] Spikes
|faint|p2a: Jolteon
|
|t:|1728929783
|switch|p2a: Metagross|Metagross|100/100
|-damage|p2a: Metagross|76/100|[from] Spikes
|
|-weather|Sandstorm|[upkeep]
|upkeep
|turn|27
|
|t:|1728929789
|move|p2a: Metagross|Meteor Mash|p1a: Skarmory
|-resisted|p1a: Skarmory
|-damage|p1a: Skarmory|48/100
|move|p1a: Skarmory|Roar|p2a: Metagross
|drag|p2a: Dugtrio|Dugtrio, M|84/100
|-damage|p2a: Dugtrio|59/100|[from] Spikes
|
|-weather|Sandstorm|[upkeep]
|upkeep
|turn|28
|
|t:|1728929795
|move|p1a: Skarmory|Protect|p1a: Skarmory
|-singleturn|p1a: Skarmory|Protect
|move|p2a: Dugtrio|Rock Slide|p1a: Skarmory
|-activate|p1a: Skarmory|Protect
|
|-weather|Sandstorm|[upkeep]
|upkeep
|turn|29
|
|t:|1728929799
|switch|p1a: Flygon|Flygon, F|100/100
|move|p2a: Dugtrio|Rock Slide|p1a: Flygon
|-resisted|p1a: Flygon
|-damage|p1a: Flygon|88/100
|
|-weather|Sandstorm|[upkeep]
|-heal|p1a: Flygon|94/100|[from] item: Leftovers
|upkeep
|turn|30
|
|t:|1728929806
|switch|p2a: Skarmory|Skarmory, F|30/100 par
|move|p1a: Flygon|Rock Slide|p2a: Skarmory
|-damage|p2a: Skarmory|17/100 par
|
|-weather|Sandstorm|[upkeep]
|-heal|p1a: Flygon|99/100|[from] item: Leftovers
|-heal|p2a: Skarmory|23/100 par|[from] item: Leftovers
|upkeep
|turn|31
|
|t:|1728929817
|move|p1a: Flygon|Rock Slide|p2a: Skarmory
|-damage|p2a: Skarmory|9/100 par
|move|p2a: Skarmory|Drill Peck|p1a: Flygon
|-damage|p1a: Flygon|82/100
|
|-weather|Sandstorm|[upkeep]
|-heal|p1a: Flygon|88/100|[from] item: Leftovers
|-heal|p2a: Skarmory|15/100 par|[from] item: Leftovers
|upkeep
|turn|32
|
|t:|1728929824
|move|p1a: Flygon|Rock Slide|p2a: Skarmory
|-damage|p2a: Skarmory|1/100 par
|cant|p2a: Skarmory|flinch
|
|-weather|Sandstorm|[upkeep]
|-heal|p1a: Flygon|94/100|[from] item: Leftovers
|-heal|p2a: Skarmory|7/100 par|[from] item: Leftovers
|upkeep
|turn|33
|
|t:|1728929829
|move|p1a: Flygon|Rock Slide|p2a: Skarmory
|-damage|p2a: Skarmory|0 fnt
|faint|p2a: Skarmory
|
|t:|1728929831
|switch|p2a: Suicune|Suicune|75/100 slp
|-damage|p2a: Suicune|50/100 slp|[from] Spikes
|
|-weather|Sandstorm|[upkeep]
|-damage|p2a: Suicune|44/100 slp|[from] Sandstorm
|-heal|p1a: Flygon|100/100|[from] item: Leftovers
|-heal|p2a: Suicune|50/100 slp|[from] item: Leftovers
|upkeep
|turn|34
|
|t:|1728929835
|move|p1a: Flygon|Earthquake|p2a: Suicune
|-damage|p2a: Suicune|30/100 slp
|cant|p2a: Suicune|slp
|
|-weather|Sandstorm|[upkeep]
|-damage|p2a: Suicune|24/100 slp|[from] Sandstorm
|-heal|p2a: Suicune|30/100 slp|[from] item: Leftovers
|upkeep
|turn|35
|
|t:|1728929854
|move|p1a: Flygon|Earthquake|p2a: Suicune
|-damage|p2a: Suicune|11/100 slp
|-curestatus|p2a: Suicune|slp|[msg]
|move|p2a: Suicune|Rest|p2a: Suicune
|-status|p2a: Suicune|slp|[from] move: Rest
|-heal|p2a: Suicune|100/100 slp|[silent]
|
|-weather|Sandstorm|[upkeep]
|-damage|p2a: Suicune|94/100 slp|[from] Sandstorm
|-heal|p2a: Suicune|100/100 slp|[from] item: Leftovers
|upkeep
|turn|36
|
|t:|1728929863
|switch|p1a: Skarmory|Skarmory, F|48/100
|cant|p2a: Suicune|slp
|
|-weather|Sandstorm|[upkeep]
|-damage|p2a: Suicune|94/100 slp|[from] Sandstorm
|-heal|p2a: Suicune|100/100 slp|[from] item: Leftovers
|upkeep
|turn|37
|
|t:|1728929870
|cant|p2a: Suicune|slp
|move|p1a: Skarmory|Roar|p2a: Suicune
|drag|p2a: Dugtrio|Dugtrio, M|59/100
|-damage|p2a: Dugtrio|35/100|[from] Spikes
|
|-weather|Sandstorm|[upkeep]
|upkeep
|turn|38
|
|t:|1728929875
|move|p1a: Skarmory|Protect|p1a: Skarmory
|-singleturn|p1a: Skarmory|Protect
|move|p2a: Dugtrio|Rock Slide|p1a: Skarmory
|-activate|p1a: Skarmory|Protect
|
|-weather|Sandstorm|[upkeep]
|upkeep
|turn|39
|
|t:|1728929879
|switch|p2a: Suicune|Suicune|100/100 slp
|-damage|p2a: Suicune|75/100 slp|[from] Spikes
|switch|p1a: Flygon|Flygon, F|100/100
|
|-weather|Sandstorm|[upkeep]
|-damage|p2a: Suicune|69/100 slp|[from] Sandstorm
|-heal|p2a: Suicune|75/100 slp|[from] item: Leftovers
|upkeep
|turn|40
|inactive|Halbert Simpson has 270 seconds left.
|
|t:|1728929910
|switch|p1a: Skarmory|Skarmory, F|48/100
|-curestatus|p2a: Suicune|slp|[msg]
|move|p2a: Suicune|Ice Beam|p1a: Skarmory
|-crit|p1a: Skarmory
|-damage|p1a: Skarmory|11/100
|
|-weather|Sandstorm|[upkeep]
|-damage|p2a: Suicune|69/100|[from] Sandstorm
|-heal|p2a: Suicune|75/100|[from] item: Leftovers
|upkeep
|turn|41
|
|t:|1728929917
|move|p2a: Suicune|Ice Beam|p1a: Skarmory
|-damage|p1a: Skarmory|0 fnt
|faint|p1a: Skarmory
|
|t:|1728929919
|switch|p1a: Jirachi|Jirachi|90/100
|-damage|p1a: Jirachi|65/100|[from] Spikes
|
|-weather|Sandstorm|[upkeep]
|-damage|p2a: Suicune|69/100|[from] Sandstorm
|-heal|p1a: Jirachi|71/100|[from] item: Leftovers
|-heal|p2a: Suicune|75/100|[from] item: Leftovers
|upkeep
|turn|42
|
|t:|1728929926
|switch|p2a: Metagross|Metagross|76/100
|-damage|p2a: Metagross|51/100|[from] Spikes
|move|p1a: Jirachi|Calm Mind|p1a: Jirachi
|-boost|p1a: Jirachi|spa|1
|-boost|p1a: Jirachi|spd|1
|
|-weather|Sandstorm|[upkeep]
|-heal|p1a: Jirachi|77/100|[from] item: Leftovers
|upkeep
|turn|43
|
|t:|1728929933
|move|p1a: Jirachi|Fire Punch|p2a: Metagross
|-supereffective|p2a: Metagross
|-damage|p2a: Metagross|0 fnt
|faint|p2a: Metagross
|
|t:|1728929935
|switch|p2a: Dugtrio|Dugtrio, M|35/100
|-damage|p2a: Dugtrio|10/100|[from] Spikes
|
|-weather|Sandstorm|[upkeep]
|-heal|p1a: Jirachi|84/100|[from] item: Leftovers
|upkeep
|turn|44
|
|t:|1728929939
|move|p2a: Dugtrio|Earthquake|p1a: Jirachi
|-supereffective|p1a: Jirachi
|-crit|p1a: Jirachi
|-damage|p1a: Jirachi|0 fnt
|faint|p1a: Jirachi
|
|t:|1728929942
|switch|p1a: Flygon|Flygon, F|100/100
|
|-weather|Sandstorm|[upkeep]
|upkeep
|turn|45
|
|t:|1728929948
|switch|p2a: Suicune|Suicune|75/100
|-damage|p2a: Suicune|50/100|[from] Spikes
|move|p1a: Flygon|Earthquake|p2a: Suicune
|-damage|p2a: Suicune|32/100
|
|-weather|Sandstorm|[upkeep]
|-damage|p2a: Suicune|26/100|[from] Sandstorm
|-heal|p2a: Suicune|32/100|[from] item: Leftovers
|upkeep
|turn|46
|
|t:|1728929961
|move|p1a: Flygon|Earthquake|p2a: Suicune
|-damage|p2a: Suicune|15/100
|move|p2a: Suicune|Rest|p2a: Suicune
|-status|p2a: Suicune|slp|[from] move: Rest
|-heal|p2a: Suicune|100/100 slp|[silent]
|
|-weather|Sandstorm|[upkeep]
|-damage|p2a: Suicune|94/100 slp|[from] Sandstorm
|-heal|p2a: Suicune|100/100 slp|[from] item: Leftovers
|upkeep
|turn|47
|
|t:|1728929970
|move|p1a: Flygon|Earthquake|p2a: Suicune
|-damage|p2a: Suicune|82/100 slp
|cant|p2a: Suicune|slp
|
|-weather|Sandstorm|[upkeep]
|-damage|p2a: Suicune|76/100 slp|[from] Sandstorm
|-heal|p2a: Suicune|82/100 slp|[from] item: Leftovers
|upkeep
|turn|48
|
|t:|1728929973
|move|p1a: Flygon|Earthquake|p2a: Suicune
|-damage|p2a: Suicune|65/100 slp
|cant|p2a: Suicune|slp
|
|-weather|Sandstorm|[upkeep]
|-damage|p2a: Suicune|59/100 slp|[from] Sandstorm
|-heal|p2a: Suicune|65/100 slp|[from] item: Leftovers
|upkeep
|turn|49
|
|t:|1728929975
|move|p1a: Flygon|Earthquake|p2a: Suicune
|-damage|p2a: Suicune|47/100 slp
|-curestatus|p2a: Suicune|slp|[msg]
|move|p2a: Suicune|Ice Beam|p1a: Flygon
|-supereffective|p1a: Flygon
|-damage|p1a: Flygon|12/100
|
|-weather|Sandstorm|[upkeep]
|-damage|p2a: Suicune|41/100|[from] Sandstorm
|-heal|p1a: Flygon|18/100|[from] item: Leftovers
|-heal|p2a: Suicune|47/100|[from] item: Leftovers
|upkeep
|turn|50
|
|t:|1728929977
|move|p1a: Flygon|Earthquake|p2a: Suicune
|-damage|p2a: Suicune|26/100
|move|p2a: Suicune|Ice Beam|p1a: Flygon
|-supereffective|p1a: Flygon
|-damage|p1a: Flygon|0 fnt
|faint|p1a: Flygon
|
|t:|1728929979
|switch|p1a: Big Remy|Raticate, M|20/100
|-damage|p1a: Big Remy|0 fnt|[from] Spikes
|faint|p1a: Big Remy
|
|win|Colby2D
|c|☆Halbert Simpson|gg
|c|☆Colby2D|gg

</script>
<script type="application/json" class="data" id="replaydata-smogtours-gen3ou-798690">
{"id":"smogtours-gen3ou-798690","format":"[Gen 3] OU","players":["Halbert Simpson","Colby2D"],"uploadtime":1728929979,"views":85,"formatid":"gen3ou","rating":null,"private":0,"password":null}
</script>

<script defer src="js/replays.js?9d40a366"></script>
