<!DOCTYPE html>
<meta charset="utf-8" />
<meta name="viewport" content="width=device-width" />

<title>[Gen 3] OU: Darth33 vs. yuramas - Replays - Pok&eacute;mon Showdown!</title>

<meta name="description" content="Watch a replay of a Pok&eacute;mon battle between Darth33 and yuramas! Format: [Gen 3] OU; Date: Oct 19, 2024" />
<!--

Hey, you! Looking in the source for the replay log?

You can find them in JSON format, just add `.json` at the end of a replay URL.

https://replay.pokemonshowdown.com/gen7randomdoublesbattle-865046831.json

Or, if you only need the log itself, add `.log` instead:

https://replay.pokemonshowdown.com/gen7randomdoublesbattle-865046831.log

-->

<link rel="stylesheet" href="//pokemonshowdown.com/style/global.css?0.023195364461161105" />
<link rel="stylesheet" href="//play.pokemonshowdown.com/style/font-awesome.css?0.13261647063804238" />
<link rel="stylesheet" href="//play.pokemonshowdown.com/style/battle.css?0.8753245789963631" />
<link rel="stylesheet" href="//play.pokemonshowdown.com/style/utilichart.css?0.8627959624976733" />

<!-- Global site tag (gtag.js) - Google Analytics -->
<script async src="https://www.googletagmanager.com/gtag/js?id=UA-26211653-1"></script>
<script>
  window.dataLayer = window.dataLayer || [];
  function gtag(){dataLayer.push(arguments);}
  gtag('js', new Date());

  gtag('config', 'UA-26211653-1');
</script>
<!-- End Google Analytics -->
<!-- Venatus Ad Manager - Install in <HEAD> of page -->
	<script src="https://hb.vntsm.com/v3/live/ad-manager.min.js" type="text/javascript" data-site-id="642aba63ec9a7b11c3c9c1be" data-mode="scan" async></script>
<!-- / Venatus Ad Manager -->

<style>
	@media (max-width:820px) {
		.battle {
			margin: 0 auto;
		}
		.battle-log {
			margin: 7px auto 0;
			max-width: 640px;
			height: 300px;
			position: static;
		}
	}
	.optgroup {
		display: inline-block;
		line-height: 22px;
		font-size: 10pt;
	}
	.optgroup .button {
		height: 25px;
		padding-top: 0;
		padding-bottom: 0;
	}
	.optgroup button.button {
		padding-left: 12px;
		padding-right: 12px;
	}
	.linklist {
		list-style: none;
		margin: 0.5em 0;
		padding: 0;
	}
	.linklist li {
		padding: 2px 0;
	}
	.sidebar {
		float: left;
		width: 320px;
	}
	.bar-wrapper {
		max-width: 1100px;
		margin: 0 auto;
	}
	.bar-wrapper.has-sidebar {
		max-width: 1430px;
	}
	.mainbar {
		margin: 0;
		padding-right: 1px;
	}
	.mainbar.has-sidebar {
		margin-left: 330px;
	}
	@media (min-width: 1511px) {
		.sidebar {
			width: 400px;
		}
		.bar-wrapper.has-sidebar {
			max-width: 1510px;
		}
		.mainbar.has-sidebar {
			margin-left: 410px;
		}
	}
	.section.first-section {
		margin-top: 9px;
	}
	.blocklink small {
		white-space: normal;
	}
	.button {
		vertical-align: middle;
	}
	.replay-controls {
		padding-top: 10px;
	}
	.replay-controls h1 {
		font-size: 16pt;
		font-weight: normal;
		color: #CCC;
	}
	.pagelink {
		text-align: center;
	}
	.pagelink a {
		width: 150px;
	}
	.textbox, .button {
		font-size: 11pt;
		vertical-align: middle;
	}
	@media (max-width: 450px) {
		.button {
			font-size: 9pt;
		}
	}
</style>

<div>

	<header>
		<div class="nav-wrapper"><ul class="nav">
			<li><a class="button nav-first" href="//pokemonshowdown.com/"><img src="//pokemonshowdown.com/images/pokemonshowdownbeta.png" srcset="//pokemonshowdown.com/images/pokemonshowdownbeta.png 1x, //pokemonshowdown.com/images/pokemonshowdownbeta@2x.png 2x" alt="Pok&eacute;mon Showdown" width="146" height="44" /> Home</a></li>
			<li><a class="button" href="//pokemonshowdown.com/dex/">Pok&eacute;dex</a></li>
			<li><a class="button cur" href="/">Replays</a></li>
			<li><a class="button" href="//pokemonshowdown.com/ladder/">Ladder</a></li>
			<li><a class="button nav-last" href="//pokemonshowdown.com/forums/">Forum</a></li>
			<li><a class="button greenbutton nav-first nav-last" href="//play.pokemonshowdown.com/">Play</a></li>
		</ul></div>
	</header>

	<div class="main" id="main">

		<noscript><section class="section">You need to enable JavaScript to use this page; sorry!</section></noscript>

	</div>

</div>

<script defer nomodule src="//play.pokemonshowdown.com/js/lib/ps-polyfill.js"></script>
<script defer src="//play.pokemonshowdown.com/js/lib/preact.min.js"></script>

<script defer src="//play.pokemonshowdown.com/config/config.js?2bddbc15"></script>
<script defer src="//play.pokemonshowdown.com/js/lib/jquery-1.11.0.min.js"></script>
<script defer src="//play.pokemonshowdown.com/js/lib/html-sanitizer-minified.js"></script>
<script defer src="//play.pokemonshowdown.com/js/battle-sound.js"></script>
<script defer src="//play.pokemonshowdown.com/js/battledata.js?0.7209276989879541"></script>
<script defer src="//play.pokemonshowdown.com/data/pokedex-mini.js?0.6111056340867951"></script>
<script defer src="//play.pokemonshowdown.com/data/pokedex-mini-bw.js?0.3532142036491459"></script>
<script defer src="//play.pokemonshowdown.com/data/graphics.js?0.24223875632456182"></script>
<script defer src="//play.pokemonshowdown.com/data/pokedex.js?0.38839984266356864"></script>
<script defer src="//play.pokemonshowdown.com/data/moves.js?0.21866028504024015"></script>
<script defer src="//play.pokemonshowdown.com/data/abilities.js?0.2005157953846628"></script>
<script defer src="//play.pokemonshowdown.com/data/items.js?0.9894211263848525"></script>
<script defer src="//play.pokemonshowdown.com/data/teambuilder-tables.js?0.6008791140282215"></script>
<script defer src="//play.pokemonshowdown.com/js/battle-tooltips.js?0.7580118955022959"></script>
<script defer src="//play.pokemonshowdown.com/js/battle.js?0.6057722274234274"></script>

<script defer src="js/utils.js?e31f9a17"></script>
<script defer src="js/replays-battle.js?7008c182"></script>

<!-- don't scrape this data! just add .json or .log after the URL!
Full API docs: https://github.com/smogon/pokemon-showdown-client/blob/master/WEB-API.md -->
<script type="text/plain" class="log" id="replaylog-smogtours-gen3ou-799952">
|inactive|Battle timer is ON: inactive players will automatically lose when time's up.
|t:|1729357289
|gametype|singles
|player|p1|Darth33|skier|
|player|p2|yuramas|n|
|teamsize|p1|6
|teamsize|p2|6
|gen|3
|tier|[Gen 3] OU
|rule|Sleep Clause Mod: Limit one foe put to sleep
|rule|Switch Priority Clause Mod: Faster Pokémon switch first
|rule|Species Clause: Limit one of each Pokémon
|rule|OHKO Clause: OHKO moves are banned
|rule|Evasion Items Clause: Evasion items are banned
|rule|Evasion Moves Clause: Evasion moves are banned
|rule|Endless Battle Clause: Forcing endless battles is banned
|rule|HP Percentage Mod: HP is shown in percentages
|rule|One Boost Passer Clause: Limit one Baton Passer that has a way to boost its stats
|rule|Freeze Clause Mod: Limit one foe frozen
|
|t:|1729357289
|start
|switch|p1a: Bakunawa|Salamence, F|100/100
|switch|p2a: Salamence|Salamence, F|100/100
|-ability|p1a: Bakunawa|Intimidate|boost
|-unboost|p2a: Salamence|atk|1
|-ability|p2a: Salamence|Intimidate|boost
|-unboost|p1a: Bakunawa|atk|1
|turn|1
|
|t:|1729357315
|switch|p1a: Hito|Swampert, M|100/100
|move|p2a: Salamence|Dragon Claw|p1a: Hito
|-damage|p1a: Hito|55/100
|
|-heal|p1a: Hito|61/100|[from] item: Leftovers
|upkeep
|turn|2
|
|t:|1729357338
|switch|p1a: Pirito|Zapdos|100/100
|move|p2a: Salamence|Hidden Power|p1a: Pirito
|-resisted|p1a: Pirito
|-damage|p1a: Pirito|89/100
|
|-heal|p1a: Pirito|95/100|[from] item: Leftovers
|upkeep
|turn|3
|
|t:|1729357354
|switch|p2a: Swampert|Swampert, M|100/100
|move|p1a: Pirito|Thunder Wave|p2a: Swampert
|-immune|p2a: Swampert
|
|-heal|p1a: Pirito|100/100|[from] item: Leftovers
|upkeep
|turn|4
|
|t:|1729357377
|switch|p1a: Higante|Snorlax, M|100/100
|switch|p2a: Zapdos|Zapdos|100/100
|
|upkeep
|turn|5
|inactive|yuramas has 270 seconds left.
|inactive|yuramas has 240 seconds left.
|
|t:|1729357426
|move|p2a: Zapdos|Thunder Wave|p1a: Higante
|-status|p1a: Higante|par
|cant|p1a: Higante|par
|
|upkeep
|turn|6
|inactive|yuramas has 240 seconds left.
|
|t:|1729357440
|switch|p2a: Metagross|Metagross|100/100
|move|p1a: Higante|Body Slam|p2a: Metagross
|-resisted|p2a: Metagross
|-damage|p2a: Metagross|82/100
|-status|p2a: Metagross|par
|
|-heal|p2a: Metagross|88/100 par|[from] item: Leftovers
|upkeep
|turn|7
|inactive|yuramas has 240 seconds left.
|
|t:|1729357451
|switch|p1a: Hito|Swampert, M|61/100
|cant|p2a: Metagross|par
|
|-heal|p1a: Hito|68/100|[from] item: Leftovers
|-heal|p2a: Metagross|94/100 par|[from] item: Leftovers
|upkeep
|turn|8
|inactive|yuramas has 240 seconds left.
|
|t:|1729357467
|switch|p2a: Salamence|Salamence, F|100/100
|-ability|p2a: Salamence|Intimidate|boost
|-unboost|p1a: Hito|atk|1
|move|p1a: Hito|Hydro Pump|p2a: Salamence|[miss]
|-miss|p1a: Hito|p2a: Salamence
|
|-heal|p1a: Hito|74/100|[from] item: Leftovers
|upkeep
|turn|9
|inactive|yuramas has 240 seconds left.
|
|t:|1729357480
|switch|p1a: Pirito|Zapdos|100/100
|move|p2a: Salamence|Hidden Power|p1a: Pirito
|-resisted|p1a: Pirito
|-crit|p1a: Pirito
|-damage|p1a: Pirito|77/100
|
|-heal|p1a: Pirito|83/100|[from] item: Leftovers
|upkeep
|turn|10
|
|t:|1729357488
|switch|p2a: Swampert|Swampert, M|100/100
|move|p1a: Pirito|Hidden Power|p2a: Swampert
|-damage|p2a: Swampert|70/100
|
|-heal|p1a: Pirito|90/100|[from] item: Leftovers
|-heal|p2a: Swampert|76/100|[from] item: Leftovers
|upkeep
|turn|11
|inactive|yuramas has 240 seconds left.
|
|t:|1729357511
|switch|p1a: Higante|Snorlax, M|100/100 par
|move|p2a: Swampert|Hydro Pump|p1a: Higante
|-damage|p1a: Higante|69/100 par
|
|-heal|p2a: Swampert|82/100|[from] item: Leftovers
|-heal|p1a: Higante|75/100 par|[from] item: Leftovers
|upkeep
|turn|12
|inactive|yuramas has 240 seconds left.
|
|t:|1729357534
|-singleturn|p2a: Swampert|move: Focus Punch
|move|p1a: Higante|Body Slam|p2a: Swampert
|-damage|p2a: Swampert|37/100
|-status|p2a: Swampert|par
|cant|p2a: Swampert|par
|
|-heal|p2a: Swampert|43/100 par|[from] item: Leftovers
|-heal|p1a: Higante|82/100 par|[from] item: Leftovers
|upkeep
|turn|13
|
|t:|1729357556
|switch|p2a: Metagross|Metagross|94/100 par
|move|p1a: Higante|Body Slam|p2a: Metagross
|-resisted|p2a: Metagross
|-damage|p2a: Metagross|75/100 par
|
|-heal|p2a: Metagross|81/100 par|[from] item: Leftovers
|-heal|p1a: Higante|88/100 par|[from] item: Leftovers
|upkeep
|turn|14
|
|t:|1729357572
|move|p2a: Metagross|Psychic|p1a: Higante
|-damage|p1a: Higante|63/100 par
|move|p1a: Higante|Body Slam|p2a: Metagross
|-resisted|p2a: Metagross
|-damage|p2a: Metagross|64/100 par
|
|-heal|p2a: Metagross|70/100 par|[from] item: Leftovers
|-heal|p1a: Higante|69/100 par|[from] item: Leftovers
|upkeep
|turn|15
|
|t:|1729357588
|switch|p1a: Chat GPT|Metagross|100/100
|cant|p2a: Metagross|par
|
|-heal|p2a: Metagross|76/100 par|[from] item: Leftovers
|upkeep
|turn|16
|
|t:|1729357599
|switch|p2a: Zapdos|Zapdos|100/100
|move|p1a: Chat GPT|Meteor Mash|p2a: Zapdos
|-resisted|p2a: Zapdos
|-damage|p2a: Zapdos|70/100
|-boost|p1a: Chat GPT|atk|1
|
|-heal|p2a: Zapdos|77/100|[from] item: Leftovers
|upkeep
|turn|17
|inactive|yuramas has 210 seconds left.
|
|t:|1729357642
|switch|p1a: Higante|Snorlax, M|69/100 par
|move|p2a: Zapdos|Thunderbolt|p1a: Higante
|-damage|p1a: Higante|41/100 par
|
|-heal|p2a: Zapdos|83/100|[from] item: Leftovers
|-heal|p1a: Higante|48/100 par|[from] item: Leftovers
|upkeep
|turn|18
|
|t:|1729357667
|switch|p2a: Metagross|Metagross|76/100 par
|move|p1a: Higante|Body Slam|p2a: Metagross
|-resisted|p2a: Metagross
|-damage|p2a: Metagross|59/100 par
|
|-heal|p2a: Metagross|65/100 par|[from] item: Leftovers
|-heal|p1a: Higante|54/100 par|[from] item: Leftovers
|upkeep
|turn|19
|inactive|yuramas has 180 seconds left.
|
|t:|1729357687
|switch|p1a: Hito|Swampert, M|74/100
|move|p2a: Metagross|Hidden Power|p1a: Hito
|-resisted|p1a: Hito
|-damage|p1a: Hito|60/100
|
|-heal|p1a: Hito|66/100|[from] item: Leftovers
|-heal|p2a: Metagross|71/100 par|[from] item: Leftovers
|upkeep
|turn|20
|inactive|yuramas has 180 seconds left.
|
|t:|1729357695
|switch|p2a: Salamence|Salamence, F|100/100
|-ability|p2a: Salamence|Intimidate|boost
|-unboost|p1a: Hito|atk|1
|move|p1a: Hito|Ice Beam|p2a: Salamence
|-supereffective|p2a: Salamence
|-crit|p2a: Salamence
|-damage|p2a: Salamence|0 fnt
|faint|p2a: Salamence
|inactive|yuramas has 180 seconds left.
|
|t:|1729357708
|switch|p2a: Snorlax|Snorlax, M|100/100
|
|-heal|p1a: Hito|72/100|[from] item: Leftovers
|upkeep
|turn|21
|inactive|yuramas has 180 seconds left.
|inactive|yuramas has 150 seconds left.
|
|t:|1729357744
|switch|p1a: Higante|Snorlax, M|54/100 par
|move|p2a: Snorlax|Body Slam|p1a: Higante
|-damage|p1a: Higante|20/100 par
|
|-heal|p1a: Higante|26/100 par|[from] item: Leftovers
|upkeep
|turn|22
|
|t:|1729357753
|move|p2a: Snorlax|Body Slam|p1a: Higante
|-damage|p1a: Higante|0 fnt
|faint|p1a: Higante
|
|t:|1729357756
|switch|p1a: Bakunawa|Salamence, F|100/100
|-ability|p1a: Bakunawa|Intimidate|boost
|-unboost|p2a: Snorlax|atk|1
|
|upkeep
|turn|23
|inactive|yuramas has 150 seconds left.
|
|t:|1729357784
|switch|p2a: Zapdos|Zapdos|83/100
|move|p1a: Bakunawa|Brick Break|p2a: Zapdos
|-resisted|p2a: Zapdos
|-damage|p2a: Zapdos|70/100
|
|-heal|p2a: Zapdos|76/100|[from] item: Leftovers
|upkeep
|turn|24
|inactive|yuramas has 150 seconds left.
|
|t:|1729357801
|switch|p1a: Chat GPT|Metagross|100/100
|move|p2a: Zapdos|Hidden Power|p1a: Chat GPT
|-resisted|p1a: Chat GPT
|-damage|p1a: Chat GPT|84/100
|
|-heal|p2a: Zapdos|82/100|[from] item: Leftovers
|-heal|p1a: Chat GPT|90/100|[from] item: Leftovers
|upkeep
|turn|25
|inactive|yuramas has 150 seconds left.
|
|t:|1729357838
|switch|p2a: Metagross|Metagross|71/100 par
|move|p1a: Chat GPT|Psychic|p2a: Metagross
|-resisted|p2a: Metagross
|-damage|p2a: Metagross|56/100 par
|
|-heal|p1a: Chat GPT|96/100|[from] item: Leftovers
|-heal|p2a: Metagross|62/100 par|[from] item: Leftovers
|upkeep
|turn|26
|
|t:|1729357849
|move|p1a: Chat GPT|Hidden Power|p2a: Metagross
|-supereffective|p2a: Metagross
|-damage|p2a: Metagross|3/100 par
|move|p2a: Metagross|Explosion|p1a: Chat GPT
|-resisted|p1a: Chat GPT
|-damage|p1a: Chat GPT|24/100
|faint|p2a: Metagross
|inactive|yuramas has 120 seconds left.
|inactive|yuramas has 90 seconds left.
|inactive|yuramas has 60 seconds left.
|
|t:|1729357927
|switch|p2a: Zapdos|Zapdos|82/100
|
|-heal|p2a: Zapdos|89/100|[from] item: Leftovers
|-heal|p1a: Chat GPT|30/100|[from] item: Leftovers
|upkeep
|turn|27
|inactive|yuramas has 60 seconds left.
|
|t:|1729357935
|switch|p1a: Hito|Swampert, M|72/100
|move|p2a: Zapdos|Thunderbolt|p1a: Hito
|-immune|p1a: Hito
|
|-heal|p2a: Zapdos|95/100|[from] item: Leftovers
|-heal|p1a: Hito|79/100|[from] item: Leftovers
|upkeep
|turn|28
|
|t:|1729357941
|switch|p2a: Snorlax|Snorlax, M|100/100
|move|p1a: Hito|Hydro Pump|p2a: Snorlax
|-damage|p2a: Snorlax|68/100
|
|-heal|p1a: Hito|85/100|[from] item: Leftovers
|-heal|p2a: Snorlax|74/100|[from] item: Leftovers
|upkeep
|turn|29
|
|t:|1729357950
|move|p1a: Hito|Earthquake|p2a: Snorlax
|-damage|p2a: Snorlax|39/100
|move|p2a: Snorlax|Body Slam|p1a: Hito
|-damage|p1a: Hito|37/100
|
|-heal|p1a: Hito|43/100|[from] item: Leftovers
|-heal|p2a: Snorlax|45/100|[from] item: Leftovers
|upkeep
|turn|30
|
|t:|1729357968
|move|p1a: Hito|Hydro Pump|p2a: Snorlax
|-damage|p2a: Snorlax|15/100
|move|p2a: Snorlax|Body Slam|p1a: Hito
|-damage|p1a: Hito|0 fnt
|faint|p1a: Hito
|
|t:|1729357978
|switch|p1a: T-Man|Tyranitar, M|100/100
|-weather|Sandstorm|[from] ability: Sand Stream|[of] p1a: T-Man
|
|-weather|Sandstorm|[upkeep]
|-damage|p2a: Snorlax|9/100|[from] Sandstorm
|-heal|p2a: Snorlax|15/100|[from] item: Leftovers
|upkeep
|turn|31
|
|t:|1729357996
|-singleturn|p2a: Snorlax|move: Focus Punch
|move|p1a: T-Man|Dragon Dance|p1a: T-Man
|-boost|p1a: T-Man|atk|1
|-boost|p1a: T-Man|spe|1
|move|p2a: Snorlax|Focus Punch|p1a: T-Man
|-supereffective|p1a: T-Man
|-damage|p1a: T-Man|0 fnt
|faint|p1a: T-Man
|
|t:|1729358006
|switch|p1a: Pirito|Zapdos|90/100
|
|-weather|Sandstorm|[upkeep]
|-damage|p1a: Pirito|83/100|[from] Sandstorm
|-damage|p2a: Snorlax|9/100|[from] Sandstorm
|-heal|p1a: Pirito|90/100|[from] item: Leftovers
|-heal|p2a: Snorlax|15/100|[from] item: Leftovers
|upkeep
|turn|32
|
|t:|1729358016
|move|p1a: Pirito|Thunderbolt|p2a: Snorlax
|-damage|p2a: Snorlax|0 fnt
|faint|p2a: Snorlax
|
|t:|1729358029
|switch|p2a: Tyranitar|Tyranitar, M|100/100
|
|-weather|Sandstorm|[upkeep]
|-damage|p1a: Pirito|83/100|[from] Sandstorm
|-heal|p1a: Pirito|90/100|[from] item: Leftovers
|upkeep
|turn|33
|
|t:|1729358045
|move|p1a: Pirito|Thunderbolt|p2a: Tyranitar
|-crit|p2a: Tyranitar
|-damage|p2a: Tyranitar|10/100
|move|p2a: Tyranitar|Dragon Dance|p2a: Tyranitar
|-boost|p2a: Tyranitar|atk|1
|-boost|p2a: Tyranitar|spe|1
|
|-weather|Sandstorm|[upkeep]
|-damage|p1a: Pirito|83/100|[from] Sandstorm
|-heal|p1a: Pirito|90/100|[from] item: Leftovers
|upkeep
|turn|34
|
|t:|1729358051
|move|p2a: Tyranitar|Rock Slide|p1a: Pirito|[miss]
|-miss|p2a: Tyranitar|p1a: Pirito
|move|p1a: Pirito|Thunderbolt|p2a: Tyranitar
|-damage|p2a: Tyranitar|0 fnt
|faint|p2a: Tyranitar
|inactive|yuramas has 60 seconds left.
|
|t:|1729358088
|switch|p2a: Swampert|Swampert, M|43/100 par
|
|-weather|Sandstorm|[upkeep]
|-damage|p1a: Pirito|83/100|[from] Sandstorm
|-heal|p1a: Pirito|90/100|[from] item: Leftovers
|-heal|p2a: Swampert|49/100 par|[from] item: Leftovers
|upkeep
|turn|35
|
|t:|1729358106
|move|p1a: Pirito|Hidden Power|p2a: Swampert
|-damage|p2a: Swampert|20/100 par
|move|p2a: Swampert|Ice Beam|p1a: Pirito
|-supereffective|p1a: Pirito
|-damage|p1a: Pirito|28/100
|
|-weather|Sandstorm|[upkeep]
|-damage|p1a: Pirito|22/100|[from] Sandstorm
|-heal|p1a: Pirito|28/100|[from] item: Leftovers
|-heal|p2a: Swampert|26/100 par|[from] item: Leftovers
|upkeep
|turn|36
|
|t:|1729358115
|move|p1a: Pirito|Hidden Power|p2a: Swampert
|-damage|p2a: Swampert|0 fnt
|faint|p2a: Swampert
|
|t:|1729358118
|switch|p2a: Zapdos|Zapdos|95/100
|
|-weather|Sandstorm|[upkeep]
|-damage|p1a: Pirito|22/100|[from] Sandstorm
|-damage|p2a: Zapdos|89/100|[from] Sandstorm
|-heal|p2a: Zapdos|95/100|[from] item: Leftovers
|-heal|p1a: Pirito|28/100|[from] item: Leftovers
|upkeep
|turn|37
|inactive|yuramas has 60 seconds left.
|
|t:|1729358127
|move|p1a: Pirito|Thunder Wave|p2a: Zapdos
|-status|p2a: Zapdos|par
|move|p2a: Zapdos|Hidden Power|p1a: Pirito
|-supereffective|p1a: Pirito
|-damage|p1a: Pirito|0 fnt
|faint|p1a: Pirito
|
|t:|1729358133
|switch|p1a: Chat GPT|Metagross|30/100
|
|-weather|Sandstorm|[upkeep]
|-damage|p2a: Zapdos|89/100 par|[from] Sandstorm
|-heal|p1a: Chat GPT|36/100|[from] item: Leftovers
|-heal|p2a: Zapdos|95/100 par|[from] item: Leftovers
|upkeep
|turn|38
|inactive|yuramas has 60 seconds left.
|
|t:|1729358154
|move|p1a: Chat GPT|Explosion|p2a: Zapdos
|-damage|p2a: Zapdos|0 fnt
|faint|p1a: Chat GPT
|faint|p2a: Zapdos
|
|win|Darth33
|c|☆yuramas|gg
|c|☆Darth33|ggs
|player|p1|

</script>
<script type="application/json" class="data" id="replaydata-smogtours-gen3ou-799952">
{"id":"smogtours-gen3ou-799952","format":"[Gen 3] OU","players":["Darth33","yuramas"],"uploadtime":1729358154,"views":81,"formatid":"gen3ou","rating":null,"private":0,"password":null}
</script>

<script defer src="js/replays.js?9d40a366"></script>
