<!DOCTYPE html>
<meta charset="utf-8" />
<meta name="viewport" content="width=device-width" />

<title>[Gen 3] OU: bigmamasnorlax vs. Eg0r - Replays - Pok&eacute;mon Showdown!</title>

<meta name="description" content="Watch a replay of a Pok&eacute;mon battle between bigmamasnorlax and Eg0r! Format: [Gen 3] OU; Date: Oct 3, 2024" />
<!--

Hey, you! Looking in the source for the replay log?

You can find them in JSON format, just add `.json` at the end of a replay URL.

https://replay.pokemonshowdown.com/gen7randomdoublesbattle-865046831.json

Or, if you only need the log itself, add `.log` instead:

https://replay.pokemonshowdown.com/gen7randomdoublesbattle-865046831.log

-->

<link rel="stylesheet" href="//pokemonshowdown.com/style/global.css?0.023195364461161105" />
<link rel="stylesheet" href="//play.pokemonshowdown.com/style/font-awesome.css?0.13261647063804238" />
<link rel="stylesheet" href="//play.pokemonshowdown.com/style/battle.css?0.8753245789963631" />
<link rel="stylesheet" href="//play.pokemonshowdown.com/style/utilichart.css?0.8627959624976733" />

<!-- Global site tag (gtag.js) - Google Analytics -->
<script async src="https://www.googletagmanager.com/gtag/js?id=UA-26211653-1"></script>
<script>
  window.dataLayer = window.dataLayer || [];
  function gtag(){dataLayer.push(arguments);}
  gtag('js', new Date());

  gtag('config', 'UA-26211653-1');
</script>
<!-- End Google Analytics -->
<!-- Venatus Ad Manager - Install in <HEAD> of page -->
	<script src="https://hb.vntsm.com/v3/live/ad-manager.min.js" type="text/javascript" data-site-id="642aba63ec9a7b11c3c9c1be" data-mode="scan" async></script>
<!-- / Venatus Ad Manager -->

<style>
	@media (max-width:820px) {
		.battle {
			margin: 0 auto;
		}
		.battle-log {
			margin: 7px auto 0;
			max-width: 640px;
			height: 300px;
			position: static;
		}
	}
	.optgroup {
		display: inline-block;
		line-height: 22px;
		font-size: 10pt;
	}
	.optgroup .button {
		height: 25px;
		padding-top: 0;
		padding-bottom: 0;
	}
	.optgroup button.button {
		padding-left: 12px;
		padding-right: 12px;
	}
	.linklist {
		list-style: none;
		margin: 0.5em 0;
		padding: 0;
	}
	.linklist li {
		padding: 2px 0;
	}
	.sidebar {
		float: left;
		width: 320px;
	}
	.bar-wrapper {
		max-width: 1100px;
		margin: 0 auto;
	}
	.bar-wrapper.has-sidebar {
		max-width: 1430px;
	}
	.mainbar {
		margin: 0;
		padding-right: 1px;
	}
	.mainbar.has-sidebar {
		margin-left: 330px;
	}
	@media (min-width: 1511px) {
		.sidebar {
			width: 400px;
		}
		.bar-wrapper.has-sidebar {
			max-width: 1510px;
		}
		.mainbar.has-sidebar {
			margin-left: 410px;
		}
	}
	.section.first-section {
		margin-top: 9px;
	}
	.blocklink small {
		white-space: normal;
	}
	.button {
		vertical-align: middle;
	}
	.replay-controls {
		padding-top: 10px;
	}
	.replay-controls h1 {
		font-size: 16pt;
		font-weight: normal;
		color: #CCC;
	}
	.pagelink {
		text-align: center;
	}
	.pagelink a {
		width: 150px;
	}
	.textbox, .button {
		font-size: 11pt;
		vertical-align: middle;
	}
	@media (max-width: 450px) {
		.button {
			font-size: 9pt;
		}
	}
</style>

<div>

	<header>
		<div class="nav-wrapper"><ul class="nav">
			<li><a class="button nav-first" href="//pokemonshowdown.com/"><img src="//pokemonshowdown.com/images/pokemonshowdownbeta.png" srcset="//pokemonshowdown.com/images/pokemonshowdownbeta.png 1x, //pokemonshowdown.com/images/pokemonshowdownbeta@2x.png 2x" alt="Pok&eacute;mon Showdown" width="146" height="44" /> Home</a></li>
			<li><a class="button" href="//pokemonshowdown.com/dex/">Pok&eacute;dex</a></li>
			<li><a class="button cur" href="/">Replays</a></li>
			<li><a class="button" href="//pokemonshowdown.com/ladder/">Ladder</a></li>
			<li><a class="button nav-last" href="//pokemonshowdown.com/forums/">Forum</a></li>
			<li><a class="button greenbutton nav-first nav-last" href="//play.pokemonshowdown.com/">Play</a></li>
		</ul></div>
	</header>

	<div class="main" id="main">

		<noscript><section class="section">You need to enable JavaScript to use this page; sorry!</section></noscript>

	</div>

</div>

<script defer nomodule src="//play.pokemonshowdown.com/js/lib/ps-polyfill.js"></script>
<script defer src="//play.pokemonshowdown.com/js/lib/preact.min.js"></script>

<script defer src="//play.pokemonshowdown.com/config/config.js?2bddbc15"></script>
<script defer src="//play.pokemonshowdown.com/js/lib/jquery-1.11.0.min.js"></script>
<script defer src="//play.pokemonshowdown.com/js/lib/html-sanitizer-minified.js"></script>
<script defer src="//play.pokemonshowdown.com/js/battle-sound.js"></script>
<script defer src="//play.pokemonshowdown.com/js/battledata.js?0.7209276989879541"></script>
<script defer src="//play.pokemonshowdown.com/data/pokedex-mini.js?0.6111056340867951"></script>
<script defer src="//play.pokemonshowdown.com/data/pokedex-mini-bw.js?0.3532142036491459"></script>
<script defer src="//play.pokemonshowdown.com/data/graphics.js?0.24223875632456182"></script>
<script defer src="//play.pokemonshowdown.com/data/pokedex.js?0.38839984266356864"></script>
<script defer src="//play.pokemonshowdown.com/data/moves.js?0.21866028504024015"></script>
<script defer src="//play.pokemonshowdown.com/data/abilities.js?0.2005157953846628"></script>
<script defer src="//play.pokemonshowdown.com/data/items.js?0.9894211263848525"></script>
<script defer src="//play.pokemonshowdown.com/data/teambuilder-tables.js?0.6008791140282215"></script>
<script defer src="//play.pokemonshowdown.com/js/battle-tooltips.js?0.7580118955022959"></script>
<script defer src="//play.pokemonshowdown.com/js/battle.js?0.6057722274234274"></script>

<script defer src="js/utils.js?e31f9a17"></script>
<script defer src="js/replays-battle.js?7008c182"></script>

<!-- don't scrape this data! just add .json or .log after the URL!
Full API docs: https://github.com/smogon/pokemon-showdown-client/blob/master/WEB-API.md -->
<script type="text/plain" class="log" id="replaylog-smogtours-gen3ou-794342">
|inactive|Battle timer is ON: inactive players will automatically lose when time's up.
|t:|1727984924
|gametype|singles
|player|p1|bigmamasnorlax|169|
|player|p2|Eg0r|#ptpl3medicham|
|teamsize|p1|6
|teamsize|p2|6
|gen|3
|tier|[Gen 3] OU
|rule|Sleep Clause Mod: Limit one foe put to sleep
|rule|Switch Priority Clause Mod: Faster Pokémon switch first
|rule|Species Clause: Limit one of each Pokémon
|rule|OHKO Clause: OHKO moves are banned
|rule|Evasion Items Clause: Evasion items are banned
|rule|Evasion Moves Clause: Evasion moves are banned
|rule|Endless Battle Clause: Forcing endless battles is banned
|rule|HP Percentage Mod: HP is shown in percentages
|rule|One Boost Passer Clause: Limit one Baton Passer that has a way to boost its stats
|rule|Freeze Clause Mod: Limit one foe frozen
|
|t:|1727984924
|start
|switch|p1a: Zapdos|Zapdos|100/100
|switch|p2a: Hariyama|Hariyama, F|100/100
|turn|1
|c|☆Eg0r|hf
|c|☆bigmamasnorlax|u2
|
|t:|1727984938
|switch|p2a: Tyranitar|Tyranitar, M|100/100
|-weather|Sandstorm|[from] ability: Sand Stream|[of] p2a: Tyranitar
|move|p1a: Zapdos|Drill Peck|p2a: Tyranitar
|-resisted|p2a: Tyranitar
|-damage|p2a: Tyranitar|88/100
|
|-weather|Sandstorm|[upkeep]
|-damage|p1a: Zapdos|94/100|[from] Sandstorm
|-heal|p1a: Zapdos|100/100|[from] item: Leftovers
|-heal|p2a: Tyranitar|94/100|[from] item: Leftovers
|upkeep
|turn|2
|
|t:|1727984946
|-activate|p1a: Zapdos|move: Pursuit
|move|p2a: Tyranitar|Pursuit|p1a: Zapdos|[from]Pursuit
|-damage|p1a: Zapdos|50/100
|switch|p1a: Swampert|Swampert, M|100/100
|
|-weather|Sandstorm|[upkeep]
|-heal|p2a: Tyranitar|100/100|[from] item: Leftovers
|upkeep
|turn|3
|
|t:|1727984954
|switch|p2a: Forretress|Forretress, F|100/100
|move|p1a: Swampert|Earthquake|p2a: Forretress
|-damage|p2a: Forretress|73/100
|
|-weather|Sandstorm|[upkeep]
|-heal|p2a: Forretress|80/100|[from] item: Leftovers
|upkeep
|turn|4
|
|t:|1727984957
|switch|p1a: Forretress|Forretress, M|100/100
|move|p2a: Forretress|Spikes|p1a: Forretress
|-sidestart|p1: bigmamasnorlax|Spikes
|
|-weather|Sandstorm|[upkeep]
|-heal|p2a: Forretress|86/100|[from] item: Leftovers
|upkeep
|turn|5
|
|t:|1727984960
|move|p2a: Forretress|Spikes|p1a: Forretress
|-sidestart|p1: bigmamasnorlax|Spikes
|move|p1a: Forretress|Spikes|p2a: Forretress
|-sidestart|p2: Eg0r|Spikes
|
|-weather|Sandstorm|[upkeep]
|-heal|p2a: Forretress|92/100|[from] item: Leftovers
|upkeep
|turn|6
|
|t:|1727984968
|move|p2a: Forretress|Spikes|p1a: Forretress
|-sidestart|p1: bigmamasnorlax|Spikes
|move|p1a: Forretress|Rapid Spin|p2a: Forretress
|-resisted|p2a: Forretress
|-damage|p2a: Forretress|91/100
|-sideend|p1: bigmamasnorlax|Spikes|[from] move: Rapid Spin|[of] p1a: Forretress
|
|-weather|Sandstorm|[upkeep]
|-heal|p2a: Forretress|97/100|[from] item: Leftovers
|upkeep
|turn|7
|
|t:|1727984970
|move|p2a: Forretress|Spikes|p1a: Forretress
|-sidestart|p1: bigmamasnorlax|Spikes
|move|p1a: Forretress|Spikes|p2a: Forretress
|-sidestart|p2: Eg0r|Spikes
|
|-weather|Sandstorm|[upkeep]
|-heal|p2a: Forretress|100/100|[from] item: Leftovers
|upkeep
|turn|8
|
|t:|1727984982
|move|p2a: Forretress|Rapid Spin|p1a: Forretress
|-resisted|p1a: Forretress
|-damage|p1a: Forretress|99/100
|-sideend|p2: Eg0r|Spikes|[from] move: Rapid Spin|[of] p2a: Forretress
|move|p1a: Forretress|Spikes|p2a: Forretress
|-sidestart|p2: Eg0r|Spikes
|
|-weather|Sandstorm|[upkeep]
|-heal|p1a: Forretress|100/100|[from] item: Leftovers
|upkeep
|turn|9
|
|t:|1727984986
|switch|p1a: Zapdos|Zapdos|50/100
|move|p2a: Forretress|Spikes|p1a: Zapdos
|-sidestart|p1: bigmamasnorlax|Spikes
|
|-weather|Sandstorm|[upkeep]
|-damage|p1a: Zapdos|44/100|[from] Sandstorm
|-heal|p1a: Zapdos|50/100|[from] item: Leftovers
|upkeep
|turn|10
|
|t:|1727984991
|move|p1a: Zapdos|Thunderbolt|p2a: Forretress
|-damage|p2a: Forretress|52/100
|move|p2a: Forretress|Spikes|p1a: Zapdos
|-sidestart|p1: bigmamasnorlax|Spikes
|
|-weather|Sandstorm|[upkeep]
|-damage|p1a: Zapdos|44/100|[from] Sandstorm
|-heal|p1a: Zapdos|50/100|[from] item: Leftovers
|-heal|p2a: Forretress|58/100|[from] item: Leftovers
|upkeep
|turn|11
|
|t:|1727985001
|switch|p2a: Blissey|Blissey, F|100/100
|-damage|p2a: Blissey|88/100|[from] Spikes
|move|p1a: Zapdos|Thunder Wave|p2a: Blissey
|-status|p2a: Blissey|par
|
|-weather|Sandstorm|[upkeep]
|-damage|p1a: Zapdos|44/100|[from] Sandstorm
|-damage|p2a: Blissey|82/100 par|[from] Sandstorm
|-heal|p1a: Zapdos|50/100|[from] item: Leftovers
|-heal|p2a: Blissey|88/100 par|[from] item: Leftovers
|upkeep
|turn|12
|
|t:|1727985009
|switch|p1a: Forretress|Forretress, M|100/100
|-damage|p1a: Forretress|76/100|[from] Spikes
|move|p2a: Blissey|Seismic Toss|p1a: Forretress
|-damage|p1a: Forretress|47/100
|
|-weather|Sandstorm|[upkeep]
|-damage|p2a: Blissey|82/100 par|[from] Sandstorm
|-heal|p1a: Forretress|54/100|[from] item: Leftovers
|-heal|p2a: Blissey|88/100 par|[from] item: Leftovers
|upkeep
|turn|13
|
|t:|1727985013
|-curestatus|p2a: Blissey|par|[from] ability: Natural Cure
|switch|p2a: Gengar|Gengar, F|100/100
|move|p1a: Forretress|Rapid Spin|p2a: Gengar
|-immune|p2a: Gengar
|
|-weather|Sandstorm|[upkeep]
|-damage|p2a: Gengar|94/100|[from] Sandstorm
|-heal|p2a: Gengar|100/100|[from] item: Leftovers
|-heal|p1a: Forretress|60/100|[from] item: Leftovers
|upkeep
|turn|14
|
|t:|1727985018
|switch|p1a: Tyranitar|Tyranitar, F|100/100
|-damage|p1a: Tyranitar|76/100|[from] Spikes
|move|p2a: Gengar|Will-O-Wisp|p1a: Tyranitar
|-status|p1a: Tyranitar|brn
|
|-weather|Sandstorm|[upkeep]
|-damage|p2a: Gengar|94/100|[from] Sandstorm
|-heal|p2a: Gengar|100/100|[from] item: Leftovers
|-heal|p1a: Tyranitar|82/100 brn|[from] item: Leftovers
|-damage|p1a: Tyranitar|69/100 brn|[from] brn
|upkeep
|turn|15
|
|t:|1727985025
|switch|p2a: Hariyama|Hariyama, F|100/100
|-damage|p2a: Hariyama|88/100|[from] Spikes
|move|p1a: Tyranitar|Crunch|p2a: Hariyama
|-resisted|p2a: Hariyama
|-damage|p2a: Hariyama|72/100
|
|-weather|Sandstorm|[upkeep]
|-damage|p2a: Hariyama|66/100|[from] Sandstorm
|-heal|p1a: Tyranitar|75/100 brn|[from] item: Leftovers
|-damage|p1a: Tyranitar|63/100 brn|[from] brn
|-heal|p2a: Hariyama|72/100|[from] item: Leftovers
|upkeep
|turn|16
|
|t:|1727985031
|switch|p1a: Zapdos|Zapdos|50/100
|move|p2a: Hariyama|Knock Off|p1a: Zapdos
|-crit|p1a: Zapdos
|-damage|p1a: Zapdos|44/100
|-enditem|p1a: Zapdos|Leftovers|[from] move: Knock Off|[of] p2a: Hariyama
|-hint|In Gens 3-4, Knock Off only makes the target's item unusable; it cannot obtain a new item.
|
|-weather|Sandstorm|[upkeep]
|-damage|p1a: Zapdos|38/100|[from] Sandstorm
|-damage|p2a: Hariyama|66/100|[from] Sandstorm
|-heal|p2a: Hariyama|72/100|[from] item: Leftovers
|upkeep
|turn|17
|
|t:|1727985036
|switch|p2a: Blissey|Blissey, F|88/100
|-damage|p2a: Blissey|76/100|[from] Spikes
|move|p1a: Zapdos|Thunderbolt|p2a: Blissey
|-damage|p2a: Blissey|55/100
|
|-weather|Sandstorm|[upkeep]
|-damage|p1a: Zapdos|32/100|[from] Sandstorm
|-damage|p2a: Blissey|49/100|[from] Sandstorm
|-heal|p2a: Blissey|55/100|[from] item: Leftovers
|upkeep
|turn|18
|
|t:|1727985041
|move|p1a: Zapdos|Drill Peck|p2a: Blissey
|-crit|p2a: Blissey
|-damage|p2a: Blissey|8/100
|move|p2a: Blissey|Soft-Boiled|p2a: Blissey
|-heal|p2a: Blissey|58/100
|
|-weather|Sandstorm|[upkeep]
|-damage|p1a: Zapdos|26/100|[from] Sandstorm
|-damage|p2a: Blissey|52/100|[from] Sandstorm
|-heal|p2a: Blissey|58/100|[from] item: Leftovers
|upkeep
|turn|19
|
|t:|1727985049
|switch|p1a: Tyranitar|Tyranitar, F|63/100 brn
|-damage|p1a: Tyranitar|38/100 brn|[from] Spikes
|move|p2a: Blissey|Soft-Boiled|p2a: Blissey
|-heal|p2a: Blissey|100/100
|
|-weather|Sandstorm|[upkeep]
|-damage|p2a: Blissey|94/100|[from] Sandstorm
|-heal|p2a: Blissey|100/100|[from] item: Leftovers
|-heal|p1a: Tyranitar|44/100 brn|[from] item: Leftovers
|-damage|p1a: Tyranitar|32/100 brn|[from] brn
|upkeep
|turn|20
|
|t:|1727985052
|move|p2a: Blissey|Seismic Toss|p1a: Tyranitar
|-damage|p1a: Tyranitar|7/100 brn
|move|p1a: Tyranitar|Earthquake|p2a: Blissey
|-damage|p2a: Blissey|88/100
|
|-weather|Sandstorm|[upkeep]
|-damage|p2a: Blissey|81/100|[from] Sandstorm
|-heal|p2a: Blissey|88/100|[from] item: Leftovers
|-heal|p1a: Tyranitar|13/100 brn|[from] item: Leftovers
|-damage|p1a: Tyranitar|0 fnt|[from] brn
|faint|p1a: Tyranitar
|upkeep
|
|t:|1727985059
|switch|p1a: Breloom|Breloom, F|100/100
|-damage|p1a: Breloom|76/100|[from] Spikes
|turn|21
|
|t:|1727985069
|switch|p2a: Milotic|Milotic, M|100/100
|-damage|p2a: Milotic|88/100|[from] Spikes
|move|p1a: Breloom|Spore|p2a: Milotic
|-status|p2a: Milotic|slp|[from] move: Spore
|
|-weather|Sandstorm|[upkeep]
|-damage|p1a: Breloom|69/100|[from] Sandstorm
|-damage|p2a: Milotic|82/100 slp|[from] Sandstorm
|-heal|p1a: Breloom|76/100|[from] item: Leftovers
|-heal|p2a: Milotic|88/100 slp|[from] item: Leftovers
|upkeep
|turn|22
|
|t:|1727985074
|switch|p1a: Zapdos|Zapdos|26/100
|switch|p2a: Gengar|Gengar, F|100/100
|
|-weather|Sandstorm|[upkeep]
|-damage|p2a: Gengar|94/100|[from] Sandstorm
|-damage|p1a: Zapdos|20/100|[from] Sandstorm
|-heal|p2a: Gengar|100/100|[from] item: Leftovers
|upkeep
|turn|23
|
|t:|1727985077
|move|p2a: Gengar|Ice Punch|p1a: Zapdos
|-supereffective|p1a: Zapdos
|-damage|p1a: Zapdos|0 fnt
|faint|p1a: Zapdos
|
|t:|1727985083
|switch|p1a: Blissey|Blissey, F|100/100
|-damage|p1a: Blissey|76/100|[from] Spikes
|
|-weather|Sandstorm|[upkeep]
|-damage|p2a: Gengar|94/100|[from] Sandstorm
|-damage|p1a: Blissey|69/100|[from] Sandstorm
|-heal|p2a: Gengar|100/100|[from] item: Leftovers
|-heal|p1a: Blissey|76/100|[from] item: Leftovers
|upkeep
|turn|24
|
|t:|1727985091
|switch|p2a: Blissey|Blissey, F|88/100
|-damage|p2a: Blissey|75/100|[from] Spikes
|move|p1a: Blissey|Wish|p1a: Blissey
|
|-weather|Sandstorm|[upkeep]
|-damage|p2a: Blissey|69/100|[from] Sandstorm
|-damage|p1a: Blissey|69/100|[from] Sandstorm
|-heal|p2a: Blissey|75/100|[from] item: Leftovers
|-heal|p1a: Blissey|76/100|[from] item: Leftovers
|upkeep
|turn|25
|
|t:|1727985097
|switch|p1a: Breloom|Breloom, F|76/100
|-damage|p1a: Breloom|51/100|[from] Spikes
|move|p2a: Blissey|Thunder Wave|p1a: Breloom
|-status|p1a: Breloom|par
|
|-heal|p1a: Breloom|100/100 par|[from] move: Wish|[wisher] Blissey
|-weather|Sandstorm|[upkeep]
|-damage|p2a: Blissey|69/100|[from] Sandstorm
|-damage|p1a: Breloom|94/100 par|[from] Sandstorm
|-heal|p2a: Blissey|75/100|[from] item: Leftovers
|-heal|p1a: Breloom|100/100 par|[from] item: Leftovers
|upkeep
|turn|26
|
|t:|1727985106
|switch|p2a: Gengar|Gengar, F|100/100
|switch|p1a: Forretress|Forretress, M|60/100
|-damage|p1a: Forretress|35/100|[from] Spikes
|
|-weather|Sandstorm|[upkeep]
|-damage|p2a: Gengar|94/100|[from] Sandstorm
|-heal|p2a: Gengar|100/100|[from] item: Leftovers
|-heal|p1a: Forretress|41/100|[from] item: Leftovers
|upkeep
|turn|27
|
|t:|1727985110
|move|p2a: Gengar|Fire Punch|p1a: Forretress
|-supereffective|p1a: Forretress
|-damage|p1a: Forretress|0 fnt
|faint|p1a: Forretress
|
|t:|1727985113
|switch|p1a: Blissey|Blissey, F|76/100
|-damage|p1a: Blissey|51/100|[from] Spikes
|
|-weather|Sandstorm|[upkeep]
|-damage|p2a: Gengar|94/100|[from] Sandstorm
|-damage|p1a: Blissey|45/100|[from] Sandstorm
|-heal|p2a: Gengar|100/100|[from] item: Leftovers
|-heal|p1a: Blissey|51/100|[from] item: Leftovers
|upkeep
|turn|28
|
|t:|1727985119
|switch|p2a: Hariyama|Hariyama, F|72/100
|-damage|p2a: Hariyama|59/100|[from] Spikes
|move|p1a: Blissey|Ice Beam|p2a: Hariyama
|-damage|p2a: Hariyama|49/100
|
|-weather|Sandstorm|[upkeep]
|-damage|p1a: Blissey|45/100|[from] Sandstorm
|-damage|p2a: Hariyama|43/100|[from] Sandstorm
|-heal|p1a: Blissey|51/100|[from] item: Leftovers
|-heal|p2a: Hariyama|49/100|[from] item: Leftovers
|upkeep
|turn|29
|
|t:|1727985122
|switch|p1a: Swampert|Swampert, M|100/100
|-damage|p1a: Swampert|76/100|[from] Spikes
|move|p2a: Hariyama|Brick Break|p1a: Swampert
|-crit|p1a: Swampert
|-damage|p1a: Swampert|33/100
|
|-weather|Sandstorm|[upkeep]
|-damage|p2a: Hariyama|43/100|[from] Sandstorm
|-heal|p1a: Swampert|39/100|[from] item: Leftovers
|-heal|p2a: Hariyama|49/100|[from] item: Leftovers
|upkeep
|turn|30
|
|t:|1727985129
|switch|p2a: Forretress|Forretress, F|58/100
|-damage|p2a: Forretress|45/100|[from] Spikes
|move|p1a: Swampert|Ice Beam|p2a: Forretress
|-resisted|p2a: Forretress
|-damage|p2a: Forretress|37/100
|
|-weather|Sandstorm|[upkeep]
|-heal|p1a: Swampert|45/100|[from] item: Leftovers
|-heal|p2a: Forretress|43/100|[from] item: Leftovers
|upkeep
|turn|31
|
|t:|1727985131
|move|p1a: Swampert|Earthquake|p2a: Forretress
|-crit|p2a: Forretress
|-damage|p2a: Forretress|0 fnt
|faint|p2a: Forretress
|
|t:|1727985146
|switch|p2a: Blissey|Blissey, F|75/100
|-damage|p2a: Blissey|63/100|[from] Spikes
|
|-weather|Sandstorm|[upkeep]
|-damage|p2a: Blissey|57/100|[from] Sandstorm
|-heal|p2a: Blissey|63/100|[from] item: Leftovers
|-heal|p1a: Swampert|52/100|[from] item: Leftovers
|upkeep
|turn|32
|
|t:|1727985149
|move|p2a: Blissey|Seismic Toss|p1a: Swampert
|-damage|p1a: Swampert|27/100
|move|p1a: Swampert|Earthquake|p2a: Blissey
|-damage|p2a: Blissey|31/100
|
|-weather|Sandstorm|[upkeep]
|-damage|p2a: Blissey|25/100|[from] Sandstorm
|-heal|p2a: Blissey|31/100|[from] item: Leftovers
|-heal|p1a: Swampert|33/100|[from] item: Leftovers
|upkeep
|turn|33
|
|t:|1727985157
|move|p2a: Blissey|Seismic Toss|p1a: Swampert
|-damage|p1a: Swampert|8/100
|move|p1a: Swampert|Earthquake|p2a: Blissey
|-damage|p2a: Blissey|1/100
|
|-weather|Sandstorm|[upkeep]
|-damage|p2a: Blissey|0 fnt|[from] Sandstorm
|faint|p2a: Blissey
|-heal|p1a: Swampert|14/100|[from] item: Leftovers
|upkeep
|
|t:|1727985161
|switch|p2a: Tyranitar|Tyranitar, M|100/100
|-damage|p2a: Tyranitar|88/100|[from] Spikes
|turn|34
|
|t:|1727985164
|move|p1a: Swampert|Protect|p1a: Swampert
|-singleturn|p1a: Swampert|Protect
|move|p2a: Tyranitar|Crunch|p1a: Swampert
|-activate|p1a: Swampert|Protect
|
|-weather|Sandstorm|[upkeep]
|-heal|p2a: Tyranitar|94/100|[from] item: Leftovers
|-heal|p1a: Swampert|21/100|[from] item: Leftovers
|upkeep
|turn|35
|
|t:|1727985169
|-activate|p1a: Swampert|move: Pursuit
|move|p2a: Tyranitar|Pursuit|p1a: Swampert|[from]Pursuit
|-damage|p1a: Swampert|0 fnt
|faint|p1a: Swampert
|-hint|Previously chosen switches continue in Gen 2-4 after a Pursuit target faints.
|switch|p1a: Blissey|Blissey, F|51/100
|-damage|p1a: Blissey|26/100|[from] Spikes
|
|-weather|Sandstorm|[upkeep]
|-damage|p1a: Blissey|20/100|[from] Sandstorm
|-heal|p2a: Tyranitar|100/100|[from] item: Leftovers
|-heal|p1a: Blissey|26/100|[from] item: Leftovers
|upkeep
|turn|36
|
|t:|1727985172
|switch|p2a: Hariyama|Hariyama, F|49/100
|-damage|p2a: Hariyama|37/100|[from] Spikes
|move|p1a: Blissey|Soft-Boiled|p1a: Blissey
|-heal|p1a: Blissey|76/100
|
|-weather|Sandstorm|[upkeep]
|-damage|p1a: Blissey|70/100|[from] Sandstorm
|-damage|p2a: Hariyama|31/100|[from] Sandstorm
|-heal|p1a: Blissey|76/100|[from] item: Leftovers
|-heal|p2a: Hariyama|37/100|[from] item: Leftovers
|upkeep
|turn|37
|
|t:|1727985178
|move|p1a: Blissey|Seismic Toss|p2a: Hariyama
|-damage|p2a: Hariyama|14/100
|move|p2a: Hariyama|Rest|p2a: Hariyama
|-status|p2a: Hariyama|slp|[from] move: Rest
|-heal|p2a: Hariyama|100/100 slp|[silent]
|
|-weather|Sandstorm|[upkeep]
|-damage|p1a: Blissey|70/100|[from] Sandstorm
|-damage|p2a: Hariyama|94/100 slp|[from] Sandstorm
|-heal|p1a: Blissey|76/100|[from] item: Leftovers
|-heal|p2a: Hariyama|100/100 slp|[from] item: Leftovers
|upkeep
|turn|38
|
|t:|1727985189
|switch|p1a: Breloom|Breloom, F|100/100 par
|-damage|p1a: Breloom|76/100 par|[from] Spikes
|cant|p2a: Hariyama|slp
|
|-weather|Sandstorm|[upkeep]
|-damage|p2a: Hariyama|94/100 slp|[from] Sandstorm
|-damage|p1a: Breloom|69/100 par|[from] Sandstorm
|-heal|p2a: Hariyama|100/100 slp|[from] item: Leftovers
|-heal|p1a: Breloom|76/100 par|[from] item: Leftovers
|upkeep
|turn|39
|
|t:|1727985195
|-singleturn|p1a: Breloom|move: Focus Punch
|switch|p2a: Gengar|Gengar, F|100/100
|cant|p1a: Breloom|par
|
|-weather|Sandstorm|[upkeep]
|-damage|p2a: Gengar|94/100|[from] Sandstorm
|-damage|p1a: Breloom|69/100 par|[from] Sandstorm
|-heal|p2a: Gengar|100/100|[from] item: Leftovers
|-heal|p1a: Breloom|76/100 par|[from] item: Leftovers
|upkeep
|turn|40
|
|t:|1727985199
|switch|p1a: Blissey|Blissey, F|76/100
|-damage|p1a: Blissey|51/100|[from] Spikes
|move|p2a: Gengar|Will-O-Wisp|p1a: Blissey|[miss]
|-miss|p2a: Gengar|p1a: Blissey
|
|-weather|Sandstorm|[upkeep]
|-damage|p2a: Gengar|94/100|[from] Sandstorm
|-damage|p1a: Blissey|45/100|[from] Sandstorm
|-heal|p2a: Gengar|100/100|[from] item: Leftovers
|-heal|p1a: Blissey|51/100|[from] item: Leftovers
|upkeep
|turn|41
|
|t:|1727985204
|switch|p2a: Hariyama|Hariyama, F|100/100 slp
|-damage|p2a: Hariyama|88/100 slp|[from] Spikes
|move|p1a: Blissey|Soft-Boiled|p1a: Blissey
|-heal|p1a: Blissey|100/100
|
|-weather|Sandstorm|[upkeep]
|-damage|p1a: Blissey|94/100|[from] Sandstorm
|-damage|p2a: Hariyama|82/100 slp|[from] Sandstorm
|-heal|p1a: Blissey|100/100|[from] item: Leftovers
|-heal|p2a: Hariyama|88/100 slp|[from] item: Leftovers
|upkeep
|turn|42
|
|t:|1727985206
|switch|p1a: Breloom|Breloom, F|76/100 par
|-damage|p1a: Breloom|51/100 par|[from] Spikes
|cant|p2a: Hariyama|slp
|
|-weather|Sandstorm|[upkeep]
|-damage|p2a: Hariyama|82/100 slp|[from] Sandstorm
|-damage|p1a: Breloom|45/100 par|[from] Sandstorm
|-heal|p2a: Hariyama|88/100 slp|[from] item: Leftovers
|-heal|p1a: Breloom|51/100 par|[from] item: Leftovers
|upkeep
|turn|43
|
|t:|1727985209
|switch|p1a: Blissey|Blissey, F|100/100
|-damage|p1a: Blissey|76/100|[from] Spikes
|-curestatus|p2a: Hariyama|slp|[msg]
|move|p2a: Hariyama|Brick Break|p1a: Blissey
|-supereffective|p1a: Blissey
|-damage|p1a: Blissey|7/100
|
|-weather|Sandstorm|[upkeep]
|-damage|p1a: Blissey|1/100|[from] Sandstorm
|-damage|p2a: Hariyama|82/100|[from] Sandstorm
|-heal|p1a: Blissey|7/100|[from] item: Leftovers
|-heal|p2a: Hariyama|88/100|[from] item: Leftovers
|upkeep
|turn|44
|
|t:|1727985213
|move|p1a: Blissey|Ice Beam|p2a: Hariyama
|-damage|p2a: Hariyama|79/100
|move|p2a: Hariyama|Brick Break|p1a: Blissey
|-supereffective|p1a: Blissey
|-crit|p1a: Blissey
|-damage|p1a: Blissey|0 fnt
|faint|p1a: Blissey
|
|t:|1727985215
|switch|p1a: Breloom|Breloom, F|51/100 par
|-damage|p1a: Breloom|26/100 par|[from] Spikes
|
|-weather|Sandstorm|[upkeep]
|-damage|p2a: Hariyama|73/100|[from] Sandstorm
|-damage|p1a: Breloom|20/100 par|[from] Sandstorm
|-heal|p2a: Hariyama|79/100|[from] item: Leftovers
|-heal|p1a: Breloom|26/100 par|[from] item: Leftovers
|upkeep
|turn|45
|
|t:|1727985217
|move|p1a: Breloom|Mach Punch|p2a: Hariyama
|-damage|p2a: Hariyama|59/100
|move|p2a: Hariyama|Brick Break|p1a: Breloom
|-damage|p1a: Breloom|0 fnt
|faint|p1a: Breloom
|
|win|Eg0r
|c|☆Eg0r|ggs
|c|☆bigmamasnorlax|ggs
|player|p1|

</script>
<script type="application/json" class="data" id="replaydata-smogtours-gen3ou-794342">
{"id":"smogtours-gen3ou-794342","format":"[Gen 3] OU","players":["bigmamasnorlax","Eg0r"],"uploadtime":1727985217,"views":131,"formatid":"gen3ou","rating":null,"private":1,"password":null}
</script>

<script defer src="js/replays.js?9d40a366"></script>
