<!DOCTYPE html>
<meta charset="utf-8" />
<meta name="viewport" content="width=device-width" />

<title>[Gen 3] OU: DiegoIn vs. ThisGuyMuks - Replays - Pok&eacute;mon Showdown!</title>

<meta name="description" content="Watch a replay of a Pok&eacute;mon battle between DiegoIn and ThisGuyMuks! Format: [Gen 3] OU; Date: Oct 15, 2024" />
<!--

Hey, you! Looking in the source for the replay log?

You can find them in JSON format, just add `.json` at the end of a replay URL.

https://replay.pokemonshowdown.com/gen7randomdoublesbattle-865046831.json

Or, if you only need the log itself, add `.log` instead:

https://replay.pokemonshowdown.com/gen7randomdoublesbattle-865046831.log

-->

<link rel="stylesheet" href="//pokemonshowdown.com/style/global.css?0.023195364461161105" />
<link rel="stylesheet" href="//play.pokemonshowdown.com/style/font-awesome.css?0.13261647063804238" />
<link rel="stylesheet" href="//play.pokemonshowdown.com/style/battle.css?0.8753245789963631" />
<link rel="stylesheet" href="//play.pokemonshowdown.com/style/utilichart.css?0.8627959624976733" />

<!-- Global site tag (gtag.js) - Google Analytics -->
<script async src="https://www.googletagmanager.com/gtag/js?id=UA-26211653-1"></script>
<script>
  window.dataLayer = window.dataLayer || [];
  function gtag(){dataLayer.push(arguments);}
  gtag('js', new Date());

  gtag('config', 'UA-26211653-1');
</script>
<!-- End Google Analytics -->
<!-- Venatus Ad Manager - Install in <HEAD> of page -->
	<script src="https://hb.vntsm.com/v3/live/ad-manager.min.js" type="text/javascript" data-site-id="642aba63ec9a7b11c3c9c1be" data-mode="scan" async></script>
<!-- / Venatus Ad Manager -->

<style>
	@media (max-width:820px) {
		.battle {
			margin: 0 auto;
		}
		.battle-log {
			margin: 7px auto 0;
			max-width: 640px;
			height: 300px;
			position: static;
		}
	}
	.optgroup {
		display: inline-block;
		line-height: 22px;
		font-size: 10pt;
	}
	.optgroup .button {
		height: 25px;
		padding-top: 0;
		padding-bottom: 0;
	}
	.optgroup button.button {
		padding-left: 12px;
		padding-right: 12px;
	}
	.linklist {
		list-style: none;
		margin: 0.5em 0;
		padding: 0;
	}
	.linklist li {
		padding: 2px 0;
	}
	.sidebar {
		float: left;
		width: 320px;
	}
	.bar-wrapper {
		max-width: 1100px;
		margin: 0 auto;
	}
	.bar-wrapper.has-sidebar {
		max-width: 1430px;
	}
	.mainbar {
		margin: 0;
		padding-right: 1px;
	}
	.mainbar.has-sidebar {
		margin-left: 330px;
	}
	@media (min-width: 1511px) {
		.sidebar {
			width: 400px;
		}
		.bar-wrapper.has-sidebar {
			max-width: 1510px;
		}
		.mainbar.has-sidebar {
			margin-left: 410px;
		}
	}
	.section.first-section {
		margin-top: 9px;
	}
	.blocklink small {
		white-space: normal;
	}
	.button {
		vertical-align: middle;
	}
	.replay-controls {
		padding-top: 10px;
	}
	.replay-controls h1 {
		font-size: 16pt;
		font-weight: normal;
		color: #CCC;
	}
	.pagelink {
		text-align: center;
	}
	.pagelink a {
		width: 150px;
	}
	.textbox, .button {
		font-size: 11pt;
		vertical-align: middle;
	}
	@media (max-width: 450px) {
		.button {
			font-size: 9pt;
		}
	}
</style>

<div>

	<header>
		<div class="nav-wrapper"><ul class="nav">
			<li><a class="button nav-first" href="//pokemonshowdown.com/"><img src="//pokemonshowdown.com/images/pokemonshowdownbeta.png" srcset="//pokemonshowdown.com/images/pokemonshowdownbeta.png 1x, //pokemonshowdown.com/images/pokemonshowdownbeta@2x.png 2x" alt="Pok&eacute;mon Showdown" width="146" height="44" /> Home</a></li>
			<li><a class="button" href="//pokemonshowdown.com/dex/">Pok&eacute;dex</a></li>
			<li><a class="button cur" href="/">Replays</a></li>
			<li><a class="button" href="//pokemonshowdown.com/ladder/">Ladder</a></li>
			<li><a class="button nav-last" href="//pokemonshowdown.com/forums/">Forum</a></li>
			<li><a class="button greenbutton nav-first nav-last" href="//play.pokemonshowdown.com/">Play</a></li>
		</ul></div>
	</header>

	<div class="main" id="main">

		<noscript><section class="section">You need to enable JavaScript to use this page; sorry!</section></noscript>

	</div>

</div>

<script defer nomodule src="//play.pokemonshowdown.com/js/lib/ps-polyfill.js"></script>
<script defer src="//play.pokemonshowdown.com/js/lib/preact.min.js"></script>

<script defer src="//play.pokemonshowdown.com/config/config.js?2bddbc15"></script>
<script defer src="//play.pokemonshowdown.com/js/lib/jquery-1.11.0.min.js"></script>
<script defer src="//play.pokemonshowdown.com/js/lib/html-sanitizer-minified.js"></script>
<script defer src="//play.pokemonshowdown.com/js/battle-sound.js"></script>
<script defer src="//play.pokemonshowdown.com/js/battledata.js?0.7209276989879541"></script>
<script defer src="//play.pokemonshowdown.com/data/pokedex-mini.js?0.6111056340867951"></script>
<script defer src="//play.pokemonshowdown.com/data/pokedex-mini-bw.js?0.3532142036491459"></script>
<script defer src="//play.pokemonshowdown.com/data/graphics.js?0.24223875632456182"></script>
<script defer src="//play.pokemonshowdown.com/data/pokedex.js?0.38839984266356864"></script>
<script defer src="//play.pokemonshowdown.com/data/moves.js?0.21866028504024015"></script>
<script defer src="//play.pokemonshowdown.com/data/abilities.js?0.2005157953846628"></script>
<script defer src="//play.pokemonshowdown.com/data/items.js?0.9894211263848525"></script>
<script defer src="//play.pokemonshowdown.com/data/teambuilder-tables.js?0.6008791140282215"></script>
<script defer src="//play.pokemonshowdown.com/js/battle-tooltips.js?0.7580118955022959"></script>
<script defer src="//play.pokemonshowdown.com/js/battle.js?0.6057722274234274"></script>

<script defer src="js/utils.js?e31f9a17"></script>
<script defer src="js/replays-battle.js?7008c182"></script>

<!-- don't scrape this data! just add .json or .log after the URL!
Full API docs: https://github.com/smogon/pokemon-showdown-client/blob/master/WEB-API.md -->
<script type="text/plain" class="log" id="replaylog-smogtours-gen3ou-798857">
|inactive|Battle timer is ON: inactive players will automatically lose when time's up.
|t:|1728955081
|gametype|singles
|player|p1|DiegoIn|ethan|
|player|p2|ThisGuyMuks|102|
|teamsize|p1|6
|teamsize|p2|6
|gen|3
|tier|[Gen 3] OU
|rule|Sleep Clause Mod: Limit one foe put to sleep
|rule|Switch Priority Clause Mod: Faster Pokémon switch first
|rule|Species Clause: Limit one of each Pokémon
|rule|OHKO Clause: OHKO moves are banned
|rule|Evasion Items Clause: Evasion items are banned
|rule|Evasion Moves Clause: Evasion moves are banned
|rule|Endless Battle Clause: Forcing endless battles is banned
|rule|HP Percentage Mod: HP is shown in percentages
|rule|One Boost Passer Clause: Limit one Baton Passer that has a way to boost its stats
|rule|Freeze Clause Mod: Limit one foe frozen
|
|t:|1728955081
|start
|switch|p1a: CORRN|Medicham, F|100/100
|switch|p2a: Skarmory|Skarmory, F|100/100
|turn|1
|inactive|ThisGuyMuks has 270 seconds left.
|
|t:|1728955130
|switch|p1a: EVAN|Salamence, M|100/100
|-ability|p1a: EVAN|Intimidate|boost
|-unboost|p2a: Skarmory|atk|1
|move|p2a: Skarmory|Spikes|p1a: EVAN
|-sidestart|p1: DiegoIn|Spikes
|
|upkeep
|turn|2
|
|t:|1728955148
|switch|p2a: Blissey|Blissey, F|100/100
|move|p1a: EVAN|Dragon Dance|p1a: EVAN
|-boost|p1a: EVAN|atk|1
|-boost|p1a: EVAN|spe|1
|
|upkeep
|turn|3
|
|t:|1728955168
|move|p1a: EVAN|Dragon Dance|p1a: EVAN
|-boost|p1a: EVAN|atk|1
|-boost|p1a: EVAN|spe|1
|move|p2a: Blissey|Ice Beam|p1a: EVAN
|-supereffective|p1a: EVAN
|-damage|p1a: EVAN|0 fnt
|faint|p1a: EVAN
|
|t:|1728955177
|switch|p1a: CORRN|Medicham, F|100/100
|-damage|p1a: CORRN|88/100|[from] Spikes
|
|upkeep
|turn|4
|
|t:|1728955202
|switch|p2a: Zapdos|Zapdos|100/100
|move|p1a: CORRN|Brick Break|p2a: Zapdos
|-resisted|p2a: Zapdos
|-damage|p2a: Zapdos|52/100
|
|-heal|p2a: Zapdos|58/100|[from] item: Leftovers
|upkeep
|turn|5
|
|t:|1728955217
|switch|p2a: Gengar|Gengar, F|100/100
|switch|p1a: RICH|Tyranitar, M|100/100
|-damage|p1a: RICH|88/100|[from] Spikes
|-weather|Sandstorm|[from] ability: Sand Stream|[of] p1a: RICH
|
|-weather|Sandstorm|[upkeep]
|-damage|p2a: Gengar|94/100|[from] Sandstorm
|-heal|p2a: Gengar|100/100|[from] item: Leftovers
|-heal|p1a: RICH|94/100|[from] item: Leftovers
|upkeep
|turn|6
|
|t:|1728955225
|move|p2a: Gengar|Will-O-Wisp|p1a: RICH
|-status|p1a: RICH|brn
|move|p1a: RICH|Thunder Wave|p2a: Gengar
|-status|p2a: Gengar|par
|
|-weather|Sandstorm|[upkeep]
|-damage|p2a: Gengar|94/100 par|[from] Sandstorm
|-heal|p1a: RICH|100/100 brn|[from] item: Leftovers
|-damage|p1a: RICH|88/100 brn|[from] brn
|-heal|p2a: Gengar|100/100 par|[from] item: Leftovers
|upkeep
|turn|7
|
|t:|1728955244
|switch|p2a: Tyranitar|Tyranitar, F, shiny|100/100
|move|p1a: RICH|Dragon Dance|p1a: RICH
|-boost|p1a: RICH|atk|1
|-boost|p1a: RICH|spe|1
|
|-weather|Sandstorm|[upkeep]
|-heal|p1a: RICH|94/100 brn|[from] item: Leftovers
|-damage|p1a: RICH|82/100 brn|[from] brn
|upkeep
|turn|8
|
|t:|1728955249
|switch|p2a: Flygon|Flygon, F|100/100
|move|p1a: RICH|Earthquake|p2a: Flygon
|-immune|p2a: Flygon
|
|-weather|Sandstorm|[upkeep]
|-heal|p1a: RICH|88/100 brn|[from] item: Leftovers
|-damage|p1a: RICH|76/100 brn|[from] brn
|upkeep
|turn|9
|
|t:|1728955254
|switch|p1a: RUE|Vaporeon, F|100/100
|-damage|p1a: RUE|88/100|[from] Spikes
|move|p2a: Flygon|Earthquake|p1a: RUE
|-damage|p1a: RUE|60/100
|
|-weather|Sandstorm|[upkeep]
|-damage|p1a: RUE|53/100|[from] Sandstorm
|-heal|p1a: RUE|60/100|[from] item: Leftovers
|upkeep
|turn|10
|
|t:|1728955267
|switch|p2a: Skarmory|Skarmory, F|100/100
|move|p1a: RUE|Wish|p1a: RUE
|
|-weather|Sandstorm|[upkeep]
|-damage|p1a: RUE|53/100|[from] Sandstorm
|-heal|p1a: RUE|60/100|[from] item: Leftovers
|upkeep
|turn|11
|
|t:|1728955273
|move|p2a: Skarmory|Spikes|p1a: RUE
|-sidestart|p1: DiegoIn|Spikes
|move|p1a: RUE|Surf|p2a: Skarmory
|-damage|p2a: Skarmory|65/100
|
|-heal|p1a: RUE|100/100|[from] move: Wish|[wisher] RUE
|-weather|Sandstorm|[upkeep]
|-damage|p1a: RUE|94/100|[from] Sandstorm
|-heal|p2a: Skarmory|71/100|[from] item: Leftovers
|-heal|p1a: RUE|100/100|[from] item: Leftovers
|upkeep
|turn|12
|
|t:|1728955287
|move|p2a: Skarmory|Toxic|p1a: RUE
|-status|p1a: RUE|tox
|move|p1a: RUE|Surf|p2a: Skarmory
|-damage|p2a: Skarmory|40/100
|
|-weather|Sandstorm|[upkeep]
|-damage|p1a: RUE|94/100 tox|[from] Sandstorm
|-heal|p2a: Skarmory|46/100|[from] item: Leftovers
|-heal|p1a: RUE|100/100 tox|[from] item: Leftovers
|-damage|p1a: RUE|94/100 tox|[from] psn
|upkeep
|turn|13
|
|t:|1728955290
|move|p2a: Skarmory|Protect|p2a: Skarmory
|-singleturn|p2a: Skarmory|Protect
|move|p1a: RUE|Baton Pass|p1a: RUE
|
|t:|1728955295
|switch|p1a: COOK|Gengar, M, shiny|100/100|[from] Baton Pass
|
|-weather|Sandstorm|[upkeep]
|-damage|p1a: COOK|94/100|[from] Sandstorm
|-heal|p1a: COOK|100/100|[from] item: Leftovers
|-heal|p2a: Skarmory|52/100|[from] item: Leftovers
|upkeep
|turn|14
|
|t:|1728955301
|switch|p2a: Tyranitar|Tyranitar, F, shiny|100/100
|move|p1a: COOK|Fire Punch|p2a: Tyranitar
|-resisted|p2a: Tyranitar
|-damage|p2a: Tyranitar|89/100
|
|-weather|Sandstorm|[upkeep]
|-damage|p1a: COOK|94/100|[from] Sandstorm
|-heal|p1a: COOK|100/100|[from] item: Leftovers
|-heal|p2a: Tyranitar|95/100|[from] item: Leftovers
|upkeep
|turn|15
|
|t:|1728955305
|move|p1a: COOK|Hidden Power|p2a: Tyranitar
|-supereffective|p2a: Tyranitar
|-damage|p2a: Tyranitar|51/100
|move|p2a: Tyranitar|Pursuit|p1a: COOK
|-supereffective|p1a: COOK
|-damage|p1a: COOK|44/100
|
|-weather|Sandstorm|[upkeep]
|-damage|p1a: COOK|38/100|[from] Sandstorm
|-heal|p1a: COOK|44/100|[from] item: Leftovers
|-heal|p2a: Tyranitar|57/100|[from] item: Leftovers
|upkeep
|turn|16
|
|t:|1728955314
|move|p1a: COOK|Hidden Power|p2a: Tyranitar
|-supereffective|p2a: Tyranitar
|-damage|p2a: Tyranitar|14/100
|move|p2a: Tyranitar|Pursuit|p1a: COOK
|-supereffective|p1a: COOK
|-damage|p1a: COOK|0 fnt
|faint|p1a: COOK
|
|t:|1728955321
|switch|p1a: CORRN|Medicham, F|88/100
|-damage|p1a: CORRN|72/100|[from] Spikes
|
|-weather|Sandstorm|[upkeep]
|-damage|p1a: CORRN|66/100|[from] Sandstorm
|-heal|p2a: Tyranitar|20/100|[from] item: Leftovers
|upkeep
|turn|17
|
|t:|1728955331
|move|p1a: CORRN|Shadow Ball|p2a: Tyranitar
|-resisted|p2a: Tyranitar
|-damage|p2a: Tyranitar|0 fnt
|faint|p2a: Tyranitar
|
|t:|1728955343
|switch|p2a: Skarmory|Skarmory, F|52/100
|
|-weather|Sandstorm|[upkeep]
|-damage|p1a: CORRN|60/100|[from] Sandstorm
|-heal|p2a: Skarmory|58/100|[from] item: Leftovers
|upkeep
|turn|18
|
|t:|1728955357
|switch|p1a: RICH|Tyranitar, M|76/100 brn
|-damage|p1a: RICH|59/100 brn|[from] Spikes
|move|p2a: Skarmory|Spikes|p1a: RICH
|-sidestart|p1: DiegoIn|Spikes
|
|-weather|Sandstorm|[upkeep]
|-heal|p1a: RICH|65/100 brn|[from] item: Leftovers
|-damage|p1a: RICH|53/100 brn|[from] brn
|-heal|p2a: Skarmory|64/100|[from] item: Leftovers
|upkeep
|turn|19
|
|t:|1728955363
|switch|p2a: Flygon|Flygon, F|100/100
|move|p1a: RICH|Thunder Wave|p2a: Flygon
|-immune|p2a: Flygon
|
|-weather|Sandstorm|[upkeep]
|-heal|p1a: RICH|59/100 brn|[from] item: Leftovers
|-damage|p1a: RICH|47/100 brn|[from] brn
|upkeep
|turn|20
|
|t:|1728955368
|move|p2a: Flygon|Earthquake|p1a: RICH
|-supereffective|p1a: RICH
|-damage|p1a: RICH|0 fnt
|faint|p1a: RICH
|
|t:|1728955377
|switch|p1a: RUE|Vaporeon, F|94/100 tox
|-damage|p1a: RUE|69/100 tox|[from] Spikes
|
|-weather|Sandstorm|[upkeep]
|-damage|p1a: RUE|63/100 tox|[from] Sandstorm
|-heal|p1a: RUE|69/100 tox|[from] item: Leftovers
|-damage|p1a: RUE|63/100 tox|[from] psn
|upkeep
|turn|21
|
|t:|1728955387
|switch|p2a: Blissey|Blissey, F|100/100
|move|p1a: RUE|Acid Armor|p1a: RUE
|-boost|p1a: RUE|def|2
|
|-weather|Sandstorm|[upkeep]
|-damage|p2a: Blissey|94/100|[from] Sandstorm
|-damage|p1a: RUE|57/100 tox|[from] Sandstorm
|-heal|p2a: Blissey|100/100|[from] item: Leftovers
|-heal|p1a: RUE|63/100 tox|[from] item: Leftovers
|-damage|p1a: RUE|50/100 tox|[from] psn
|upkeep
|turn|22
|
|t:|1728955401
|switch|p2a: Skarmory|Skarmory, F|64/100
|move|p1a: RUE|Baton Pass|p1a: RUE
|
|t:|1728955410
|switch|p1a: CORRN|Medicham, F|60/100|[from] Baton Pass
|-damage|p1a: CORRN|35/100|[from] Spikes
|
|-weather|Sandstorm|[upkeep]
|-damage|p1a: CORRN|29/100|[from] Sandstorm
|-heal|p2a: Skarmory|70/100|[from] item: Leftovers
|upkeep
|turn|23
|
|t:|1728955418
|move|p2a: Skarmory|Protect|p2a: Skarmory
|-singleturn|p2a: Skarmory|Protect
|move|p1a: CORRN|Brick Break|p2a: Skarmory
|-activate|p2a: Skarmory|Protect
|
|-weather|Sandstorm|[upkeep]
|-damage|p1a: CORRN|23/100|[from] Sandstorm
|-heal|p2a: Skarmory|76/100|[from] item: Leftovers
|upkeep
|turn|24
|
|t:|1728955425
|switch|p2a: Gengar|Gengar, F|100/100 par
|move|p1a: CORRN|Brick Break|p2a: Gengar
|-immune|p2a: Gengar
|
|-weather|Sandstorm|[upkeep]
|-damage|p1a: CORRN|17/100|[from] Sandstorm
|-damage|p2a: Gengar|94/100 par|[from] Sandstorm
|-heal|p2a: Gengar|100/100 par|[from] item: Leftovers
|upkeep
|turn|25
|
|t:|1728955436
|switch|p1a: RUE|Vaporeon, F|50/100 tox
|-damage|p1a: RUE|25/100 tox|[from] Spikes
|move|p2a: Gengar|Fire Punch|p1a: RUE
|-resisted|p1a: RUE
|-damage|p1a: RUE|18/100 tox
|
|-weather|Sandstorm|[upkeep]
|-damage|p1a: RUE|11/100 tox|[from] Sandstorm
|-damage|p2a: Gengar|94/100 par|[from] Sandstorm
|-heal|p1a: RUE|18/100 tox|[from] item: Leftovers
|-damage|p1a: RUE|11/100 tox|[from] psn
|-heal|p2a: Gengar|100/100 par|[from] item: Leftovers
|upkeep
|turn|26
|
|t:|1728955443
|switch|p2a: Skarmory|Skarmory, F|76/100
|move|p1a: RUE|Wish|p1a: RUE
|
|-weather|Sandstorm|[upkeep]
|-damage|p1a: RUE|5/100 tox|[from] Sandstorm
|-heal|p2a: Skarmory|82/100|[from] item: Leftovers
|-heal|p1a: RUE|11/100 tox|[from] item: Leftovers
|-damage|p1a: RUE|0 fnt|[from] psn
|faint|p1a: RUE
|upkeep
|
|t:|1728955446
|switch|p1a: CORRN|Medicham, F|17/100
|-damage|p1a: CORRN|0 fnt|[from] Spikes
|faint|p1a: CORRN
|-message|DiegoIn forfeited.
|
|win|ThisGuyMuks
|player|p1|
|c|☆ThisGuyMuks|gg

</script>
<script type="application/json" class="data" id="replaydata-smogtours-gen3ou-798857">
{"id":"smogtours-gen3ou-798857","format":"[Gen 3] OU","players":["DiegoIn","ThisGuyMuks"],"uploadtime":1728955453,"views":120,"formatid":"gen3ou","rating":null,"private":0,"password":null}
</script>

<script defer src="js/replays.js?9d40a366"></script>
