<!DOCTYPE html>
<meta charset="utf-8" />
<meta name="viewport" content="width=device-width" />

<title>[Gen 3] OU: Bhol vs. FlareLiger - Replays - Pok&eacute;mon Showdown!</title>

<meta name="description" content="Watch a replay of a Pok&eacute;mon battle between Bhol and FlareLiger! Format: [Gen 3] OU; Date: Oct 23, 2024" />
<!--

Hey, you! Looking in the source for the replay log?

You can find them in JSON format, just add `.json` at the end of a replay URL.

https://replay.pokemonshowdown.com/gen7randomdoublesbattle-865046831.json

Or, if you only need the log itself, add `.log` instead:

https://replay.pokemonshowdown.com/gen7randomdoublesbattle-865046831.log

-->

<link rel="stylesheet" href="//pokemonshowdown.com/style/global.css?0.023195364461161105" />
<link rel="stylesheet" href="//play.pokemonshowdown.com/style/font-awesome.css?0.13261647063804238" />
<link rel="stylesheet" href="//play.pokemonshowdown.com/style/battle.css?0.8753245789963631" />
<link rel="stylesheet" href="//play.pokemonshowdown.com/style/utilichart.css?0.8627959624976733" />

<!-- Global site tag (gtag.js) - Google Analytics -->
<script async src="https://www.googletagmanager.com/gtag/js?id=UA-26211653-1"></script>
<script>
  window.dataLayer = window.dataLayer || [];
  function gtag(){dataLayer.push(arguments);}
  gtag('js', new Date());

  gtag('config', 'UA-26211653-1');
</script>
<!-- End Google Analytics -->
<!-- Venatus Ad Manager - Install in <HEAD> of page -->
	<script src="https://hb.vntsm.com/v3/live/ad-manager.min.js" type="text/javascript" data-site-id="642aba63ec9a7b11c3c9c1be" data-mode="scan" async></script>
<!-- / Venatus Ad Manager -->

<style>
	@media (max-width:820px) {
		.battle {
			margin: 0 auto;
		}
		.battle-log {
			margin: 7px auto 0;
			max-width: 640px;
			height: 300px;
			position: static;
		}
	}
	.optgroup {
		display: inline-block;
		line-height: 22px;
		font-size: 10pt;
	}
	.optgroup .button {
		height: 25px;
		padding-top: 0;
		padding-bottom: 0;
	}
	.optgroup button.button {
		padding-left: 12px;
		padding-right: 12px;
	}
	.linklist {
		list-style: none;
		margin: 0.5em 0;
		padding: 0;
	}
	.linklist li {
		padding: 2px 0;
	}
	.sidebar {
		float: left;
		width: 320px;
	}
	.bar-wrapper {
		max-width: 1100px;
		margin: 0 auto;
	}
	.bar-wrapper.has-sidebar {
		max-width: 1430px;
	}
	.mainbar {
		margin: 0;
		padding-right: 1px;
	}
	.mainbar.has-sidebar {
		margin-left: 330px;
	}
	@media (min-width: 1511px) {
		.sidebar {
			width: 400px;
		}
		.bar-wrapper.has-sidebar {
			max-width: 1510px;
		}
		.mainbar.has-sidebar {
			margin-left: 410px;
		}
	}
	.section.first-section {
		margin-top: 9px;
	}
	.blocklink small {
		white-space: normal;
	}
	.button {
		vertical-align: middle;
	}
	.replay-controls {
		padding-top: 10px;
	}
	.replay-controls h1 {
		font-size: 16pt;
		font-weight: normal;
		color: #CCC;
	}
	.pagelink {
		text-align: center;
	}
	.pagelink a {
		width: 150px;
	}
	.textbox, .button {
		font-size: 11pt;
		vertical-align: middle;
	}
	@media (max-width: 450px) {
		.button {
			font-size: 9pt;
		}
	}
</style>

<div>

	<header>
		<div class="nav-wrapper"><ul class="nav">
			<li><a class="button nav-first" href="//pokemonshowdown.com/"><img src="//pokemonshowdown.com/images/pokemonshowdownbeta.png" srcset="//pokemonshowdown.com/images/pokemonshowdownbeta.png 1x, //pokemonshowdown.com/images/pokemonshowdownbeta@2x.png 2x" alt="Pok&eacute;mon Showdown" width="146" height="44" /> Home</a></li>
			<li><a class="button" href="//pokemonshowdown.com/dex/">Pok&eacute;dex</a></li>
			<li><a class="button cur" href="/">Replays</a></li>
			<li><a class="button" href="//pokemonshowdown.com/ladder/">Ladder</a></li>
			<li><a class="button nav-last" href="//pokemonshowdown.com/forums/">Forum</a></li>
			<li><a class="button greenbutton nav-first nav-last" href="//play.pokemonshowdown.com/">Play</a></li>
		</ul></div>
	</header>

	<div class="main" id="main">

		<noscript><section class="section">You need to enable JavaScript to use this page; sorry!</section></noscript>

	</div>

</div>

<script defer nomodule src="//play.pokemonshowdown.com/js/lib/ps-polyfill.js"></script>
<script defer src="//play.pokemonshowdown.com/js/lib/preact.min.js"></script>

<script defer src="//play.pokemonshowdown.com/config/config.js?2bddbc15"></script>
<script defer src="//play.pokemonshowdown.com/js/lib/jquery-1.11.0.min.js"></script>
<script defer src="//play.pokemonshowdown.com/js/lib/html-sanitizer-minified.js"></script>
<script defer src="//play.pokemonshowdown.com/js/battle-sound.js"></script>
<script defer src="//play.pokemonshowdown.com/js/battledata.js?0.7209276989879541"></script>
<script defer src="//play.pokemonshowdown.com/data/pokedex-mini.js?0.6111056340867951"></script>
<script defer src="//play.pokemonshowdown.com/data/pokedex-mini-bw.js?0.3532142036491459"></script>
<script defer src="//play.pokemonshowdown.com/data/graphics.js?0.24223875632456182"></script>
<script defer src="//play.pokemonshowdown.com/data/pokedex.js?0.38839984266356864"></script>
<script defer src="//play.pokemonshowdown.com/data/moves.js?0.21866028504024015"></script>
<script defer src="//play.pokemonshowdown.com/data/abilities.js?0.2005157953846628"></script>
<script defer src="//play.pokemonshowdown.com/data/items.js?0.9894211263848525"></script>
<script defer src="//play.pokemonshowdown.com/data/teambuilder-tables.js?0.6008791140282215"></script>
<script defer src="//play.pokemonshowdown.com/js/battle-tooltips.js?0.7580118955022959"></script>
<script defer src="//play.pokemonshowdown.com/js/battle.js?0.6057722274234274"></script>

<script defer src="js/utils.js?e31f9a17"></script>
<script defer src="js/replays-battle.js?7008c182"></script>

<!-- don't scrape this data! just add .json or .log after the URL!
Full API docs: https://github.com/smogon/pokemon-showdown-client/blob/master/WEB-API.md -->
<script type="text/plain" class="log" id="replaylog-gen3ou-2228816226-bduuddd53puhlk30fwb16uboomsblf9pw">
|j|☆Bhol
|j|☆FlareLiger
|t:|1729641996
|gametype|singles
|player|p1|Bhol|sabrina|
|player|p2|FlareLiger|maid|
|teamsize|p1|6
|teamsize|p2|6
|gen|3
|tier|[Gen 3] OU
|rule|Sleep Clause Mod: Limit one foe put to sleep
|rule|Switch Priority Clause Mod: Faster Pokémon switch first
|rule|Species Clause: Limit one of each Pokémon
|rule|OHKO Clause: OHKO moves are banned
|rule|Evasion Items Clause: Evasion items are banned
|rule|Evasion Moves Clause: Evasion moves are banned
|rule|Endless Battle Clause: Forcing endless battles is banned
|rule|HP Percentage Mod: HP is shown in percentages
|rule|One Boost Passer Clause: Limit one Baton Passer that has a way to boost its stats
|rule|Freeze Clause Mod: Limit one foe frozen
|
|t:|1729641996
|start
|switch|p1a: Zapdos|Zapdos|100/100
|switch|p2a: Metagross|Metagross|100/100
|turn|1
|inactive|Battle timer is ON: inactive players will automatically lose when time's up. (requested by FlareLiger)
|c|☆Bhol|glhf
|c|☆FlareLiger|u2
|
|t:|1729642018
|move|p1a: Zapdos|Baton Pass|p1a: Zapdos
|
|t:|1729642027
|switch|p1a: Swampert|Swampert, M|100/100|[from] Baton Pass
|move|p2a: Metagross|Meteor Mash|p1a: Swampert
|-resisted|p1a: Swampert
|-damage|p1a: Swampert|62/100
|
|-heal|p1a: Swampert|68/100|[from] item: Leftovers
|upkeep
|turn|2
|j| TeamMagmaBlunt
|
|t:|1729642050
|switch|p2a: Swampert|Swampert, M|100/100
|move|p1a: Swampert|Hydro Pump|p2a: Swampert
|-damage|p2a: Swampert|64/100
|
|-heal|p2a: Swampert|70/100|[from] item: Leftovers
|-heal|p1a: Swampert|75/100|[from] item: Leftovers
|upkeep
|turn|3
|
|t:|1729642071
|move|p2a: Swampert|Hydro Pump|p1a: Swampert
|-damage|p1a: Swampert|40/100
|move|p1a: Swampert|Hydro Pump|p2a: Swampert
|-damage|p2a: Swampert|35/100
|
|-heal|p2a: Swampert|42/100|[from] item: Leftovers
|-heal|p1a: Swampert|46/100|[from] item: Leftovers
|upkeep
|turn|4
|inactive|Bhol has 270 seconds left.
|
|t:|1729642089
|move|p2a: Swampert|Protect|p2a: Swampert
|-singleturn|p2a: Swampert|Protect
|move|p1a: Swampert|Hydro Pump|p2a: Swampert
|-activate|p2a: Swampert|Protect
|
|-heal|p2a: Swampert|48/100|[from] item: Leftovers
|-heal|p1a: Swampert|52/100|[from] item: Leftovers
|upkeep
|turn|5
|
|t:|1729642098
|switch|p2a: Gengar|Gengar, M|100/100
|move|p1a: Swampert|Hydro Pump|p2a: Gengar
|-damage|p2a: Gengar|45/100
|
|-heal|p2a: Gengar|51/100|[from] item: Leftovers
|-heal|p1a: Swampert|58/100|[from] item: Leftovers
|upkeep
|turn|6
|
|t:|1729642106
|switch|p1a: Regice|Regice|100/100
|move|p2a: Gengar|Giga Drain|p1a: Regice
|-damage|p1a: Regice|89/100
|-heal|p2a: Gengar|59/100|[from] drain|[of] p1a: Regice
|
|-heal|p2a: Gengar|65/100|[from] item: Leftovers
|-heal|p1a: Regice|95/100|[from] item: Leftovers
|upkeep
|turn|7
|
|t:|1729642114
|switch|p2a: Tyranitar|Tyranitar, M|100/100
|-weather|Sandstorm|[from] ability: Sand Stream|[of] p2a: Tyranitar
|move|p1a: Regice|Thunder Wave|p2a: Tyranitar
|-status|p2a: Tyranitar|par
|
|-weather|Sandstorm|[upkeep]
|-damage|p1a: Regice|89/100|[from] Sandstorm
|-heal|p1a: Regice|95/100|[from] item: Leftovers
|upkeep
|turn|8
|
|t:|1729642125
|-singleturn|p2a: Tyranitar|move: Focus Punch
|switch|p1a: Metagross|Metagross|100/100
|move|p2a: Tyranitar|Focus Punch|p1a: Metagross
|-damage|p1a: Metagross|33/100
|
|-weather|Sandstorm|[upkeep]
|upkeep
|turn|9
|
|t:|1729642135
|switch|p2a: Claydol|Claydol|100/100
|move|p1a: Metagross|Earthquake|p2a: Claydol
|-immune|p2a: Claydol
|
|-weather|Sandstorm|[upkeep]
|upkeep
|turn|10
|
|t:|1729642151
|switch|p1a: Salamence|Salamence, F|100/100
|-ability|p1a: Salamence|Intimidate|boost
|-unboost|p2a: Claydol|atk|1
|move|p2a: Claydol|Psychic|p1a: Salamence
|-damage|p1a: Salamence|71/100
|
|-weather|Sandstorm|[upkeep]
|-damage|p1a: Salamence|65/100|[from] Sandstorm
|upkeep
|turn|11
|
|t:|1729642165
|switch|p1a: Regice|Regice|95/100
|move|p2a: Claydol|Explosion|p1a: Regice
|-damage|p1a: Regice|26/100
|faint|p2a: Claydol
|
|t:|1729642186
|switch|p2a: Metagross|Metagross|100/100
|
|-weather|Sandstorm|[upkeep]
|-damage|p1a: Regice|20/100|[from] Sandstorm
|-heal|p1a: Regice|26/100|[from] item: Leftovers
|upkeep
|turn|12
|
|t:|1729642203
|move|p2a: Metagross|Meteor Mash|p1a: Regice
|-supereffective|p1a: Regice
|-damage|p1a: Regice|0 fnt
|faint|p1a: Regice
|
|t:|1729642213
|switch|p1a: Swampert|Swampert, M|58/100
|
|-weather|Sandstorm|[upkeep]
|-heal|p1a: Swampert|65/100|[from] item: Leftovers
|upkeep
|turn|13
|
|t:|1729642232
|switch|p2a: Gengar|Gengar, M|65/100
|move|p1a: Swampert|Hydro Pump|p2a: Gengar|[miss]
|-miss|p1a: Swampert|p2a: Gengar
|
|-weather|Sandstorm|[upkeep]
|-damage|p2a: Gengar|59/100|[from] Sandstorm
|-heal|p2a: Gengar|65/100|[from] item: Leftovers
|-heal|p1a: Swampert|71/100|[from] item: Leftovers
|upkeep
|turn|14
|
|t:|1729642246
|switch|p1a: Tyranitar|Tyranitar, F|100/100
|move|p2a: Gengar|Ice Punch|p1a: Tyranitar
|-damage|p1a: Tyranitar|77/100
|
|-weather|Sandstorm|[upkeep]
|-damage|p2a: Gengar|59/100|[from] Sandstorm
|-heal|p2a: Gengar|65/100|[from] item: Leftovers
|-heal|p1a: Tyranitar|83/100|[from] item: Leftovers
|upkeep
|turn|15
|
|t:|1729642259
|move|p2a: Gengar|Giga Drain|p1a: Tyranitar
|-supereffective|p1a: Tyranitar
|-damage|p1a: Tyranitar|49/100
|-heal|p2a: Gengar|89/100|[from] drain|[of] p1a: Tyranitar
|move|p1a: Tyranitar|Substitute|p1a: Tyranitar
|-start|p1a: Tyranitar|Substitute
|-damage|p1a: Tyranitar|24/100
|
|-weather|Sandstorm|[upkeep]
|-damage|p2a: Gengar|83/100|[from] Sandstorm
|-heal|p2a: Gengar|89/100|[from] item: Leftovers
|-heal|p1a: Tyranitar|30/100|[from] item: Leftovers
|upkeep
|turn|16
|
|t:|1729642265
|move|p2a: Gengar|Giga Drain|p1a: Tyranitar
|-supereffective|p1a: Tyranitar
|-end|p1a: Tyranitar|Substitute
|-heal|p2a: Gengar|100/100|[from] drain|[of] p1a: Tyranitar
|move|p1a: Tyranitar|Rock Slide|p2a: Gengar
|-damage|p2a: Gengar|13/100
|
|-weather|Sandstorm|[upkeep]
|-damage|p2a: Gengar|7/100|[from] Sandstorm
|-heal|p2a: Gengar|13/100|[from] item: Leftovers
|-heal|p1a: Tyranitar|37/100|[from] item: Leftovers
|upkeep
|turn|17
|inactive|Bhol has 270 seconds left.
|
|t:|1729642295
|switch|p1a: Salamence|Salamence, F|65/100
|-ability|p1a: Salamence|Intimidate|boost
|-unboost|p2a: Gengar|atk|1
|move|p2a: Gengar|Giga Drain|p1a: Salamence
|-resisted|p1a: Salamence
|-damage|p1a: Salamence|59/100
|-heal|p2a: Gengar|17/100|[from] drain|[of] p1a: Salamence
|
|-weather|Sandstorm|[upkeep]
|-damage|p2a: Gengar|11/100|[from] Sandstorm
|-damage|p1a: Salamence|53/100|[from] Sandstorm
|-heal|p2a: Gengar|17/100|[from] item: Leftovers
|upkeep
|turn|18
|inactive|Bhol has 270 seconds left.
|
|t:|1729642320
|switch|p1a: Metagross|Metagross|33/100
|move|p2a: Gengar|Ice Punch|p1a: Metagross
|-resisted|p1a: Metagross
|-damage|p1a: Metagross|20/100
|
|-weather|Sandstorm|[upkeep]
|-damage|p2a: Gengar|11/100|[from] Sandstorm
|-heal|p2a: Gengar|17/100|[from] item: Leftovers
|upkeep
|turn|19
|
|t:|1729642331
|move|p2a: Gengar|Thunderbolt|p1a: Metagross
|-damage|p1a: Metagross|0 fnt
|faint|p1a: Metagross
|
|t:|1729642350
|switch|p1a: Zapdos|Zapdos|100/100
|
|-weather|Sandstorm|[upkeep]
|-damage|p2a: Gengar|11/100|[from] Sandstorm
|-damage|p1a: Zapdos|94/100|[from] Sandstorm
|-heal|p2a: Gengar|17/100|[from] item: Leftovers
|upkeep
|turn|20
|
|t:|1729642368
|switch|p2a: Metagross|Metagross|100/100
|move|p1a: Zapdos|Drill Peck|p2a: Metagross
|-resisted|p2a: Metagross
|-crit|p2a: Metagross
|-damage|p2a: Metagross|59/100
|
|-weather|Sandstorm|[upkeep]
|-damage|p1a: Zapdos|88/100|[from] Sandstorm
|upkeep
|turn|21
|
|t:|1729642381
|switch|p1a: Swampert|Swampert, M|71/100
|move|p2a: Metagross|Explosion|p1a: Swampert
|-damage|p1a: Swampert|0 fnt
|faint|p2a: Metagross
|faint|p1a: Swampert
|
|t:|1729642391
|switch|p2a: Swampert|Swampert, M|48/100
|switch|p1a: Zapdos|Zapdos|88/100
|
|-weather|Sandstorm|[upkeep]
|-damage|p1a: Zapdos|82/100|[from] Sandstorm
|-heal|p2a: Swampert|54/100|[from] item: Leftovers
|upkeep
|turn|22
|
|t:|1729642404
|move|p2a: Swampert|Protect|p2a: Swampert
|-singleturn|p2a: Swampert|Protect
|move|p1a: Zapdos|Drill Peck|p2a: Swampert
|-activate|p2a: Swampert|Protect
|
|-weather|Sandstorm|[upkeep]
|-damage|p1a: Zapdos|76/100|[from] Sandstorm
|-heal|p2a: Swampert|60/100|[from] item: Leftovers
|upkeep
|turn|23
|
|t:|1729642423
|move|p1a: Zapdos|Drill Peck|p2a: Swampert
|-damage|p2a: Swampert|14/100
|move|p2a: Swampert|Hydro Pump|p1a: Zapdos
|-damage|p1a: Zapdos|0 fnt
|faint|p1a: Zapdos
|
|t:|1729642438
|switch|p1a: Tyranitar|Tyranitar, F|37/100
|
|-weather|Sandstorm|[upkeep]
|-heal|p1a: Tyranitar|43/100|[from] item: Leftovers
|-heal|p2a: Swampert|20/100|[from] item: Leftovers
|upkeep
|turn|24
|
|t:|1729642447
|move|p1a: Tyranitar|Hidden Power|p2a: Swampert
|-damage|p2a: Swampert|0 fnt
|faint|p2a: Swampert
|
|t:|1729642452
|switch|p2a: Aerodactyl|Aerodactyl, M|100/100
|
|-weather|Sandstorm|[upkeep]
|-heal|p1a: Tyranitar|49/100|[from] item: Leftovers
|upkeep
|turn|25
|
|t:|1729642467
|move|p2a: Aerodactyl|Rock Slide|p1a: Tyranitar
|-damage|p1a: Tyranitar|9/100
|move|p1a: Tyranitar|Rock Slide|p2a: Aerodactyl
|-supereffective|p2a: Aerodactyl
|-damage|p2a: Aerodactyl|0 fnt
|faint|p2a: Aerodactyl
|
|t:|1729642472
|switch|p2a: Gengar|Gengar, M|17/100
|
|-weather|Sandstorm|[upkeep]
|-damage|p2a: Gengar|11/100|[from] Sandstorm
|-heal|p2a: Gengar|17/100|[from] item: Leftovers
|-heal|p1a: Tyranitar|15/100|[from] item: Leftovers
|upkeep
|turn|26
|inactive|Bhol has 270 seconds left.
|
|t:|1729642482
|move|p2a: Gengar|Giga Drain|p1a: Tyranitar
|-supereffective|p1a: Tyranitar
|-damage|p1a: Tyranitar|0 fnt
|-heal|p2a: Gengar|27/100|[from] drain|[of] p1a: Tyranitar
|faint|p1a: Tyranitar
|
|t:|1729642483
|switch|p1a: Salamence|Salamence, F|53/100
|-ability|p1a: Salamence|Intimidate|boost
|-unboost|p2a: Gengar|atk|1
|
|-weather|Sandstorm|[upkeep]
|-damage|p2a: Gengar|21/100|[from] Sandstorm
|-damage|p1a: Salamence|47/100|[from] Sandstorm
|-heal|p2a: Gengar|27/100|[from] item: Leftovers
|upkeep
|turn|27
|
|t:|1729642488
|move|p2a: Gengar|Ice Punch|p1a: Salamence
|-supereffective|p1a: Salamence
|-damage|p1a: Salamence|0 fnt
|faint|p1a: Salamence
|
|win|FlareLiger
|c|☆FlareLiger|gg
|c|☆Bhol|gg
|l|☆Bhol
|player|p1|
|l|☆FlareLiger
|player|p2|

</script>
<script type="application/json" class="data" id="replaydata-gen3ou-2228816226-bduuddd53puhlk30fwb16uboomsblf9pw">
{"id":"gen3ou-2228816226","format":"[Gen 3] OU","players":["Bhol","FlareLiger"],"uploadtime":1729642493,"views":82,"formatid":"gen3ou","rating":null,"private":1,"password":"bduuddd53puhlk30fwb16uboomsblf9"}
</script>

<script defer src="js/replays.js?9d40a366"></script>
