<!DOCTYPE html>
<meta charset="utf-8" />
<meta name="viewport" content="width=device-width" />

<title>[Gen 3] OU: CodeRedSP vs. Witchgender - Replays - Pok&eacute;mon Showdown!</title>

<meta name="description" content="Watch a replay of a Pok&eacute;mon battle between CodeRedSP and Witchgender! Format: [Gen 3] OU; Date: Oct 8, 2024" />
<!--

Hey, you! Looking in the source for the replay log?

You can find them in JSON format, just add `.json` at the end of a replay URL.

https://replay.pokemonshowdown.com/gen7randomdoublesbattle-865046831.json

Or, if you only need the log itself, add `.log` instead:

https://replay.pokemonshowdown.com/gen7randomdoublesbattle-865046831.log

-->

<link rel="stylesheet" href="//pokemonshowdown.com/style/global.css?0.023195364461161105" />
<link rel="stylesheet" href="//play.pokemonshowdown.com/style/font-awesome.css?0.13261647063804238" />
<link rel="stylesheet" href="//play.pokemonshowdown.com/style/battle.css?0.8753245789963631" />
<link rel="stylesheet" href="//play.pokemonshowdown.com/style/utilichart.css?0.8627959624976733" />

<!-- Global site tag (gtag.js) - Google Analytics -->
<script async src="https://www.googletagmanager.com/gtag/js?id=UA-26211653-1"></script>
<script>
  window.dataLayer = window.dataLayer || [];
  function gtag(){dataLayer.push(arguments);}
  gtag('js', new Date());

  gtag('config', 'UA-26211653-1');
</script>
<!-- End Google Analytics -->
<!-- Venatus Ad Manager - Install in <HEAD> of page -->
	<script src="https://hb.vntsm.com/v3/live/ad-manager.min.js" type="text/javascript" data-site-id="642aba63ec9a7b11c3c9c1be" data-mode="scan" async></script>
<!-- / Venatus Ad Manager -->

<style>
	@media (max-width:820px) {
		.battle {
			margin: 0 auto;
		}
		.battle-log {
			margin: 7px auto 0;
			max-width: 640px;
			height: 300px;
			position: static;
		}
	}
	.optgroup {
		display: inline-block;
		line-height: 22px;
		font-size: 10pt;
	}
	.optgroup .button {
		height: 25px;
		padding-top: 0;
		padding-bottom: 0;
	}
	.optgroup button.button {
		padding-left: 12px;
		padding-right: 12px;
	}
	.linklist {
		list-style: none;
		margin: 0.5em 0;
		padding: 0;
	}
	.linklist li {
		padding: 2px 0;
	}
	.sidebar {
		float: left;
		width: 320px;
	}
	.bar-wrapper {
		max-width: 1100px;
		margin: 0 auto;
	}
	.bar-wrapper.has-sidebar {
		max-width: 1430px;
	}
	.mainbar {
		margin: 0;
		padding-right: 1px;
	}
	.mainbar.has-sidebar {
		margin-left: 330px;
	}
	@media (min-width: 1511px) {
		.sidebar {
			width: 400px;
		}
		.bar-wrapper.has-sidebar {
			max-width: 1510px;
		}
		.mainbar.has-sidebar {
			margin-left: 410px;
		}
	}
	.section.first-section {
		margin-top: 9px;
	}
	.blocklink small {
		white-space: normal;
	}
	.button {
		vertical-align: middle;
	}
	.replay-controls {
		padding-top: 10px;
	}
	.replay-controls h1 {
		font-size: 16pt;
		font-weight: normal;
		color: #CCC;
	}
	.pagelink {
		text-align: center;
	}
	.pagelink a {
		width: 150px;
	}
	.textbox, .button {
		font-size: 11pt;
		vertical-align: middle;
	}
	@media (max-width: 450px) {
		.button {
			font-size: 9pt;
		}
	}
</style>

<div>

	<header>
		<div class="nav-wrapper"><ul class="nav">
			<li><a class="button nav-first" href="//pokemonshowdown.com/"><img src="//pokemonshowdown.com/images/pokemonshowdownbeta.png" srcset="//pokemonshowdown.com/images/pokemonshowdownbeta.png 1x, //pokemonshowdown.com/images/pokemonshowdownbeta@2x.png 2x" alt="Pok&eacute;mon Showdown" width="146" height="44" /> Home</a></li>
			<li><a class="button" href="//pokemonshowdown.com/dex/">Pok&eacute;dex</a></li>
			<li><a class="button cur" href="/">Replays</a></li>
			<li><a class="button" href="//pokemonshowdown.com/ladder/">Ladder</a></li>
			<li><a class="button nav-last" href="//pokemonshowdown.com/forums/">Forum</a></li>
			<li><a class="button greenbutton nav-first nav-last" href="//play.pokemonshowdown.com/">Play</a></li>
		</ul></div>
	</header>

	<div class="main" id="main">

		<noscript><section class="section">You need to enable JavaScript to use this page; sorry!</section></noscript>

	</div>

</div>

<script defer nomodule src="//play.pokemonshowdown.com/js/lib/ps-polyfill.js"></script>
<script defer src="//play.pokemonshowdown.com/js/lib/preact.min.js"></script>

<script defer src="//play.pokemonshowdown.com/config/config.js?2bddbc15"></script>
<script defer src="//play.pokemonshowdown.com/js/lib/jquery-1.11.0.min.js"></script>
<script defer src="//play.pokemonshowdown.com/js/lib/html-sanitizer-minified.js"></script>
<script defer src="//play.pokemonshowdown.com/js/battle-sound.js"></script>
<script defer src="//play.pokemonshowdown.com/js/battledata.js?0.7209276989879541"></script>
<script defer src="//play.pokemonshowdown.com/data/pokedex-mini.js?0.6111056340867951"></script>
<script defer src="//play.pokemonshowdown.com/data/pokedex-mini-bw.js?0.3532142036491459"></script>
<script defer src="//play.pokemonshowdown.com/data/graphics.js?0.24223875632456182"></script>
<script defer src="//play.pokemonshowdown.com/data/pokedex.js?0.38839984266356864"></script>
<script defer src="//play.pokemonshowdown.com/data/moves.js?0.21866028504024015"></script>
<script defer src="//play.pokemonshowdown.com/data/abilities.js?0.2005157953846628"></script>
<script defer src="//play.pokemonshowdown.com/data/items.js?0.9894211263848525"></script>
<script defer src="//play.pokemonshowdown.com/data/teambuilder-tables.js?0.6008791140282215"></script>
<script defer src="//play.pokemonshowdown.com/js/battle-tooltips.js?0.7580118955022959"></script>
<script defer src="//play.pokemonshowdown.com/js/battle.js?0.6057722274234274"></script>

<script defer src="js/utils.js?e31f9a17"></script>
<script defer src="js/replays-battle.js?7008c182"></script>

<!-- don't scrape this data! just add .json or .log after the URL!
Full API docs: https://github.com/smogon/pokemon-showdown-client/blob/master/WEB-API.md -->
<script type="text/plain" class="log" id="replaylog-smogtours-gen3ou-796515">
|inactive|Battle timer is ON: inactive players will automatically lose when time's up.
|t:|1728424950
|gametype|singles
|player|p1|CodeRedSP|102|
|player|p2|Witchgender|265|
|teamsize|p1|6
|teamsize|p2|6
|gen|3
|tier|[Gen 3] OU
|rule|Sleep Clause Mod: Limit one foe put to sleep
|rule|Switch Priority Clause Mod: Faster Pokémon switch first
|rule|Species Clause: Limit one of each Pokémon
|rule|OHKO Clause: OHKO moves are banned
|rule|Evasion Items Clause: Evasion items are banned
|rule|Evasion Moves Clause: Evasion moves are banned
|rule|Endless Battle Clause: Forcing endless battles is banned
|rule|HP Percentage Mod: HP is shown in percentages
|rule|One Boost Passer Clause: Limit one Baton Passer that has a way to boost its stats
|rule|Freeze Clause Mod: Limit one foe frozen
|
|t:|1728424950
|start
|switch|p1a: Family Guy|Slaking, M|100/100
|switch|p2a: Tyranitar|Tyranitar, M|100/100
|-weather|Sandstorm|[from] ability: Sand Stream|[of] p2a: Tyranitar
|turn|1
|inactive|CodeRedSP has 270 seconds left.
|c|☆Witchgender|hf
|inactive|Witchgender has 270 seconds left.
|
|t:|1728425002
|switch|p2a: Skarmory|Skarmory, F|100/100
|move|p1a: Family Guy|Brick Break|p2a: Skarmory
|-damage|p2a: Skarmory|65/100
|
|-weather|Sandstorm|[upkeep]
|-damage|p1a: Family Guy|94/100|[from] Sandstorm
|-heal|p2a: Skarmory|71/100|[from] item: Leftovers
|upkeep
|turn|2
|c|☆CodeRedSP|Glhf
|
|t:|1728425019
|switch|p1a: Relinquished|Claydol|100/100
|move|p2a: Skarmory|Spikes|p1a: Relinquished
|-sidestart|p1: CodeRedSP|Spikes
|
|-weather|Sandstorm|[upkeep]
|-heal|p2a: Skarmory|77/100|[from] item: Leftovers
|upkeep
|turn|3
|
|t:|1728425031
|switch|p1a: Soup|Gengar, M|100/100
|move|p2a: Skarmory|Protect||[still]
|-fail|p2a: Skarmory
|
|-weather|Sandstorm|[upkeep]
|-damage|p1a: Soup|94/100|[from] Sandstorm
|-heal|p1a: Soup|100/100|[from] item: Leftovers
|-heal|p2a: Skarmory|83/100|[from] item: Leftovers
|upkeep
|turn|4
|
|t:|1728425042
|move|p2a: Skarmory|Protect|p2a: Skarmory
|-singleturn|p2a: Skarmory|Protect
|move|p1a: Soup|Will-O-Wisp|p2a: Skarmory
|-activate|p2a: Skarmory|Protect
|
|-weather|Sandstorm|[upkeep]
|-damage|p1a: Soup|94/100|[from] Sandstorm
|-heal|p1a: Soup|100/100|[from] item: Leftovers
|-heal|p2a: Skarmory|89/100|[from] item: Leftovers
|upkeep
|turn|5
|
|t:|1728425052
|switch|p1a: Family Guy|Slaking, M|94/100
|-damage|p1a: Family Guy|82/100|[from] Spikes
|switch|p2a: Celebi|Celebi|100/100
|
|-weather|Sandstorm|[upkeep]
|-damage|p1a: Family Guy|76/100|[from] Sandstorm
|-damage|p2a: Celebi|94/100|[from] Sandstorm
|-heal|p2a: Celebi|100/100|[from] item: Leftovers
|upkeep
|turn|6
|
|t:|1728425065
|move|p1a: Family Guy|Double-Edge|p2a: Celebi
|-damage|p2a: Celebi|4/100
|-damage|p1a: Family Guy|47/100|[from] Recoil|[of] p2a: Celebi
|move|p2a: Celebi|Psychic|p1a: Family Guy
|-damage|p1a: Family Guy|6/100
|
|-weather|Sandstorm|[upkeep]
|-damage|p1a: Family Guy|0 fnt|[from] Sandstorm
|-damage|p2a: Celebi|0 fnt|[from] Sandstorm
|faint|p1a: Family Guy
|faint|p2a: Celebi
|upkeep
|
|t:|1728425080
|switch|p1a: Relinquished|Claydol|100/100
|switch|p2a: Starmie|Starmie|100/100
|turn|7
|
|t:|1728425095
|switch|p1a: WTF IS A KM|Suicune|100/100
|-damage|p1a: WTF IS A KM|88/100|[from] Spikes
|move|p2a: Starmie|Surf|p1a: WTF IS A KM
|-resisted|p1a: WTF IS A KM
|-crit|p1a: WTF IS A KM
|-damage|p1a: WTF IS A KM|64/100
|
|-weather|Sandstorm|[upkeep]
|-damage|p2a: Starmie|94/100|[from] Sandstorm
|-damage|p1a: WTF IS A KM|58/100|[from] Sandstorm
|-heal|p2a: Starmie|100/100|[from] item: Leftovers
|-heal|p1a: WTF IS A KM|64/100|[from] item: Leftovers
|upkeep
|turn|8
|
|t:|1728425109
|switch|p2a: Swampert|Swampert, F|100/100
|move|p1a: WTF IS A KM|Rest|p1a: WTF IS A KM
|-status|p1a: WTF IS A KM|slp|[from] move: Rest
|-heal|p1a: WTF IS A KM|100/100 slp|[silent]
|
|-weather|Sandstorm|[upkeep]
|-damage|p1a: WTF IS A KM|94/100 slp|[from] Sandstorm
|-heal|p1a: WTF IS A KM|100/100 slp|[from] item: Leftovers
|upkeep
|turn|9
|inactive|CodeRedSP has 270 seconds left.
|
|t:|1728425147
|switch|p1a: Windows 87|Metagross, shiny|100/100
|-damage|p1a: Windows 87|88/100|[from] Spikes
|move|p2a: Swampert|Earthquake|p1a: Windows 87
|-supereffective|p1a: Windows 87
|-damage|p1a: Windows 87|30/100
|
|-weather|Sandstorm|[upkeep]
|upkeep
|turn|10
|
|t:|1728425164
|move|p2a: Swampert|Protect|p2a: Swampert
|-singleturn|p2a: Swampert|Protect
|move|p1a: Windows 87|Explosion|p2a: Swampert
|-activate|p2a: Swampert|Protect
|faint|p1a: Windows 87
|c|☆CodeRedSP|Rip
|
|t:|1728425173
|switch|p1a: Charicif|Charizard, F|100/100
|
|-weather|Sandstorm|[upkeep]
|-damage|p1a: Charicif|94/100|[from] Sandstorm
|upkeep
|turn|11
|
|t:|1728425181
|move|p1a: Charicif|Substitute|p1a: Charicif
|-start|p1a: Charicif|Substitute
|-damage|p1a: Charicif|70/100
|move|p2a: Swampert|Hydro Pump|p1a: Charicif
|-supereffective|p1a: Charicif
|-end|p1a: Charicif|Substitute
|
|-weather|Sandstorm|[upkeep]
|-damage|p1a: Charicif|63/100|[from] Sandstorm
|upkeep
|turn|12
|inactive|CodeRedSP has 270 seconds left.
|
|t:|1728425187
|move|p1a: Charicif|Substitute|p1a: Charicif
|-start|p1a: Charicif|Substitute
|-damage|p1a: Charicif|39/100
|move|p2a: Swampert|Hydro Pump|p1a: Charicif|[miss]
|-miss|p2a: Swampert|p1a: Charicif
|
|-weather|Sandstorm|[upkeep]
|-damage|p1a: Charicif|32/100|[from] Sandstorm
|upkeep
|turn|13
|
|t:|1728425193
|move|p1a: Charicif|Hidden Power|p2a: Swampert
|-supereffective|p2a: Swampert
|-damage|p2a: Swampert|26/100
|move|p2a: Swampert|Ice Beam|p1a: Charicif
|-end|p1a: Charicif|Substitute
|
|-weather|Sandstorm|[upkeep]
|-damage|p1a: Charicif|26/100|[from] Sandstorm
|-heal|p2a: Swampert|33/100|[from] item: Leftovers
|upkeep
|turn|14
|
|t:|1728425200
|move|p1a: Charicif|Hidden Power|p2a: Swampert
|-supereffective|p2a: Swampert
|-damage|p2a: Swampert|0 fnt
|faint|p2a: Swampert
|
|t:|1728425201
|switch|p2a: Aerodactyl|Aerodactyl, F|100/100
|
|-weather|Sandstorm|[upkeep]
|-damage|p1a: Charicif|20/100|[from] Sandstorm
|-enditem|p1a: Charicif|Salac Berry|[eat]
|-boost|p1a: Charicif|spe|1|[from] item: Salac Berry
|upkeep
|turn|15
|
|t:|1728425212
|move|p1a: Charicif|Overheat|p2a: Aerodactyl
|-resisted|p2a: Aerodactyl
|-damage|p2a: Aerodactyl|26/100
|-unboost|p1a: Charicif|spa|2
|move|p2a: Aerodactyl|Rock Slide|p1a: Charicif
|-supereffective|p1a: Charicif
|-damage|p1a: Charicif|0 fnt
|faint|p1a: Charicif
|
|t:|1728425221
|switch|p1a: Relinquished|Claydol|100/100
|
|-weather|Sandstorm|[upkeep]
|upkeep
|turn|16
|
|t:|1728425228
|switch|p2a: Skarmory|Skarmory, F|89/100
|move|p1a: Relinquished|Toxic|p2a: Skarmory
|-immune|p2a: Skarmory
|
|-weather|Sandstorm|[upkeep]
|-heal|p2a: Skarmory|95/100|[from] item: Leftovers
|upkeep
|turn|17
|
|t:|1728425232
|move|p1a: Relinquished|Rapid Spin|p2a: Skarmory
|-resisted|p2a: Skarmory
|-damage|p2a: Skarmory|93/100
|-sideend|p1: CodeRedSP|Spikes|[from] move: Rapid Spin|[of] p1a: Relinquished
|move|p2a: Skarmory|Toxic|p1a: Relinquished
|-status|p1a: Relinquished|tox
|
|-weather|Sandstorm|[upkeep]
|-damage|p1a: Relinquished|94/100 tox|[from] psn
|-heal|p2a: Skarmory|99/100|[from] item: Leftovers
|upkeep
|turn|18
|
|t:|1728425235
|move|p1a: Relinquished|Rock Slide|p2a: Skarmory
|-damage|p2a: Skarmory|89/100
|cant|p2a: Skarmory|flinch
|
|-weather|Sandstorm|[upkeep]
|-heal|p1a: Relinquished|100/100 tox|[from] item: Leftovers
|-damage|p1a: Relinquished|88/100 tox|[from] psn
|-heal|p2a: Skarmory|95/100|[from] item: Leftovers
|upkeep
|turn|19
|
|t:|1728425240
|switch|p1a: WTF IS A KM|Suicune|100/100 slp
|move|p2a: Skarmory|Spikes|p1a: WTF IS A KM
|-sidestart|p1: CodeRedSP|Spikes
|
|-weather|Sandstorm|[upkeep]
|-damage|p1a: WTF IS A KM|94/100 slp|[from] Sandstorm
|-heal|p1a: WTF IS A KM|100/100 slp|[from] item: Leftovers
|-heal|p2a: Skarmory|100/100|[from] item: Leftovers
|upkeep
|turn|20
|
|t:|1728425249
|switch|p2a: Tyranitar|Tyranitar, M|100/100
|cant|p1a: WTF IS A KM|slp
|move|p1a: WTF IS A KM|Sleep Talk|p1a: WTF IS A KM
|move|p1a: WTF IS A KM|Rest|p1a: WTF IS A KM|[from]Sleep Talk
|
|-weather|Sandstorm|[upkeep]
|-damage|p1a: WTF IS A KM|94/100 slp|[from] Sandstorm
|-heal|p1a: WTF IS A KM|100/100 slp|[from] item: Leftovers
|upkeep
|turn|21
|
|t:|1728425257
|-singleturn|p2a: Tyranitar|move: Focus Punch
|cant|p1a: WTF IS A KM|slp
|move|p1a: WTF IS A KM|Sleep Talk|p1a: WTF IS A KM
|move|p1a: WTF IS A KM|Rest|p1a: WTF IS A KM|[from]Sleep Talk
|move|p2a: Tyranitar|Focus Punch|p1a: WTF IS A KM
|-damage|p1a: WTF IS A KM|56/100 slp
|
|-weather|Sandstorm|[upkeep]
|-damage|p1a: WTF IS A KM|50/100 slp|[from] Sandstorm
|-heal|p1a: WTF IS A KM|56/100 slp|[from] item: Leftovers
|upkeep
|turn|22
|
|t:|1728425266
|-curestatus|p1a: WTF IS A KM|slp|[msg]
|move|p1a: WTF IS A KM|Sleep Talk|p1a: WTF IS A KM
|move|p2a: Tyranitar|Rock Slide|p1a: WTF IS A KM
|-damage|p1a: WTF IS A KM|23/100
|
|-weather|Sandstorm|[upkeep]
|-damage|p1a: WTF IS A KM|17/100|[from] Sandstorm
|-heal|p1a: WTF IS A KM|23/100|[from] item: Leftovers
|upkeep
|turn|23
|
|t:|1728425272
|move|p1a: WTF IS A KM|Surf|p2a: Tyranitar
|-supereffective|p2a: Tyranitar
|-crit|p2a: Tyranitar
|-damage|p2a: Tyranitar|0 fnt
|faint|p2a: Tyranitar
|
|t:|1728425279
|switch|p2a: Aerodactyl|Aerodactyl, F|26/100
|
|-weather|Sandstorm|[upkeep]
|-damage|p1a: WTF IS A KM|17/100|[from] Sandstorm
|-heal|p1a: WTF IS A KM|23/100|[from] item: Leftovers
|upkeep
|turn|24
|
|t:|1728425286
|switch|p1a: Relinquished|Claydol|88/100 tox
|move|p2a: Aerodactyl|Double-Edge|p1a: Relinquished
|-damage|p1a: Relinquished|29/100 tox
|
|-weather|Sandstorm|[upkeep]
|-heal|p1a: Relinquished|35/100 tox|[from] item: Leftovers
|-damage|p1a: Relinquished|29/100 tox|[from] psn
|upkeep
|turn|25
|
|t:|1728425302
|switch|p2a: Starmie|Starmie|100/100
|switch|p1a: Soup|Gengar, M|100/100
|
|-weather|Sandstorm|[upkeep]
|-damage|p2a: Starmie|94/100|[from] Sandstorm
|-damage|p1a: Soup|94/100|[from] Sandstorm
|-heal|p2a: Starmie|100/100|[from] item: Leftovers
|-heal|p1a: Soup|100/100|[from] item: Leftovers
|upkeep
|turn|26
|
|t:|1728425308
|move|p2a: Starmie|Surf|p1a: Soup
|-damage|p1a: Soup|48/100
|move|p1a: Soup|Thunderbolt|p2a: Starmie
|-supereffective|p2a: Starmie
|-crit|p2a: Starmie
|-damage|p2a: Starmie|0 fnt
|faint|p2a: Starmie
|
|t:|1728425313
|switch|p2a: Aerodactyl|Aerodactyl, F|26/100
|
|-weather|Sandstorm|[upkeep]
|-damage|p1a: Soup|42/100|[from] Sandstorm
|-heal|p1a: Soup|48/100|[from] item: Leftovers
|upkeep
|turn|27
|inactive|CodeRedSP has 270 seconds left.
|
|t:|1728425344
|switch|p1a: Relinquished|Claydol|29/100 tox
|move|p2a: Aerodactyl|Rock Slide|p1a: Relinquished|[miss]
|-miss|p2a: Aerodactyl|p1a: Relinquished
|
|-weather|Sandstorm|[upkeep]
|-heal|p1a: Relinquished|35/100 tox|[from] item: Leftovers
|-damage|p1a: Relinquished|29/100 tox|[from] psn
|upkeep
|turn|28
|
|t:|1728425353
|switch|p2a: Skarmory|Skarmory, F|100/100
|move|p1a: Relinquished|Toxic|p2a: Skarmory
|-immune|p2a: Skarmory
|
|-weather|Sandstorm|[upkeep]
|-heal|p1a: Relinquished|35/100 tox|[from] item: Leftovers
|-damage|p1a: Relinquished|23/100 tox|[from] psn
|upkeep
|turn|29
|
|t:|1728425359
|move|p1a: Relinquished|Rapid Spin|p2a: Skarmory
|-resisted|p2a: Skarmory
|-damage|p2a: Skarmory|99/100
|-sideend|p1: CodeRedSP|Spikes|[from] move: Rapid Spin|[of] p1a: Relinquished
|move|p2a: Skarmory|Roar|p1a: Relinquished
|drag|p1a: Soup|Gengar, M|48/100
|
|-weather|Sandstorm|[upkeep]
|-damage|p1a: Soup|42/100|[from] Sandstorm
|-heal|p1a: Soup|48/100|[from] item: Leftovers
|-heal|p2a: Skarmory|100/100|[from] item: Leftovers
|upkeep
|turn|30
|
|t:|1728425368
|move|p1a: Soup|Will-O-Wisp|p2a: Skarmory
|-status|p2a: Skarmory|brn
|move|p2a: Skarmory|Toxic|p1a: Soup
|-immune|p1a: Soup
|
|-weather|Sandstorm|[upkeep]
|-damage|p1a: Soup|42/100|[from] Sandstorm
|-heal|p1a: Soup|48/100|[from] item: Leftovers
|-damage|p2a: Skarmory|88/100 brn|[from] brn
|upkeep
|turn|31
|
|t:|1728425382
|move|p1a: Soup|Thunderbolt|p2a: Skarmory
|-supereffective|p2a: Skarmory
|-damage|p2a: Skarmory|26/100 brn
|move|p2a: Skarmory|Toxic|p1a: Soup
|-immune|p1a: Soup
|
|-weather|Sandstorm|[upkeep]
|-damage|p1a: Soup|42/100|[from] Sandstorm
|-heal|p1a: Soup|48/100|[from] item: Leftovers
|-heal|p2a: Skarmory|32/100 brn|[from] item: Leftovers
|-damage|p2a: Skarmory|20/100 brn|[from] brn
|upkeep
|turn|32
|
|t:|1728425387
|move|p1a: Soup|Thunderbolt|p2a: Skarmory
|-supereffective|p2a: Skarmory
|-crit|p2a: Skarmory
|-damage|p2a: Skarmory|0 fnt
|faint|p2a: Skarmory
|
|t:|1728425389
|switch|p2a: Aerodactyl|Aerodactyl, F|26/100
|
|-weather|Sandstorm|[upkeep]
|-damage|p1a: Soup|42/100|[from] Sandstorm
|-heal|p1a: Soup|48/100|[from] item: Leftovers
|upkeep
|turn|33
|
|t:|1728425401
|switch|p1a: Relinquished|Claydol|23/100 tox
|move|p2a: Aerodactyl|Rock Slide|p1a: Relinquished
|-resisted|p1a: Relinquished
|-damage|p1a: Relinquished|0 fnt
|faint|p1a: Relinquished
|
|t:|1728425415
|switch|p1a: WTF IS A KM|Suicune|23/100
|
|-weather|Sandstorm|[upkeep]
|-damage|p1a: WTF IS A KM|17/100|[from] Sandstorm
|-heal|p1a: WTF IS A KM|23/100|[from] item: Leftovers
|upkeep
|turn|34
|
|t:|1728425421
|move|p2a: Aerodactyl|Rock Slide|p1a: WTF IS A KM
|-damage|p1a: WTF IS A KM|0 fnt
|faint|p1a: WTF IS A KM
|
|t:|1728425422
|switch|p1a: Soup|Gengar, M|48/100
|
|-weather|Sandstorm|[upkeep]
|-damage|p1a: Soup|42/100|[from] Sandstorm
|-heal|p1a: Soup|48/100|[from] item: Leftovers
|upkeep
|turn|35
|
|t:|1728425424
|move|p2a: Aerodactyl|Rock Slide|p1a: Soup|[miss]
|-miss|p2a: Aerodactyl|p1a: Soup
|move|p1a: Soup|Thunderbolt|p2a: Aerodactyl
|-supereffective|p2a: Aerodactyl
|-damage|p2a: Aerodactyl|0 fnt
|faint|p2a: Aerodactyl
|
|win|CodeRedSP
|c|☆Witchgender|gg
|c|☆CodeRedSP|Gg
|player|p1|
|player|p2|
|player|p2|Witchgender|265|

</script>
<script type="application/json" class="data" id="replaydata-smogtours-gen3ou-796515">
{"id":"smogtours-gen3ou-796515","format":"[Gen 3] OU","players":["CodeRedSP","Witchgender"],"uploadtime":1728425424,"views":114,"formatid":"gen3ou","rating":null,"private":0,"password":null}
</script>

<script defer src="js/replays.js?9d40a366"></script>
