<!DOCTYPE html>
<meta charset="utf-8" />
<meta name="viewport" content="width=device-width" />

<title>[Gen 3] OU: incognidoqueen vs. HoChi_Pro - Replays - Pok&eacute;mon Showdown!</title>

<meta name="description" content="Watch a replay of a Pok&eacute;mon battle between incognidoqueen and HoChi_Pro! Format: [Gen 3] OU; Date: Oct 7, 2024" />
<!--

Hey, you! Looking in the source for the replay log?

You can find them in JSON format, just add `.json` at the end of a replay URL.

https://replay.pokemonshowdown.com/gen7randomdoublesbattle-865046831.json

Or, if you only need the log itself, add `.log` instead:

https://replay.pokemonshowdown.com/gen7randomdoublesbattle-865046831.log

-->

<link rel="stylesheet" href="//pokemonshowdown.com/style/global.css?0.023195364461161105" />
<link rel="stylesheet" href="//play.pokemonshowdown.com/style/font-awesome.css?0.13261647063804238" />
<link rel="stylesheet" href="//play.pokemonshowdown.com/style/battle.css?0.8753245789963631" />
<link rel="stylesheet" href="//play.pokemonshowdown.com/style/utilichart.css?0.8627959624976733" />

<!-- Global site tag (gtag.js) - Google Analytics -->
<script async src="https://www.googletagmanager.com/gtag/js?id=UA-26211653-1"></script>
<script>
  window.dataLayer = window.dataLayer || [];
  function gtag(){dataLayer.push(arguments);}
  gtag('js', new Date());

  gtag('config', 'UA-26211653-1');
</script>
<!-- End Google Analytics -->
<!-- Venatus Ad Manager - Install in <HEAD> of page -->
	<script src="https://hb.vntsm.com/v3/live/ad-manager.min.js" type="text/javascript" data-site-id="642aba63ec9a7b11c3c9c1be" data-mode="scan" async></script>
<!-- / Venatus Ad Manager -->

<style>
	@media (max-width:820px) {
		.battle {
			margin: 0 auto;
		}
		.battle-log {
			margin: 7px auto 0;
			max-width: 640px;
			height: 300px;
			position: static;
		}
	}
	.optgroup {
		display: inline-block;
		line-height: 22px;
		font-size: 10pt;
	}
	.optgroup .button {
		height: 25px;
		padding-top: 0;
		padding-bottom: 0;
	}
	.optgroup button.button {
		padding-left: 12px;
		padding-right: 12px;
	}
	.linklist {
		list-style: none;
		margin: 0.5em 0;
		padding: 0;
	}
	.linklist li {
		padding: 2px 0;
	}
	.sidebar {
		float: left;
		width: 320px;
	}
	.bar-wrapper {
		max-width: 1100px;
		margin: 0 auto;
	}
	.bar-wrapper.has-sidebar {
		max-width: 1430px;
	}
	.mainbar {
		margin: 0;
		padding-right: 1px;
	}
	.mainbar.has-sidebar {
		margin-left: 330px;
	}
	@media (min-width: 1511px) {
		.sidebar {
			width: 400px;
		}
		.bar-wrapper.has-sidebar {
			max-width: 1510px;
		}
		.mainbar.has-sidebar {
			margin-left: 410px;
		}
	}
	.section.first-section {
		margin-top: 9px;
	}
	.blocklink small {
		white-space: normal;
	}
	.button {
		vertical-align: middle;
	}
	.replay-controls {
		padding-top: 10px;
	}
	.replay-controls h1 {
		font-size: 16pt;
		font-weight: normal;
		color: #CCC;
	}
	.pagelink {
		text-align: center;
	}
	.pagelink a {
		width: 150px;
	}
	.textbox, .button {
		font-size: 11pt;
		vertical-align: middle;
	}
	@media (max-width: 450px) {
		.button {
			font-size: 9pt;
		}
	}
</style>

<div>

	<header>
		<div class="nav-wrapper"><ul class="nav">
			<li><a class="button nav-first" href="//pokemonshowdown.com/"><img src="//pokemonshowdown.com/images/pokemonshowdownbeta.png" srcset="//pokemonshowdown.com/images/pokemonshowdownbeta.png 1x, //pokemonshowdown.com/images/pokemonshowdownbeta@2x.png 2x" alt="Pok&eacute;mon Showdown" width="146" height="44" /> Home</a></li>
			<li><a class="button" href="//pokemonshowdown.com/dex/">Pok&eacute;dex</a></li>
			<li><a class="button cur" href="/">Replays</a></li>
			<li><a class="button" href="//pokemonshowdown.com/ladder/">Ladder</a></li>
			<li><a class="button nav-last" href="//pokemonshowdown.com/forums/">Forum</a></li>
			<li><a class="button greenbutton nav-first nav-last" href="//play.pokemonshowdown.com/">Play</a></li>
		</ul></div>
	</header>

	<div class="main" id="main">

		<noscript><section class="section">You need to enable JavaScript to use this page; sorry!</section></noscript>

	</div>

</div>

<script defer nomodule src="//play.pokemonshowdown.com/js/lib/ps-polyfill.js"></script>
<script defer src="//play.pokemonshowdown.com/js/lib/preact.min.js"></script>

<script defer src="//play.pokemonshowdown.com/config/config.js?2bddbc15"></script>
<script defer src="//play.pokemonshowdown.com/js/lib/jquery-1.11.0.min.js"></script>
<script defer src="//play.pokemonshowdown.com/js/lib/html-sanitizer-minified.js"></script>
<script defer src="//play.pokemonshowdown.com/js/battle-sound.js"></script>
<script defer src="//play.pokemonshowdown.com/js/battledata.js?0.7209276989879541"></script>
<script defer src="//play.pokemonshowdown.com/data/pokedex-mini.js?0.6111056340867951"></script>
<script defer src="//play.pokemonshowdown.com/data/pokedex-mini-bw.js?0.3532142036491459"></script>
<script defer src="//play.pokemonshowdown.com/data/graphics.js?0.24223875632456182"></script>
<script defer src="//play.pokemonshowdown.com/data/pokedex.js?0.38839984266356864"></script>
<script defer src="//play.pokemonshowdown.com/data/moves.js?0.21866028504024015"></script>
<script defer src="//play.pokemonshowdown.com/data/abilities.js?0.2005157953846628"></script>
<script defer src="//play.pokemonshowdown.com/data/items.js?0.9894211263848525"></script>
<script defer src="//play.pokemonshowdown.com/data/teambuilder-tables.js?0.6008791140282215"></script>
<script defer src="//play.pokemonshowdown.com/js/battle-tooltips.js?0.7580118955022959"></script>
<script defer src="//play.pokemonshowdown.com/js/battle.js?0.6057722274234274"></script>

<script defer src="js/utils.js?e31f9a17"></script>
<script defer src="js/replays-battle.js?7008c182"></script>

<!-- don't scrape this data! just add .json or .log after the URL!
Full API docs: https://github.com/smogon/pokemon-showdown-client/blob/master/WEB-API.md -->
<script type="text/plain" class="log" id="replaylog-smogtours-gen3ou-796279">
|inactive|Battle timer is ON: inactive players will automatically lose when time's up.
|t:|1728342547
|gametype|singles
|player|p1|incognidoqueen|clerkf|
|player|p2|HoChi_Pro|2|
|teamsize|p1|6
|teamsize|p2|6
|gen|3
|tier|[Gen 3] OU
|rule|Sleep Clause Mod: Limit one foe put to sleep
|rule|Switch Priority Clause Mod: Faster Pokémon switch first
|rule|Species Clause: Limit one of each Pokémon
|rule|OHKO Clause: OHKO moves are banned
|rule|Evasion Items Clause: Evasion items are banned
|rule|Evasion Moves Clause: Evasion moves are banned
|rule|Endless Battle Clause: Forcing endless battles is banned
|rule|HP Percentage Mod: HP is shown in percentages
|rule|One Boost Passer Clause: Limit one Baton Passer that has a way to boost its stats
|rule|Freeze Clause Mod: Limit one foe frozen
|
|t:|1728342547
|start
|switch|p1a: Slaking|Slaking, F|100/100
|switch|p2a: Forretress|Forretress, M|100/100
|turn|1
|c|☆incognidoqueen|Glhf
|inactive|HoChi_Pro has 270 seconds left.
|
|t:|1728342588
|-singleturn|p1a: Slaking|move: Focus Punch
|move|p2a: Forretress|Earthquake|p1a: Slaking
|-damage|p1a: Slaking|85/100
|move|p1a: Slaking|Focus Punch||[still]
|cant|p1a: Slaking|Focus Punch|Focus Punch
|
|upkeep
|turn|2
|
|t:|1728342595
|switch|p1a: Jumpluff|Jumpluff, M|100/100
|move|p2a: Forretress|Spikes|p1a: Jumpluff
|-sidestart|p1: incognidoqueen|Spikes
|
|upkeep
|turn|3
|
|t:|1728342604
|switch|p2a: Venusaur|Venusaur, M|100/100
|move|p1a: Jumpluff|Sleep Powder|p2a: Venusaur|[miss]
|-miss|p1a: Jumpluff|p2a: Venusaur
|
|upkeep
|turn|4
|
|t:|1728342623
|move|p1a: Jumpluff|Sleep Powder|p2a: Venusaur
|-status|p2a: Venusaur|slp|[from] move: Sleep Powder
|cant|p2a: Venusaur|slp
|
|upkeep
|turn|5
|
|t:|1728342627
|switch|p1a: Slaking|Slaking, F|85/100
|-damage|p1a: Slaking|73/100|[from] Spikes
|cant|p2a: Venusaur|slp
|
|upkeep
|turn|6
|
|t:|1728342644
|switch|p2a: Aerodactyl|Aerodactyl, F|100/100
|move|p1a: Slaking|Return|p2a: Aerodactyl
|-resisted|p2a: Aerodactyl
|-damage|p2a: Aerodactyl|14/100
|
|upkeep
|turn|7
|
|t:|1728342664
|switch|p1a: Jirachi|Jirachi|100/100
|-damage|p1a: Jirachi|88/100|[from] Spikes
|move|p2a: Aerodactyl|Double-Edge|p1a: Jirachi
|-resisted|p1a: Jirachi
|-damage|p1a: Jirachi|66/100
|
|-heal|p1a: Jirachi|72/100|[from] item: Leftovers
|upkeep
|turn|8
|
|t:|1728342676
|switch|p2a: Blissey|Blissey, F|100/100
|move|p1a: Jirachi|Wish|p1a: Jirachi
|
|-heal|p1a: Jirachi|78/100|[from] item: Leftovers
|upkeep
|turn|9
|
|t:|1728342688
|move|p1a: Jirachi|Body Slam|p2a: Blissey
|-damage|p2a: Blissey|84/100
|move|p2a: Blissey|Thunderbolt|p1a: Jirachi
|-damage|p1a: Jirachi|67/100
|-status|p1a: Jirachi|par
|
|-heal|p1a: Jirachi|100/100 par|[from] move: Wish|[wisher] Jirachi
|-heal|p2a: Blissey|90/100|[from] item: Leftovers
|upkeep
|turn|10
|
|t:|1728342697
|switch|p2a: Swampert|Swampert, M|100/100
|move|p1a: Jirachi|Wish|p1a: Jirachi
|
|upkeep
|turn|11
|
|t:|1728342713
|move|p2a: Swampert|Earthquake|p1a: Jirachi
|-supereffective|p1a: Jirachi
|-damage|p1a: Jirachi|46/100 par
|move|p1a: Jirachi|Body Slam|p2a: Swampert
|-damage|p2a: Swampert|86/100
|-status|p2a: Swampert|par
|
|-heal|p1a: Jirachi|96/100 par|[from] move: Wish|[wisher] Jirachi
|-heal|p1a: Jirachi|100/100 par|[from] item: Leftovers
|-heal|p2a: Swampert|92/100 par|[from] item: Leftovers
|upkeep
|turn|12
|
|t:|1728342727
|switch|p1a: Jumpluff|Jumpluff, M|100/100
|move|p2a: Swampert|Earthquake|p1a: Jumpluff
|-immune|p1a: Jumpluff
|
|-heal|p2a: Swampert|98/100 par|[from] item: Leftovers
|upkeep
|turn|13
|
|t:|1728342731
|switch|p2a: Venusaur|Venusaur, M|100/100 slp
|move|p1a: Jumpluff|Encore||[still]
|-fail|p1a: Jumpluff
|
|upkeep
|turn|14
|
|t:|1728342743
|switch|p1a: Slaking|Slaking, F|73/100
|-damage|p1a: Slaking|60/100|[from] Spikes
|switch|p2a: Tyranitar|Tyranitar, F|100/100
|-weather|Sandstorm|[from] ability: Sand Stream|[of] p2a: Tyranitar
|
|-weather|Sandstorm|[upkeep]
|-damage|p1a: Slaking|54/100|[from] Sandstorm
|upkeep
|turn|15
|
|t:|1728342760
|switch|p2a: Swampert|Swampert, M|98/100 par
|move|p1a: Slaking|Return|p2a: Swampert
|-damage|p2a: Swampert|29/100 par
|
|-weather|Sandstorm|[upkeep]
|-damage|p1a: Slaking|48/100|[from] Sandstorm
|-heal|p2a: Swampert|35/100 par|[from] item: Leftovers
|upkeep
|turn|16
|
|t:|1728342776
|switch|p1a: Jirachi|Jirachi|100/100 par
|-damage|p1a: Jirachi|88/100 par|[from] Spikes
|move|p2a: Swampert|Ice Beam|p1a: Jirachi
|-resisted|p1a: Jirachi
|-damage|p1a: Jirachi|82/100 par
|
|-weather|Sandstorm|[upkeep]
|-heal|p1a: Jirachi|88/100 par|[from] item: Leftovers
|-heal|p2a: Swampert|41/100 par|[from] item: Leftovers
|upkeep
|turn|17
|
|t:|1728342785
|move|p2a: Swampert|Protect|p2a: Swampert
|-singleturn|p2a: Swampert|Protect
|move|p1a: Jirachi|Wish|p1a: Jirachi
|
|-weather|Sandstorm|[upkeep]
|-heal|p1a: Jirachi|94/100 par|[from] item: Leftovers
|-heal|p2a: Swampert|47/100 par|[from] item: Leftovers
|upkeep
|turn|18
|
|t:|1728342794
|switch|p1a: Suicune|Suicune|100/100
|-damage|p1a: Suicune|88/100|[from] Spikes
|switch|p2a: Blissey|Blissey, F|90/100
|
|-heal|p1a: Suicune|100/100|[from] move: Wish|[wisher] Jirachi
|-weather|Sandstorm|[upkeep]
|-damage|p1a: Suicune|94/100|[from] Sandstorm
|-damage|p2a: Blissey|84/100|[from] Sandstorm
|-heal|p1a: Suicune|100/100|[from] item: Leftovers
|-heal|p2a: Blissey|90/100|[from] item: Leftovers
|upkeep
|turn|19
|inactive|HoChi_Pro has 270 seconds left.
|
|t:|1728342841
|switch|p1a: Jirachi|Jirachi|94/100 par
|-damage|p1a: Jirachi|82/100 par|[from] Spikes
|move|p2a: Blissey|Calm Mind|p2a: Blissey
|-boost|p2a: Blissey|spa|1
|-boost|p2a: Blissey|spd|1
|
|-weather|Sandstorm|[upkeep]
|-damage|p2a: Blissey|84/100|[from] Sandstorm
|-heal|p2a: Blissey|90/100|[from] item: Leftovers
|-heal|p1a: Jirachi|88/100 par|[from] item: Leftovers
|upkeep
|turn|20
|
|t:|1728342853
|move|p2a: Blissey|Thunderbolt|p1a: Jirachi
|-damage|p1a: Jirachi|71/100 par
|cant|p1a: Jirachi|par
|
|-weather|Sandstorm|[upkeep]
|-damage|p2a: Blissey|84/100|[from] Sandstorm
|-heal|p2a: Blissey|90/100|[from] item: Leftovers
|-heal|p1a: Jirachi|77/100 par|[from] item: Leftovers
|upkeep
|turn|21
|
|t:|1728342871
|switch|p2a: Tyranitar|Tyranitar, F|100/100
|move|p1a: Jirachi|Body Slam|p2a: Tyranitar
|-resisted|p2a: Tyranitar
|-damage|p2a: Tyranitar|93/100
|
|-weather|Sandstorm|[upkeep]
|-heal|p2a: Tyranitar|99/100|[from] item: Leftovers
|-heal|p1a: Jirachi|83/100 par|[from] item: Leftovers
|upkeep
|turn|22
|
|t:|1728342889
|move|p2a: Tyranitar|Fire Blast|p1a: Jirachi|[miss]
|-miss|p2a: Tyranitar|p1a: Jirachi
|move|p1a: Jirachi|Body Slam|p2a: Tyranitar
|-resisted|p2a: Tyranitar
|-damage|p2a: Tyranitar|92/100
|-status|p2a: Tyranitar|par
|
|-weather|Sandstorm|[upkeep]
|-heal|p1a: Jirachi|90/100 par|[from] item: Leftovers
|-heal|p2a: Tyranitar|98/100 par|[from] item: Leftovers
|upkeep
|turn|23
|
|t:|1728342897
|switch|p1a: Suicune|Suicune|100/100
|-damage|p1a: Suicune|88/100|[from] Spikes
|cant|p2a: Tyranitar|par
|
|-weather|Sandstorm|[upkeep]
|-damage|p1a: Suicune|82/100|[from] Sandstorm
|-heal|p1a: Suicune|88/100|[from] item: Leftovers
|-heal|p2a: Tyranitar|100/100 par|[from] item: Leftovers
|upkeep
|turn|24
|
|t:|1728342903
|move|p1a: Suicune|Calm Mind|p1a: Suicune
|-boost|p1a: Suicune|spa|1
|-boost|p1a: Suicune|spd|1
|move|p2a: Tyranitar|Roar|p1a: Suicune
|drag|p1a: Jirachi|Jirachi|90/100 par
|-damage|p1a: Jirachi|77/100 par|[from] Spikes
|
|-weather|Sandstorm|[upkeep]
|-heal|p1a: Jirachi|83/100 par|[from] item: Leftovers
|upkeep
|turn|25
|
|t:|1728342912
|switch|p2a: Venusaur|Venusaur, M|100/100 slp
|move|p1a: Jirachi|Wish|p1a: Jirachi
|
|-weather|Sandstorm|[upkeep]
|-damage|p2a: Venusaur|95/100 slp|[from] Sandstorm
|-heal|p2a: Venusaur|100/100 slp|[from] item: Leftovers
|-heal|p1a: Jirachi|90/100 par|[from] item: Leftovers
|upkeep
|turn|26
|
|t:|1728342916
|switch|p1a: Slaking|Slaking, F|48/100
|-damage|p1a: Slaking|36/100|[from] Spikes
|cant|p2a: Venusaur|slp
|
|-heal|p1a: Slaking|86/100|[from] move: Wish|[wisher] Jirachi
|-weather|Sandstorm|[upkeep]
|-damage|p1a: Slaking|80/100|[from] Sandstorm
|-damage|p2a: Venusaur|95/100 slp|[from] Sandstorm
|-heal|p2a: Venusaur|100/100 slp|[from] item: Leftovers
|upkeep
|turn|27
|
|t:|1728342925
|switch|p2a: Forretress|Forretress, M|100/100
|move|p1a: Slaking|Return|p2a: Forretress
|-resisted|p2a: Forretress
|-damage|p2a: Forretress|62/100
|
|-weather|Sandstorm|[upkeep]
|-damage|p1a: Slaking|74/100|[from] Sandstorm
|-heal|p2a: Forretress|69/100|[from] item: Leftovers
|upkeep
|turn|28
|
|t:|1728342934
|switch|p1a: Magneton|Magneton|100/100
|-damage|p1a: Magneton|88/100|[from] Spikes
|move|p2a: Forretress|Spikes|p1a: Magneton
|-sidestart|p1: incognidoqueen|Spikes
|
|-weather|Sandstorm|[upkeep]
|-heal|p2a: Forretress|75/100|[from] item: Leftovers
|upkeep
|turn|29
|
|t:|1728342940
|move|p1a: Magneton|Hidden Power|p2a: Forretress
|-supereffective|p2a: Forretress
|-damage|p2a: Forretress|0 fnt
|faint|p2a: Forretress
|
|t:|1728342944
|switch|p2a: Aerodactyl|Aerodactyl, F|14/100
|
|-weather|Sandstorm|[upkeep]
|upkeep
|turn|30
|
|t:|1728342956
|switch|p1a: Jumpluff|Jumpluff, M|100/100
|move|p2a: Aerodactyl|Double-Edge|p1a: Jumpluff
|-damage|p1a: Jumpluff|27/100
|
|-weather|Sandstorm|[upkeep]
|-damage|p1a: Jumpluff|20/100|[from] Sandstorm
|-heal|p1a: Jumpluff|27/100|[from] item: Leftovers
|upkeep
|turn|31
|
|t:|1728342962
|switch|p1a: Jirachi|Jirachi|90/100 par
|-damage|p1a: Jirachi|73/100 par|[from] Spikes
|move|p2a: Aerodactyl|Double-Edge|p1a: Jirachi
|-resisted|p1a: Jirachi
|-damage|p1a: Jirachi|51/100 par
|
|-weather|Sandstorm|[upkeep]
|-heal|p1a: Jirachi|58/100 par|[from] item: Leftovers
|upkeep
|turn|32
|
|t:|1728342969
|switch|p2a: Swampert|Swampert, M|47/100 par
|move|p1a: Jirachi|Wish|p1a: Jirachi
|
|-weather|Sandstorm|[upkeep]
|-heal|p1a: Jirachi|64/100 par|[from] item: Leftovers
|-heal|p2a: Swampert|53/100 par|[from] item: Leftovers
|upkeep
|turn|33
|
|t:|1728342978
|switch|p1a: Suicune|Suicune|88/100
|-damage|p1a: Suicune|72/100|[from] Spikes
|switch|p2a: Venusaur|Venusaur, M|100/100 slp
|
|-heal|p1a: Suicune|100/100|[from] move: Wish|[wisher] Jirachi
|-weather|Sandstorm|[upkeep]
|-damage|p2a: Venusaur|95/100 slp|[from] Sandstorm
|-damage|p1a: Suicune|94/100|[from] Sandstorm
|-heal|p2a: Venusaur|100/100 slp|[from] item: Leftovers
|-heal|p1a: Suicune|100/100|[from] item: Leftovers
|upkeep
|turn|34
|
|t:|1728342994
|switch|p1a: Jirachi|Jirachi|64/100 par
|-damage|p1a: Jirachi|47/100 par|[from] Spikes
|-curestatus|p2a: Venusaur|slp|[msg]
|move|p2a: Venusaur|Sleep Powder||[still]
|-fail|p2a: Venusaur
|
|-weather|Sandstorm|[upkeep]
|-damage|p2a: Venusaur|95/100|[from] Sandstorm
|-heal|p2a: Venusaur|100/100|[from] item: Leftovers
|-heal|p1a: Jirachi|53/100 par|[from] item: Leftovers
|upkeep
|turn|35
|
|t:|1728343003
|switch|p1a: Jumpluff|Jumpluff, M|27/100
|move|p2a: Venusaur|Hidden Power|p1a: Jumpluff
|-supereffective|p1a: Jumpluff
|-damage|p1a: Jumpluff|0 fnt
|faint|p1a: Jumpluff
|
|t:|1728343011
|switch|p1a: Slaking|Slaking, F|74/100
|-damage|p1a: Slaking|57/100|[from] Spikes
|
|-weather|Sandstorm|[upkeep]
|-damage|p1a: Slaking|51/100|[from] Sandstorm
|-damage|p2a: Venusaur|95/100|[from] Sandstorm
|-heal|p2a: Venusaur|100/100|[from] item: Leftovers
|upkeep
|turn|36
|inactive|HoChi_Pro has 270 seconds left.
|
|t:|1728343055
|switch|p2a: Swampert|Swampert, M|53/100 par
|move|p1a: Slaking|Return|p2a: Swampert
|-damage|p2a: Swampert|0 fnt
|faint|p2a: Swampert
|
|t:|1728343070
|switch|p2a: Aerodactyl|Aerodactyl, F|14/100
|
|-weather|Sandstorm|[upkeep]
|-damage|p1a: Slaking|45/100|[from] Sandstorm
|upkeep
|turn|37
|
|t:|1728343076
|move|p2a: Aerodactyl|Earthquake|p1a: Slaking
|-damage|p1a: Slaking|11/100
|cant|p1a: Slaking|ability: Truant
|
|-weather|Sandstorm|[upkeep]
|-damage|p1a: Slaking|5/100|[from] Sandstorm
|upkeep
|turn|38
|
|t:|1728343083
|move|p2a: Aerodactyl|Earthquake|p1a: Slaking
|-damage|p1a: Slaking|0 fnt
|faint|p1a: Slaking
|
|t:|1728343091
|switch|p1a: Suicune|Suicune|100/100
|-damage|p1a: Suicune|84/100|[from] Spikes
|
|-weather|Sandstorm|[upkeep]
|-damage|p1a: Suicune|78/100|[from] Sandstorm
|-heal|p1a: Suicune|84/100|[from] item: Leftovers
|upkeep
|turn|39
|inactive|HoChi_Pro has 270 seconds left.
|
|t:|1728343101
|switch|p2a: Tyranitar|Tyranitar, F|100/100 par
|switch|p1a: Jirachi|Jirachi|53/100 par
|-damage|p1a: Jirachi|37/100 par|[from] Spikes
|
|-weather|Sandstorm|[upkeep]
|-heal|p1a: Jirachi|43/100 par|[from] item: Leftovers
|upkeep
|turn|40
|
|t:|1728343109
|cant|p1a: Jirachi|par
|move|p2a: Tyranitar|Pursuit|p1a: Jirachi
|-damage|p1a: Jirachi|30/100 par
|
|-weather|Sandstorm|[upkeep]
|-heal|p1a: Jirachi|36/100 par|[from] item: Leftovers
|upkeep
|turn|41
|
|t:|1728343114
|move|p1a: Jirachi|Wish|p1a: Jirachi
|move|p2a: Tyranitar|Fire Blast|p1a: Jirachi
|-supereffective|p1a: Jirachi
|-damage|p1a: Jirachi|0 fnt
|faint|p1a: Jirachi
|
|t:|1728343119
|switch|p1a: Suicune|Suicune|84/100
|-damage|p1a: Suicune|68/100|[from] Spikes
|
|-weather|Sandstorm|[upkeep]
|-damage|p1a: Suicune|61/100|[from] Sandstorm
|-heal|p1a: Suicune|68/100|[from] item: Leftovers
|upkeep
|turn|42
|
|t:|1728343127
|move|p1a: Suicune|Calm Mind|p1a: Suicune
|-boost|p1a: Suicune|spa|1
|-boost|p1a: Suicune|spd|1
|move|p2a: Tyranitar|Roar|p1a: Suicune
|drag|p1a: Magneton|Magneton|88/100
|-damage|p1a: Magneton|72/100|[from] Spikes
|
|-heal|p1a: Magneton|100/100|[from] move: Wish|[wisher] Jirachi
|-weather|Sandstorm|[upkeep]
|upkeep
|turn|43
|
|t:|1728343139
|move|p1a: Magneton|Thunderbolt|p2a: Tyranitar
|-damage|p2a: Tyranitar|53/100 par
|move|p2a: Tyranitar|Fire Blast|p1a: Magneton
|-supereffective|p1a: Magneton
|-damage|p1a: Magneton|0 fnt
|faint|p1a: Magneton
|
|t:|1728343145
|switch|p1a: Suicune|Suicune|68/100
|-damage|p1a: Suicune|51/100|[from] Spikes
|
|-weather|Sandstorm|[upkeep]
|-damage|p1a: Suicune|45/100|[from] Sandstorm
|-heal|p1a: Suicune|51/100|[from] item: Leftovers
|-heal|p2a: Tyranitar|59/100 par|[from] item: Leftovers
|upkeep
|turn|44
|
|t:|1728343152
|move|p1a: Suicune|Surf|p2a: Tyranitar
|-supereffective|p2a: Tyranitar
|-damage|p2a: Tyranitar|10/100 par
|move|p2a: Tyranitar|Roar|p1a: Suicune
|drag|p1a: Snorlax|Snorlax, F|100/100
|-damage|p1a: Snorlax|84/100|[from] Spikes
|
|-weather|Sandstorm|[upkeep]
|-damage|p1a: Snorlax|78/100|[from] Sandstorm
|-heal|p1a: Snorlax|84/100|[from] item: Leftovers
|-heal|p2a: Tyranitar|16/100 par|[from] item: Leftovers
|upkeep
|turn|45
|
|t:|1728343161
|move|p1a: Snorlax|Return|p2a: Tyranitar
|-resisted|p2a: Tyranitar
|-damage|p2a: Tyranitar|0 fnt
|faint|p2a: Tyranitar
|
|t:|1728343167
|switch|p2a: Venusaur|Venusaur, M|100/100
|
|-weather|Sandstorm|[upkeep]
|-damage|p2a: Venusaur|95/100|[from] Sandstorm
|-damage|p1a: Snorlax|78/100|[from] Sandstorm
|-heal|p2a: Venusaur|100/100|[from] item: Leftovers
|-heal|p1a: Snorlax|84/100|[from] item: Leftovers
|upkeep
|turn|46
|
|t:|1728343174
|move|p2a: Venusaur|Sleep Powder|p1a: Snorlax
|-status|p1a: Snorlax|slp|[from] move: Sleep Powder
|cant|p1a: Snorlax|slp
|
|-weather|Sandstorm|[upkeep]
|-damage|p2a: Venusaur|95/100|[from] Sandstorm
|-damage|p1a: Snorlax|78/100 slp|[from] Sandstorm
|-heal|p2a: Venusaur|100/100|[from] item: Leftovers
|-heal|p1a: Snorlax|84/100 slp|[from] item: Leftovers
|upkeep
|turn|47
|
|t:|1728343182
|move|p2a: Venusaur|Leech Seed|p1a: Snorlax|[miss]
|-miss|p2a: Venusaur|p1a: Snorlax
|cant|p1a: Snorlax|slp
|
|-weather|Sandstorm|[upkeep]
|-damage|p2a: Venusaur|95/100|[from] Sandstorm
|-damage|p1a: Snorlax|78/100 slp|[from] Sandstorm
|-heal|p2a: Venusaur|100/100|[from] item: Leftovers
|-heal|p1a: Snorlax|84/100 slp|[from] item: Leftovers
|upkeep
|turn|48
|
|t:|1728343188
|move|p2a: Venusaur|Leech Seed|p1a: Snorlax
|-start|p1a: Snorlax|move: Leech Seed
|cant|p1a: Snorlax|slp
|
|-weather|Sandstorm|[upkeep]
|-damage|p2a: Venusaur|95/100|[from] Sandstorm
|-damage|p1a: Snorlax|78/100 slp|[from] Sandstorm
|-heal|p2a: Venusaur|100/100|[from] item: Leftovers
|-heal|p1a: Snorlax|84/100 slp|[from] item: Leftovers
|-damage|p1a: Snorlax|72/100 slp|[from] Leech Seed|[of] p2a: Venusaur
|upkeep
|turn|49
|
|t:|1728343193
|switch|p2a: Aerodactyl|Aerodactyl, F|14/100
|switch|p1a: Suicune|Suicune|51/100
|-damage|p1a: Suicune|35/100|[from] Spikes
|
|-weather|Sandstorm|[upkeep]
|-damage|p1a: Suicune|28/100|[from] Sandstorm
|-heal|p1a: Suicune|35/100|[from] item: Leftovers
|upkeep
|turn|50
|
|t:|1728343199
|move|p2a: Aerodactyl|Double-Edge|p1a: Suicune
|-damage|p1a: Suicune|5/100
|move|p1a: Suicune|Surf|p2a: Aerodactyl
|-supereffective|p2a: Aerodactyl
|-damage|p2a: Aerodactyl|0 fnt
|faint|p2a: Aerodactyl
|
|t:|1728343203
|switch|p2a: Venusaur|Venusaur, M|100/100
|
|-weather|Sandstorm|[upkeep]
|-damage|p2a: Venusaur|95/100|[from] Sandstorm
|-damage|p1a: Suicune|0 fnt|[from] Sandstorm
|faint|p1a: Suicune
|-heal|p2a: Venusaur|100/100|[from] item: Leftovers
|upkeep
|
|t:|1728343204
|switch|p1a: Snorlax|Snorlax, F|72/100 slp
|-damage|p1a: Snorlax|55/100 slp|[from] Spikes
|turn|51
|
|t:|1728343208
|move|p2a: Venusaur|Leech Seed|p1a: Snorlax
|-start|p1a: Snorlax|move: Leech Seed
|cant|p1a: Snorlax|slp
|
|-weather|Sandstorm|[upkeep]
|-damage|p2a: Venusaur|95/100|[from] Sandstorm
|-damage|p1a: Snorlax|49/100 slp|[from] Sandstorm
|-heal|p2a: Venusaur|100/100|[from] item: Leftovers
|-heal|p1a: Snorlax|55/100 slp|[from] item: Leftovers
|-damage|p1a: Snorlax|43/100 slp|[from] Leech Seed|[of] p2a: Venusaur
|upkeep
|turn|52
|
|t:|1728343214
|move|p2a: Venusaur|Giga Drain|p1a: Snorlax
|-crit|p1a: Snorlax
|-damage|p1a: Snorlax|15/100 slp
|-curestatus|p1a: Snorlax|slp|[msg]
|move|p1a: Snorlax|Return|p2a: Venusaur
|-damage|p2a: Venusaur|50/100
|
|-weather|Sandstorm|[upkeep]
|-damage|p2a: Venusaur|44/100|[from] Sandstorm
|-damage|p1a: Snorlax|9/100|[from] Sandstorm
|-heal|p2a: Venusaur|50/100|[from] item: Leftovers
|-heal|p1a: Snorlax|15/100|[from] item: Leftovers
|-damage|p1a: Snorlax|2/100|[from] Leech Seed|[of] p2a: Venusaur
|-heal|p2a: Venusaur|70/100|[silent]
|upkeep
|turn|53
|c|☆incognidoqueen|Ggwp
|
|t:|1728343222
|move|p2a: Venusaur|Giga Drain|p1a: Snorlax
|-crit|p1a: Snorlax
|-damage|p1a: Snorlax|0 fnt
|-heal|p2a: Venusaur|72/100|[from] drain|[of] p1a: Snorlax
|faint|p1a: Snorlax
|
|win|HoChi_Pro
|c|☆HoChi_Pro|ggs
|c|☆HoChi_Pro|I didn't expect you to use last weeks teams again

</script>
<script type="application/json" class="data" id="replaydata-smogtours-gen3ou-796279">
{"id":"smogtours-gen3ou-796279","format":"[Gen 3] OU","players":["incognidoqueen","HoChi_Pro"],"uploadtime":1728343222,"views":85,"formatid":"gen3ou","rating":null,"private":0,"password":null}
</script>

<script defer src="js/replays.js?9d40a366"></script>
