<!DOCTYPE html>
<meta charset="utf-8" />
<meta name="viewport" content="width=device-width" />

<title>[Gen 3] OU: less19chara vs. Dhrabb - Replays - Pok&eacute;mon Showdown!</title>

<meta name="description" content="Watch a replay of a Pok&eacute;mon battle between less19chara and Dhrabb! Format: [Gen 3] OU; Date: Oct 12, 2024" />
<!--

Hey, you! Looking in the source for the replay log?

You can find them in JSON format, just add `.json` at the end of a replay URL.

https://replay.pokemonshowdown.com/gen7randomdoublesbattle-865046831.json

Or, if you only need the log itself, add `.log` instead:

https://replay.pokemonshowdown.com/gen7randomdoublesbattle-865046831.log

-->

<link rel="stylesheet" href="//pokemonshowdown.com/style/global.css?0.023195364461161105" />
<link rel="stylesheet" href="//play.pokemonshowdown.com/style/font-awesome.css?0.13261647063804238" />
<link rel="stylesheet" href="//play.pokemonshowdown.com/style/battle.css?0.8753245789963631" />
<link rel="stylesheet" href="//play.pokemonshowdown.com/style/utilichart.css?0.8627959624976733" />

<!-- Global site tag (gtag.js) - Google Analytics -->
<script async src="https://www.googletagmanager.com/gtag/js?id=UA-26211653-1"></script>
<script>
  window.dataLayer = window.dataLayer || [];
  function gtag(){dataLayer.push(arguments);}
  gtag('js', new Date());

  gtag('config', 'UA-26211653-1');
</script>
<!-- End Google Analytics -->
<!-- Venatus Ad Manager - Install in <HEAD> of page -->
	<script src="https://hb.vntsm.com/v3/live/ad-manager.min.js" type="text/javascript" data-site-id="642aba63ec9a7b11c3c9c1be" data-mode="scan" async></script>
<!-- / Venatus Ad Manager -->

<style>
	@media (max-width:820px) {
		.battle {
			margin: 0 auto;
		}
		.battle-log {
			margin: 7px auto 0;
			max-width: 640px;
			height: 300px;
			position: static;
		}
	}
	.optgroup {
		display: inline-block;
		line-height: 22px;
		font-size: 10pt;
	}
	.optgroup .button {
		height: 25px;
		padding-top: 0;
		padding-bottom: 0;
	}
	.optgroup button.button {
		padding-left: 12px;
		padding-right: 12px;
	}
	.linklist {
		list-style: none;
		margin: 0.5em 0;
		padding: 0;
	}
	.linklist li {
		padding: 2px 0;
	}
	.sidebar {
		float: left;
		width: 320px;
	}
	.bar-wrapper {
		max-width: 1100px;
		margin: 0 auto;
	}
	.bar-wrapper.has-sidebar {
		max-width: 1430px;
	}
	.mainbar {
		margin: 0;
		padding-right: 1px;
	}
	.mainbar.has-sidebar {
		margin-left: 330px;
	}
	@media (min-width: 1511px) {
		.sidebar {
			width: 400px;
		}
		.bar-wrapper.has-sidebar {
			max-width: 1510px;
		}
		.mainbar.has-sidebar {
			margin-left: 410px;
		}
	}
	.section.first-section {
		margin-top: 9px;
	}
	.blocklink small {
		white-space: normal;
	}
	.button {
		vertical-align: middle;
	}
	.replay-controls {
		padding-top: 10px;
	}
	.replay-controls h1 {
		font-size: 16pt;
		font-weight: normal;
		color: #CCC;
	}
	.pagelink {
		text-align: center;
	}
	.pagelink a {
		width: 150px;
	}
	.textbox, .button {
		font-size: 11pt;
		vertical-align: middle;
	}
	@media (max-width: 450px) {
		.button {
			font-size: 9pt;
		}
	}
</style>

<div>

	<header>
		<div class="nav-wrapper"><ul class="nav">
			<li><a class="button nav-first" href="//pokemonshowdown.com/"><img src="//pokemonshowdown.com/images/pokemonshowdownbeta.png" srcset="//pokemonshowdown.com/images/pokemonshowdownbeta.png 1x, //pokemonshowdown.com/images/pokemonshowdownbeta@2x.png 2x" alt="Pok&eacute;mon Showdown" width="146" height="44" /> Home</a></li>
			<li><a class="button" href="//pokemonshowdown.com/dex/">Pok&eacute;dex</a></li>
			<li><a class="button cur" href="/">Replays</a></li>
			<li><a class="button" href="//pokemonshowdown.com/ladder/">Ladder</a></li>
			<li><a class="button nav-last" href="//pokemonshowdown.com/forums/">Forum</a></li>
			<li><a class="button greenbutton nav-first nav-last" href="//play.pokemonshowdown.com/">Play</a></li>
		</ul></div>
	</header>

	<div class="main" id="main">

		<noscript><section class="section">You need to enable JavaScript to use this page; sorry!</section></noscript>

	</div>

</div>

<script defer nomodule src="//play.pokemonshowdown.com/js/lib/ps-polyfill.js"></script>
<script defer src="//play.pokemonshowdown.com/js/lib/preact.min.js"></script>

<script defer src="//play.pokemonshowdown.com/config/config.js?2bddbc15"></script>
<script defer src="//play.pokemonshowdown.com/js/lib/jquery-1.11.0.min.js"></script>
<script defer src="//play.pokemonshowdown.com/js/lib/html-sanitizer-minified.js"></script>
<script defer src="//play.pokemonshowdown.com/js/battle-sound.js"></script>
<script defer src="//play.pokemonshowdown.com/js/battledata.js?0.7209276989879541"></script>
<script defer src="//play.pokemonshowdown.com/data/pokedex-mini.js?0.6111056340867951"></script>
<script defer src="//play.pokemonshowdown.com/data/pokedex-mini-bw.js?0.3532142036491459"></script>
<script defer src="//play.pokemonshowdown.com/data/graphics.js?0.24223875632456182"></script>
<script defer src="//play.pokemonshowdown.com/data/pokedex.js?0.38839984266356864"></script>
<script defer src="//play.pokemonshowdown.com/data/moves.js?0.21866028504024015"></script>
<script defer src="//play.pokemonshowdown.com/data/abilities.js?0.2005157953846628"></script>
<script defer src="//play.pokemonshowdown.com/data/items.js?0.9894211263848525"></script>
<script defer src="//play.pokemonshowdown.com/data/teambuilder-tables.js?0.6008791140282215"></script>
<script defer src="//play.pokemonshowdown.com/js/battle-tooltips.js?0.7580118955022959"></script>
<script defer src="//play.pokemonshowdown.com/js/battle.js?0.6057722274234274"></script>

<script defer src="js/utils.js?e31f9a17"></script>
<script defer src="js/replays-battle.js?7008c182"></script>

<!-- don't scrape this data! just add .json or .log after the URL!
Full API docs: https://github.com/smogon/pokemon-showdown-client/blob/master/WEB-API.md -->
<script type="text/plain" class="log" id="replaylog-smogtours-gen3ou-797535">
|inactive|Battle timer is ON: inactive players will automatically lose when time's up.
|badge|p2|bronze|gen9ou|100-3
|uhtml|medal-msg|<div class="broadcast-blue">Curious what those medals under the avatar are? PS now has Ladder Seasons! For more information, check out the <a href="https://www.smogon.com/forums/threads/3740067/">thread on Smogon.<\/a><\/div>
|t:|1728750025
|gametype|singles
|player|p1|less19chara|policeman-gen4|
|player|p2|Dhrabb|#wcop2024bangladesh|
|teamsize|p1|6
|teamsize|p2|6
|gen|3
|tier|[Gen 3] OU
|rule|Sleep Clause Mod: Limit one foe put to sleep
|rule|Switch Priority Clause Mod: Faster Pokémon switch first
|rule|Species Clause: Limit one of each Pokémon
|rule|OHKO Clause: OHKO moves are banned
|rule|Evasion Items Clause: Evasion items are banned
|rule|Evasion Moves Clause: Evasion moves are banned
|rule|Endless Battle Clause: Forcing endless battles is banned
|rule|HP Percentage Mod: HP is shown in percentages
|rule|One Boost Passer Clause: Limit one Baton Passer that has a way to boost its stats
|rule|Freeze Clause Mod: Limit one foe frozen
|
|t:|1728750025
|start
|switch|p1a: fat wukong|Slaking, M|100/100
|switch|p2a: Hariyama|Hariyama, M|100/100
|turn|1
|c|☆Dhrabb|hf
|c|☆less19chara|hf to u too
|
|t:|1728750043
|switch|p2a: Salamence|Salamence, M|100/100
|-ability|p2a: Salamence|Intimidate|boost
|-unboost|p1a: fat wukong|atk|1
|move|p1a: fat wukong|Double-Edge|p2a: Salamence
|-damage|p2a: Salamence|42/100
|-damage|p1a: fat wukong|83/100|[from] Recoil|[of] p2a: Salamence
|
|-heal|p2a: Salamence|48/100|[from] item: Leftovers
|upkeep
|turn|2
|
|t:|1728750056
|switch|p1a: terrifying wukong|Gengar, M|100/100
|move|p2a: Salamence|Wish|p2a: Salamence
|
|-heal|p2a: Salamence|54/100|[from] item: Leftovers
|upkeep
|turn|3
|
|t:|1728750062
|move|p2a: Salamence|Protect|p2a: Salamence
|-singleturn|p2a: Salamence|Protect
|move|p1a: terrifying wukong|Will-O-Wisp|p2a: Salamence
|-activate|p2a: Salamence|Protect
|
|-heal|p2a: Salamence|100/100|[from] move: Wish|[wisher] Salamence
|upkeep
|turn|4
|
|t:|1728750073
|switch|p2a: Celebi|Celebi|100/100
|move|p1a: terrifying wukong|Ice Punch|p2a: Celebi
|-supereffective|p2a: Celebi
|-damage|p2a: Celebi|63/100
|
|-heal|p2a: Celebi|70/100|[from] item: Leftovers
|upkeep
|turn|5
|
|t:|1728750095
|switch|p1a: fat wukong|Slaking, M|83/100
|move|p2a: Celebi|Psychic|p1a: fat wukong
|-damage|p1a: fat wukong|48/100
|
|-heal|p2a: Celebi|76/100|[from] item: Leftovers
|upkeep
|turn|6
|
|t:|1728750101
|switch|p2a: Salamence|Salamence, M|100/100
|-ability|p2a: Salamence|Intimidate|boost
|-unboost|p1a: fat wukong|atk|1
|move|p1a: fat wukong|Double-Edge|p2a: Salamence
|-crit|p2a: Salamence
|-damage|p2a: Salamence|0 fnt
|-damage|p1a: fat wukong|18/100|[from] Recoil|[of] p2a: Salamence
|faint|p2a: Salamence
|
|t:|1728750111
|switch|p2a: Hariyama|Hariyama, M|100/100
|
|upkeep
|turn|7
|
|t:|1728750120
|switch|p1a: terrifying wukong|Gengar, M|100/100
|move|p2a: Hariyama|Knock Off|p1a: terrifying wukong
|-supereffective|p1a: terrifying wukong
|-damage|p1a: terrifying wukong|95/100
|-enditem|p1a: terrifying wukong|Leftovers|[from] move: Knock Off|[of] p2a: Hariyama
|-hint|In Gens 3-4, Knock Off only makes the target's item unusable; it cannot obtain a new item.
|
|upkeep
|turn|8
|inactive|Dhrabb disconnected and has 300 seconds to reconnect!
|player|p2|
|inactive|Dhrabb has 270 seconds to reconnect!
|inactive|Dhrabb reconnected and has 285 seconds left.
|player|p2|Dhrabb|#wcop2024bangladesh|
|c|☆Dhrabb|Yo sorry my internet cut out for a sec
|inactive|Dhrabb has 270 seconds left.
|
|t:|1728750187
|switch|p2a: Starmie|Starmie|100/100
|move|p1a: terrifying wukong|Thunderbolt|p2a: Starmie
|-supereffective|p2a: Starmie
|-damage|p2a: Starmie|37/100
|
|-heal|p2a: Starmie|43/100|[from] item: Leftovers
|upkeep
|turn|9
|inactive|Dhrabb has 270 seconds left.
|c|☆less19chara|take ut time
|inactive|less19chara has 270 seconds left.
|inactive|Dhrabb has 240 seconds left.
|inactive|less19chara has 240 seconds left.
|inactive|Dhrabb has 210 seconds left.
|inactive|less19chara has 210 seconds left.
|
|t:|1728750296
|move|p2a: Starmie|Thunder Wave|p1a: terrifying wukong
|-status|p1a: terrifying wukong|par
|move|p1a: terrifying wukong|Thunderbolt|p2a: Starmie
|-supereffective|p2a: Starmie
|-damage|p2a: Starmie|0 fnt
|faint|p2a: Starmie
|
|t:|1728750304
|switch|p2a: Celebi|Celebi|76/100
|
|-heal|p2a: Celebi|82/100|[from] item: Leftovers
|upkeep
|turn|10
|inactive|less19chara has 210 seconds left.
|inactive|Dhrabb has 210 seconds left.
|
|t:|1728750310
|move|p2a: Celebi|Psychic|p1a: terrifying wukong
|-supereffective|p1a: terrifying wukong
|-crit|p1a: terrifying wukong
|-damage|p1a: terrifying wukong|0 fnt
|faint|p1a: terrifying wukong
|inactive|less19chara has 210 seconds left.
|
|t:|1728750321
|switch|p1a: Charizard|Charizard, F|100/100
|
|-heal|p2a: Celebi|88/100|[from] item: Leftovers
|upkeep
|turn|11
|inactive|Dhrabb has 210 seconds left.
|inactive|Dhrabb disconnected and has 270 seconds to reconnect!
|player|p2|
|inactive|less19chara has 210 seconds left.
|inactive|Dhrabb reconnected and has 195 seconds left.
|player|p2|Dhrabb|#wcop2024bangladesh|
|inactive|Dhrabb has 180 seconds left.
|inactive|less19chara has 180 seconds left.
|
|t:|1728750408
|move|p1a: Charizard|Substitute|p1a: Charizard
|-start|p1a: Charizard|Substitute
|-damage|p1a: Charizard|76/100
|move|p2a: Celebi|Psychic|p1a: Charizard
|-end|p1a: Charizard|Substitute
|
|-heal|p1a: Charizard|82/100|[from] item: Leftovers
|-heal|p2a: Celebi|94/100|[from] item: Leftovers
|upkeep
|turn|12
|inactive|less19chara has 180 seconds left.
|
|t:|1728750426
|switch|p1a: annoying wukong|Blissey, F|100/100
|move|p2a: Celebi|Psychic|p1a: annoying wukong
|-damage|p1a: annoying wukong|87/100
|
|-heal|p2a: Celebi|100/100|[from] item: Leftovers
|-heal|p1a: annoying wukong|93/100|[from] item: Leftovers
|upkeep
|turn|13
|
|t:|1728750432
|move|p2a: Celebi|Leech Seed|p1a: annoying wukong
|-start|p1a: annoying wukong|move: Leech Seed
|move|p1a: annoying wukong|Fire Blast|p2a: Celebi
|-supereffective|p2a: Celebi
|-damage|p2a: Celebi|46/100
|
|-heal|p2a: Celebi|52/100|[from] item: Leftovers
|-heal|p1a: annoying wukong|99/100|[from] item: Leftovers
|-damage|p1a: annoying wukong|87/100|[from] Leech Seed|[of] p2a: Celebi
|-heal|p2a: Celebi|73/100|[silent]
|upkeep
|turn|14
|
|t:|1728750442
|switch|p1a: Skarmory|Skarmory, M|100/100
|move|p2a: Celebi|Recover|p2a: Celebi
|-heal|p2a: Celebi|100/100
|
|upkeep
|turn|15
|
|t:|1728750446
|move|p2a: Celebi|Leech Seed|p1a: Skarmory
|-start|p1a: Skarmory|move: Leech Seed
|move|p1a: Skarmory|Toxic|p2a: Celebi
|-status|p2a: Celebi|tox
|
|-damage|p2a: Celebi|94/100 tox|[from] psn
|-damage|p1a: Skarmory|88/100|[from] Leech Seed|[of] p2a: Celebi
|-heal|p2a: Celebi|100/100 tox|[silent]
|upkeep
|turn|16
|
|t:|1728750454
|-curestatus|p2a: Celebi|tox|[from] ability: Natural Cure
|switch|p2a: Hariyama|Hariyama, M|100/100
|switch|p1a: annoying wukong|Blissey, F|87/100
|
|-heal|p1a: annoying wukong|93/100|[from] item: Leftovers
|upkeep
|turn|17
|
|t:|1728750460
|-singleturn|p2a: Hariyama|move: Focus Punch
|switch|p1a: Skarmory|Skarmory, M|88/100
|move|p2a: Hariyama|Focus Punch|p1a: Skarmory
|-damage|p1a: Skarmory|28/100
|
|-heal|p1a: Skarmory|34/100|[from] item: Leftovers
|upkeep
|turn|18
|inactive|less19chara has 210 seconds left.
|
|t:|1728750469
|-singleturn|p2a: Hariyama|move: Focus Punch
|move|p1a: Skarmory|Protect|p1a: Skarmory
|-singleturn|p1a: Skarmory|Protect
|move|p2a: Hariyama|Focus Punch|p1a: Skarmory
|-activate|p1a: Skarmory|Protect
|
|-heal|p1a: Skarmory|40/100|[from] item: Leftovers
|upkeep
|turn|19
|
|t:|1728750475
|-singleturn|p2a: Hariyama|move: Focus Punch
|move|p1a: Skarmory|Spikes|p2a: Hariyama
|-sidestart|p2: Dhrabb|Spikes
|move|p2a: Hariyama|Focus Punch|p1a: Skarmory
|-damage|p1a: Skarmory|0 fnt
|faint|p1a: Skarmory
|
|t:|1728750482
|switch|p1a: fat wukong|Slaking, M|18/100
|
|upkeep
|turn|20
|
|t:|1728750486
|switch|p2a: Jirachi|Jirachi|100/100
|-damage|p2a: Jirachi|88/100|[from] Spikes
|move|p1a: fat wukong|Double-Edge|p2a: Jirachi
|-resisted|p2a: Jirachi
|-crit|p2a: Jirachi
|-damage|p2a: Jirachi|6/100
|-damage|p1a: fat wukong|0 fnt|[from] Recoil|[of] p2a: Jirachi
|faint|p1a: fat wukong
|
|t:|1728750490
|switch|p1a: Magneton|Magneton|100/100
|
|-heal|p2a: Jirachi|12/100|[from] item: Leftovers
|upkeep
|turn|21
|
|t:|1728750494
|move|p1a: Magneton|Thunderbolt|p2a: Jirachi
|-damage|p2a: Jirachi|0 fnt
|faint|p2a: Jirachi
|inactive|Dhrabb has 210 seconds left.
|
|t:|1728750530
|switch|p2a: Celebi|Celebi|100/100
|-damage|p2a: Celebi|88/100|[from] Spikes
|
|-heal|p2a: Celebi|94/100|[from] item: Leftovers
|upkeep
|turn|22
|
|t:|1728750536
|move|p2a: Celebi|Leech Seed|p1a: Magneton
|-start|p1a: Magneton|move: Leech Seed
|move|p1a: Magneton|Toxic|p2a: Celebi
|-status|p2a: Celebi|tox
|
|-heal|p2a: Celebi|100/100 tox|[from] item: Leftovers
|-damage|p2a: Celebi|94/100 tox|[from] psn
|-damage|p1a: Magneton|88/100|[from] Leech Seed|[of] p2a: Celebi
|-heal|p2a: Celebi|100/100 tox|[silent]
|upkeep
|turn|23
|
|t:|1728750546
|-curestatus|p2a: Celebi|tox|[from] ability: Natural Cure
|switch|p2a: Hariyama|Hariyama, M|100/100
|-damage|p2a: Hariyama|88/100|[from] Spikes
|switch|p1a: annoying wukong|Blissey, F|93/100
|
|-heal|p2a: Hariyama|94/100|[from] item: Leftovers
|-heal|p1a: annoying wukong|99/100|[from] item: Leftovers
|upkeep
|turn|24
|
|t:|1728750553
|move|p2a: Hariyama|Brick Break|p1a: annoying wukong
|-supereffective|p1a: annoying wukong
|-damage|p1a: annoying wukong|17/100
|move|p1a: annoying wukong|Fire Blast|p2a: Hariyama
|-damage|p2a: Hariyama|62/100
|-status|p2a: Hariyama|brn
|
|-heal|p2a: Hariyama|68/100 brn|[from] item: Leftovers
|-damage|p2a: Hariyama|56/100 brn|[from] brn
|-heal|p1a: annoying wukong|23/100|[from] item: Leftovers
|upkeep
|turn|25
|
|t:|1728750559
|move|p1a: annoying wukong|Protect|p1a: annoying wukong
|-singleturn|p1a: annoying wukong|Protect
|move|p2a: Hariyama|Brick Break|p1a: annoying wukong
|-activate|p1a: annoying wukong|Protect
|
|-heal|p2a: Hariyama|62/100 brn|[from] item: Leftovers
|-damage|p2a: Hariyama|49/100 brn|[from] brn
|-heal|p1a: annoying wukong|29/100|[from] item: Leftovers
|upkeep
|turn|26
|
|t:|1728750563
|move|p1a: annoying wukong|Protect||[still]
|-fail|p1a: annoying wukong
|move|p2a: Hariyama|Brick Break|p1a: annoying wukong
|-supereffective|p1a: annoying wukong
|-damage|p1a: annoying wukong|0 fnt
|faint|p1a: annoying wukong
|
|t:|1728750567
|switch|p1a: Charizard|Charizard, F|82/100
|
|-heal|p1a: Charizard|88/100|[from] item: Leftovers
|-heal|p2a: Hariyama|56/100 brn|[from] item: Leftovers
|-damage|p2a: Hariyama|43/100 brn|[from] brn
|upkeep
|turn|27
|
|t:|1728750570
|move|p1a: Charizard|Substitute|p1a: Charizard
|-start|p1a: Charizard|Substitute
|-damage|p1a: Charizard|63/100
|move|p2a: Hariyama|Brick Break|p1a: Charizard
|-resisted|p1a: Charizard
|-end|p1a: Charizard|Substitute
|
|-heal|p1a: Charizard|69/100|[from] item: Leftovers
|-heal|p2a: Hariyama|49/100 brn|[from] item: Leftovers
|-damage|p2a: Hariyama|37/100 brn|[from] brn
|upkeep
|turn|28
|
|t:|1728750575
|move|p1a: Charizard|Substitute|p1a: Charizard
|-start|p1a: Charizard|Substitute
|-damage|p1a: Charizard|44/100
|move|p2a: Hariyama|Brick Break|p1a: Charizard
|-resisted|p1a: Charizard
|-end|p1a: Charizard|Substitute
|
|-heal|p1a: Charizard|50/100|[from] item: Leftovers
|-heal|p2a: Hariyama|43/100 brn|[from] item: Leftovers
|-damage|p2a: Hariyama|31/100 brn|[from] brn
|upkeep
|turn|29
|
|t:|1728750580
|move|p1a: Charizard|Fire Blast|p2a: Hariyama
|-damage|p2a: Hariyama|0 fnt
|faint|p2a: Hariyama
|
|t:|1728750583
|switch|p2a: Marowak|Marowak, F|100/100
|-damage|p2a: Marowak|88/100|[from] Spikes
|
|-heal|p1a: Charizard|56/100|[from] item: Leftovers
|upkeep
|turn|30
|
|t:|1728750587
|move|p1a: Charizard|Substitute|p1a: Charizard
|-start|p1a: Charizard|Substitute
|-damage|p1a: Charizard|31/100
|move|p2a: Marowak|Rock Slide|p1a: Charizard
|-supereffective|p1a: Charizard
|-end|p1a: Charizard|Substitute
|
|-heal|p1a: Charizard|37/100|[from] item: Leftovers
|upkeep
|turn|31
|inactive|less19chara has 270 seconds left.
|inactive|less19chara has 240 seconds left.
|
|t:|1728750670
|move|p1a: Charizard|Substitute|p1a: Charizard
|-start|p1a: Charizard|Substitute
|-damage|p1a: Charizard|12/100
|move|p2a: Marowak|Rock Slide|p1a: Charizard
|-supereffective|p1a: Charizard
|-end|p1a: Charizard|Substitute
|
|-heal|p1a: Charizard|18/100|[from] item: Leftovers
|upkeep
|turn|32
|
|t:|1728750675
|move|p1a: Charizard|Fire Blast|p2a: Marowak
|-damage|p2a: Marowak|0 fnt
|faint|p2a: Marowak
|
|t:|1728750678
|switch|p2a: Celebi|Celebi|100/100
|-damage|p2a: Celebi|88/100|[from] Spikes
|
|-heal|p1a: Charizard|24/100|[from] item: Leftovers
|-heal|p2a: Celebi|94/100|[from] item: Leftovers
|upkeep
|turn|33
|inactive|less19chara has 240 seconds left.
|
|t:|1728750686
|switch|p1a: Magneton|Magneton|88/100
|move|p2a: Celebi|Psychic|p1a: Magneton
|-resisted|p1a: Magneton
|-damage|p1a: Magneton|56/100
|-unboost|p1a: Magneton|spd|1
|
|-heal|p2a: Celebi|100/100|[from] item: Leftovers
|upkeep
|turn|34
|
|t:|1728750691
|move|p2a: Celebi|Psychic|p1a: Magneton
|-resisted|p1a: Magneton
|-damage|p1a: Magneton|10/100
|move|p1a: Magneton|Toxic|p2a: Celebi
|-status|p2a: Celebi|tox
|
|-damage|p2a: Celebi|94/100 tox|[from] psn
|upkeep
|turn|35
|
|t:|1728750696
|move|p1a: Magneton|Protect|p1a: Magneton
|-singleturn|p1a: Magneton|Protect
|move|p2a: Celebi|Psychic|p1a: Magneton
|-activate|p1a: Magneton|Protect
|
|-heal|p2a: Celebi|100/100 tox|[from] item: Leftovers
|-damage|p2a: Celebi|88/100 tox|[from] psn
|upkeep
|turn|36
|
|t:|1728750700
|move|p1a: Magneton|Protect|p1a: Magneton
|-singleturn|p1a: Magneton|Protect
|move|p2a: Celebi|Psychic|p1a: Magneton
|-activate|p1a: Magneton|Protect
|
|-heal|p2a: Celebi|94/100 tox|[from] item: Leftovers
|-damage|p2a: Celebi|76/100 tox|[from] psn
|upkeep
|turn|37
|
|t:|1728750704
|move|p1a: Magneton|Protect||[still]
|-fail|p1a: Magneton
|move|p2a: Celebi|Psychic|p1a: Magneton
|-resisted|p1a: Magneton
|-damage|p1a: Magneton|0 fnt
|faint|p1a: Magneton
|
|t:|1728750707
|switch|p1a: Charizard|Charizard, F|24/100
|
|-heal|p1a: Charizard|30/100|[from] item: Leftovers
|-heal|p2a: Celebi|82/100 tox|[from] item: Leftovers
|-damage|p2a: Celebi|57/100 tox|[from] psn
|upkeep
|turn|38
|
|t:|1728750713
|move|p1a: Charizard|Substitute|p1a: Charizard
|-start|p1a: Charizard|Substitute
|-damage|p1a: Charizard|6/100
|move|p2a: Celebi|Psychic|p1a: Charizard
|-end|p1a: Charizard|Substitute
|
|-heal|p1a: Charizard|12/100|[from] item: Leftovers
|-heal|p2a: Celebi|63/100 tox|[from] item: Leftovers
|-damage|p2a: Celebi|32/100 tox|[from] psn
|upkeep
|turn|39
|c|☆less19chara|if i miss i lose
|
|t:|1728750732
|move|p1a: Charizard|Fire Blast|p2a: Celebi
|-supereffective|p2a: Celebi
|-damage|p2a: Celebi|0 fnt
|faint|p2a: Celebi
|
|win|less19chara
|c|☆Dhrabb|gg
|c|☆less19chara|gg
|player|p2|
|player|p1|
|player|p1|less19chara|policeman-gen4|

</script>
<script type="application/json" class="data" id="replaydata-smogtours-gen3ou-797535">
{"id":"smogtours-gen3ou-797535","format":"[Gen 3] OU","players":["less19chara","Dhrabb"],"uploadtime":1728750732,"views":94,"formatid":"gen3ou","rating":null,"private":0,"password":null}
</script>

<script defer src="js/replays.js?9d40a366"></script>
