<!DOCTYPE html>
<meta charset="utf-8" />
<meta name="viewport" content="width=device-width" />

<title>[Gen 3] OU: True Lawbringer vs. honuacjs - Replays - Pok&eacute;mon Showdown!</title>

<meta name="description" content="Watch a replay of a Pok&eacute;mon battle between True Lawbringer and honuacjs! Format: [Gen 3] OU; Date: Oct 3, 2024" />
<!--

Hey, you! Looking in the source for the replay log?

You can find them in JSON format, just add `.json` at the end of a replay URL.

https://replay.pokemonshowdown.com/gen7randomdoublesbattle-865046831.json

Or, if you only need the log itself, add `.log` instead:

https://replay.pokemonshowdown.com/gen7randomdoublesbattle-865046831.log

-->

<link rel="stylesheet" href="//pokemonshowdown.com/style/global.css?0.767286132409787" />
<link rel="stylesheet" href="//play.pokemonshowdown.com/style/font-awesome.css?0.9266228007934947" />
<link rel="stylesheet" href="//play.pokemonshowdown.com/style/battle.css?0.7924700842790926" />
<link rel="stylesheet" href="//play.pokemonshowdown.com/style/utilichart.css?0.8777417872839479" />

<!-- Global site tag (gtag.js) - Google Analytics -->
<script async src="https://www.googletagmanager.com/gtag/js?id=UA-26211653-1"></script>
<script>
  window.dataLayer = window.dataLayer || [];
  function gtag(){dataLayer.push(arguments);}
  gtag('js', new Date());

  gtag('config', 'UA-26211653-1');
</script>
<!-- End Google Analytics -->
<!-- Venatus Ad Manager - Install in <HEAD> of page -->
	<script src="https://hb.vntsm.com/v3/live/ad-manager.min.js" type="text/javascript" data-site-id="642aba63ec9a7b11c3c9c1be" data-mode="scan" async></script>
<!-- / Venatus Ad Manager -->

<style>
	@media (max-width:820px) {
		.battle {
			margin: 0 auto;
		}
		.battle-log {
			margin: 7px auto 0;
			max-width: 640px;
			height: 300px;
			position: static;
		}
	}
	.optgroup {
		display: inline-block;
		line-height: 22px;
		font-size: 10pt;
	}
	.optgroup .button {
		height: 25px;
		padding-top: 0;
		padding-bottom: 0;
	}
	.optgroup button.button {
		padding-left: 12px;
		padding-right: 12px;
	}
	.linklist {
		list-style: none;
		margin: 0.5em 0;
		padding: 0;
	}
	.linklist li {
		padding: 2px 0;
	}
	.sidebar {
		float: left;
		width: 320px;
	}
	.bar-wrapper {
		max-width: 1100px;
		margin: 0 auto;
	}
	.bar-wrapper.has-sidebar {
		max-width: 1430px;
	}
	.mainbar {
		margin: 0;
		padding-right: 1px;
	}
	.mainbar.has-sidebar {
		margin-left: 330px;
	}
	@media (min-width: 1511px) {
		.sidebar {
			width: 400px;
		}
		.bar-wrapper.has-sidebar {
			max-width: 1510px;
		}
		.mainbar.has-sidebar {
			margin-left: 410px;
		}
	}
	.section.first-section {
		margin-top: 9px;
	}
	.blocklink small {
		white-space: normal;
	}
	.button {
		vertical-align: middle;
	}
	.replay-controls {
		padding-top: 10px;
	}
	.replay-controls h1 {
		font-size: 16pt;
		font-weight: normal;
		color: #CCC;
	}
	.pagelink {
		text-align: center;
	}
	.pagelink a {
		width: 150px;
	}
	.textbox, .button {
		font-size: 11pt;
		vertical-align: middle;
	}
	@media (max-width: 450px) {
		.button {
			font-size: 9pt;
		}
	}
</style>

<div>

	<header>
		<div class="nav-wrapper"><ul class="nav">
			<li><a class="button nav-first" href="//pokemonshowdown.com/"><img src="//pokemonshowdown.com/images/pokemonshowdownbeta.png" srcset="//pokemonshowdown.com/images/pokemonshowdownbeta.png 1x, //pokemonshowdown.com/images/pokemonshowdownbeta@2x.png 2x" alt="Pok&eacute;mon Showdown" width="146" height="44" /> Home</a></li>
			<li><a class="button" href="//pokemonshowdown.com/dex/">Pok&eacute;dex</a></li>
			<li><a class="button cur" href="/">Replays</a></li>
			<li><a class="button" href="//pokemonshowdown.com/ladder/">Ladder</a></li>
			<li><a class="button nav-last" href="//pokemonshowdown.com/forums/">Forum</a></li>
			<li><a class="button greenbutton nav-first nav-last" href="//play.pokemonshowdown.com/">Play</a></li>
		</ul></div>
	</header>

	<div class="main" id="main">

		<noscript><section class="section">You need to enable JavaScript to use this page; sorry!</section></noscript>

	</div>

</div>

<script defer nomodule src="//play.pokemonshowdown.com/js/lib/ps-polyfill.js"></script>
<script defer src="//play.pokemonshowdown.com/js/lib/preact.min.js"></script>

<script defer src="//play.pokemonshowdown.com/config/config.js?6dec07f6"></script>
<script defer src="//play.pokemonshowdown.com/js/lib/jquery-1.11.0.min.js"></script>
<script defer src="//play.pokemonshowdown.com/js/lib/html-sanitizer-minified.js"></script>
<script defer src="//play.pokemonshowdown.com/js/battle-sound.js"></script>
<script defer src="//play.pokemonshowdown.com/js/battledata.js?0.6315294753075389"></script>
<script defer src="//play.pokemonshowdown.com/data/pokedex-mini.js?0.7603743185311358"></script>
<script defer src="//play.pokemonshowdown.com/data/pokedex-mini-bw.js?0.030888842834281283"></script>
<script defer src="//play.pokemonshowdown.com/data/graphics.js?0.05593094747507488"></script>
<script defer src="//play.pokemonshowdown.com/data/pokedex.js?0.47064822249611904"></script>
<script defer src="//play.pokemonshowdown.com/data/moves.js?0.8583693120512459"></script>
<script defer src="//play.pokemonshowdown.com/data/abilities.js?0.16017181182386842"></script>
<script defer src="//play.pokemonshowdown.com/data/items.js?0.4163379185673943"></script>
<script defer src="//play.pokemonshowdown.com/data/teambuilder-tables.js?0.31075597372830477"></script>
<script defer src="//play.pokemonshowdown.com/js/battle-tooltips.js?0.6536193500708172"></script>
<script defer src="//play.pokemonshowdown.com/js/battle.js?0.1916591943277901"></script>

<script defer src="js/utils.js?e31f9a17"></script>
<script defer src="js/replays-battle.js?7008c182"></script>

<!-- don't scrape this data! just add .json or .log after the URL!
Full API docs: https://github.com/smogon/pokemon-showdown-client/blob/master/WEB-API.md -->
<script type="text/plain" class="log" id="replaylog-smogtours-gen3ou-794394">
|inactive|Battle timer is ON: inactive players will automatically lose when time's up.
|t:|1727990408
|gametype|singles
|player|p1|True Lawbringer|steven|
|player|p2|honuacjs|2|
|teamsize|p1|6
|teamsize|p2|6
|gen|3
|tier|[Gen 3] OU
|rule|Sleep Clause Mod: Limit one foe put to sleep
|rule|Switch Priority Clause Mod: Faster Pokémon switch first
|rule|Species Clause: Limit one of each Pokémon
|rule|OHKO Clause: OHKO moves are banned
|rule|Evasion Items Clause: Evasion items are banned
|rule|Evasion Moves Clause: Evasion moves are banned
|rule|Endless Battle Clause: Forcing endless battles is banned
|rule|HP Percentage Mod: HP is shown in percentages
|rule|One Boost Passer Clause: Limit one Baton Passer that has a way to boost its stats
|rule|Freeze Clause Mod: Limit one foe frozen
|
|t:|1727990408
|start
|switch|p1a: Zapdos|Zapdos|100/100
|switch|p2a: Toddle|Ampharos, M|100/100
|turn|1
|
|t:|1727990424
|switch|p1a: Swampert|Swampert, M|100/100
|move|p2a: Toddle|Thunderbolt|p1a: Swampert
|-immune|p1a: Swampert
|
|upkeep
|turn|2
|
|t:|1727990430
|move|p2a: Toddle|Protect|p2a: Toddle
|-singleturn|p2a: Toddle|Protect
|move|p1a: Swampert|Toxic|p2a: Toddle
|-activate|p2a: Toddle|Protect
|
|upkeep
|turn|3
|
|t:|1727990440
|switch|p1a: Skarmory|Skarmory, M|100/100
|move|p2a: Toddle|Toxic|p1a: Skarmory
|-immune|p1a: Skarmory
|
|upkeep
|turn|4
|
|t:|1727990454
|switch|p1a: Swampert|Swampert, M|100/100
|move|p2a: Toddle|Thunderbolt|p1a: Swampert
|-immune|p1a: Swampert
|
|upkeep
|turn|5
|
|t:|1727990465
|move|p2a: Toddle|Protect|p2a: Toddle
|-singleturn|p2a: Toddle|Protect
|move|p1a: Swampert|Surf|p2a: Toddle
|-activate|p2a: Toddle|Protect
|
|upkeep
|turn|6
|
|t:|1727990471
|switch|p2a: Nessy|Lapras, F|100/100
|move|p1a: Swampert|Toxic|p2a: Nessy
|-status|p2a: Nessy|tox
|
|-damage|p2a: Nessy|94/100 tox|[from] psn
|upkeep
|turn|7
|
|t:|1727990479
|switch|p1a: Skarmory|Skarmory, M|100/100
|move|p2a: Nessy|Heal Bell|p2a: Nessy
|-activate|p2a: Nessy|move: Heal Bell
|-curestatus|p2a: Nessy|tox|[silent]
|
|-heal|p2a: Nessy|100/100|[from] item: Leftovers
|upkeep
|turn|8
|
|t:|1727990486
|move|p1a: Skarmory|Spikes|p2a: Nessy
|-sidestart|p2: honuacjs|Spikes
|move|p2a: Nessy|Hail|p2a: Nessy
|-weather|Hail
|
|-weather|Hail|[upkeep]
|-damage|p1a: Skarmory|94/100|[from] Hail
|-heal|p1a: Skarmory|100/100|[from] item: Leftovers
|upkeep
|turn|9
|
|t:|1727990492
|move|p1a: Skarmory|Spikes|p2a: Nessy
|-sidestart|p2: honuacjs|Spikes
|move|p2a: Nessy|Ice Beam|p1a: Skarmory
|-damage|p1a: Skarmory|75/100
|
|-weather|Hail|[upkeep]
|-damage|p1a: Skarmory|69/100|[from] Hail
|-heal|p1a: Skarmory|75/100|[from] item: Leftovers
|upkeep
|turn|10
|
|t:|1727990499
|move|p1a: Skarmory|Spikes|p2a: Nessy
|-sidestart|p2: honuacjs|Spikes
|move|p2a: Nessy|Ice Beam|p1a: Skarmory
|-damage|p1a: Skarmory|46/100
|
|-weather|Hail|[upkeep]
|-damage|p1a: Skarmory|40/100|[from] Hail
|-heal|p1a: Skarmory|46/100|[from] item: Leftovers
|upkeep
|turn|11
|
|t:|1727990516
|switch|p1a: Tyranitar|Tyranitar, M|100/100
|-weather|Sandstorm|[from] ability: Sand Stream|[of] p1a: Tyranitar
|switch|p2a: Claydol|Claydol|100/100
|
|-weather|Sandstorm|[upkeep]
|upkeep
|turn|12
|
|t:|1727990524
|switch|p1a: Skarmory|Skarmory, M|46/100
|move|p2a: Claydol|Rapid Spin|p1a: Skarmory
|-resisted|p1a: Skarmory
|-damage|p1a: Skarmory|44/100
|-sideend|p2: honuacjs|Spikes|[from] move: Rapid Spin|[of] p2a: Claydol
|
|-weather|Sandstorm|[upkeep]
|-heal|p1a: Skarmory|50/100|[from] item: Leftovers
|upkeep
|turn|13
|
|t:|1727990538
|switch|p1a: Zapdos|Zapdos|100/100
|switch|p2a: Bella|Weezing, F, shiny|100/100
|
|-weather|Sandstorm|[upkeep]
|-damage|p1a: Zapdos|94/100|[from] Sandstorm
|-damage|p2a: Bella|95/100|[from] Sandstorm
|-heal|p1a: Zapdos|100/100|[from] item: Leftovers
|-heal|p2a: Bella|100/100|[from] item: Leftovers
|upkeep
|turn|14
|
|t:|1727990548
|switch|p2a: Toddle|Ampharos, M|100/100
|move|p1a: Zapdos|Thunderbolt|p2a: Toddle
|-resisted|p2a: Toddle
|-damage|p2a: Toddle|80/100
|
|-weather|Sandstorm|[upkeep]
|-damage|p1a: Zapdos|94/100|[from] Sandstorm
|-damage|p2a: Toddle|74/100|[from] Sandstorm
|-heal|p1a: Zapdos|100/100|[from] item: Leftovers
|-heal|p2a: Toddle|80/100|[from] item: Leftovers
|upkeep
|turn|15
|
|t:|1727990558
|switch|p1a: Celebi|Celebi|100/100
|move|p2a: Toddle|Toxic|p1a: Celebi
|-status|p1a: Celebi|tox
|
|-weather|Sandstorm|[upkeep]
|-damage|p1a: Celebi|94/100 tox|[from] Sandstorm
|-damage|p2a: Toddle|74/100|[from] Sandstorm
|-heal|p1a: Celebi|100/100 tox|[from] item: Leftovers
|-damage|p1a: Celebi|94/100 tox|[from] psn
|-heal|p2a: Toddle|80/100|[from] item: Leftovers
|upkeep
|turn|16
|
|t:|1727990567
|switch|p2a: Billy|Umbreon, M, shiny|100/100
|move|p1a: Celebi|Leech Seed|p2a: Billy
|-start|p2a: Billy|move: Leech Seed
|
|-weather|Sandstorm|[upkeep]
|-damage|p1a: Celebi|88/100 tox|[from] Sandstorm
|-damage|p2a: Billy|94/100|[from] Sandstorm
|-heal|p1a: Celebi|94/100 tox|[from] item: Leftovers
|-damage|p1a: Celebi|82/100 tox|[from] psn
|-heal|p2a: Billy|100/100|[from] item: Leftovers
|-damage|p2a: Billy|88/100|[from] Leech Seed|[of] p1a: Celebi
|-heal|p1a: Celebi|92/100 tox|[silent]
|upkeep
|turn|17
|
|t:|1727990579
|-curestatus|p1a: Celebi|tox|[from] ability: Natural Cure
|switch|p1a: Tyranitar|Tyranitar, M|100/100
|switch|p2a: Toddle|Ampharos, M|80/100
|
|-weather|Sandstorm|[upkeep]
|-damage|p2a: Toddle|74/100|[from] Sandstorm
|-heal|p2a: Toddle|80/100|[from] item: Leftovers
|upkeep
|turn|18
|
|t:|1727990593
|-singleturn|p1a: Tyranitar|move: Focus Punch
|move|p1a: Tyranitar|Focus Punch|p2a: Toddle
|-damage|p2a: Toddle|34/100
|-status|p1a: Tyranitar|par|[from] ability: Static|[of] p2a: Toddle
|move|p2a: Toddle|Counter|p1a: Tyranitar
|-damage|p1a: Tyranitar|9/100 par
|
|-weather|Sandstorm|[upkeep]
|-damage|p2a: Toddle|28/100|[from] Sandstorm
|-heal|p2a: Toddle|34/100|[from] item: Leftovers
|-heal|p1a: Tyranitar|15/100 par|[from] item: Leftovers
|upkeep
|turn|19
|
|t:|1727990606
|move|p2a: Toddle|Thunderbolt|p1a: Tyranitar
|-damage|p1a: Tyranitar|0 fnt
|faint|p1a: Tyranitar
|
|t:|1727990612
|switch|p1a: Dugtrio|Dugtrio, M|100/100
|
|-weather|Sandstorm|[upkeep]
|-damage|p2a: Toddle|28/100|[from] Sandstorm
|-heal|p2a: Toddle|34/100|[from] item: Leftovers
|upkeep
|turn|20
|
|t:|1727990617
|move|p1a: Dugtrio|Earthquake|p2a: Toddle
|-supereffective|p2a: Toddle
|-damage|p2a: Toddle|0 fnt
|faint|p2a: Toddle
|
|t:|1727990621
|switch|p2a: Nessy|Lapras, F|100/100
|
|-weather|Sandstorm|[upkeep]
|-damage|p2a: Nessy|94/100|[from] Sandstorm
|-heal|p2a: Nessy|100/100|[from] item: Leftovers
|upkeep
|turn|21
|
|t:|1727990632
|switch|p1a: Skarmory|Skarmory, M|50/100
|move|p2a: Nessy|Ice Beam|p1a: Skarmory
|-damage|p1a: Skarmory|24/100
|
|-weather|Sandstorm|[upkeep]
|-damage|p2a: Nessy|94/100|[from] Sandstorm
|-heal|p1a: Skarmory|30/100|[from] item: Leftovers
|-heal|p2a: Nessy|100/100|[from] item: Leftovers
|upkeep
|turn|22
|
|t:|1727990641
|move|p1a: Skarmory|Toxic|p2a: Nessy|[miss]
|-miss|p1a: Skarmory|p2a: Nessy
|move|p2a: Nessy|Hail|p2a: Nessy
|-weather|Hail
|
|-weather|Hail|[upkeep]
|-damage|p1a: Skarmory|24/100|[from] Hail
|-heal|p1a: Skarmory|30/100|[from] item: Leftovers
|upkeep
|turn|23
|
|t:|1727990648
|switch|p1a: Swampert|Swampert, M|100/100
|move|p2a: Nessy|Ice Beam|p1a: Swampert
|-damage|p1a: Swampert|74/100
|
|-weather|Hail|[upkeep]
|-damage|p1a: Swampert|68/100|[from] Hail
|-heal|p1a: Swampert|74/100|[from] item: Leftovers
|upkeep
|turn|24
|
|t:|1727990656
|move|p1a: Swampert|Toxic|p2a: Nessy
|-status|p2a: Nessy|tox
|move|p2a: Nessy|Ice Beam|p1a: Swampert
|-damage|p1a: Swampert|48/100
|
|-weather|Hail|[upkeep]
|-damage|p1a: Swampert|41/100|[from] Hail
|-heal|p1a: Swampert|48/100|[from] item: Leftovers
|-damage|p2a: Nessy|94/100 tox|[from] psn
|upkeep
|turn|25
|
|t:|1727990672
|switch|p1a: Dugtrio|Dugtrio, M|100/100
|move|p2a: Nessy|Heal Bell|p2a: Nessy
|-activate|p2a: Nessy|move: Heal Bell
|-curestatus|p2a: Nessy|tox|[silent]
|
|-weather|Hail|[upkeep]
|-damage|p1a: Dugtrio|94/100|[from] Hail
|-heal|p2a: Nessy|100/100|[from] item: Leftovers
|upkeep
|turn|26
|
|t:|1727990680
|move|p1a: Dugtrio|Rock Slide|p2a: Nessy|[miss]
|-miss|p1a: Dugtrio|p2a: Nessy
|move|p2a: Nessy|Ice Beam|p1a: Dugtrio
|-supereffective|p1a: Dugtrio
|-crit|p1a: Dugtrio
|-damage|p1a: Dugtrio|0 fnt
|faint|p1a: Dugtrio
|
|t:|1727990684
|switch|p1a: Celebi|Celebi|92/100
|
|-weather|none
|-heal|p1a: Celebi|98/100|[from] item: Leftovers
|upkeep
|turn|27
|
|t:|1727990691
|move|p1a: Celebi|Leech Seed|p2a: Nessy
|-start|p2a: Nessy|move: Leech Seed
|move|p2a: Nessy|Perish Song|p2a: Nessy
|-start|p1a: Celebi|perish3|[silent]
|-start|p2a: Nessy|perish3|[silent]
|-fieldactivate|move: Perish Song
|
|-heal|p1a: Celebi|100/100|[from] item: Leftovers
|-damage|p2a: Nessy|88/100|[from] Leech Seed|[of] p1a: Celebi
|-start|p1a: Celebi|perish3
|-start|p2a: Nessy|perish3
|upkeep
|turn|28
|
|t:|1727990702
|switch|p2a: Bella|Weezing, F, shiny|100/100
|move|p1a: Celebi|Leech Seed|p2a: Bella
|-start|p2a: Bella|move: Leech Seed
|
|-damage|p2a: Bella|88/100|[from] Leech Seed|[of] p1a: Celebi
|-start|p1a: Celebi|perish2
|upkeep
|turn|29
|
|t:|1727990710
|switch|p1a: Skarmory|Skarmory, M|30/100
|move|p2a: Bella|Sludge Bomb|p1a: Skarmory
|-immune|p1a: Skarmory
|
|-heal|p1a: Skarmory|36/100|[from] item: Leftovers
|-heal|p2a: Bella|94/100|[from] item: Leftovers
|-damage|p2a: Bella|82/100|[from] Leech Seed|[of] p1a: Skarmory
|-heal|p1a: Skarmory|46/100|[silent]
|upkeep
|turn|30
|
|t:|1727990720
|move|p2a: Bella|Will-O-Wisp|p1a: Skarmory|[miss]
|-miss|p2a: Bella|p1a: Skarmory
|move|p1a: Skarmory|Whirlwind|p2a: Bella
|drag|p2a: Claydol|Claydol|100/100
|
|-heal|p1a: Skarmory|52/100|[from] item: Leftovers
|upkeep
|turn|31
|
|t:|1727990728
|switch|p2a: Bella|Weezing, F, shiny|82/100
|move|p1a: Skarmory|Taunt|p2a: Bella
|-start|p2a: Bella|move: Taunt
|
|-heal|p1a: Skarmory|58/100|[from] item: Leftovers
|-heal|p2a: Bella|88/100|[from] item: Leftovers
|upkeep
|turn|32
|
|t:|1727990741
|switch|p2a: Milly|Espeon, F|100/100
|move|p1a: Skarmory|Spikes|p2a: Milly
|-sidestart|p2: honuacjs|Spikes
|
|-heal|p1a: Skarmory|64/100|[from] item: Leftovers
|upkeep
|turn|33
|
|t:|1727990747
|move|p2a: Milly|Hidden Power|p1a: Skarmory
|-damage|p1a: Skarmory|40/100
|move|p1a: Skarmory|Whirlwind|p2a: Milly
|drag|p2a: Bella|Weezing, F, shiny|88/100
|
|-heal|p1a: Skarmory|46/100|[from] item: Leftovers
|-heal|p2a: Bella|94/100|[from] item: Leftovers
|upkeep
|turn|34
|
|t:|1727990759
|switch|p1a: Celebi|Celebi|100/100
|switch|p2a: Nessy|Lapras, F|88/100
|-damage|p2a: Nessy|75/100|[from] Spikes
|
|-heal|p2a: Nessy|82/100|[from] item: Leftovers
|upkeep
|turn|35
|
|t:|1727990766
|move|p1a: Celebi|Leech Seed|p2a: Nessy
|-start|p2a: Nessy|move: Leech Seed
|move|p2a: Nessy|Hail|p2a: Nessy
|-weather|Hail
|
|-weather|Hail|[upkeep]
|-damage|p1a: Celebi|94/100|[from] Hail
|-heal|p1a: Celebi|100/100|[from] item: Leftovers
|-heal|p2a: Nessy|88/100|[from] item: Leftovers
|-damage|p2a: Nessy|75/100|[from] Leech Seed|[of] p1a: Celebi
|upkeep
|turn|36
|
|t:|1727990774
|switch|p2a: Billy|Umbreon, M, shiny|88/100
|-damage|p2a: Billy|76/100|[from] Spikes
|move|p1a: Celebi|Psychic|p2a: Billy
|-immune|p2a: Billy
|
|-weather|Hail|[upkeep]
|-damage|p1a: Celebi|94/100|[from] Hail
|-damage|p2a: Billy|70/100|[from] Hail
|-heal|p1a: Celebi|100/100|[from] item: Leftovers
|-heal|p2a: Billy|76/100|[from] item: Leftovers
|upkeep
|turn|37
|
|t:|1727990786
|switch|p1a: Skarmory|Skarmory, M|46/100
|move|p2a: Billy|Curse|p2a: Billy
|-unboost|p2a: Billy|spe|1
|-boost|p2a: Billy|atk|1
|-boost|p2a: Billy|def|1
|
|-weather|Hail|[upkeep]
|-damage|p1a: Skarmory|40/100|[from] Hail
|-damage|p2a: Billy|70/100|[from] Hail
|-heal|p1a: Skarmory|46/100|[from] item: Leftovers
|-heal|p2a: Billy|76/100|[from] item: Leftovers
|upkeep
|turn|38
|
|t:|1727990796
|move|p2a: Billy|Hidden Power|p1a: Skarmory
|-damage|p1a: Skarmory|25/100
|move|p1a: Skarmory|Whirlwind|p2a: Billy
|drag|p2a: Nessy|Lapras, F|75/100
|-damage|p2a: Nessy|63/100|[from] Spikes
|
|-weather|Hail|[upkeep]
|-damage|p1a: Skarmory|19/100|[from] Hail
|-heal|p1a: Skarmory|25/100|[from] item: Leftovers
|-heal|p2a: Nessy|69/100|[from] item: Leftovers
|upkeep
|turn|39
|
|t:|1727990809
|move|p1a: Skarmory|Taunt|p2a: Nessy
|-start|p2a: Nessy|move: Taunt
|move|p2a: Nessy|Ice Beam|p1a: Skarmory
|-damage|p1a: Skarmory|0 fnt
|faint|p1a: Skarmory
|
|t:|1727990815
|switch|p1a: Celebi|Celebi|100/100
|
|-weather|none
|-heal|p2a: Nessy|75/100|[from] item: Leftovers
|upkeep
|turn|40
|
|t:|1727990820
|switch|p1a: Zapdos|Zapdos|100/100
|move|p2a: Nessy|Ice Beam|p1a: Zapdos
|-supereffective|p1a: Zapdos
|-damage|p1a: Zapdos|63/100
|
|-heal|p1a: Zapdos|69/100|[from] item: Leftovers
|-heal|p2a: Nessy|82/100|[from] item: Leftovers
|-end|p2a: Nessy|move: Taunt|[silent]
|upkeep
|turn|41
|
|t:|1727990829
|move|p1a: Zapdos|Toxic|p2a: Nessy
|-status|p2a: Nessy|tox
|move|p2a: Nessy|Ice Beam|p1a: Zapdos
|-supereffective|p1a: Zapdos
|-damage|p1a: Zapdos|28/100
|
|-heal|p1a: Zapdos|34/100|[from] item: Leftovers
|-heal|p2a: Nessy|88/100 tox|[from] item: Leftovers
|-damage|p2a: Nessy|82/100 tox|[from] psn
|upkeep
|turn|42
|
|t:|1727990838
|move|p1a: Zapdos|Rest|p1a: Zapdos
|-status|p1a: Zapdos|slp|[from] move: Rest
|-heal|p1a: Zapdos|100/100 slp|[silent]
|move|p2a: Nessy|Ice Beam|p1a: Zapdos
|-supereffective|p1a: Zapdos
|-damage|p1a: Zapdos|60/100 slp
|
|-heal|p1a: Zapdos|66/100 slp|[from] item: Leftovers
|-heal|p2a: Nessy|88/100 tox|[from] item: Leftovers
|-damage|p2a: Nessy|75/100 tox|[from] psn
|upkeep
|turn|43
|
|t:|1727990848
|switch|p2a: Milly|Espeon, F|100/100
|-damage|p2a: Milly|88/100|[from] Spikes
|cant|p1a: Zapdos|slp
|
|-heal|p2a: Milly|94/100|[from] item: Leftovers
|-heal|p1a: Zapdos|72/100 slp|[from] item: Leftovers
|upkeep
|turn|44
|
|t:|1727990856
|move|p2a: Milly|Calm Mind|p2a: Milly
|-boost|p2a: Milly|spa|1
|-boost|p2a: Milly|spd|1
|cant|p1a: Zapdos|slp
|
|-heal|p2a: Milly|99/100|[from] item: Leftovers
|-heal|p1a: Zapdos|78/100 slp|[from] item: Leftovers
|upkeep
|turn|45
|
|t:|1727990866
|move|p2a: Milly|Substitute|p2a: Milly
|-start|p2a: Milly|Substitute
|-damage|p2a: Milly|75/100
|-curestatus|p1a: Zapdos|slp|[msg]
|move|p1a: Zapdos|Toxic||[still]
|-fail|p1a: Zapdos
|
|-heal|p2a: Milly|81/100|[from] item: Leftovers
|-heal|p1a: Zapdos|84/100|[from] item: Leftovers
|upkeep
|turn|46
|
|t:|1727990874
|switch|p1a: Celebi|Celebi|100/100
|move|p2a: Milly|Calm Mind|p2a: Milly
|-boost|p2a: Milly|spa|1
|-boost|p2a: Milly|spd|1
|
|-heal|p2a: Milly|87/100|[from] item: Leftovers
|upkeep
|turn|47
|
|t:|1727990882
|move|p2a: Milly|Psychic|p1a: Celebi
|-resisted|p1a: Celebi
|-damage|p1a: Celebi|68/100
|move|p1a: Celebi|Calm Mind|p1a: Celebi
|-boost|p1a: Celebi|spa|1
|-boost|p1a: Celebi|spd|1
|
|-heal|p2a: Milly|93/100|[from] item: Leftovers
|-heal|p1a: Celebi|74/100|[from] item: Leftovers
|upkeep
|turn|48
|
|t:|1727990891
|move|p2a: Milly|Psychic|p1a: Celebi
|-resisted|p1a: Celebi
|-damage|p1a: Celebi|53/100
|move|p1a: Celebi|Calm Mind|p1a: Celebi
|-boost|p1a: Celebi|spa|1
|-boost|p1a: Celebi|spd|1
|
|-heal|p2a: Milly|99/100|[from] item: Leftovers
|-heal|p1a: Celebi|59/100|[from] item: Leftovers
|upkeep
|turn|49
|
|t:|1727990906
|switch|p2a: Nessy|Lapras, F|75/100 tox
|-damage|p2a: Nessy|63/100 tox|[from] Spikes
|move|p1a: Celebi|Psychic|p2a: Nessy
|-damage|p2a: Nessy|28/100 tox
|
|-heal|p1a: Celebi|66/100|[from] item: Leftovers
|-heal|p2a: Nessy|34/100 tox|[from] item: Leftovers
|-damage|p2a: Nessy|28/100 tox|[from] psn
|upkeep
|turn|50
|
|t:|1727990915
|move|p1a: Celebi|Leech Seed|p2a: Nessy
|-start|p2a: Nessy|move: Leech Seed
|move|p2a: Nessy|Perish Song|p2a: Nessy
|-start|p1a: Celebi|perish3|[silent]
|-start|p2a: Nessy|perish3|[silent]
|-fieldactivate|move: Perish Song
|
|-heal|p1a: Celebi|72/100|[from] item: Leftovers
|-heal|p2a: Nessy|34/100 tox|[from] item: Leftovers
|-damage|p2a: Nessy|21/100 tox|[from] Leech Seed|[of] p1a: Celebi
|-heal|p1a: Celebi|86/100|[silent]
|-damage|p2a: Nessy|9/100 tox|[from] psn
|-start|p1a: Celebi|perish3
|-start|p2a: Nessy|perish3
|upkeep
|turn|51
|
|t:|1727990928
|move|p1a: Celebi|Psychic|p2a: Nessy
|-damage|p2a: Nessy|0 fnt
|faint|p2a: Nessy
|
|t:|1727990934
|switch|p2a: Billy|Umbreon, M, shiny|76/100
|-damage|p2a: Billy|63/100|[from] Spikes
|
|-heal|p1a: Celebi|93/100|[from] item: Leftovers
|-heal|p2a: Billy|69/100|[from] item: Leftovers
|-start|p1a: Celebi|perish2
|upkeep
|turn|52
|
|t:|1727990941
|move|p1a: Celebi|Leech Seed|p2a: Billy
|-start|p2a: Billy|move: Leech Seed
|move|p2a: Billy|Wish|p2a: Billy
|
|-heal|p1a: Celebi|99/100|[from] item: Leftovers
|-heal|p2a: Billy|75/100|[from] item: Leftovers
|-damage|p2a: Billy|63/100|[from] Leech Seed|[of] p1a: Celebi
|-heal|p1a: Celebi|100/100|[silent]
|-start|p1a: Celebi|perish1
|upkeep
|turn|53
|
|t:|1727990950
|switch|p1a: Swampert|Swampert, M|48/100
|move|p2a: Billy|Curse|p2a: Billy
|-unboost|p2a: Billy|spe|1
|-boost|p2a: Billy|atk|1
|-boost|p2a: Billy|def|1
|
|-heal|p2a: Billy|100/100|[from] move: Wish|[wisher] Billy
|-heal|p1a: Swampert|54/100|[from] item: Leftovers
|-damage|p2a: Billy|88/100|[from] Leech Seed|[of] p1a: Swampert
|-heal|p1a: Swampert|64/100|[silent]
|upkeep
|turn|54
|
|t:|1727990960
|switch|p2a: Bella|Weezing, F, shiny|94/100
|move|p1a: Swampert|Toxic|p2a: Bella
|-immune|p2a: Bella
|
|-heal|p1a: Swampert|70/100|[from] item: Leftovers
|-heal|p2a: Bella|99/100|[from] item: Leftovers
|upkeep
|turn|55
|
|t:|1727990969
|move|p1a: Swampert|Protect|p1a: Swampert
|-singleturn|p1a: Swampert|Protect
|move|p2a: Bella|Will-O-Wisp|p1a: Swampert
|-activate|p1a: Swampert|Protect
|
|-heal|p1a: Swampert|77/100|[from] item: Leftovers
|-heal|p2a: Bella|100/100|[from] item: Leftovers
|upkeep
|turn|56
|
|t:|1727990983
|move|p1a: Swampert|Surf|p2a: Bella
|-damage|p2a: Bella|59/100
|move|p2a: Bella|Sludge Bomb|p1a: Swampert
|-resisted|p1a: Swampert
|-damage|p1a: Swampert|63/100
|
|-heal|p1a: Swampert|69/100|[from] item: Leftovers
|-heal|p2a: Bella|65/100|[from] item: Leftovers
|upkeep
|turn|57
|
|t:|1727990991
|move|p1a: Swampert|Surf|p2a: Bella
|-damage|p2a: Bella|25/100
|move|p2a: Bella|Pain Split|p1a: Swampert
|-sethp|p1a: Swampert|43/100|[from] move: Pain Split|[silent]
|-sethp|p2a: Bella|64/100|[from] move: Pain Split
|
|-heal|p1a: Swampert|49/100|[from] item: Leftovers
|-heal|p2a: Bella|70/100|[from] item: Leftovers
|upkeep
|turn|58
|
|t:|1727991009
|switch|p2a: Milly|Espeon, F|99/100
|-damage|p2a: Milly|87/100|[from] Spikes
|move|p1a: Swampert|Protect||[still]
|-fail|p1a: Swampert
|
|-heal|p2a: Milly|93/100|[from] item: Leftovers
|-heal|p1a: Swampert|56/100|[from] item: Leftovers
|upkeep
|turn|59
|
|t:|1727991018
|switch|p2a: Billy|Umbreon, M, shiny|88/100
|-damage|p2a: Billy|76/100|[from] Spikes
|switch|p1a: Celebi|Celebi|100/100
|
|-heal|p2a: Billy|82/100|[from] item: Leftovers
|upkeep
|turn|60
|
|t:|1727991026
|move|p1a: Celebi|Leech Seed|p2a: Billy
|-start|p2a: Billy|move: Leech Seed
|move|p2a: Billy|Curse|p2a: Billy
|-unboost|p2a: Billy|spe|1
|-boost|p2a: Billy|atk|1
|-boost|p2a: Billy|def|1
|
|-heal|p2a: Billy|88/100|[from] item: Leftovers
|-damage|p2a: Billy|75/100|[from] Leech Seed|[of] p1a: Celebi
|upkeep
|turn|61
|
|t:|1727991034
|switch|p1a: Zapdos|Zapdos|84/100
|move|p2a: Billy|Curse|p2a: Billy
|-unboost|p2a: Billy|spe|1
|-boost|p2a: Billy|atk|1
|-boost|p2a: Billy|def|1
|
|-heal|p1a: Zapdos|90/100|[from] item: Leftovers
|-heal|p2a: Billy|81/100|[from] item: Leftovers
|-damage|p2a: Billy|69/100|[from] Leech Seed|[of] p1a: Zapdos
|-heal|p1a: Zapdos|100/100|[silent]
|upkeep
|turn|62
|
|t:|1727991044
|switch|p1a: Swampert|Swampert, M|56/100
|move|p2a: Billy|Wish|p2a: Billy
|
|-heal|p1a: Swampert|62/100|[from] item: Leftovers
|-heal|p2a: Billy|75/100|[from] item: Leftovers
|-damage|p2a: Billy|63/100|[from] Leech Seed|[of] p1a: Swampert
|-heal|p1a: Swampert|72/100|[silent]
|upkeep
|turn|63
|
|t:|1727991051
|move|p1a: Swampert|Surf|p2a: Billy
|-damage|p2a: Billy|40/100
|move|p2a: Billy|Curse|p2a: Billy
|-unboost|p2a: Billy|spe|1
|-boost|p2a: Billy|atk|1
|-boost|p2a: Billy|def|1
|
|-heal|p2a: Billy|90/100|[from] move: Wish|[wisher] Billy
|-heal|p1a: Swampert|78/100|[from] item: Leftovers
|-heal|p2a: Billy|96/100|[from] item: Leftovers
|-damage|p2a: Billy|84/100|[from] Leech Seed|[of] p1a: Swampert
|-heal|p1a: Swampert|89/100|[silent]
|upkeep
|turn|64
|
|t:|1727991064
|move|p1a: Swampert|Toxic|p2a: Billy|[miss]
|-miss|p1a: Swampert|p2a: Billy
|move|p2a: Billy|Shadow Ball|p1a: Swampert
|-damage|p1a: Swampert|56/100
|
|-heal|p1a: Swampert|62/100|[from] item: Leftovers
|-heal|p2a: Billy|90/100|[from] item: Leftovers
|-damage|p2a: Billy|78/100|[from] Leech Seed|[of] p1a: Swampert
|-heal|p1a: Swampert|73/100|[silent]
|upkeep
|turn|65
|
|t:|1727991075
|move|p1a: Swampert|Surf|p2a: Billy
|-damage|p2a: Billy|55/100
|move|p2a: Billy|Wish|p2a: Billy
|
|-heal|p1a: Swampert|79/100|[from] item: Leftovers
|-heal|p2a: Billy|61/100|[from] item: Leftovers
|-damage|p2a: Billy|49/100|[from] Leech Seed|[of] p1a: Swampert
|-heal|p1a: Swampert|89/100|[silent]
|upkeep
|turn|66
|
|t:|1727991083
|move|p1a: Swampert|Toxic|p2a: Billy|[miss]
|-miss|p1a: Swampert|p2a: Billy
|move|p2a: Billy|Curse|p2a: Billy
|-unboost|p2a: Billy|spe|1
|-boost|p2a: Billy|atk|1
|-boost|p2a: Billy|def|1
|
|-heal|p2a: Billy|99/100|[from] move: Wish|[wisher] Billy
|-heal|p1a: Swampert|95/100|[from] item: Leftovers
|-heal|p2a: Billy|100/100|[from] item: Leftovers
|-damage|p2a: Billy|88/100|[from] Leech Seed|[of] p1a: Swampert
|-heal|p1a: Swampert|100/100|[silent]
|upkeep
|turn|67
|
|t:|1727991095
|move|p1a: Swampert|Toxic|p2a: Billy
|-status|p2a: Billy|tox
|-status|p1a: Swampert|psn|[from] ability: Synchronize|[of] p2a: Billy
|move|p2a: Billy|Curse|p2a: Billy
|-unboost|p2a: Billy|spe|1
|-boost|p2a: Billy|atk|1
|-boost|p2a: Billy|def|1
|
|-damage|p1a: Swampert|88/100 psn|[from] psn
|-heal|p2a: Billy|94/100 tox|[from] item: Leftovers
|-damage|p2a: Billy|82/100 tox|[from] Leech Seed|[of] p1a: Swampert
|-heal|p1a: Swampert|98/100 psn|[silent]
|-damage|p2a: Billy|76/100 tox|[from] psn
|upkeep
|turn|68
|
|t:|1727991107
|move|p1a: Swampert|Refresh|p1a: Swampert
|-curestatus|p1a: Swampert|psn|[msg]
|move|p2a: Billy|Wish|p2a: Billy
|
|-heal|p1a: Swampert|100/100|[from] item: Leftovers
|-heal|p2a: Billy|82/100 tox|[from] item: Leftovers
|-damage|p2a: Billy|69/100 tox|[from] Leech Seed|[of] p1a: Swampert
|-damage|p2a: Billy|57/100 tox|[from] psn
|upkeep
|turn|69
|
|t:|1727991116
|move|p1a: Swampert|Protect|p1a: Swampert
|-singleturn|p1a: Swampert|Protect
|move|p2a: Billy|Shadow Ball|p1a: Swampert
|-activate|p1a: Swampert|Protect
|
|-heal|p2a: Billy|100/100 tox|[from] move: Wish|[wisher] Billy
|-damage|p2a: Billy|88/100 tox|[from] Leech Seed|[of] p1a: Swampert
|-damage|p2a: Billy|70/100 tox|[from] psn
|upkeep
|turn|70
|
|t:|1727991128
|switch|p2a: Bella|Weezing, F, shiny|70/100
|move|p1a: Swampert|Surf|p2a: Bella
|-damage|p2a: Bella|29/100
|
|-heal|p2a: Bella|34/100|[from] item: Leftovers
|upkeep
|turn|71
|
|t:|1727991142
|switch|p2a: Milly|Espeon, F|93/100
|-damage|p2a: Milly|81/100|[from] Spikes
|move|p1a: Swampert|Surf|p2a: Milly
|-damage|p2a: Milly|46/100
|
|-heal|p2a: Milly|51/100|[from] item: Leftovers
|upkeep
|turn|72
|
|t:|1727991153
|switch|p1a: Celebi|Celebi|100/100
|move|p2a: Milly|Psychic|p1a: Celebi
|-resisted|p1a: Celebi
|-damage|p1a: Celebi|84/100
|
|-heal|p2a: Milly|57/100|[from] item: Leftovers
|-heal|p1a: Celebi|91/100|[from] item: Leftovers
|upkeep
|turn|73
|
|t:|1727991161
|switch|p2a: Claydol|Claydol|100/100
|move|p1a: Celebi|Calm Mind|p1a: Celebi
|-boost|p1a: Celebi|spa|1
|-boost|p1a: Celebi|spd|1
|
|-heal|p1a: Celebi|97/100|[from] item: Leftovers
|upkeep
|turn|74
|
|t:|1727991169
|switch|p1a: Zapdos|Zapdos|100/100
|move|p2a: Claydol|Rapid Spin|p1a: Zapdos
|-damage|p1a: Zapdos|95/100
|-sideend|p2: honuacjs|Spikes|[from] move: Rapid Spin|[of] p2a: Claydol
|
|-heal|p1a: Zapdos|100/100|[from] item: Leftovers
|upkeep
|turn|75
|
|t:|1727991192
|move|p1a: Zapdos|Toxic|p2a: Claydol
|-status|p2a: Claydol|tox
|move|p2a: Claydol|Shadow Ball|p1a: Zapdos
|-damage|p1a: Zapdos|81/100
|-unboost|p1a: Zapdos|spd|1
|
|-heal|p1a: Zapdos|87/100|[from] item: Leftovers
|-damage|p2a: Claydol|94/100 tox|[from] psn
|upkeep
|turn|76
|
|t:|1727991209
|move|p1a: Zapdos|Thunderbolt|p2a: Claydol
|-immune|p2a: Claydol
|move|p2a: Claydol|Explosion|p1a: Zapdos
|-damage|p1a: Zapdos|0 fnt
|faint|p2a: Claydol
|faint|p1a: Zapdos
|
|t:|1727991219
|switch|p1a: Swampert|Swampert, M|100/100
|switch|p2a: Milly|Espeon, F|57/100
|
|-heal|p2a: Milly|63/100|[from] item: Leftovers
|upkeep
|turn|77
|
|t:|1727991227
|move|p2a: Milly|Calm Mind|p2a: Milly
|-boost|p2a: Milly|spa|1
|-boost|p2a: Milly|spd|1
|move|p1a: Swampert|Surf|p2a: Milly
|-damage|p2a: Milly|38/100
|
|-heal|p2a: Milly|44/100|[from] item: Leftovers
|upkeep
|turn|78
|
|t:|1727991237
|switch|p2a: Billy|Umbreon, M, shiny|70/100 tox
|switch|p1a: Celebi|Celebi|97/100
|
|-heal|p1a: Celebi|100/100|[from] item: Leftovers
|-heal|p2a: Billy|76/100 tox|[from] item: Leftovers
|-damage|p2a: Billy|70/100 tox|[from] psn
|upkeep
|turn|79
|
|t:|1727991245
|switch|p1a: Swampert|Swampert, M|100/100
|move|p2a: Billy|Wish|p2a: Billy
|
|-heal|p2a: Billy|76/100 tox|[from] item: Leftovers
|-damage|p2a: Billy|64/100 tox|[from] psn
|upkeep
|turn|80
|
|t:|1727991259
|switch|p2a: Milly|Espeon, F|44/100
|move|p1a: Swampert|Toxic|p2a: Milly
|-status|p2a: Milly|tox
|-status|p1a: Swampert|psn|[from] ability: Synchronize|[of] p2a: Milly
|
|-heal|p2a: Milly|93/100 tox|[from] move: Wish|[wisher] Billy
|-heal|p2a: Milly|99/100 tox|[from] item: Leftovers
|-damage|p2a: Milly|93/100 tox|[from] psn
|-damage|p1a: Swampert|88/100 psn|[from] psn
|upkeep
|turn|81
|
|t:|1727991270
|switch|p2a: Bella|Weezing, F, shiny|34/100
|switch|p1a: Celebi|Celebi|100/100
|
|-heal|p2a: Bella|40/100|[from] item: Leftovers
|upkeep
|turn|82
|
|t:|1727991277
|move|p1a: Celebi|Leech Seed|p2a: Bella
|-start|p2a: Bella|move: Leech Seed
|move|p2a: Bella|Explosion|p1a: Celebi
|-damage|p1a: Celebi|0 fnt
|faint|p2a: Bella
|faint|p1a: Celebi
|
|t:|1727991283
|switch|p1a: Swampert|Swampert, M|88/100 psn
|switch|p2a: Milly|Espeon, F|93/100 tox
|
|-heal|p2a: Milly|99/100 tox|[from] item: Leftovers
|-damage|p2a: Milly|93/100 tox|[from] psn
|-heal|p1a: Swampert|94/100 psn|[from] item: Leftovers
|-damage|p1a: Swampert|82/100 psn|[from] psn
|upkeep
|turn|83
|c|☆True Lawbringer|oh dang
|c|☆True Lawbringer|second bomb
|
|t:|1727991295
|move|p2a: Milly|Calm Mind|p2a: Milly
|-boost|p2a: Milly|spa|1
|-boost|p2a: Milly|spd|1
|move|p1a: Swampert|Refresh|p1a: Swampert
|-curestatus|p1a: Swampert|psn|[msg]
|
|-heal|p2a: Milly|99/100 tox|[from] item: Leftovers
|-damage|p2a: Milly|88/100 tox|[from] psn
|-heal|p1a: Swampert|88/100|[from] item: Leftovers
|upkeep
|turn|84
|
|t:|1727991304
|move|p2a: Milly|Calm Mind|p2a: Milly
|-boost|p2a: Milly|spa|1
|-boost|p2a: Milly|spd|1
|move|p1a: Swampert|Surf|p2a: Milly
|-damage|p2a: Milly|68/100 tox
|
|-heal|p2a: Milly|74/100 tox|[from] item: Leftovers
|-damage|p2a: Milly|56/100 tox|[from] psn
|-heal|p1a: Swampert|94/100|[from] item: Leftovers
|upkeep
|turn|85
|
|t:|1727991313
|move|p2a: Milly|Calm Mind|p2a: Milly
|-boost|p2a: Milly|spa|1
|-boost|p2a: Milly|spd|1
|move|p1a: Swampert|Surf|p2a: Milly
|-damage|p2a: Milly|42/100 tox
|
|-heal|p2a: Milly|48/100 tox|[from] item: Leftovers
|-damage|p2a: Milly|24/100 tox|[from] psn
|-heal|p1a: Swampert|100/100|[from] item: Leftovers
|upkeep
|turn|86
|
|t:|1727991323
|move|p1a: Swampert|Protect|p1a: Swampert
|-singleturn|p1a: Swampert|Protect
|move|p2a: Milly|Psychic|p1a: Swampert
|-activate|p1a: Swampert|Protect
|
|-heal|p2a: Milly|30/100 tox|[from] item: Leftovers
|-damage|p2a: Milly|0 fnt|[from] psn
|faint|p2a: Milly
|upkeep
|c|☆honuacjs|damn
|c|☆True Lawbringer|gg
|c|☆honuacjs|gg
|c|☆honuacjs|that was some true gamer protects
|c|☆True Lawbringer|thats a sick team you have
|c|☆True Lawbringer|swampert is my best friend
|c|☆honuacjs|Thank you haha
|inactive|honuacjs has 270 seconds left.
|c|☆honuacjs|now how do I forfeit normally
|c|☆True Lawbringer|i feel like such a dork winning with standard ou pokemon against this based squadf
|inactive|honuacjs has 240 seconds left.
|c|☆honuacjs|Hey I have a claydoll haha
|c|☆honuacjs|wheres the normal forfeit button?
|c|☆True Lawbringer|idk
|c|☆honuacjs|is it just cancel out at the top haha
|inactive|honuacjs has 210 seconds left.
|c|☆honuacjs|Ill just do that lol
|c|☆True Lawbringer|i think so
|-message|honuacjs forfeited.
|
|win|True Lawbringer
|c|☆True Lawbringer|gg
|c|☆honuacjs|Oh no there it is

</script>
<script type="application/json" class="data" id="replaydata-smogtours-gen3ou-794394">
{"id":"smogtours-gen3ou-794394","format":"[Gen 3] OU","players":["True Lawbringer","honuacjs"],"uploadtime":1727991419,"views":143,"formatid":"gen3ou","rating":null,"private":0,"password":null}
</script>

<script defer src="js/replays.js?9d40a366"></script>
