<!DOCTYPE html>
<meta charset="utf-8" />
<meta name="viewport" content="width=device-width" />

<title>[Gen 3] OU: Salty Lame-o vs. Incognition - Replays - Pok&eacute;mon Showdown!</title>

<meta name="description" content="Watch a replay of a Pok&eacute;mon battle between Salty Lame-o and Incognition! Format: [Gen 3] OU; Date: Oct 23, 2024" />
<!--

Hey, you! Looking in the source for the replay log?

You can find them in JSON format, just add `.json` at the end of a replay URL.

https://replay.pokemonshowdown.com/gen7randomdoublesbattle-865046831.json

Or, if you only need the log itself, add `.log` instead:

https://replay.pokemonshowdown.com/gen7randomdoublesbattle-865046831.log

-->

<link rel="stylesheet" href="//pokemonshowdown.com/style/global.css?0.023195364461161105" />
<link rel="stylesheet" href="//play.pokemonshowdown.com/style/font-awesome.css?0.13261647063804238" />
<link rel="stylesheet" href="//play.pokemonshowdown.com/style/battle.css?0.8753245789963631" />
<link rel="stylesheet" href="//play.pokemonshowdown.com/style/utilichart.css?0.8627959624976733" />

<!-- Global site tag (gtag.js) - Google Analytics -->
<script async src="https://www.googletagmanager.com/gtag/js?id=UA-26211653-1"></script>
<script>
  window.dataLayer = window.dataLayer || [];
  function gtag(){dataLayer.push(arguments);}
  gtag('js', new Date());

  gtag('config', 'UA-26211653-1');
</script>
<!-- End Google Analytics -->
<!-- Venatus Ad Manager - Install in <HEAD> of page -->
	<script src="https://hb.vntsm.com/v3/live/ad-manager.min.js" type="text/javascript" data-site-id="642aba63ec9a7b11c3c9c1be" data-mode="scan" async></script>
<!-- / Venatus Ad Manager -->

<style>
	@media (max-width:820px) {
		.battle {
			margin: 0 auto;
		}
		.battle-log {
			margin: 7px auto 0;
			max-width: 640px;
			height: 300px;
			position: static;
		}
	}
	.optgroup {
		display: inline-block;
		line-height: 22px;
		font-size: 10pt;
	}
	.optgroup .button {
		height: 25px;
		padding-top: 0;
		padding-bottom: 0;
	}
	.optgroup button.button {
		padding-left: 12px;
		padding-right: 12px;
	}
	.linklist {
		list-style: none;
		margin: 0.5em 0;
		padding: 0;
	}
	.linklist li {
		padding: 2px 0;
	}
	.sidebar {
		float: left;
		width: 320px;
	}
	.bar-wrapper {
		max-width: 1100px;
		margin: 0 auto;
	}
	.bar-wrapper.has-sidebar {
		max-width: 1430px;
	}
	.mainbar {
		margin: 0;
		padding-right: 1px;
	}
	.mainbar.has-sidebar {
		margin-left: 330px;
	}
	@media (min-width: 1511px) {
		.sidebar {
			width: 400px;
		}
		.bar-wrapper.has-sidebar {
			max-width: 1510px;
		}
		.mainbar.has-sidebar {
			margin-left: 410px;
		}
	}
	.section.first-section {
		margin-top: 9px;
	}
	.blocklink small {
		white-space: normal;
	}
	.button {
		vertical-align: middle;
	}
	.replay-controls {
		padding-top: 10px;
	}
	.replay-controls h1 {
		font-size: 16pt;
		font-weight: normal;
		color: #CCC;
	}
	.pagelink {
		text-align: center;
	}
	.pagelink a {
		width: 150px;
	}
	.textbox, .button {
		font-size: 11pt;
		vertical-align: middle;
	}
	@media (max-width: 450px) {
		.button {
			font-size: 9pt;
		}
	}
</style>

<div>

	<header>
		<div class="nav-wrapper"><ul class="nav">
			<li><a class="button nav-first" href="//pokemonshowdown.com/"><img src="//pokemonshowdown.com/images/pokemonshowdownbeta.png" srcset="//pokemonshowdown.com/images/pokemonshowdownbeta.png 1x, //pokemonshowdown.com/images/pokemonshowdownbeta@2x.png 2x" alt="Pok&eacute;mon Showdown" width="146" height="44" /> Home</a></li>
			<li><a class="button" href="//pokemonshowdown.com/dex/">Pok&eacute;dex</a></li>
			<li><a class="button cur" href="/">Replays</a></li>
			<li><a class="button" href="//pokemonshowdown.com/ladder/">Ladder</a></li>
			<li><a class="button nav-last" href="//pokemonshowdown.com/forums/">Forum</a></li>
			<li><a class="button greenbutton nav-first nav-last" href="//play.pokemonshowdown.com/">Play</a></li>
		</ul></div>
	</header>

	<div class="main" id="main">

		<noscript><section class="section">You need to enable JavaScript to use this page; sorry!</section></noscript>

	</div>

</div>

<script defer nomodule src="//play.pokemonshowdown.com/js/lib/ps-polyfill.js"></script>
<script defer src="//play.pokemonshowdown.com/js/lib/preact.min.js"></script>

<script defer src="//play.pokemonshowdown.com/config/config.js?2bddbc15"></script>
<script defer src="//play.pokemonshowdown.com/js/lib/jquery-1.11.0.min.js"></script>
<script defer src="//play.pokemonshowdown.com/js/lib/html-sanitizer-minified.js"></script>
<script defer src="//play.pokemonshowdown.com/js/battle-sound.js"></script>
<script defer src="//play.pokemonshowdown.com/js/battledata.js?0.7209276989879541"></script>
<script defer src="//play.pokemonshowdown.com/data/pokedex-mini.js?0.6111056340867951"></script>
<script defer src="//play.pokemonshowdown.com/data/pokedex-mini-bw.js?0.3532142036491459"></script>
<script defer src="//play.pokemonshowdown.com/data/graphics.js?0.24223875632456182"></script>
<script defer src="//play.pokemonshowdown.com/data/pokedex.js?0.38839984266356864"></script>
<script defer src="//play.pokemonshowdown.com/data/moves.js?0.21866028504024015"></script>
<script defer src="//play.pokemonshowdown.com/data/abilities.js?0.2005157953846628"></script>
<script defer src="//play.pokemonshowdown.com/data/items.js?0.9894211263848525"></script>
<script defer src="//play.pokemonshowdown.com/data/teambuilder-tables.js?0.6008791140282215"></script>
<script defer src="//play.pokemonshowdown.com/js/battle-tooltips.js?0.7580118955022959"></script>
<script defer src="//play.pokemonshowdown.com/js/battle.js?0.6057722274234274"></script>

<script defer src="js/utils.js?e31f9a17"></script>
<script defer src="js/replays-battle.js?7008c182"></script>

<!-- don't scrape this data! just add .json or .log after the URL!
Full API docs: https://github.com/smogon/pokemon-showdown-client/blob/master/WEB-API.md -->
<script type="text/plain" class="log" id="replaylog-smogtours-gen3ou-801398">
|inactive|Battle timer is ON: inactive players will automatically lose when time's up.
|t:|1729704128
|gametype|singles
|player|p1|Salty Lame-o|hoopster|
|player|p2|Incognition|102|
|teamsize|p1|6
|teamsize|p2|6
|gen|3
|tier|[Gen 3] OU
|rule|Sleep Clause Mod: Limit one foe put to sleep
|rule|Switch Priority Clause Mod: Faster Pokémon switch first
|rule|Species Clause: Limit one of each Pokémon
|rule|OHKO Clause: OHKO moves are banned
|rule|Evasion Items Clause: Evasion items are banned
|rule|Evasion Moves Clause: Evasion moves are banned
|rule|Endless Battle Clause: Forcing endless battles is banned
|rule|HP Percentage Mod: HP is shown in percentages
|rule|One Boost Passer Clause: Limit one Baton Passer that has a way to boost its stats
|rule|Freeze Clause Mod: Limit one foe frozen
|
|t:|1729704128
|start
|switch|p1a: Zapdos|Zapdos|100/100
|switch|p2a: Suicune|Suicune|100/100
|turn|1
|c|☆Incognition|hf
|c|☆Salty Lame-o|u2
|
|t:|1729704143
|switch|p2a: Celebi|Celebi|100/100
|move|p1a: Zapdos|Thunderbolt|p2a: Celebi
|-resisted|p2a: Celebi
|-damage|p2a: Celebi|85/100
|
|-heal|p2a: Celebi|92/100|[from] item: Leftovers
|upkeep
|turn|2
|
|t:|1729704151
|move|p1a: Zapdos|Substitute|p1a: Zapdos
|-start|p1a: Zapdos|Substitute
|-damage|p1a: Zapdos|76/100
|move|p2a: Celebi|Psychic|p1a: Zapdos
|-end|p1a: Zapdos|Substitute
|
|-heal|p1a: Zapdos|82/100|[from] item: Leftovers
|-heal|p2a: Celebi|98/100|[from] item: Leftovers
|upkeep
|turn|3
|
|t:|1729704163
|switch|p1a: Dugtrio|Dugtrio, M|100/100
|switch|p2a: Claydol|Claydol|100/100
|
|upkeep
|turn|4
|
|t:|1729704178
|switch|p1a: Suicune|Suicune|100/100
|move|p2a: Claydol|Earthquake|p1a: Suicune
|-damage|p1a: Suicune|67/100
|
|-heal|p1a: Suicune|73/100|[from] item: Leftovers
|upkeep
|turn|5
|
|t:|1729704189
|move|p1a: Suicune|Calm Mind|p1a: Suicune
|-boost|p1a: Suicune|spa|1
|-boost|p1a: Suicune|spd|1
|move|p2a: Claydol|Explosion|p1a: Suicune
|-damage|p1a: Suicune|0 fnt
|faint|p2a: Claydol
|faint|p1a: Suicune
|
|t:|1729704211
|switch|p1a: Zapdos|Zapdos|82/100
|switch|p2a: Celebi|Celebi|98/100
|
|-heal|p1a: Zapdos|88/100|[from] item: Leftovers
|-heal|p2a: Celebi|100/100|[from] item: Leftovers
|upkeep
|turn|6
|inactive|Salty Lame-o has 270 seconds left.
|
|t:|1729704243
|switch|p1a: Dugtrio|Dugtrio, M|100/100
|move|p2a: Celebi|Psychic|p1a: Dugtrio
|-damage|p1a: Dugtrio|48/100
|
|upkeep
|turn|7
|
|t:|1729704249
|move|p1a: Dugtrio|Hidden Power|p2a: Celebi
|-supereffective|p2a: Celebi
|-damage|p2a: Celebi|18/100
|move|p2a: Celebi|Giga Drain|p1a: Dugtrio
|-supereffective|p1a: Dugtrio
|-crit|p1a: Dugtrio
|-damage|p1a: Dugtrio|0 fnt
|-heal|p2a: Celebi|31/100|[from] drain|[of] p1a: Dugtrio
|faint|p1a: Dugtrio
|inactive|Salty Lame-o has 270 seconds left.
|
|t:|1729704264
|switch|p1a: Raikou|Raikou|100/100
|
|-heal|p2a: Celebi|37/100|[from] item: Leftovers
|upkeep
|turn|8
|
|t:|1729704285
|move|p1a: Raikou|Calm Mind|p1a: Raikou
|-boost|p1a: Raikou|spa|1
|-boost|p1a: Raikou|spd|1
|move|p2a: Celebi|Leech Seed|p1a: Raikou
|-start|p1a: Raikou|move: Leech Seed
|
|-damage|p1a: Raikou|88/100|[from] Leech Seed|[of] p2a: Celebi
|-heal|p2a: Celebi|47/100|[silent]
|-heal|p2a: Celebi|53/100|[from] item: Leftovers
|upkeep
|turn|9
|
|t:|1729704300
|switch|p1a: Metagross|Metagross|100/100
|move|p2a: Celebi|Recover|p2a: Celebi
|-heal|p2a: Celebi|100/100
|
|upkeep
|turn|10
|
|t:|1729704312
|switch|p2a: Metagross|Metagross|100/100
|move|p1a: Metagross|Meteor Mash|p2a: Metagross
|-resisted|p2a: Metagross
|-damage|p2a: Metagross|80/100
|
|-heal|p2a: Metagross|86/100|[from] item: Leftovers
|upkeep
|turn|11
|
|t:|1729704323
|move|p1a: Metagross|Earthquake|p2a: Metagross
|-supereffective|p2a: Metagross
|-damage|p2a: Metagross|35/100
|move|p2a: Metagross|Earthquake|p1a: Metagross
|-supereffective|p1a: Metagross
|-damage|p1a: Metagross|48/100
|
|-heal|p1a: Metagross|54/100|[from] item: Leftovers
|-heal|p2a: Metagross|41/100|[from] item: Leftovers
|upkeep
|turn|12
|
|t:|1729704333
|move|p2a: Metagross|Protect|p2a: Metagross
|-singleturn|p2a: Metagross|Protect
|move|p1a: Metagross|Earthquake|p2a: Metagross
|-activate|p2a: Metagross|Protect
|
|-heal|p1a: Metagross|60/100|[from] item: Leftovers
|-heal|p2a: Metagross|47/100|[from] item: Leftovers
|upkeep
|turn|13
|
|t:|1729704345
|switch|p2a: Celebi|Celebi|100/100
|move|p1a: Metagross|Earthquake|p2a: Celebi
|-resisted|p2a: Celebi
|-damage|p2a: Celebi|86/100
|
|-heal|p2a: Celebi|92/100|[from] item: Leftovers
|-heal|p1a: Metagross|66/100|[from] item: Leftovers
|upkeep
|turn|14
|
|t:|1729704353
|move|p1a: Metagross|Protect|p1a: Metagross
|-singleturn|p1a: Metagross|Protect
|move|p2a: Celebi|Leech Seed|p1a: Metagross
|-activate|p1a: Metagross|Protect
|
|-heal|p2a: Celebi|99/100|[from] item: Leftovers
|-heal|p1a: Metagross|72/100|[from] item: Leftovers
|upkeep
|turn|15
|
|t:|1729704362
|move|p2a: Celebi|Leech Seed|p1a: Metagross
|-start|p1a: Metagross|move: Leech Seed
|move|p1a: Metagross|Meteor Mash|p2a: Celebi
|-damage|p2a: Celebi|54/100
|
|-heal|p2a: Celebi|60/100|[from] item: Leftovers
|-heal|p1a: Metagross|78/100|[from] item: Leftovers
|-damage|p1a: Metagross|66/100|[from] Leech Seed|[of] p2a: Celebi
|-heal|p2a: Celebi|71/100|[silent]
|upkeep
|turn|16
|
|t:|1729704372
|switch|p2a: Metagross|Metagross|47/100
|move|p1a: Metagross|Earthquake|p2a: Metagross
|-supereffective|p2a: Metagross
|-damage|p2a: Metagross|0 fnt
|faint|p2a: Metagross
|
|t:|1729704396
|switch|p2a: Suicune|Suicune|100/100
|
|-heal|p1a: Metagross|72/100|[from] item: Leftovers
|-damage|p1a: Metagross|60/100|[from] Leech Seed|[of] p2a: Suicune
|upkeep
|turn|17
|
|t:|1729704403
|move|p2a: Suicune|Substitute|p2a: Suicune
|-start|p2a: Suicune|Substitute
|-damage|p2a: Suicune|75/100
|move|p1a: Metagross|Explosion|p2a: Suicune
|-end|p2a: Suicune|Substitute
|faint|p1a: Metagross
|
|t:|1729704415
|switch|p1a: Raikou|Raikou|88/100
|
|-heal|p1a: Raikou|94/100|[from] item: Leftovers
|-heal|p2a: Suicune|82/100|[from] item: Leftovers
|upkeep
|turn|18
|
|t:|1729704423
|move|p1a: Raikou|Substitute|p1a: Raikou
|-start|p1a: Raikou|Substitute
|-damage|p1a: Raikou|69/100
|move|p2a: Suicune|Surf|p1a: Raikou
|-end|p1a: Raikou|Substitute
|
|-heal|p1a: Raikou|76/100|[from] item: Leftovers
|-heal|p2a: Suicune|88/100|[from] item: Leftovers
|upkeep
|turn|19
|
|t:|1729704434
|move|p1a: Raikou|Thunderbolt|p2a: Suicune
|-supereffective|p2a: Suicune
|-damage|p2a: Suicune|24/100
|move|p2a: Suicune|Surf|p1a: Raikou
|-damage|p1a: Raikou|36/100
|
|-heal|p1a: Raikou|42/100|[from] item: Leftovers
|-heal|p2a: Suicune|30/100|[from] item: Leftovers
|upkeep
|turn|20
|
|t:|1729704445
|switch|p2a: Celebi|Celebi|71/100
|move|p1a: Raikou|Substitute|p1a: Raikou
|-start|p1a: Raikou|Substitute
|-damage|p1a: Raikou|17/100
|
|-heal|p1a: Raikou|24/100|[from] item: Leftovers
|-heal|p2a: Celebi|77/100|[from] item: Leftovers
|upkeep
|turn|21
|
|t:|1729704454
|move|p1a: Raikou|Calm Mind|p1a: Raikou
|-boost|p1a: Raikou|spa|1
|-boost|p1a: Raikou|spd|1
|move|p2a: Celebi|Psychic|p1a: Raikou
|-activate|p1a: Raikou|Substitute|[damage]
|
|-heal|p1a: Raikou|30/100|[from] item: Leftovers
|-heal|p2a: Celebi|84/100|[from] item: Leftovers
|upkeep
|turn|22
|
|t:|1729704465
|move|p1a: Raikou|Calm Mind|p1a: Raikou
|-boost|p1a: Raikou|spa|1
|-boost|p1a: Raikou|spd|1
|move|p2a: Celebi|Psychic|p1a: Raikou
|-end|p1a: Raikou|Substitute
|
|-heal|p1a: Raikou|36/100|[from] item: Leftovers
|-heal|p2a: Celebi|90/100|[from] item: Leftovers
|upkeep
|turn|23
|
|t:|1729704478
|move|p1a: Raikou|Substitute|p1a: Raikou
|-start|p1a: Raikou|Substitute
|-damage|p1a: Raikou|11/100
|move|p2a: Celebi|Psychic|p1a: Raikou
|-activate|p1a: Raikou|Substitute|[damage]
|
|-heal|p1a: Raikou|17/100|[from] item: Leftovers
|-heal|p2a: Celebi|96/100|[from] item: Leftovers
|upkeep
|turn|24
|
|t:|1729704486
|move|p1a: Raikou|Thunderbolt|p2a: Celebi
|-resisted|p2a: Celebi
|-damage|p2a: Celebi|67/100
|-status|p2a: Celebi|par
|move|p2a: Celebi|Psychic|p1a: Raikou
|-end|p1a: Raikou|Substitute
|
|-heal|p1a: Raikou|24/100|[from] item: Leftovers
|-heal|p2a: Celebi|73/100 par|[from] item: Leftovers
|upkeep
|turn|25
|
|t:|1729704505
|move|p1a: Raikou|Thunderbolt|p2a: Celebi
|-resisted|p2a: Celebi
|-damage|p2a: Celebi|40/100 par
|move|p2a: Celebi|Psychic|p1a: Raikou
|-damage|p1a: Raikou|6/100
|
|-heal|p1a: Raikou|13/100|[from] item: Leftovers
|-heal|p2a: Celebi|47/100 par|[from] item: Leftovers
|upkeep
|turn|26
|
|t:|1729704516
|move|p1a: Raikou|Thunderbolt|p2a: Celebi
|-resisted|p2a: Celebi
|-damage|p2a: Celebi|18/100 par
|move|p2a: Celebi|Recover|p2a: Celebi
|-heal|p2a: Celebi|68/100 par
|
|-heal|p1a: Raikou|19/100|[from] item: Leftovers
|-heal|p2a: Celebi|75/100 par|[from] item: Leftovers
|upkeep
|turn|27
|
|t:|1729704525
|move|p1a: Raikou|Thunderbolt|p2a: Celebi
|-resisted|p2a: Celebi
|-damage|p2a: Celebi|42/100 par
|move|p2a: Celebi|Leech Seed|p1a: Raikou
|-start|p1a: Raikou|move: Leech Seed
|
|-heal|p1a: Raikou|25/100|[from] item: Leftovers
|-damage|p1a: Raikou|13/100|[from] Leech Seed|[of] p2a: Celebi
|-heal|p2a: Celebi|52/100 par|[silent]
|-heal|p2a: Celebi|58/100 par|[from] item: Leftovers
|upkeep
|turn|28
|
|t:|1729704534
|switch|p1a: Ludicolo|Ludicolo, F|100/100
|move|p2a: Celebi|Recover|p2a: Celebi
|-heal|p2a: Celebi|100/100 par
|
|upkeep
|turn|29
|
|t:|1729704555
|move|p1a: Ludicolo|Ice Beam|p2a: Celebi
|-supereffective|p2a: Celebi
|-damage|p2a: Celebi|66/100 par
|move|p2a: Celebi|Psychic|p1a: Ludicolo
|-damage|p1a: Ludicolo|66/100
|
|-heal|p2a: Celebi|72/100 par|[from] item: Leftovers
|upkeep
|turn|30
|
|t:|1729704578
|-curestatus|p2a: Celebi|par|[from] ability: Natural Cure
|switch|p2a: Suicune|Suicune|30/100
|move|p1a: Ludicolo|Ice Beam|p2a: Suicune
|-resisted|p2a: Suicune
|-damage|p2a: Suicune|20/100
|
|-heal|p2a: Suicune|26/100|[from] item: Leftovers
|upkeep
|turn|31
|
|t:|1729704590
|move|p2a: Suicune|Ice Beam|p1a: Ludicolo
|-damage|p1a: Ludicolo|39/100
|move|p1a: Ludicolo|Hidden Power|p2a: Suicune
|-supereffective|p2a: Suicune
|-damage|p2a: Suicune|0 fnt
|faint|p2a: Suicune
|
|t:|1729704608
|switch|p2a: Jirachi|Jirachi|100/100
|
|upkeep
|turn|32
|
|t:|1729704618
|move|p2a: Jirachi|Calm Mind|p2a: Jirachi
|-boost|p2a: Jirachi|spa|1
|-boost|p2a: Jirachi|spd|1
|move|p1a: Ludicolo|Rain Dance|p1a: Ludicolo
|-weather|RainDance
|
|-weather|RainDance|[upkeep]
|upkeep
|turn|33
|
|t:|1729704630
|move|p1a: Ludicolo|Surf|p2a: Jirachi
|-damage|p2a: Jirachi|65/100
|move|p2a: Jirachi|Thunderbolt|p1a: Ludicolo
|-damage|p1a: Ludicolo|0 fnt
|faint|p1a: Ludicolo
|
|t:|1729704641
|switch|p1a: Zapdos|Zapdos|88/100
|
|-weather|RainDance|[upkeep]
|-heal|p1a: Zapdos|94/100|[from] item: Leftovers
|-heal|p2a: Jirachi|71/100|[from] item: Leftovers
|upkeep
|turn|34
|
|t:|1729704649
|move|p1a: Zapdos|Substitute|p1a: Zapdos
|-start|p1a: Zapdos|Substitute
|-damage|p1a: Zapdos|69/100
|move|p2a: Jirachi|Thunderbolt|p1a: Zapdos
|-end|p1a: Zapdos|Substitute
|
|-weather|RainDance|[upkeep]
|-heal|p1a: Zapdos|76/100|[from] item: Leftovers
|-heal|p2a: Jirachi|77/100|[from] item: Leftovers
|upkeep
|turn|35
|
|t:|1729704657
|move|p1a: Zapdos|Thunderbolt|p2a: Jirachi
|-damage|p2a: Jirachi|49/100
|move|p2a: Jirachi|Thunderbolt|p1a: Zapdos
|-damage|p1a: Zapdos|34/100
|
|-weather|RainDance|[upkeep]
|-heal|p1a: Zapdos|41/100|[from] item: Leftovers
|-heal|p2a: Jirachi|55/100|[from] item: Leftovers
|upkeep
|turn|36
|
|t:|1729704666
|move|p1a: Zapdos|Thunderbolt|p2a: Jirachi
|-damage|p2a: Jirachi|28/100
|move|p2a: Jirachi|Thunderbolt|p1a: Zapdos
|-damage|p1a: Zapdos|0 fnt
|faint|p1a: Zapdos
|
|t:|1729704671
|switch|p1a: Raikou|Raikou|13/100
|
|-weather|none
|-heal|p1a: Raikou|19/100|[from] item: Leftovers
|-heal|p2a: Jirachi|34/100|[from] item: Leftovers
|upkeep
|turn|37
|
|t:|1729704678
|move|p1a: Raikou|Thunderbolt|p2a: Jirachi
|-damage|p2a: Jirachi|8/100
|move|p2a: Jirachi|Hidden Power|p1a: Raikou
|-damage|p1a: Raikou|0 fnt
|faint|p1a: Raikou
|
|win|Incognition
|c|☆Incognition|hh
|c|☆Incognition|gg
|c|☆Salty Lame-o|gg
|player|p1|

</script>
<script type="application/json" class="data" id="replaydata-smogtours-gen3ou-801398">
{"id":"smogtours-gen3ou-801398","format":"[Gen 3] OU","players":["Salty Lame-o","Incognition"],"uploadtime":1729704678,"views":114,"formatid":"gen3ou","rating":null,"private":0,"password":null}
</script>

<script defer src="js/replays.js?9d40a366"></script>
