<!DOCTYPE html>
<meta charset="utf-8" />
<meta name="viewport" content="width=device-width" />

<title>[Gen 3] OU: squeenr vs. lexitg - Replays - Pok&eacute;mon Showdown!</title>

<meta name="description" content="Watch a replay of a Pok&eacute;mon battle between squeenr and lexitg! Format: [Gen 3] OU; Date: Oct 8, 2024" />
<!--

Hey, you! Looking in the source for the replay log?

You can find them in JSON format, just add `.json` at the end of a replay URL.

https://replay.pokemonshowdown.com/gen7randomdoublesbattle-865046831.json

Or, if you only need the log itself, add `.log` instead:

https://replay.pokemonshowdown.com/gen7randomdoublesbattle-865046831.log

-->

<link rel="stylesheet" href="//pokemonshowdown.com/style/global.css?0.023195364461161105" />
<link rel="stylesheet" href="//play.pokemonshowdown.com/style/font-awesome.css?0.13261647063804238" />
<link rel="stylesheet" href="//play.pokemonshowdown.com/style/battle.css?0.8753245789963631" />
<link rel="stylesheet" href="//play.pokemonshowdown.com/style/utilichart.css?0.8627959624976733" />

<!-- Global site tag (gtag.js) - Google Analytics -->
<script async src="https://www.googletagmanager.com/gtag/js?id=UA-26211653-1"></script>
<script>
  window.dataLayer = window.dataLayer || [];
  function gtag(){dataLayer.push(arguments);}
  gtag('js', new Date());

  gtag('config', 'UA-26211653-1');
</script>
<!-- End Google Analytics -->
<!-- Venatus Ad Manager - Install in <HEAD> of page -->
	<script src="https://hb.vntsm.com/v3/live/ad-manager.min.js" type="text/javascript" data-site-id="642aba63ec9a7b11c3c9c1be" data-mode="scan" async></script>
<!-- / Venatus Ad Manager -->

<style>
	@media (max-width:820px) {
		.battle {
			margin: 0 auto;
		}
		.battle-log {
			margin: 7px auto 0;
			max-width: 640px;
			height: 300px;
			position: static;
		}
	}
	.optgroup {
		display: inline-block;
		line-height: 22px;
		font-size: 10pt;
	}
	.optgroup .button {
		height: 25px;
		padding-top: 0;
		padding-bottom: 0;
	}
	.optgroup button.button {
		padding-left: 12px;
		padding-right: 12px;
	}
	.linklist {
		list-style: none;
		margin: 0.5em 0;
		padding: 0;
	}
	.linklist li {
		padding: 2px 0;
	}
	.sidebar {
		float: left;
		width: 320px;
	}
	.bar-wrapper {
		max-width: 1100px;
		margin: 0 auto;
	}
	.bar-wrapper.has-sidebar {
		max-width: 1430px;
	}
	.mainbar {
		margin: 0;
		padding-right: 1px;
	}
	.mainbar.has-sidebar {
		margin-left: 330px;
	}
	@media (min-width: 1511px) {
		.sidebar {
			width: 400px;
		}
		.bar-wrapper.has-sidebar {
			max-width: 1510px;
		}
		.mainbar.has-sidebar {
			margin-left: 410px;
		}
	}
	.section.first-section {
		margin-top: 9px;
	}
	.blocklink small {
		white-space: normal;
	}
	.button {
		vertical-align: middle;
	}
	.replay-controls {
		padding-top: 10px;
	}
	.replay-controls h1 {
		font-size: 16pt;
		font-weight: normal;
		color: #CCC;
	}
	.pagelink {
		text-align: center;
	}
	.pagelink a {
		width: 150px;
	}
	.textbox, .button {
		font-size: 11pt;
		vertical-align: middle;
	}
	@media (max-width: 450px) {
		.button {
			font-size: 9pt;
		}
	}
</style>

<div>

	<header>
		<div class="nav-wrapper"><ul class="nav">
			<li><a class="button nav-first" href="//pokemonshowdown.com/"><img src="//pokemonshowdown.com/images/pokemonshowdownbeta.png" srcset="//pokemonshowdown.com/images/pokemonshowdownbeta.png 1x, //pokemonshowdown.com/images/pokemonshowdownbeta@2x.png 2x" alt="Pok&eacute;mon Showdown" width="146" height="44" /> Home</a></li>
			<li><a class="button" href="//pokemonshowdown.com/dex/">Pok&eacute;dex</a></li>
			<li><a class="button cur" href="/">Replays</a></li>
			<li><a class="button" href="//pokemonshowdown.com/ladder/">Ladder</a></li>
			<li><a class="button nav-last" href="//pokemonshowdown.com/forums/">Forum</a></li>
			<li><a class="button greenbutton nav-first nav-last" href="//play.pokemonshowdown.com/">Play</a></li>
		</ul></div>
	</header>

	<div class="main" id="main">

		<noscript><section class="section">You need to enable JavaScript to use this page; sorry!</section></noscript>

	</div>

</div>

<script defer nomodule src="//play.pokemonshowdown.com/js/lib/ps-polyfill.js"></script>
<script defer src="//play.pokemonshowdown.com/js/lib/preact.min.js"></script>

<script defer src="//play.pokemonshowdown.com/config/config.js?2bddbc15"></script>
<script defer src="//play.pokemonshowdown.com/js/lib/jquery-1.11.0.min.js"></script>
<script defer src="//play.pokemonshowdown.com/js/lib/html-sanitizer-minified.js"></script>
<script defer src="//play.pokemonshowdown.com/js/battle-sound.js"></script>
<script defer src="//play.pokemonshowdown.com/js/battledata.js?0.7209276989879541"></script>
<script defer src="//play.pokemonshowdown.com/data/pokedex-mini.js?0.6111056340867951"></script>
<script defer src="//play.pokemonshowdown.com/data/pokedex-mini-bw.js?0.3532142036491459"></script>
<script defer src="//play.pokemonshowdown.com/data/graphics.js?0.24223875632456182"></script>
<script defer src="//play.pokemonshowdown.com/data/pokedex.js?0.38839984266356864"></script>
<script defer src="//play.pokemonshowdown.com/data/moves.js?0.21866028504024015"></script>
<script defer src="//play.pokemonshowdown.com/data/abilities.js?0.2005157953846628"></script>
<script defer src="//play.pokemonshowdown.com/data/items.js?0.9894211263848525"></script>
<script defer src="//play.pokemonshowdown.com/data/teambuilder-tables.js?0.6008791140282215"></script>
<script defer src="//play.pokemonshowdown.com/js/battle-tooltips.js?0.7580118955022959"></script>
<script defer src="//play.pokemonshowdown.com/js/battle.js?0.6057722274234274"></script>

<script defer src="js/utils.js?e31f9a17"></script>
<script defer src="js/replays-battle.js?7008c182"></script>

<!-- don't scrape this data! just add .json or .log after the URL!
Full API docs: https://github.com/smogon/pokemon-showdown-client/blob/master/WEB-API.md -->
<script type="text/plain" class="log" id="replaylog-smogtours-gen3ou-796525">
|inactive|Battle timer is ON: inactive players will automatically lose when time's up.
|t:|1728426357
|gametype|singles
|player|p1|squeenr|169|
|player|p2|lexitg|170|
|teamsize|p1|6
|teamsize|p2|6
|gen|3
|tier|[Gen 3] OU
|rule|Sleep Clause Mod: Limit one foe put to sleep
|rule|Switch Priority Clause Mod: Faster Pokémon switch first
|rule|Species Clause: Limit one of each Pokémon
|rule|OHKO Clause: OHKO moves are banned
|rule|Evasion Items Clause: Evasion items are banned
|rule|Evasion Moves Clause: Evasion moves are banned
|rule|Endless Battle Clause: Forcing endless battles is banned
|rule|HP Percentage Mod: HP is shown in percentages
|rule|One Boost Passer Clause: Limit one Baton Passer that has a way to boost its stats
|rule|Freeze Clause Mod: Limit one foe frozen
|
|t:|1728426357
|start
|switch|p1a: Tyranitar|Tyranitar, F|100/100
|switch|p2a: fartass|Zapdos|100/100
|-weather|Sandstorm|[from] ability: Sand Stream|[of] p1a: Tyranitar
|turn|1
|c|☆squeenr|gl hv
|c|☆squeenr|hf
|c|☆lexitg|u2
|
|t:|1728426369
|switch|p2a: bitchj|Swampert, M|100/100
|move|p1a: Tyranitar|Rock Slide|p2a: bitchj
|-resisted|p2a: bitchj
|-damage|p2a: bitchj|86/100
|
|-weather|Sandstorm|[upkeep]
|-heal|p2a: bitchj|93/100|[from] item: Leftovers
|upkeep
|turn|2
|inactive|lexitg has 270 seconds left.
|inactive|lexitg has 240 seconds left.
|
|t:|1728426437
|switch|p1a: Blissey|Blissey, F|100/100
|move|p2a: bitchj|Hydro Pump|p1a: Blissey
|-damage|p1a: Blissey|85/100
|
|-weather|Sandstorm|[upkeep]
|-damage|p1a: Blissey|79/100|[from] Sandstorm
|-heal|p1a: Blissey|85/100|[from] item: Leftovers
|-heal|p2a: bitchj|99/100|[from] item: Leftovers
|upkeep
|turn|3
|
|t:|1728426446
|switch|p2a: fart|Celebi|100/100
|move|p1a: Blissey|Toxic|p2a: fart
|-status|p2a: fart|tox
|
|-weather|Sandstorm|[upkeep]
|-damage|p2a: fart|94/100 tox|[from] Sandstorm
|-damage|p1a: Blissey|79/100|[from] Sandstorm
|-heal|p2a: fart|100/100 tox|[from] item: Leftovers
|-damage|p2a: fart|94/100 tox|[from] psn
|-heal|p1a: Blissey|85/100|[from] item: Leftovers
|upkeep
|turn|4
|
|t:|1728426457
|move|p2a: fart|Leech Seed|p1a: Blissey
|-start|p1a: Blissey|move: Leech Seed
|move|p1a: Blissey|Seismic Toss|p2a: fart
|-damage|p2a: fart|70/100 tox
|
|-weather|Sandstorm|[upkeep]
|-damage|p2a: fart|63/100 tox|[from] Sandstorm
|-damage|p1a: Blissey|79/100|[from] Sandstorm
|-heal|p2a: fart|70/100 tox|[from] item: Leftovers
|-damage|p2a: fart|57/100 tox|[from] psn
|-heal|p1a: Blissey|85/100|[from] item: Leftovers
|-damage|p1a: Blissey|73/100|[from] Leech Seed|[of] p2a: fart
|-heal|p2a: fart|77/100 tox|[silent]
|upkeep
|turn|5
|
|t:|1728426472
|switch|p1a: Moltres|Moltres|100/100
|move|p2a: fart|Baton Pass|p2a: fart
|
|t:|1728426476
|-curestatus|p2a: fart|tox|[from] ability: Natural Cure
|switch|p2a: fartass|Zapdos|100/100|[from] Baton Pass
|
|-weather|Sandstorm|[upkeep]
|-damage|p2a: fartass|94/100|[from] Sandstorm
|-damage|p1a: Moltres|94/100|[from] Sandstorm
|-heal|p2a: fartass|100/100|[from] item: Leftovers
|-heal|p1a: Moltres|100/100|[from] item: Leftovers
|upkeep
|turn|6
|
|t:|1728426493
|switch|p1a: Tyranitar|Tyranitar, F|100/100
|move|p2a: fartass|Baton Pass|p2a: fartass
|
|t:|1728426495
|switch|p2a: bitchj|Swampert, M|99/100|[from] Baton Pass
|
|-weather|Sandstorm|[upkeep]
|-heal|p2a: bitchj|100/100|[from] item: Leftovers
|upkeep
|turn|7
|inactive|lexitg has 270 seconds left.
|
|t:|1728426506
|switch|p1a: Blissey|Blissey, F|73/100
|move|p2a: bitchj|Earthquake|p1a: Blissey
|-damage|p1a: Blissey|38/100
|
|-weather|Sandstorm|[upkeep]
|-damage|p1a: Blissey|32/100|[from] Sandstorm
|-heal|p1a: Blissey|38/100|[from] item: Leftovers
|upkeep
|turn|8
|
|t:|1728426514
|switch|p2a: wug|Dugtrio, F|100/100
|move|p1a: Blissey|Soft-Boiled|p1a: Blissey
|-heal|p1a: Blissey|88/100
|
|-weather|Sandstorm|[upkeep]
|-damage|p1a: Blissey|81/100|[from] Sandstorm
|-heal|p1a: Blissey|88/100|[from] item: Leftovers
|upkeep
|turn|9
|
|t:|1728426524
|move|p2a: wug|Beat Up|p1a: Blissey
|-damage|p1a: Blissey|78/100
|-damage|p1a: Blissey|66/100
|-damage|p1a: Blissey|53/100
|-damage|p1a: Blissey|43/100
|-damage|p1a: Blissey|28/100
|-damage|p1a: Blissey|19/100
|-hitcount|p1a: Blissey|6
|move|p1a: Blissey|Ice Beam|p2a: wug
|-supereffective|p2a: wug
|-damage|p2a: wug|24/100
|
|-weather|Sandstorm|[upkeep]
|-damage|p1a: Blissey|13/100|[from] Sandstorm
|-heal|p1a: Blissey|19/100|[from] item: Leftovers
|upkeep
|turn|10
|
|t:|1728426542
|move|p2a: wug|Beat Up|p1a: Blissey
|-damage|p1a: Blissey|9/100
|-damage|p1a: Blissey|0 fnt
|-hitcount|p1a: Blissey|2
|faint|p1a: Blissey
|inactive|squeenr has 270 seconds left.
|
|t:|1728426562
|switch|p1a: Swampert|Swampert, M|100/100
|
|-weather|Sandstorm|[upkeep]
|upkeep
|turn|11
|inactive|squeenr has 270 seconds left.
|
|t:|1728426573
|switch|p2a: fart|Celebi|77/100
|move|p1a: Swampert|Ice Beam|p2a: fart
|-supereffective|p2a: fart
|-damage|p2a: fart|53/100
|
|-weather|Sandstorm|[upkeep]
|-damage|p2a: fart|47/100|[from] Sandstorm
|-heal|p2a: fart|53/100|[from] item: Leftovers
|upkeep
|turn|12
|inactive|squeenr has 270 seconds left.
|
|t:|1728426593
|switch|p1a: Moltres|Moltres|100/100
|move|p2a: fart|Recover|p2a: fart
|-heal|p2a: fart|100/100
|
|-weather|Sandstorm|[upkeep]
|-damage|p1a: Moltres|94/100|[from] Sandstorm
|-damage|p2a: fart|94/100|[from] Sandstorm
|-heal|p1a: Moltres|100/100|[from] item: Leftovers
|-heal|p2a: fart|100/100|[from] item: Leftovers
|upkeep
|turn|13
|inactive|squeenr has 270 seconds left.
|inactive|lexitg has 270 seconds left.
|
|t:|1728426622
|switch|p2a: fgart|Tyranitar, M|100/100
|move|p1a: Moltres|Flamethrower|p2a: fgart
|-resisted|p2a: fgart
|-damage|p2a: fgart|80/100
|
|-weather|Sandstorm|[upkeep]
|-damage|p1a: Moltres|94/100|[from] Sandstorm
|-heal|p1a: Moltres|100/100|[from] item: Leftovers
|-heal|p2a: fgart|86/100|[from] item: Leftovers
|upkeep
|turn|14
|inactive|lexitg has 270 seconds left.
|
|t:|1728426632
|switch|p1a: Skarmory|Skarmory, M|100/100
|move|p2a: fgart|Rock Slide|p1a: Skarmory
|-damage|p1a: Skarmory|65/100
|
|-weather|Sandstorm|[upkeep]
|-heal|p1a: Skarmory|71/100|[from] item: Leftovers
|-heal|p2a: fgart|92/100|[from] item: Leftovers
|upkeep
|turn|15
|inactive|lexitg has 270 seconds left.
|inactive|lexitg has 240 seconds left.
|
|t:|1728426676
|switch|p2a: bitchj2|Starmie|100/100
|move|p1a: Skarmory|Spikes|p2a: bitchj2
|-sidestart|p2: lexitg|Spikes
|
|-weather|Sandstorm|[upkeep]
|-damage|p2a: bitchj2|94/100|[from] Sandstorm
|-heal|p2a: bitchj2|100/100|[from] item: Leftovers
|-heal|p1a: Skarmory|77/100|[from] item: Leftovers
|upkeep
|turn|16
|inactive|squeenr has 270 seconds left.
|
|t:|1728426686
|switch|p1a: Gengar|Gengar, M|100/100
|move|p2a: bitchj2|Hydro Pump|p1a: Gengar|[miss]
|-miss|p2a: bitchj2|p1a: Gengar
|
|-weather|Sandstorm|[upkeep]
|-damage|p2a: bitchj2|94/100|[from] Sandstorm
|-damage|p1a: Gengar|94/100|[from] Sandstorm
|-heal|p2a: bitchj2|100/100|[from] item: Leftovers
|-heal|p1a: Gengar|100/100|[from] item: Leftovers
|upkeep
|turn|17
|inactive|squeenr has 270 seconds left.
|
|t:|1728426703
|switch|p2a: fart|Celebi|100/100
|-damage|p2a: fart|88/100|[from] Spikes
|move|p1a: Gengar|Thunderbolt|p2a: fart
|-resisted|p2a: fart
|-damage|p2a: fart|80/100
|
|-weather|Sandstorm|[upkeep]
|-damage|p1a: Gengar|94/100|[from] Sandstorm
|-damage|p2a: fart|74/100|[from] Sandstorm
|-heal|p1a: Gengar|100/100|[from] item: Leftovers
|-heal|p2a: fart|80/100|[from] item: Leftovers
|upkeep
|turn|18
|inactive|squeenr has 270 seconds left.
|
|t:|1728426723
|move|p1a: Gengar|Taunt|p2a: fart
|-start|p2a: fart|move: Taunt
|cant|p2a: fart|move: Taunt|Baton Pass
|
|-weather|Sandstorm|[upkeep]
|-damage|p1a: Gengar|94/100|[from] Sandstorm
|-damage|p2a: fart|74/100|[from] Sandstorm
|-heal|p1a: Gengar|100/100|[from] item: Leftovers
|-heal|p2a: fart|80/100|[from] item: Leftovers
|upkeep
|turn|19
|inactive|squeenr has 270 seconds left.
|
|t:|1728426734
|move|p1a: Gengar|Will-O-Wisp|p2a: fart
|-status|p2a: fart|brn
|move|p2a: fart|Psychic|p1a: Gengar
|-supereffective|p1a: Gengar
|-crit|p1a: Gengar
|-damage|p1a: Gengar|0 fnt
|faint|p1a: Gengar
|c|☆lexitg|mb
|
|t:|1728426748
|switch|p1a: Moltres|Moltres|100/100
|
|-weather|Sandstorm|[upkeep]
|-damage|p1a: Moltres|94/100|[from] Sandstorm
|-damage|p2a: fart|74/100 brn|[from] Sandstorm
|-heal|p1a: Moltres|100/100|[from] item: Leftovers
|-heal|p2a: fart|80/100 brn|[from] item: Leftovers
|-damage|p2a: fart|68/100 brn|[from] brn
|-end|p2a: fart|move: Taunt|[silent]
|upkeep
|turn|20
|c|☆squeenr|lol
|inactive|lexitg has 270 seconds left.
|
|t:|1728426767
|move|p1a: Moltres|Will-O-Wisp|p2a: fart
|-fail|p2a: fart|brn
|move|p2a: fart|Psychic|p1a: Moltres
|-damage|p1a: Moltres|64/100
|
|-weather|Sandstorm|[upkeep]
|-damage|p1a: Moltres|58/100|[from] Sandstorm
|-damage|p2a: fart|61/100 brn|[from] Sandstorm
|-heal|p1a: Moltres|64/100|[from] item: Leftovers
|-heal|p2a: fart|68/100 brn|[from] item: Leftovers
|-damage|p2a: fart|55/100 brn|[from] brn
|upkeep
|turn|21
|
|t:|1728426784
|move|p1a: Moltres|Flamethrower|p2a: fart
|-supereffective|p2a: fart
|-damage|p2a: fart|0 fnt
|faint|p2a: fart
|inactive|lexitg has 240 seconds left.
|
|t:|1728426825
|switch|p2a: fartass|Zapdos|100/100
|
|-weather|Sandstorm|[upkeep]
|-damage|p2a: fartass|94/100|[from] Sandstorm
|-damage|p1a: Moltres|58/100|[from] Sandstorm
|-heal|p2a: fartass|100/100|[from] item: Leftovers
|-heal|p1a: Moltres|64/100|[from] item: Leftovers
|upkeep
|turn|22
|
|t:|1728426840
|switch|p1a: Tyranitar|Tyranitar, F|100/100
|move|p2a: fartass|Baton Pass|p2a: fartass
|
|t:|1728426849
|switch|p2a: wug|Dugtrio, F|24/100|[from] Baton Pass
|-damage|p2a: wug|12/100|[from] Spikes
|
|-weather|Sandstorm|[upkeep]
|upkeep
|turn|23
|
|t:|1728426855
|move|p2a: wug|Earthquake|p1a: Tyranitar
|-supereffective|p1a: Tyranitar
|-damage|p1a: Tyranitar|8/100
|move|p1a: Tyranitar|Rock Slide|p2a: wug|[miss]
|-miss|p1a: Tyranitar|p2a: wug
|
|-weather|Sandstorm|[upkeep]
|-heal|p1a: Tyranitar|15/100|[from] item: Leftovers
|upkeep
|turn|24
|inactive|squeenr has 270 seconds left.
|
|t:|1728426864
|move|p2a: wug|Earthquake|p1a: Tyranitar
|-supereffective|p1a: Tyranitar
|-damage|p1a: Tyranitar|0 fnt
|faint|p1a: Tyranitar
|inactive|squeenr has 270 seconds left.
|
|t:|1728426869
|switch|p1a: Swampert|Swampert, M|100/100
|
|-weather|Sandstorm|[upkeep]
|upkeep
|turn|25
|
|t:|1728426878
|move|p2a: wug|Earthquake|p1a: Swampert
|-crit|p1a: Swampert
|-damage|p1a: Swampert|13/100
|move|p1a: Swampert|Ice Beam|p2a: wug
|-supereffective|p2a: wug
|-damage|p2a: wug|0 fnt
|faint|p2a: wug
|inactive|lexitg has 270 seconds left.
|
|t:|1728426887
|switch|p2a: fartass|Zapdos|100/100
|
|-weather|Sandstorm|[upkeep]
|-damage|p2a: fartass|94/100|[from] Sandstorm
|-heal|p2a: fartass|100/100|[from] item: Leftovers
|-heal|p1a: Swampert|19/100|[from] item: Leftovers
|upkeep
|turn|26
|
|t:|1728426894
|move|p1a: Swampert|Protect|p1a: Swampert
|-singleturn|p1a: Swampert|Protect
|move|p2a: fartass|Hidden Power|p1a: Swampert
|-activate|p1a: Swampert|Protect
|
|-weather|Sandstorm|[upkeep]
|-damage|p2a: fartass|94/100|[from] Sandstorm
|-heal|p2a: fartass|100/100|[from] item: Leftovers
|-heal|p1a: Swampert|25/100|[from] item: Leftovers
|upkeep
|turn|27
|inactive|squeenr has 270 seconds left.
|
|t:|1728426919
|switch|p1a: Skarmory|Skarmory, M|77/100
|move|p2a: fartass|Hidden Power|p1a: Skarmory
|-resisted|p1a: Skarmory
|-damage|p1a: Skarmory|71/100
|
|-weather|Sandstorm|[upkeep]
|-damage|p2a: fartass|94/100|[from] Sandstorm
|-heal|p2a: fartass|100/100|[from] item: Leftovers
|-heal|p1a: Skarmory|77/100|[from] item: Leftovers
|upkeep
|turn|28
|
|t:|1728426929
|move|p2a: fartass|Thunderbolt|p1a: Skarmory
|-supereffective|p1a: Skarmory
|-damage|p1a: Skarmory|0 fnt
|faint|p1a: Skarmory
|
|t:|1728426934
|switch|p1a: Swampert|Swampert, M|25/100
|
|-weather|Sandstorm|[upkeep]
|-damage|p2a: fartass|94/100|[from] Sandstorm
|-heal|p2a: fartass|100/100|[from] item: Leftovers
|-heal|p1a: Swampert|31/100|[from] item: Leftovers
|upkeep
|turn|29
|
|t:|1728426940
|move|p2a: fartass|Hidden Power|p1a: Swampert
|-supereffective|p1a: Swampert
|-damage|p1a: Swampert|0 fnt
|faint|p1a: Swampert
|
|t:|1728426945
|switch|p1a: Moltres|Moltres|64/100
|
|-weather|Sandstorm|[upkeep]
|-damage|p2a: fartass|94/100|[from] Sandstorm
|-damage|p1a: Moltres|58/100|[from] Sandstorm
|-heal|p2a: fartass|100/100|[from] item: Leftovers
|-heal|p1a: Moltres|64/100|[from] item: Leftovers
|upkeep
|turn|30
|
|t:|1728426954
|move|p2a: fartass|Thunderbolt|p1a: Moltres
|-supereffective|p1a: Moltres
|-damage|p1a: Moltres|0 fnt
|faint|p1a: Moltres
|
|win|lexitg
|c|☆lexitg|gg
|c|☆squeenr|gg
|c|☆squeenr|do you know how to upload the replay?
|c|☆squeenr|nm. I see youve already got it
|player|p1|

</script>
<script type="application/json" class="data" id="replaydata-smogtours-gen3ou-796525">
{"id":"smogtours-gen3ou-796525","format":"[Gen 3] OU","players":["squeenr","lexitg"],"uploadtime":1728426954,"views":107,"formatid":"gen3ou","rating":null,"private":0,"password":null}
</script>

<script defer src="js/replays.js?9d40a366"></script>
