<!DOCTYPE html>
<meta charset="utf-8" />
<meta name="viewport" content="width=device-width" />

<title>[Gen 3] OU: felipe01788 vs. swordpeacead - Replays - Pok&eacute;mon Showdown!</title>

<meta name="description" content="Watch a replay of a Pok&eacute;mon battle between felipe01788 and swordpeacead! Format: [Gen 3] OU; Date: Oct 12, 2024" />
<!--

Hey, you! Looking in the source for the replay log?

You can find them in JSON format, just add `.json` at the end of a replay URL.

https://replay.pokemonshowdown.com/gen7randomdoublesbattle-865046831.json

Or, if you only need the log itself, add `.log` instead:

https://replay.pokemonshowdown.com/gen7randomdoublesbattle-865046831.log

-->

<link rel="stylesheet" href="//pokemonshowdown.com/style/global.css?0.023195364461161105" />
<link rel="stylesheet" href="//play.pokemonshowdown.com/style/font-awesome.css?0.13261647063804238" />
<link rel="stylesheet" href="//play.pokemonshowdown.com/style/battle.css?0.8753245789963631" />
<link rel="stylesheet" href="//play.pokemonshowdown.com/style/utilichart.css?0.8627959624976733" />

<!-- Global site tag (gtag.js) - Google Analytics -->
<script async src="https://www.googletagmanager.com/gtag/js?id=UA-26211653-1"></script>
<script>
  window.dataLayer = window.dataLayer || [];
  function gtag(){dataLayer.push(arguments);}
  gtag('js', new Date());

  gtag('config', 'UA-26211653-1');
</script>
<!-- End Google Analytics -->
<!-- Venatus Ad Manager - Install in <HEAD> of page -->
	<script src="https://hb.vntsm.com/v3/live/ad-manager.min.js" type="text/javascript" data-site-id="642aba63ec9a7b11c3c9c1be" data-mode="scan" async></script>
<!-- / Venatus Ad Manager -->

<style>
	@media (max-width:820px) {
		.battle {
			margin: 0 auto;
		}
		.battle-log {
			margin: 7px auto 0;
			max-width: 640px;
			height: 300px;
			position: static;
		}
	}
	.optgroup {
		display: inline-block;
		line-height: 22px;
		font-size: 10pt;
	}
	.optgroup .button {
		height: 25px;
		padding-top: 0;
		padding-bottom: 0;
	}
	.optgroup button.button {
		padding-left: 12px;
		padding-right: 12px;
	}
	.linklist {
		list-style: none;
		margin: 0.5em 0;
		padding: 0;
	}
	.linklist li {
		padding: 2px 0;
	}
	.sidebar {
		float: left;
		width: 320px;
	}
	.bar-wrapper {
		max-width: 1100px;
		margin: 0 auto;
	}
	.bar-wrapper.has-sidebar {
		max-width: 1430px;
	}
	.mainbar {
		margin: 0;
		padding-right: 1px;
	}
	.mainbar.has-sidebar {
		margin-left: 330px;
	}
	@media (min-width: 1511px) {
		.sidebar {
			width: 400px;
		}
		.bar-wrapper.has-sidebar {
			max-width: 1510px;
		}
		.mainbar.has-sidebar {
			margin-left: 410px;
		}
	}
	.section.first-section {
		margin-top: 9px;
	}
	.blocklink small {
		white-space: normal;
	}
	.button {
		vertical-align: middle;
	}
	.replay-controls {
		padding-top: 10px;
	}
	.replay-controls h1 {
		font-size: 16pt;
		font-weight: normal;
		color: #CCC;
	}
	.pagelink {
		text-align: center;
	}
	.pagelink a {
		width: 150px;
	}
	.textbox, .button {
		font-size: 11pt;
		vertical-align: middle;
	}
	@media (max-width: 450px) {
		.button {
			font-size: 9pt;
		}
	}
</style>

<div>

	<header>
		<div class="nav-wrapper"><ul class="nav">
			<li><a class="button nav-first" href="//pokemonshowdown.com/"><img src="//pokemonshowdown.com/images/pokemonshowdownbeta.png" srcset="//pokemonshowdown.com/images/pokemonshowdownbeta.png 1x, //pokemonshowdown.com/images/pokemonshowdownbeta@2x.png 2x" alt="Pok&eacute;mon Showdown" width="146" height="44" /> Home</a></li>
			<li><a class="button" href="//pokemonshowdown.com/dex/">Pok&eacute;dex</a></li>
			<li><a class="button cur" href="/">Replays</a></li>
			<li><a class="button" href="//pokemonshowdown.com/ladder/">Ladder</a></li>
			<li><a class="button nav-last" href="//pokemonshowdown.com/forums/">Forum</a></li>
			<li><a class="button greenbutton nav-first nav-last" href="//play.pokemonshowdown.com/">Play</a></li>
		</ul></div>
	</header>

	<div class="main" id="main">

		<noscript><section class="section">You need to enable JavaScript to use this page; sorry!</section></noscript>

	</div>

</div>

<script defer nomodule src="//play.pokemonshowdown.com/js/lib/ps-polyfill.js"></script>
<script defer src="//play.pokemonshowdown.com/js/lib/preact.min.js"></script>

<script defer src="//play.pokemonshowdown.com/config/config.js?2bddbc15"></script>
<script defer src="//play.pokemonshowdown.com/js/lib/jquery-1.11.0.min.js"></script>
<script defer src="//play.pokemonshowdown.com/js/lib/html-sanitizer-minified.js"></script>
<script defer src="//play.pokemonshowdown.com/js/battle-sound.js"></script>
<script defer src="//play.pokemonshowdown.com/js/battledata.js?0.7209276989879541"></script>
<script defer src="//play.pokemonshowdown.com/data/pokedex-mini.js?0.6111056340867951"></script>
<script defer src="//play.pokemonshowdown.com/data/pokedex-mini-bw.js?0.3532142036491459"></script>
<script defer src="//play.pokemonshowdown.com/data/graphics.js?0.24223875632456182"></script>
<script defer src="//play.pokemonshowdown.com/data/pokedex.js?0.38839984266356864"></script>
<script defer src="//play.pokemonshowdown.com/data/moves.js?0.21866028504024015"></script>
<script defer src="//play.pokemonshowdown.com/data/abilities.js?0.2005157953846628"></script>
<script defer src="//play.pokemonshowdown.com/data/items.js?0.9894211263848525"></script>
<script defer src="//play.pokemonshowdown.com/data/teambuilder-tables.js?0.6008791140282215"></script>
<script defer src="//play.pokemonshowdown.com/js/battle-tooltips.js?0.7580118955022959"></script>
<script defer src="//play.pokemonshowdown.com/js/battle.js?0.6057722274234274"></script>

<script defer src="js/utils.js?e31f9a17"></script>
<script defer src="js/replays-battle.js?7008c182"></script>

<!-- don't scrape this data! just add .json or .log after the URL!
Full API docs: https://github.com/smogon/pokemon-showdown-client/blob/master/WEB-API.md -->
<script type="text/plain" class="log" id="replaylog-smogtours-gen3ou-797675">
|inactive|Battle timer is ON: inactive players will automatically lose when time's up.
|t:|1728759071
|gametype|singles
|player|p1|felipe01788|101|
|player|p2|swordpeacead|ethan|
|teamsize|p1|6
|teamsize|p2|6
|gen|3
|tier|[Gen 3] OU
|rule|Sleep Clause Mod: Limit one foe put to sleep
|rule|Switch Priority Clause Mod: Faster Pokémon switch first
|rule|Species Clause: Limit one of each Pokémon
|rule|OHKO Clause: OHKO moves are banned
|rule|Evasion Items Clause: Evasion items are banned
|rule|Evasion Moves Clause: Evasion moves are banned
|rule|Endless Battle Clause: Forcing endless battles is banned
|rule|HP Percentage Mod: HP is shown in percentages
|rule|One Boost Passer Clause: Limit one Baton Passer that has a way to boost its stats
|rule|Freeze Clause Mod: Limit one foe frozen
|
|t:|1728759071
|start
|switch|p1a: Salamence|Salamence, M|100/100
|switch|p2a: Reg|Regirock|100/100
|-ability|p1a: Salamence|Intimidate|boost
|-fail|p2a: Reg|unboost|[from] ability: Clear Body|[of] p2a: Reg
|turn|1
|c|☆swordpeacead|Let's do it
|c|☆felipe01788|lets go
|c|☆felipe01788|good luck
|
|t:|1728759096
|switch|p1a: Forretress|Forretress, F|100/100
|move|p2a: Reg|Rock Slide|p1a: Forretress
|-damage|p1a: Forretress|77/100
|
|-heal|p1a: Forretress|83/100|[from] item: Leftovers
|upkeep
|turn|2
|
|t:|1728759113
|move|p2a: Reg|Rock Slide|p1a: Forretress|[miss]
|-miss|p2a: Reg|p1a: Forretress
|move|p1a: Forretress|Earthquake|p2a: Reg
|-supereffective|p2a: Reg
|-damage|p2a: Reg|79/100
|
|-heal|p1a: Forretress|89/100|[from] item: Leftovers
|upkeep
|turn|3
|inactive|felipe01788 has 270 seconds left.
|inactive|felipe01788 has 240 seconds left.
|
|t:|1728759175
|move|p2a: Reg|Rock Slide|p1a: Forretress
|-damage|p1a: Forretress|63/100
|move|p1a: Forretress|Spikes|p2a: Reg
|-sidestart|p2: swordpeacead|Spikes
|
|-heal|p1a: Forretress|69/100|[from] item: Leftovers
|upkeep
|turn|4
|
|t:|1728759184
|switch|p2a: Nefarious D.O.G.|Houndoom, M|100/100
|-damage|p2a: Nefarious D.O.G.|88/100|[from] Spikes
|switch|p1a: Jirachi|Jirachi|100/100
|
|upkeep
|turn|5
|
|t:|1728759192
|switch|p1a: Blissey|Blissey, F|100/100
|move|p2a: Nefarious D.O.G.|Fire Blast|p1a: Blissey
|-damage|p1a: Blissey|77/100
|
|-heal|p1a: Blissey|83/100|[from] item: Leftovers
|upkeep
|turn|6
|inactive|swordpeacead has 270 seconds left.
|
|t:|1728759225
|switch|p2a: Big Larry|Metagross|100/100
|-damage|p2a: Big Larry|88/100|[from] Spikes
|switch|p1a: Aerodactyl|Aerodactyl, M|100/100
|
|upkeep
|turn|7
|
|t:|1728759234
|switch|p1a: Jirachi|Jirachi|100/100
|move|p2a: Big Larry|Meteor Mash|p1a: Jirachi
|-resisted|p1a: Jirachi
|-damage|p1a: Jirachi|72/100
|-boost|p2a: Big Larry|atk|1
|
|-heal|p1a: Jirachi|78/100|[from] item: Leftovers
|upkeep
|turn|8
|
|t:|1728759246
|move|p1a: Jirachi|Wish|p1a: Jirachi
|move|p2a: Big Larry|Meteor Mash|p1a: Jirachi
|-resisted|p1a: Jirachi
|-damage|p1a: Jirachi|37/100
|
|-heal|p1a: Jirachi|43/100|[from] item: Leftovers
|upkeep
|turn|9
|
|t:|1728759254
|move|p1a: Jirachi|Fire Punch|p2a: Big Larry
|-supereffective|p2a: Big Larry
|-damage|p2a: Big Larry|45/100
|-status|p2a: Big Larry|brn
|move|p2a: Big Larry|Meteor Mash|p1a: Jirachi
|-resisted|p1a: Jirachi
|-damage|p1a: Jirachi|22/100
|
|-heal|p1a: Jirachi|72/100|[from] move: Wish|[wisher] Jirachi
|-heal|p1a: Jirachi|78/100|[from] item: Leftovers
|-damage|p2a: Big Larry|33/100 brn|[from] brn
|upkeep
|turn|10
|inactive|felipe01788 has 270 seconds left.
|
|t:|1728759276
|switch|p2a: Nefarious D.O.G.|Houndoom, M|88/100
|-damage|p2a: Nefarious D.O.G.|76/100|[from] Spikes
|move|p1a: Jirachi|Wish|p1a: Jirachi
|
|-heal|p1a: Jirachi|84/100|[from] item: Leftovers
|upkeep
|turn|11
|
|t:|1728759287
|switch|p2a: Big Larry|Metagross|33/100 brn
|-damage|p2a: Big Larry|21/100 brn|[from] Spikes
|switch|p1a: Blissey|Blissey, F|83/100
|
|-heal|p1a: Blissey|100/100|[from] move: Wish|[wisher] Jirachi
|-damage|p2a: Big Larry|8/100 brn|[from] brn
|upkeep
|turn|12
|inactive|felipe01788 has 270 seconds left.
|
|t:|1728759295
|switch|p1a: Forretress|Forretress, F|69/100
|move|p2a: Big Larry|Explosion|p1a: Forretress
|-resisted|p1a: Forretress
|-damage|p1a: Forretress|21/100
|faint|p2a: Big Larry
|inactive|swordpeacead has 270 seconds left.
|inactive|swordpeacead has 240 seconds left.
|
|t:|1728759360
|switch|p2a: Reg|Regirock|79/100
|-damage|p2a: Reg|66/100|[from] Spikes
|
|-heal|p1a: Forretress|27/100|[from] item: Leftovers
|upkeep
|turn|13
|
|t:|1728759369
|move|p2a: Reg|Superpower|p1a: Forretress
|-damage|p1a: Forretress|0 fnt
|-unboost|p2a: Reg|atk|1
|-unboost|p2a: Reg|def|1
|faint|p1a: Forretress
|
|t:|1728759380
|switch|p1a: Aerodactyl|Aerodactyl, M|100/100
|
|upkeep
|turn|14
|
|t:|1728759386
|switch|p2a: Top Dawg|Claydol|100/100
|move|p1a: Aerodactyl|Earthquake|p2a: Top Dawg
|-immune|p2a: Top Dawg
|
|upkeep
|turn|15
|
|t:|1728759397
|switch|p1a: Tyranitar|Tyranitar, F|100/100
|-weather|Sandstorm|[from] ability: Sand Stream|[of] p1a: Tyranitar
|move|p2a: Top Dawg|Rock Slide|p1a: Tyranitar
|-damage|p1a: Tyranitar|86/100
|
|-weather|Sandstorm|[upkeep]
|-heal|p1a: Tyranitar|92/100|[from] item: Leftovers
|upkeep
|turn|16
|
|t:|1728759412
|move|p2a: Top Dawg|Earthquake|p1a: Tyranitar
|-supereffective|p1a: Tyranitar
|-damage|p1a: Tyranitar|31/100
|move|p1a: Tyranitar|Crunch|p2a: Top Dawg
|-supereffective|p2a: Top Dawg
|-damage|p2a: Top Dawg|31/100
|
|-weather|Sandstorm|[upkeep]
|-heal|p2a: Top Dawg|37/100|[from] item: Leftovers
|-heal|p1a: Tyranitar|37/100|[from] item: Leftovers
|upkeep
|turn|17
|inactive|swordpeacead has 240 seconds left.
|
|t:|1728759432
|switch|p1a: Aerodactyl|Aerodactyl, M|100/100
|move|p2a: Top Dawg|Earthquake|p1a: Aerodactyl
|-immune|p1a: Aerodactyl
|
|-weather|Sandstorm|[upkeep]
|-heal|p2a: Top Dawg|43/100|[from] item: Leftovers
|upkeep
|turn|18
|
|t:|1728759437
|switch|p2a: Reg|Regirock|66/100
|-damage|p2a: Reg|54/100|[from] Spikes
|move|p1a: Aerodactyl|Double-Edge|p2a: Reg
|-resisted|p2a: Reg
|-damage|p2a: Reg|40/100
|
|-weather|Sandstorm|[upkeep]
|upkeep
|turn|19
|inactive|swordpeacead has 240 seconds left.
|
|t:|1728759459
|switch|p1a: Tyranitar|Tyranitar, F|37/100
|move|p2a: Reg|Explosion|p1a: Tyranitar
|-resisted|p1a: Tyranitar
|-damage|p1a: Tyranitar|0 fnt
|faint|p2a: Reg
|faint|p1a: Tyranitar
|inactive|swordpeacead has 240 seconds left.
|inactive|swordpeacead has 210 seconds left.
|
|t:|1728759508
|switch|p1a: Aerodactyl|Aerodactyl, M|100/100
|switch|p2a: Bigfeetz|Snorlax, F|100/100
|-damage|p2a: Bigfeetz|88/100|[from] Spikes
|
|-weather|Sandstorm|[upkeep]
|-damage|p2a: Bigfeetz|82/100|[from] Sandstorm
|-heal|p2a: Bigfeetz|88/100|[from] item: Leftovers
|upkeep
|turn|20
|
|t:|1728759530
|switch|p1a: Jirachi|Jirachi|84/100
|move|p2a: Bigfeetz|Curse|p2a: Bigfeetz
|-unboost|p2a: Bigfeetz|spe|1
|-boost|p2a: Bigfeetz|atk|1
|-boost|p2a: Bigfeetz|def|1
|
|-weather|Sandstorm|[upkeep]
|-damage|p2a: Bigfeetz|82/100|[from] Sandstorm
|-heal|p1a: Jirachi|91/100|[from] item: Leftovers
|-heal|p2a: Bigfeetz|88/100|[from] item: Leftovers
|upkeep
|turn|21
|inactive|swordpeacead has 180 seconds left.
|
|t:|1728759568
|switch|p1a: Salamence|Salamence, M|100/100
|-ability|p1a: Salamence|Intimidate|boost
|-unboost|p2a: Bigfeetz|atk|1
|move|p2a: Bigfeetz|Curse|p2a: Bigfeetz
|-unboost|p2a: Bigfeetz|spe|1
|-boost|p2a: Bigfeetz|atk|1
|-boost|p2a: Bigfeetz|def|1
|
|-weather|Sandstorm|[upkeep]
|-damage|p1a: Salamence|95/100|[from] Sandstorm
|-damage|p2a: Bigfeetz|82/100|[from] Sandstorm
|-heal|p1a: Salamence|100/100|[from] item: Leftovers
|-heal|p2a: Bigfeetz|88/100|[from] item: Leftovers
|upkeep
|turn|22
|inactive|swordpeacead has 150 seconds left.
|
|t:|1728759606
|move|p2a: Bigfeetz|Return|p1a: Salamence
|-damage|p1a: Salamence|11/100
|move|p1a: Salamence|Roar|p2a: Bigfeetz
|drag|p2a: Sussudio|Suicune|100/100
|-damage|p2a: Sussudio|88/100|[from] Spikes
|
|-weather|Sandstorm|[upkeep]
|-damage|p1a: Salamence|5/100|[from] Sandstorm
|-damage|p2a: Sussudio|82/100|[from] Sandstorm
|-heal|p1a: Salamence|11/100|[from] item: Leftovers
|-heal|p2a: Sussudio|88/100|[from] item: Leftovers
|upkeep
|turn|23
|
|t:|1728759620
|switch|p1a: Jirachi|Jirachi|91/100
|switch|p2a: Top Dawg|Claydol|43/100
|
|-weather|Sandstorm|[upkeep]
|-heal|p1a: Jirachi|97/100|[from] item: Leftovers
|-heal|p2a: Top Dawg|50/100|[from] item: Leftovers
|upkeep
|turn|24
|inactive|swordpeacead has 120 seconds left.
|
|t:|1728759665
|move|p1a: Jirachi|Fire Punch|p2a: Top Dawg
|-damage|p2a: Top Dawg|33/100
|move|p2a: Top Dawg|Rock Slide|p1a: Jirachi|[miss]
|-miss|p2a: Top Dawg|p1a: Jirachi
|
|-weather|Sandstorm|[upkeep]
|-heal|p1a: Jirachi|100/100|[from] item: Leftovers
|-heal|p2a: Top Dawg|39/100|[from] item: Leftovers
|upkeep
|turn|25
|inactive|swordpeacead has 90 seconds left.
|
|t:|1728759709
|move|p1a: Jirachi|Wish|p1a: Jirachi
|move|p2a: Top Dawg|Explosion|p1a: Jirachi
|-resisted|p1a: Jirachi
|-damage|p1a: Jirachi|60/100
|faint|p2a: Top Dawg
|
|t:|1728759719
|switch|p2a: Bigfeetz|Snorlax, F|88/100
|-damage|p2a: Bigfeetz|75/100|[from] Spikes
|
|-weather|Sandstorm|[upkeep]
|-damage|p2a: Bigfeetz|69/100|[from] Sandstorm
|-heal|p1a: Jirachi|66/100|[from] item: Leftovers
|-heal|p2a: Bigfeetz|75/100|[from] item: Leftovers
|upkeep
|turn|26
|
|t:|1728759728
|switch|p1a: Salamence|Salamence, M|11/100
|-ability|p1a: Salamence|Intimidate|boost
|-unboost|p2a: Bigfeetz|atk|1
|move|p2a: Bigfeetz|Curse|p2a: Bigfeetz
|-unboost|p2a: Bigfeetz|spe|1
|-boost|p2a: Bigfeetz|atk|1
|-boost|p2a: Bigfeetz|def|1
|
|-heal|p1a: Salamence|61/100|[from] move: Wish|[wisher] Jirachi
|-weather|Sandstorm|[upkeep]
|-damage|p1a: Salamence|55/100|[from] Sandstorm
|-damage|p2a: Bigfeetz|69/100|[from] Sandstorm
|-heal|p1a: Salamence|61/100|[from] item: Leftovers
|-heal|p2a: Bigfeetz|75/100|[from] item: Leftovers
|upkeep
|turn|27
|inactive|swordpeacead has 90 seconds left.
|
|t:|1728759741
|move|p1a: Salamence|Brick Break|p2a: Bigfeetz
|-supereffective|p2a: Bigfeetz
|-damage|p2a: Bigfeetz|46/100
|move|p2a: Bigfeetz|Return|p1a: Salamence
|-crit|p1a: Salamence
|-damage|p1a: Salamence|0 fnt
|faint|p1a: Salamence
|
|t:|1728759751
|switch|p1a: Aerodactyl|Aerodactyl, M|100/100
|
|-weather|Sandstorm|[upkeep]
|-damage|p2a: Bigfeetz|40/100|[from] Sandstorm
|-heal|p2a: Bigfeetz|46/100|[from] item: Leftovers
|upkeep
|turn|28
|inactive|swordpeacead has 90 seconds left.
|
|t:|1728759776
|move|p1a: Aerodactyl|Rock Slide|p2a: Bigfeetz
|-damage|p2a: Bigfeetz|8/100
|move|p2a: Bigfeetz|Self-Destruct|p1a: Aerodactyl
|-resisted|p1a: Aerodactyl
|-damage|p1a: Aerodactyl|0 fnt
|faint|p2a: Bigfeetz
|faint|p1a: Aerodactyl
|inactive|swordpeacead has 60 seconds left.
|inactive|swordpeacead has 30 seconds left.
|
|t:|1728759838
|switch|p1a: Jirachi|Jirachi|66/100
|switch|p2a: Sussudio|Suicune|88/100
|-damage|p2a: Sussudio|76/100|[from] Spikes
|
|-weather|Sandstorm|[upkeep]
|-damage|p2a: Sussudio|69/100|[from] Sandstorm
|-heal|p1a: Jirachi|72/100|[from] item: Leftovers
|-heal|p2a: Sussudio|76/100|[from] item: Leftovers
|upkeep
|turn|29
|
|t:|1728759847
|move|p1a: Jirachi|Toxic|p2a: Sussudio
|-status|p2a: Sussudio|tox
|move|p2a: Sussudio|Calm Mind|p2a: Sussudio
|-boost|p2a: Sussudio|spa|1
|-boost|p2a: Sussudio|spd|1
|
|-weather|Sandstorm|[upkeep]
|-damage|p2a: Sussudio|69/100 tox|[from] Sandstorm
|-heal|p1a: Jirachi|78/100|[from] item: Leftovers
|-heal|p2a: Sussudio|76/100 tox|[from] item: Leftovers
|-damage|p2a: Sussudio|69/100 tox|[from] psn
|upkeep
|turn|30
|
|t:|1728759852
|move|p1a: Jirachi|Wish|p1a: Jirachi
|move|p2a: Sussudio|Calm Mind|p2a: Sussudio
|-boost|p2a: Sussudio|spa|1
|-boost|p2a: Sussudio|spd|1
|
|-weather|Sandstorm|[upkeep]
|-damage|p2a: Sussudio|63/100 tox|[from] Sandstorm
|-heal|p1a: Jirachi|84/100|[from] item: Leftovers
|-heal|p2a: Sussudio|69/100 tox|[from] item: Leftovers
|-damage|p2a: Sussudio|57/100 tox|[from] psn
|upkeep
|turn|31
|inactive|swordpeacead has 30 seconds left.
|
|t:|1728759890
|switch|p1a: Blissey|Blissey, F|100/100
|move|p2a: Sussudio|Calm Mind|p2a: Sussudio
|-boost|p2a: Sussudio|spa|1
|-boost|p2a: Sussudio|spd|1
|
|-weather|Sandstorm|[upkeep]
|-damage|p2a: Sussudio|51/100 tox|[from] Sandstorm
|-damage|p1a: Blissey|94/100|[from] Sandstorm
|-heal|p2a: Sussudio|57/100 tox|[from] item: Leftovers
|-damage|p2a: Sussudio|38/100 tox|[from] psn
|-heal|p1a: Blissey|100/100|[from] item: Leftovers
|upkeep
|turn|32
|
|t:|1728759895
|move|p2a: Sussudio|Rest|p2a: Sussudio
|-status|p2a: Sussudio|slp|[from] move: Rest
|-heal|p2a: Sussudio|100/100 slp|[silent]
|move|p1a: Blissey|Seismic Toss|p2a: Sussudio
|-damage|p2a: Sussudio|76/100 slp
|
|-weather|Sandstorm|[upkeep]
|-damage|p2a: Sussudio|69/100 slp|[from] Sandstorm
|-damage|p1a: Blissey|94/100|[from] Sandstorm
|-heal|p2a: Sussudio|76/100 slp|[from] item: Leftovers
|-heal|p1a: Blissey|100/100|[from] item: Leftovers
|upkeep
|turn|33
|c|☆felipe01788|gg
|-message|felipe01788 forfeited.
|
|win|swordpeacead

</script>
<script type="application/json" class="data" id="replaydata-smogtours-gen3ou-797675">
{"id":"smogtours-gen3ou-797675","format":"[Gen 3] OU","players":["felipe01788","swordpeacead"],"uploadtime":1728759908,"views":89,"formatid":"gen3ou","rating":null,"private":0,"password":null}
</script>

<script defer src="js/replays.js?9d40a366"></script>
