<!DOCTYPE html>
<meta charset="utf-8" />
<meta name="viewport" content="width=device-width" />

<title>[Gen 3] OU: JCEntrena vs. COB 8 - Replays - Pok&eacute;mon Showdown!</title>

<meta name="description" content="Watch a replay of a Pok&eacute;mon battle between JCEntrena and COB 8! Format: [Gen 3] OU; Date: Oct 7, 2024" />
<!--

Hey, you! Looking in the source for the replay log?

You can find them in JSON format, just add `.json` at the end of a replay URL.

https://replay.pokemonshowdown.com/gen7randomdoublesbattle-865046831.json

Or, if you only need the log itself, add `.log` instead:

https://replay.pokemonshowdown.com/gen7randomdoublesbattle-865046831.log

-->

<link rel="stylesheet" href="//pokemonshowdown.com/style/global.css?0.023195364461161105" />
<link rel="stylesheet" href="//play.pokemonshowdown.com/style/font-awesome.css?0.13261647063804238" />
<link rel="stylesheet" href="//play.pokemonshowdown.com/style/battle.css?0.8753245789963631" />
<link rel="stylesheet" href="//play.pokemonshowdown.com/style/utilichart.css?0.8627959624976733" />

<!-- Global site tag (gtag.js) - Google Analytics -->
<script async src="https://www.googletagmanager.com/gtag/js?id=UA-26211653-1"></script>
<script>
  window.dataLayer = window.dataLayer || [];
  function gtag(){dataLayer.push(arguments);}
  gtag('js', new Date());

  gtag('config', 'UA-26211653-1');
</script>
<!-- End Google Analytics -->
<!-- Venatus Ad Manager - Install in <HEAD> of page -->
	<script src="https://hb.vntsm.com/v3/live/ad-manager.min.js" type="text/javascript" data-site-id="642aba63ec9a7b11c3c9c1be" data-mode="scan" async></script>
<!-- / Venatus Ad Manager -->

<style>
	@media (max-width:820px) {
		.battle {
			margin: 0 auto;
		}
		.battle-log {
			margin: 7px auto 0;
			max-width: 640px;
			height: 300px;
			position: static;
		}
	}
	.optgroup {
		display: inline-block;
		line-height: 22px;
		font-size: 10pt;
	}
	.optgroup .button {
		height: 25px;
		padding-top: 0;
		padding-bottom: 0;
	}
	.optgroup button.button {
		padding-left: 12px;
		padding-right: 12px;
	}
	.linklist {
		list-style: none;
		margin: 0.5em 0;
		padding: 0;
	}
	.linklist li {
		padding: 2px 0;
	}
	.sidebar {
		float: left;
		width: 320px;
	}
	.bar-wrapper {
		max-width: 1100px;
		margin: 0 auto;
	}
	.bar-wrapper.has-sidebar {
		max-width: 1430px;
	}
	.mainbar {
		margin: 0;
		padding-right: 1px;
	}
	.mainbar.has-sidebar {
		margin-left: 330px;
	}
	@media (min-width: 1511px) {
		.sidebar {
			width: 400px;
		}
		.bar-wrapper.has-sidebar {
			max-width: 1510px;
		}
		.mainbar.has-sidebar {
			margin-left: 410px;
		}
	}
	.section.first-section {
		margin-top: 9px;
	}
	.blocklink small {
		white-space: normal;
	}
	.button {
		vertical-align: middle;
	}
	.replay-controls {
		padding-top: 10px;
	}
	.replay-controls h1 {
		font-size: 16pt;
		font-weight: normal;
		color: #CCC;
	}
	.pagelink {
		text-align: center;
	}
	.pagelink a {
		width: 150px;
	}
	.textbox, .button {
		font-size: 11pt;
		vertical-align: middle;
	}
	@media (max-width: 450px) {
		.button {
			font-size: 9pt;
		}
	}
</style>

<div>

	<header>
		<div class="nav-wrapper"><ul class="nav">
			<li><a class="button nav-first" href="//pokemonshowdown.com/"><img src="//pokemonshowdown.com/images/pokemonshowdownbeta.png" srcset="//pokemonshowdown.com/images/pokemonshowdownbeta.png 1x, //pokemonshowdown.com/images/pokemonshowdownbeta@2x.png 2x" alt="Pok&eacute;mon Showdown" width="146" height="44" /> Home</a></li>
			<li><a class="button" href="//pokemonshowdown.com/dex/">Pok&eacute;dex</a></li>
			<li><a class="button cur" href="/">Replays</a></li>
			<li><a class="button" href="//pokemonshowdown.com/ladder/">Ladder</a></li>
			<li><a class="button nav-last" href="//pokemonshowdown.com/forums/">Forum</a></li>
			<li><a class="button greenbutton nav-first nav-last" href="//play.pokemonshowdown.com/">Play</a></li>
		</ul></div>
	</header>

	<div class="main" id="main">

		<noscript><section class="section">You need to enable JavaScript to use this page; sorry!</section></noscript>

	</div>

</div>

<script defer nomodule src="//play.pokemonshowdown.com/js/lib/ps-polyfill.js"></script>
<script defer src="//play.pokemonshowdown.com/js/lib/preact.min.js"></script>

<script defer src="//play.pokemonshowdown.com/config/config.js?2bddbc15"></script>
<script defer src="//play.pokemonshowdown.com/js/lib/jquery-1.11.0.min.js"></script>
<script defer src="//play.pokemonshowdown.com/js/lib/html-sanitizer-minified.js"></script>
<script defer src="//play.pokemonshowdown.com/js/battle-sound.js"></script>
<script defer src="//play.pokemonshowdown.com/js/battledata.js?0.7209276989879541"></script>
<script defer src="//play.pokemonshowdown.com/data/pokedex-mini.js?0.6111056340867951"></script>
<script defer src="//play.pokemonshowdown.com/data/pokedex-mini-bw.js?0.3532142036491459"></script>
<script defer src="//play.pokemonshowdown.com/data/graphics.js?0.24223875632456182"></script>
<script defer src="//play.pokemonshowdown.com/data/pokedex.js?0.38839984266356864"></script>
<script defer src="//play.pokemonshowdown.com/data/moves.js?0.21866028504024015"></script>
<script defer src="//play.pokemonshowdown.com/data/abilities.js?0.2005157953846628"></script>
<script defer src="//play.pokemonshowdown.com/data/items.js?0.9894211263848525"></script>
<script defer src="//play.pokemonshowdown.com/data/teambuilder-tables.js?0.6008791140282215"></script>
<script defer src="//play.pokemonshowdown.com/js/battle-tooltips.js?0.7580118955022959"></script>
<script defer src="//play.pokemonshowdown.com/js/battle.js?0.6057722274234274"></script>

<script defer src="js/utils.js?e31f9a17"></script>
<script defer src="js/replays-battle.js?7008c182"></script>

<!-- don't scrape this data! just add .json or .log after the URL!
Full API docs: https://github.com/smogon/pokemon-showdown-client/blob/master/WEB-API.md -->
<script type="text/plain" class="log" id="replaylog-smogtours-gen3ou-796235">
|inactive|Battle timer is ON: inactive players will automatically lose when time's up.
|t:|1728332520
|gametype|singles
|player|p1|JCEntrena|veteran|
|player|p2|COB 8|102|
|teamsize|p1|6
|teamsize|p2|6
|gen|3
|tier|[Gen 3] OU
|rule|Sleep Clause Mod: Limit one foe put to sleep
|rule|Switch Priority Clause Mod: Faster Pokémon switch first
|rule|Species Clause: Limit one of each Pokémon
|rule|OHKO Clause: OHKO moves are banned
|rule|Evasion Items Clause: Evasion items are banned
|rule|Evasion Moves Clause: Evasion moves are banned
|rule|Endless Battle Clause: Forcing endless battles is banned
|rule|HP Percentage Mod: HP is shown in percentages
|rule|One Boost Passer Clause: Limit one Baton Passer that has a way to boost its stats
|rule|Freeze Clause Mod: Limit one foe frozen
|
|t:|1728332520
|start
|switch|p1a: Suicune|Suicune|100/100
|switch|p2a: Dugtrio|Dugtrio, F|100/100
|turn|1
|c|☆JCEntrena|glhf!
|c|☆COB 8|u2 c:
|
|t:|1728332540
|switch|p2a: Blissey|Blissey, F|100/100
|move|p1a: Suicune|Hydro Pump|p2a: Blissey
|-damage|p2a: Blissey|79/100
|
|-heal|p2a: Blissey|85/100|[from] item: Leftovers
|upkeep
|turn|2
|
|t:|1728332548
|move|p2a: Blissey|Thunder Wave|p1a: Suicune
|-status|p1a: Suicune|par
|move|p1a: Suicune|Roar|p2a: Blissey
|drag|p2a: Dugtrio|Dugtrio, F|100/100
|
|upkeep
|turn|3
|
|t:|1728332559
|switch|p2a: Blissey|Blissey, F|85/100
|cant|p1a: Suicune|par
|
|-heal|p2a: Blissey|91/100|[from] item: Leftovers
|upkeep
|turn|4
|
|t:|1728332566
|move|p2a: Blissey|Seismic Toss|p1a: Suicune
|-damage|p1a: Suicune|72/100 par
|move|p1a: Suicune|Calm Mind|p1a: Suicune
|-boost|p1a: Suicune|spa|1
|-boost|p1a: Suicune|spd|1
|
|-heal|p2a: Blissey|97/100|[from] item: Leftovers
|-heal|p1a: Suicune|78/100 par|[from] item: Leftovers
|upkeep
|turn|5
|
|t:|1728332577
|move|p2a: Blissey|Seismic Toss|p1a: Suicune
|-damage|p1a: Suicune|49/100 par
|move|p1a: Suicune|Hydro Pump|p2a: Blissey
|-damage|p2a: Blissey|66/100
|
|-heal|p2a: Blissey|72/100|[from] item: Leftovers
|-heal|p1a: Suicune|55/100 par|[from] item: Leftovers
|upkeep
|turn|6
|
|t:|1728332583
|move|p2a: Blissey|Seismic Toss|p1a: Suicune
|-damage|p1a: Suicune|26/100 par
|move|p1a: Suicune|Hydro Pump|p2a: Blissey
|-damage|p2a: Blissey|43/100
|
|-heal|p2a: Blissey|49/100|[from] item: Leftovers
|-heal|p1a: Suicune|32/100 par|[from] item: Leftovers
|upkeep
|turn|7
|
|t:|1728332589
|move|p2a: Blissey|Soft-Boiled|p2a: Blissey
|-heal|p2a: Blissey|99/100
|move|p1a: Suicune|Hydro Pump|p2a: Blissey
|-damage|p2a: Blissey|66/100
|
|-heal|p2a: Blissey|72/100|[from] item: Leftovers
|-heal|p1a: Suicune|38/100 par|[from] item: Leftovers
|upkeep
|turn|8
|
|t:|1728332594
|move|p2a: Blissey|Seismic Toss|p1a: Suicune
|-damage|p1a: Suicune|10/100 par
|move|p1a: Suicune|Roar|p2a: Blissey
|drag|p2a: Tyranitar|Tyranitar, F|100/100
|-weather|Sandstorm|[from] ability: Sand Stream|[of] p2a: Tyranitar
|
|-weather|Sandstorm|[upkeep]
|-damage|p1a: Suicune|4/100 par|[from] Sandstorm
|-heal|p1a: Suicune|10/100 par|[from] item: Leftovers
|upkeep
|turn|9
|
|t:|1728332605
|move|p2a: Tyranitar|Earthquake|p1a: Suicune
|-damage|p1a: Suicune|0 fnt
|faint|p1a: Suicune
|
|t:|1728332613
|switch|p1a: Celebi|Celebi|100/100
|
|-weather|Sandstorm|[upkeep]
|-damage|p1a: Celebi|95/100|[from] Sandstorm
|-heal|p1a: Celebi|100/100|[from] item: Leftovers
|upkeep
|turn|10
|
|t:|1728332619
|move|p1a: Celebi|Giga Drain|p2a: Tyranitar
|-supereffective|p2a: Tyranitar
|-damage|p2a: Tyranitar|55/100
|move|p2a: Tyranitar|Hidden Power|p1a: Celebi
|-supereffective|p1a: Celebi
|-damage|p1a: Celebi|0 fnt
|faint|p1a: Celebi
|
|t:|1728332626
|switch|p1a: Dugtrio|Dugtrio, F|100/100
|
|-weather|Sandstorm|[upkeep]
|upkeep
|turn|11
|
|t:|1728332634
|move|p1a: Dugtrio|Earthquake|p2a: Tyranitar
|-supereffective|p2a: Tyranitar
|-damage|p2a: Tyranitar|0 fnt
|faint|p2a: Tyranitar
|
|t:|1728332642
|switch|p2a: Skarmory|Skarmory, M|100/100
|
|-weather|Sandstorm|[upkeep]
|upkeep
|turn|12
|
|t:|1728332648
|switch|p1a: Jirachi|Jirachi|100/100
|move|p2a: Skarmory|Spikes|p1a: Jirachi
|-sidestart|p1: JCEntrena|Spikes
|
|-weather|Sandstorm|[upkeep]
|upkeep
|turn|13
|
|t:|1728332654
|move|p1a: Jirachi|Fire Punch|p2a: Skarmory
|-supereffective|p2a: Skarmory
|-damage|p2a: Skarmory|59/100
|move|p2a: Skarmory|Roar|p1a: Jirachi
|drag|p1a: Dugtrio|Dugtrio, F|100/100
|-damage|p1a: Dugtrio|88/100|[from] Spikes
|
|-weather|Sandstorm|[upkeep]
|-heal|p2a: Skarmory|65/100|[from] item: Leftovers
|upkeep
|turn|14
|
|t:|1728332682
|move|p1a: Dugtrio|Rock Slide|p2a: Skarmory
|-damage|p2a: Skarmory|41/100
|move|p2a: Skarmory|Spikes|p1a: Dugtrio
|-sidestart|p1: JCEntrena|Spikes
|
|-weather|Sandstorm|[upkeep]
|-heal|p2a: Skarmory|47/100|[from] item: Leftovers
|upkeep
|turn|15
|
|t:|1728332696
|switch|p1a: Jirachi|Jirachi|100/100
|-damage|p1a: Jirachi|84/100|[from] Spikes
|move|p2a: Skarmory|Roar|p1a: Jirachi
|drag|p1a: Porygon2|Porygon2|100/100
|-damage|p1a: Porygon2|84/100|[from] Spikes
|-ability|p1a: Porygon2|Keen Eye|[from] ability: Trace|[of] p2a: Skarmory
|
|-weather|Sandstorm|[upkeep]
|-damage|p1a: Porygon2|78/100|[from] Sandstorm
|-heal|p2a: Skarmory|53/100|[from] item: Leftovers
|-heal|p1a: Porygon2|84/100|[from] item: Leftovers
|upkeep
|turn|16
|inactive|COB 8 has 270 seconds left.
|
|t:|1728332728
|switch|p2a: Blissey|Blissey, F|72/100
|switch|p1a: Jirachi|Jirachi|84/100
|-damage|p1a: Jirachi|67/100|[from] Spikes
|
|-weather|Sandstorm|[upkeep]
|-damage|p2a: Blissey|66/100|[from] Sandstorm
|-heal|p1a: Jirachi|73/100|[from] item: Leftovers
|-heal|p2a: Blissey|72/100|[from] item: Leftovers
|upkeep
|turn|17
|
|t:|1728332751
|switch|p1a: Dugtrio|Dugtrio, F|88/100
|-damage|p1a: Dugtrio|72/100|[from] Spikes
|move|p2a: Blissey|Soft-Boiled|p2a: Blissey
|-heal|p2a: Blissey|100/100
|
|-weather|Sandstorm|[upkeep]
|-damage|p2a: Blissey|94/100|[from] Sandstorm
|-heal|p2a: Blissey|100/100|[from] item: Leftovers
|upkeep
|turn|18
|
|t:|1728332756
|move|p1a: Dugtrio|Earthquake|p2a: Blissey
|-damage|p2a: Blissey|46/100
|move|p2a: Blissey|Ice Beam|p1a: Dugtrio
|-supereffective|p1a: Dugtrio
|-crit|p1a: Dugtrio
|-damage|p1a: Dugtrio|0 fnt
|faint|p1a: Dugtrio
|
|t:|1728332772
|switch|p1a: Porygon2|Porygon2|84/100
|-damage|p1a: Porygon2|67/100|[from] Spikes
|-ability|p1a: Porygon2|Natural Cure|[from] ability: Trace|[of] p2a: Blissey
|
|-weather|Sandstorm|[upkeep]
|-damage|p1a: Porygon2|61/100|[from] Sandstorm
|-damage|p2a: Blissey|40/100|[from] Sandstorm
|-heal|p1a: Porygon2|67/100|[from] item: Leftovers
|-heal|p2a: Blissey|46/100|[from] item: Leftovers
|upkeep
|turn|19
|
|t:|1728332775
|move|p1a: Porygon2|Toxic|p2a: Blissey
|-status|p2a: Blissey|tox
|move|p2a: Blissey|Soft-Boiled|p2a: Blissey
|-heal|p2a: Blissey|96/100 tox
|
|-weather|Sandstorm|[upkeep]
|-damage|p1a: Porygon2|61/100|[from] Sandstorm
|-damage|p2a: Blissey|90/100 tox|[from] Sandstorm
|-heal|p1a: Porygon2|67/100|[from] item: Leftovers
|-heal|p2a: Blissey|96/100 tox|[from] item: Leftovers
|-damage|p2a: Blissey|90/100 tox|[from] psn
|upkeep
|turn|20
|inactive|COB 8 has 270 seconds left.
|
|t:|1728332797
|-curestatus|p2a: Blissey|tox|[from] ability: Natural Cure
|switch|p2a: Claydol|Claydol|100/100
|move|p1a: Porygon2|Recover|p1a: Porygon2
|-heal|p1a: Porygon2|100/100
|
|-weather|Sandstorm|[upkeep]
|-damage|p1a: Porygon2|94/100|[from] Sandstorm
|-heal|p1a: Porygon2|100/100|[from] item: Leftovers
|upkeep
|turn|21
|inactive|COB 8 has 270 seconds left.
|
|t:|1728332808
|move|p2a: Claydol|Psychic|p1a: Porygon2
|-damage|p1a: Porygon2|79/100
|move|p1a: Porygon2|Toxic|p2a: Claydol
|-status|p2a: Claydol|tox
|
|-weather|Sandstorm|[upkeep]
|-damage|p1a: Porygon2|73/100|[from] Sandstorm
|-damage|p2a: Claydol|95/100 tox|[from] psn
|-heal|p1a: Porygon2|79/100|[from] item: Leftovers
|upkeep
|turn|22
|
|t:|1728332814
|switch|p1a: Jirachi|Jirachi|73/100
|-damage|p1a: Jirachi|57/100|[from] Spikes
|move|p2a: Claydol|Psychic|p1a: Jirachi
|-resisted|p1a: Jirachi
|-damage|p1a: Jirachi|52/100
|
|-weather|Sandstorm|[upkeep]
|-heal|p1a: Jirachi|58/100|[from] item: Leftovers
|-heal|p2a: Claydol|100/100 tox|[from] item: Leftovers
|-damage|p2a: Claydol|89/100 tox|[from] psn
|upkeep
|turn|23
|
|t:|1728332823
|switch|p1a: Porygon2|Porygon2|79/100
|-damage|p1a: Porygon2|62/100|[from] Spikes
|-ability|p1a: Porygon2|Levitate|[from] ability: Trace|[of] p2a: Claydol
|move|p2a: Claydol|Earthquake|p1a: Porygon2
|-immune|p1a: Porygon2
|
|-weather|Sandstorm|[upkeep]
|-damage|p1a: Porygon2|56/100|[from] Sandstorm
|-heal|p2a: Claydol|95/100 tox|[from] item: Leftovers
|-damage|p2a: Claydol|77/100 tox|[from] psn
|-heal|p1a: Porygon2|62/100|[from] item: Leftovers
|upkeep
|turn|24
|
|t:|1728332831
|move|p2a: Claydol|Refresh|p2a: Claydol
|-curestatus|p2a: Claydol|tox|[msg]
|move|p1a: Porygon2|Ice Beam|p2a: Claydol
|-supereffective|p2a: Claydol
|-damage|p2a: Claydol|29/100
|-status|p2a: Claydol|frz
|
|-weather|Sandstorm|[upkeep]
|-damage|p1a: Porygon2|56/100|[from] Sandstorm
|-heal|p2a: Claydol|35/100 frz|[from] item: Leftovers
|-heal|p1a: Porygon2|62/100|[from] item: Leftovers
|upkeep
|turn|25
|
|t:|1728332849
|switch|p2a: Blissey|Blissey, F|90/100
|move|p1a: Porygon2|Recover|p1a: Porygon2
|-heal|p1a: Porygon2|100/100
|
|-weather|Sandstorm|[upkeep]
|-damage|p1a: Porygon2|94/100|[from] Sandstorm
|-damage|p2a: Blissey|84/100|[from] Sandstorm
|-heal|p1a: Porygon2|100/100|[from] item: Leftovers
|-heal|p2a: Blissey|90/100|[from] item: Leftovers
|upkeep
|turn|26
|
|t:|1728332862
|move|p1a: Porygon2|Toxic|p2a: Blissey|[miss]
|-miss|p1a: Porygon2|p2a: Blissey
|move|p2a: Blissey|Thunder Wave|p1a: Porygon2
|-status|p1a: Porygon2|par
|
|-weather|Sandstorm|[upkeep]
|-damage|p2a: Blissey|84/100|[from] Sandstorm
|-damage|p1a: Porygon2|94/100 par|[from] Sandstorm
|-heal|p2a: Blissey|90/100|[from] item: Leftovers
|-heal|p1a: Porygon2|100/100 par|[from] item: Leftovers
|upkeep
|turn|27
|
|t:|1728332867
|move|p2a: Blissey|Seismic Toss|p1a: Porygon2
|-damage|p1a: Porygon2|74/100 par
|cant|p1a: Porygon2|par
|
|-weather|Sandstorm|[upkeep]
|-damage|p2a: Blissey|84/100|[from] Sandstorm
|-damage|p1a: Porygon2|68/100 par|[from] Sandstorm
|-heal|p2a: Blissey|90/100|[from] item: Leftovers
|-heal|p1a: Porygon2|74/100 par|[from] item: Leftovers
|upkeep
|turn|28
|
|t:|1728332880
|switch|p1a: Jirachi|Jirachi|58/100
|-damage|p1a: Jirachi|41/100|[from] Spikes
|move|p2a: Blissey|Seismic Toss|p1a: Jirachi
|-damage|p1a: Jirachi|12/100
|
|-weather|Sandstorm|[upkeep]
|-damage|p2a: Blissey|84/100|[from] Sandstorm
|-heal|p1a: Jirachi|18/100|[from] item: Leftovers
|-heal|p2a: Blissey|90/100|[from] item: Leftovers
|upkeep
|turn|29
|
|t:|1728332898
|switch|p1a: Porygon2|Porygon2|74/100 par
|-damage|p1a: Porygon2|57/100 par|[from] Spikes
|-ability|p1a: Porygon2|Natural Cure|[from] ability: Trace|[of] p2a: Blissey
|move|p2a: Blissey|Seismic Toss|p1a: Porygon2
|-damage|p1a: Porygon2|30/100 par
|
|-weather|Sandstorm|[upkeep]
|-damage|p2a: Blissey|84/100|[from] Sandstorm
|-damage|p1a: Porygon2|24/100 par|[from] Sandstorm
|-heal|p2a: Blissey|90/100|[from] item: Leftovers
|-heal|p1a: Porygon2|30/100 par|[from] item: Leftovers
|upkeep
|turn|30
|
|t:|1728332904
|move|p2a: Blissey|Seismic Toss|p1a: Porygon2
|-damage|p1a: Porygon2|4/100 par
|move|p1a: Porygon2|Recover|p1a: Porygon2
|-heal|p1a: Porygon2|54/100 par
|
|-weather|Sandstorm|[upkeep]
|-damage|p2a: Blissey|84/100|[from] Sandstorm
|-damage|p1a: Porygon2|48/100 par|[from] Sandstorm
|-heal|p2a: Blissey|90/100|[from] item: Leftovers
|-heal|p1a: Porygon2|54/100 par|[from] item: Leftovers
|upkeep
|turn|31
|
|t:|1728332911
|move|p2a: Blissey|Seismic Toss|p1a: Porygon2
|-damage|p1a: Porygon2|27/100 par
|cant|p1a: Porygon2|par
|
|-weather|Sandstorm|[upkeep]
|-damage|p2a: Blissey|84/100|[from] Sandstorm
|-damage|p1a: Porygon2|21/100 par|[from] Sandstorm
|-heal|p2a: Blissey|90/100|[from] item: Leftovers
|-heal|p1a: Porygon2|27/100 par|[from] item: Leftovers
|upkeep
|turn|32
|
|t:|1728332915
|move|p2a: Blissey|Seismic Toss|p1a: Porygon2
|-damage|p1a: Porygon2|0 fnt
|faint|p1a: Porygon2
|-message|JCEntrena forfeited.
|
|win|COB 8
|c|☆JCEntrena|I played that horribly lmao
|c|☆JCEntrena|GG
|c|☆COB 8|gg

</script>
<script type="application/json" class="data" id="replaydata-smogtours-gen3ou-796235">
{"id":"smogtours-gen3ou-796235","format":"[Gen 3] OU","players":["JCEntrena","COB 8"],"uploadtime":1728332922,"views":86,"formatid":"gen3ou","rating":null,"private":0,"password":null}
</script>

<script defer src="js/replays.js?9d40a366"></script>
