<!DOCTYPE html>
<meta charset="utf-8" />
<meta name="viewport" content="width=device-width" />

<title>[Gen 3] OU: naisuneicha vs. Segale - Replays - Pok&eacute;mon Showdown!</title>

<meta name="description" content="Watch a replay of a Pok&eacute;mon battle between naisuneicha and Segale! Format: [Gen 3] OU; Date: Nov 14, 2024" />
<!--

Hey, you! Looking in the source for the replay log?

You can find them in JSON format, just add `.json` at the end of a replay URL.

https://replay.pokemonshowdown.com/gen7randomdoublesbattle-865046831.json

Or, if you only need the log itself, add `.log` instead:

https://replay.pokemonshowdown.com/gen7randomdoublesbattle-865046831.log

-->

<link rel="stylesheet" href="//pokemonshowdown.com/style/global.css?0.767286132409787" />
<link rel="stylesheet" href="//play.pokemonshowdown.com/style/font-awesome.css?0.9266228007934947" />
<link rel="stylesheet" href="//play.pokemonshowdown.com/style/battle.css?0.7924700842790926" />
<link rel="stylesheet" href="//play.pokemonshowdown.com/style/utilichart.css?0.8777417872839479" />

<!-- Global site tag (gtag.js) - Google Analytics -->
<script async src="https://www.googletagmanager.com/gtag/js?id=UA-26211653-1"></script>
<script>
  window.dataLayer = window.dataLayer || [];
  function gtag(){dataLayer.push(arguments);}
  gtag('js', new Date());

  gtag('config', 'UA-26211653-1');
</script>
<!-- End Google Analytics -->
<!-- Venatus Ad Manager - Install in <HEAD> of page -->
	<script src="https://hb.vntsm.com/v3/live/ad-manager.min.js" type="text/javascript" data-site-id="642aba63ec9a7b11c3c9c1be" data-mode="scan" async></script>
<!-- / Venatus Ad Manager -->

<style>
	@media (max-width:820px) {
		.battle {
			margin: 0 auto;
		}
		.battle-log {
			margin: 7px auto 0;
			max-width: 640px;
			height: 300px;
			position: static;
		}
	}
	.optgroup {
		display: inline-block;
		line-height: 22px;
		font-size: 10pt;
	}
	.optgroup .button {
		height: 25px;
		padding-top: 0;
		padding-bottom: 0;
	}
	.optgroup button.button {
		padding-left: 12px;
		padding-right: 12px;
	}
	.linklist {
		list-style: none;
		margin: 0.5em 0;
		padding: 0;
	}
	.linklist li {
		padding: 2px 0;
	}
	.sidebar {
		float: left;
		width: 320px;
	}
	.bar-wrapper {
		max-width: 1100px;
		margin: 0 auto;
	}
	.bar-wrapper.has-sidebar {
		max-width: 1430px;
	}
	.mainbar {
		margin: 0;
		padding-right: 1px;
	}
	.mainbar.has-sidebar {
		margin-left: 330px;
	}
	@media (min-width: 1511px) {
		.sidebar {
			width: 400px;
		}
		.bar-wrapper.has-sidebar {
			max-width: 1510px;
		}
		.mainbar.has-sidebar {
			margin-left: 410px;
		}
	}
	.section.first-section {
		margin-top: 9px;
	}
	.blocklink small {
		white-space: normal;
	}
	.button {
		vertical-align: middle;
	}
	.replay-controls {
		padding-top: 10px;
	}
	.replay-controls h1 {
		font-size: 16pt;
		font-weight: normal;
		color: #CCC;
	}
	.pagelink {
		text-align: center;
	}
	.pagelink a {
		width: 150px;
	}
	.textbox, .button {
		font-size: 11pt;
		vertical-align: middle;
	}
	@media (max-width: 450px) {
		.button {
			font-size: 9pt;
		}
	}
</style>

<div>

	<header>
		<div class="nav-wrapper"><ul class="nav">
			<li><a class="button nav-first" href="//pokemonshowdown.com/"><img src="//pokemonshowdown.com/images/pokemonshowdownbeta.png" srcset="//pokemonshowdown.com/images/pokemonshowdownbeta.png 1x, //pokemonshowdown.com/images/pokemonshowdownbeta@2x.png 2x" alt="Pok&eacute;mon Showdown" width="146" height="44" /> Home</a></li>
			<li><a class="button" href="//pokemonshowdown.com/dex/">Pok&eacute;dex</a></li>
			<li><a class="button cur" href="/">Replays</a></li>
			<li><a class="button" href="//pokemonshowdown.com/ladder/">Ladder</a></li>
			<li><a class="button nav-last" href="//pokemonshowdown.com/forums/">Forum</a></li>
			<li><a class="button greenbutton nav-first nav-last" href="//play.pokemonshowdown.com/">Play</a></li>
		</ul></div>
	</header>

	<div class="main" id="main">

		<noscript><section class="section">You need to enable JavaScript to use this page; sorry!</section></noscript>

	</div>

</div>

<script defer nomodule src="//play.pokemonshowdown.com/js/lib/ps-polyfill.js"></script>
<script defer src="//play.pokemonshowdown.com/js/lib/preact.min.js"></script>

<script defer src="//play.pokemonshowdown.com/config/config.js?6dec07f6"></script>
<script defer src="//play.pokemonshowdown.com/js/lib/jquery-1.11.0.min.js"></script>
<script defer src="//play.pokemonshowdown.com/js/lib/html-sanitizer-minified.js"></script>
<script defer src="//play.pokemonshowdown.com/js/battle-sound.js"></script>
<script defer src="//play.pokemonshowdown.com/js/battledata.js?0.6315294753075389"></script>
<script defer src="//play.pokemonshowdown.com/data/pokedex-mini.js?0.7603743185311358"></script>
<script defer src="//play.pokemonshowdown.com/data/pokedex-mini-bw.js?0.030888842834281283"></script>
<script defer src="//play.pokemonshowdown.com/data/graphics.js?0.05593094747507488"></script>
<script defer src="//play.pokemonshowdown.com/data/pokedex.js?0.47064822249611904"></script>
<script defer src="//play.pokemonshowdown.com/data/moves.js?0.8583693120512459"></script>
<script defer src="//play.pokemonshowdown.com/data/abilities.js?0.16017181182386842"></script>
<script defer src="//play.pokemonshowdown.com/data/items.js?0.4163379185673943"></script>
<script defer src="//play.pokemonshowdown.com/data/teambuilder-tables.js?0.31075597372830477"></script>
<script defer src="//play.pokemonshowdown.com/js/battle-tooltips.js?0.6536193500708172"></script>
<script defer src="//play.pokemonshowdown.com/js/battle.js?0.1916591943277901"></script>

<script defer src="js/utils.js?e31f9a17"></script>
<script defer src="js/replays-battle.js?7008c182"></script>

<!-- don't scrape this data! just add .json or .log after the URL!
Full API docs: https://github.com/smogon/pokemon-showdown-client/blob/master/WEB-API.md -->
<script type="text/plain" class="log" id="replaylog-smogtours-gen3ou-806243">
|inactive|Battle timer is ON: inactive players will automatically lose when time's up.
|t:|1731608044
|gametype|singles
|player|p1|naisuneicha|karen|
|player|p2|Segale|blue|
|teamsize|p1|6
|teamsize|p2|6
|gen|3
|tier|[Gen 3] OU
|rule|Sleep Clause Mod: Limit one foe put to sleep
|rule|Switch Priority Clause Mod: Faster Pokémon switch first
|rule|Species Clause: Limit one of each Pokémon
|rule|OHKO Clause: OHKO moves are banned
|rule|Evasion Items Clause: Evasion items are banned
|rule|Evasion Moves Clause: Evasion moves are banned
|rule|Endless Battle Clause: Forcing endless battles is banned
|rule|HP Percentage Mod: HP is shown in percentages
|rule|One Boost Passer Clause: Limit one Baton Passer that has a way to boost its stats
|rule|Freeze Clause Mod: Limit one foe frozen
|
|t:|1731608044
|start
|switch|p1a: Glalie|Glalie, M|100/100
|switch|p2a: Smeargle|Smeargle, M|100/100
|turn|1
|
|t:|1731608053
|switch|p2a: Metagross|Metagross|100/100
|switch|p1a: Magneton|Magneton|100/100
|
|upkeep
|turn|2
|
|t:|1731608065
|move|p1a: Magneton|Thunder Wave|p2a: Metagross
|-status|p2a: Metagross|par
|cant|p2a: Metagross|par
|
|upkeep
|turn|3
|
|t:|1731608078
|switch|p1a: Zapdos|Zapdos|100/100
|move|p2a: Metagross|Earthquake|p1a: Zapdos
|-immune|p1a: Zapdos
|
|upkeep
|turn|4
|
|t:|1731608085
|move|p1a: Zapdos|Substitute|p1a: Zapdos
|-start|p1a: Zapdos|Substitute
|-damage|p1a: Zapdos|75/100
|move|p2a: Metagross|Explosion|p1a: Zapdos
|-end|p1a: Zapdos|Substitute
|faint|p2a: Metagross
|
|t:|1731608091
|switch|p2a: Smeargle|Smeargle, M|100/100
|
|-heal|p1a: Zapdos|82/100|[from] item: Leftovers
|upkeep
|turn|5
|
|t:|1731608099
|move|p1a: Zapdos|Baton Pass|p1a: Zapdos
|
|t:|1731608102
|switch|p1a: Magneton|Magneton|100/100|[from] Baton Pass
|move|p2a: Smeargle|Encore||[still]
|-fail|p2a: Smeargle
|
|upkeep
|turn|6
|
|t:|1731608118
|move|p2a: Smeargle|Spore|p1a: Magneton
|-status|p1a: Magneton|slp|[from] move: Spore
|cant|p1a: Magneton|slp
|
|upkeep
|turn|7
|
|t:|1731608122
|switch|p1a: Glalie|Glalie, M|100/100
|move|p2a: Smeargle|Spikes|p1a: Glalie
|-sidestart|p1: naisuneicha|Spikes
|
|upkeep
|turn|8
|
|t:|1731608129
|move|p2a: Smeargle|Spikes|p1a: Glalie
|-sidestart|p1: naisuneicha|Spikes
|move|p1a: Glalie|Taunt|p2a: Smeargle
|-start|p2a: Smeargle|move: Taunt
|
|upkeep
|turn|9
|
|t:|1731608135
|move|p2a: Smeargle|Struggle|p1a: Glalie
|-damage|p1a: Glalie|96/100
|-damage|p2a: Smeargle|99/100|[from] Recoil|[of] p1a: Glalie
|move|p1a: Glalie|Spikes|p2a: Smeargle
|-sidestart|p2: Segale|Spikes
|
|-end|p2a: Smeargle|move: Taunt|[silent]
|upkeep
|turn|10
|
|t:|1731608153
|switch|p1a: Zapdos|Zapdos|82/100
|move|p2a: Smeargle|Spikes|p1a: Zapdos
|-sidestart|p1: naisuneicha|Spikes
|
|-heal|p1a: Zapdos|88/100|[from] item: Leftovers
|upkeep
|turn|11
|
|t:|1731608173
|move|p1a: Zapdos|Baton Pass|p1a: Zapdos
|
|t:|1731608175
|switch|p1a: Glalie|Glalie, M|96/100|[from] Baton Pass
|-damage|p1a: Glalie|71/100|[from] Spikes
|move|p2a: Smeargle|Encore||[still]
|-fail|p2a: Smeargle
|
|upkeep
|turn|12
|
|t:|1731608185
|switch|p2a: Tyranitar|Tyranitar, M|100/100
|-damage|p2a: Tyranitar|88/100|[from] Spikes
|-weather|Sandstorm|[from] ability: Sand Stream|[of] p2a: Tyranitar
|move|p1a: Glalie|Explosion|p2a: Tyranitar
|-resisted|p2a: Tyranitar
|-damage|p2a: Tyranitar|52/100
|faint|p1a: Glalie
|
|t:|1731608193
|switch|p1a: Breloom|Breloom, F|100/100
|-damage|p1a: Breloom|76/100|[from] Spikes
|
|-weather|Sandstorm|[upkeep]
|-damage|p1a: Breloom|69/100|[from] Sandstorm
|-heal|p1a: Breloom|76/100|[from] item: Leftovers
|-heal|p2a: Tyranitar|58/100|[from] item: Leftovers
|upkeep
|turn|13
|
|t:|1731608196
|switch|p2a: Smeargle|Smeargle, M|99/100
|-damage|p2a: Smeargle|86/100|[from] Spikes
|move|p1a: Breloom|Spore|p2a: Smeargle
|-status|p2a: Smeargle|slp|[from] move: Spore
|
|-weather|Sandstorm|[upkeep]
|-damage|p2a: Smeargle|80/100 slp|[from] Sandstorm
|-damage|p1a: Breloom|69/100|[from] Sandstorm
|-heal|p1a: Breloom|76/100|[from] item: Leftovers
|upkeep
|turn|14
|
|t:|1731608207
|switch|p2a: Gengar|Gengar, M|100/100
|move|p1a: Breloom|Substitute|p1a: Breloom
|-start|p1a: Breloom|Substitute
|-damage|p1a: Breloom|51/100
|
|-weather|Sandstorm|[upkeep]
|-damage|p2a: Gengar|94/100|[from] Sandstorm
|-damage|p1a: Breloom|45/100|[from] Sandstorm
|-heal|p2a: Gengar|100/100|[from] item: Leftovers
|-heal|p1a: Breloom|51/100|[from] item: Leftovers
|upkeep
|turn|15
|
|t:|1731608212
|move|p2a: Gengar|Substitute|p2a: Gengar
|-start|p2a: Gengar|Substitute
|-damage|p2a: Gengar|75/100
|move|p1a: Breloom|Stun Spore||[still]
|-fail|p1a: Breloom
|
|-weather|Sandstorm|[upkeep]
|-damage|p2a: Gengar|69/100|[from] Sandstorm
|-damage|p1a: Breloom|45/100|[from] Sandstorm
|-heal|p2a: Gengar|75/100|[from] item: Leftovers
|-heal|p1a: Breloom|51/100|[from] item: Leftovers
|upkeep
|turn|16
|inactive|naisuneicha has 270 seconds left.
|
|t:|1731608250
|-singleturn|p2a: Gengar|move: Focus Punch
|switch|p1a: Magneton|Magneton|100/100 slp
|-damage|p1a: Magneton|76/100 slp|[from] Spikes
|move|p2a: Gengar|Focus Punch|p1a: Magneton
|-supereffective|p1a: Magneton
|-damage|p1a: Magneton|0 fnt
|faint|p1a: Magneton
|
|t:|1731608256
|switch|p1a: Zapdos|Zapdos|88/100
|
|-weather|Sandstorm|[upkeep]
|-damage|p2a: Gengar|69/100|[from] Sandstorm
|-damage|p1a: Zapdos|82/100|[from] Sandstorm
|-heal|p2a: Gengar|75/100|[from] item: Leftovers
|-heal|p1a: Zapdos|88/100|[from] item: Leftovers
|upkeep
|turn|17
|inactive|naisuneicha has 270 seconds left.
|
|t:|1731608270
|move|p2a: Gengar|Will-O-Wisp|p1a: Zapdos
|-status|p1a: Zapdos|brn
|move|p1a: Zapdos|Agility|p1a: Zapdos
|-boost|p1a: Zapdos|spe|2
|
|-weather|Sandstorm|[upkeep]
|-damage|p1a: Zapdos|82/100 brn|[from] Sandstorm
|-damage|p2a: Gengar|69/100|[from] Sandstorm
|-heal|p1a: Zapdos|88/100 brn|[from] item: Leftovers
|-damage|p1a: Zapdos|75/100 brn|[from] brn
|-heal|p2a: Gengar|75/100|[from] item: Leftovers
|upkeep
|turn|18
|
|t:|1731608277
|move|p1a: Zapdos|Substitute|p1a: Zapdos
|-start|p1a: Zapdos|Substitute
|-damage|p1a: Zapdos|50/100 brn
|move|p2a: Gengar|Substitute|p2a: Gengar
|-fail|p2a: Gengar|move: Substitute
|
|-weather|Sandstorm|[upkeep]
|-damage|p1a: Zapdos|44/100 brn|[from] Sandstorm
|-damage|p2a: Gengar|69/100|[from] Sandstorm
|-heal|p1a: Zapdos|50/100 brn|[from] item: Leftovers
|-damage|p1a: Zapdos|38/100 brn|[from] brn
|-heal|p2a: Gengar|75/100|[from] item: Leftovers
|upkeep
|turn|19
|
|t:|1731608288
|-singleturn|p2a: Gengar|move: Focus Punch
|move|p1a: Zapdos|Baton Pass|p1a: Zapdos
|inactive|naisuneicha has 270 seconds left.
|
|t:|1731608301
|switch|p1a: Scizor|Scizor, F|100/100|[from] Baton Pass
|-damage|p1a: Scizor|76/100|[from] Spikes
|move|p2a: Gengar|Focus Punch|p1a: Scizor
|-crit|p1a: Scizor
|-end|p1a: Scizor|Substitute
|
|-weather|Sandstorm|[upkeep]
|-damage|p2a: Gengar|69/100|[from] Sandstorm
|-heal|p2a: Gengar|75/100|[from] item: Leftovers
|upkeep
|turn|20
|
|t:|1731608310
|move|p1a: Scizor|Substitute|p1a: Scizor
|-start|p1a: Scizor|Substitute
|-damage|p1a: Scizor|51/100
|move|p2a: Gengar|Will-O-Wisp||[still]
|-fail|p2a: Gengar
|
|-weather|Sandstorm|[upkeep]
|-damage|p2a: Gengar|69/100|[from] Sandstorm
|-heal|p2a: Gengar|75/100|[from] item: Leftovers
|upkeep
|turn|21
|inactive|naisuneicha has 270 seconds left.
|
|t:|1731608351
|-singleturn|p2a: Gengar|move: Focus Punch
|move|p1a: Scizor|Swords Dance|p1a: Scizor
|-boost|p1a: Scizor|atk|2
|move|p2a: Gengar|Focus Punch|p1a: Scizor
|-end|p1a: Scizor|Substitute
|
|-weather|Sandstorm|[upkeep]
|-damage|p2a: Gengar|69/100|[from] Sandstorm
|-heal|p2a: Gengar|75/100|[from] item: Leftovers
|upkeep
|turn|22
|inactive|naisuneicha has 240 seconds left.
|
|t:|1731608370
|-singleturn|p2a: Gengar|move: Focus Punch
|move|p1a: Scizor|Hidden Power|p2a: Gengar
|-resisted|p2a: Gengar
|-end|p2a: Gengar|Substitute
|move|p2a: Gengar|Focus Punch|p1a: Scizor
|-damage|p1a: Scizor|17/100
|
|-weather|Sandstorm|[upkeep]
|-damage|p2a: Gengar|69/100|[from] Sandstorm
|-enditem|p1a: Scizor|Liechi Berry|[eat]
|-boost|p1a: Scizor|atk|1|[from] item: Liechi Berry
|-heal|p2a: Gengar|75/100|[from] item: Leftovers
|upkeep
|turn|23
|
|t:|1731608379
|move|p1a: Scizor|Hidden Power|p2a: Gengar
|-resisted|p2a: Gengar
|-damage|p2a: Gengar|4/100
|move|p2a: Gengar|Explosion|p1a: Scizor
|-resisted|p1a: Scizor
|-damage|p1a: Scizor|0 fnt
|faint|p2a: Gengar
|faint|p1a: Scizor
|c|☆naisuneicha|aw im cooked 
|inactive|naisuneicha has 240 seconds left.
|
|t:|1731608399
|switch|p2a: Zapdos|Zapdos|100/100
|switch|p1a: Breloom|Breloom, F|51/100
|-damage|p1a: Breloom|26/100|[from] Spikes
|
|-weather|Sandstorm|[upkeep]
|-damage|p2a: Zapdos|94/100|[from] Sandstorm
|-damage|p1a: Breloom|20/100|[from] Sandstorm
|-heal|p2a: Zapdos|100/100|[from] item: Leftovers
|-heal|p1a: Breloom|26/100|[from] item: Leftovers
|upkeep
|turn|24
|
|t:|1731608403
|move|p2a: Zapdos|Hidden Power|p1a: Breloom
|-supereffective|p1a: Breloom
|-damage|p1a: Breloom|0 fnt
|faint|p1a: Breloom
|
|t:|1731608413
|switch|p1a: Zapdos|Zapdos|38/100 brn
|
|-weather|Sandstorm|[upkeep]
|-damage|p1a: Zapdos|32/100 brn|[from] Sandstorm
|-damage|p2a: Zapdos|94/100|[from] Sandstorm
|-heal|p1a: Zapdos|38/100 brn|[from] item: Leftovers
|-damage|p1a: Zapdos|25/100 brn|[from] brn
|-heal|p2a: Zapdos|100/100|[from] item: Leftovers
|upkeep
|turn|25
|
|t:|1731608416
|move|p1a: Zapdos|Thunder Wave|p2a: Zapdos
|-status|p2a: Zapdos|par
|move|p2a: Zapdos|Thunderbolt|p1a: Zapdos
|-damage|p1a: Zapdos|0 fnt
|faint|p1a: Zapdos
|
|t:|1731608419
|switch|p1a: Marowak|Marowak, F|100/100
|-damage|p1a: Marowak|76/100|[from] Spikes
|
|-weather|Sandstorm|[upkeep]
|-damage|p2a: Zapdos|94/100 par|[from] Sandstorm
|-heal|p2a: Zapdos|100/100 par|[from] item: Leftovers
|upkeep
|turn|26
|
|t:|1731608426
|move|p1a: Marowak|Swords Dance|p1a: Marowak
|-boost|p1a: Marowak|atk|2
|move|p2a: Zapdos|Hidden Power|p1a: Marowak
|-supereffective|p1a: Marowak
|-damage|p1a: Marowak|3/100
|
|-weather|Sandstorm|[upkeep]
|-damage|p2a: Zapdos|94/100 par|[from] Sandstorm
|-heal|p2a: Zapdos|100/100 par|[from] item: Leftovers
|upkeep
|turn|27
|
|t:|1731608428
|move|p1a: Marowak|Rock Slide|p2a: Zapdos
|-supereffective|p2a: Zapdos
|-damage|p2a: Zapdos|0 fnt
|faint|p2a: Zapdos
|
|t:|1731608430
|switch|p2a: Swampert|Swampert, M|100/100
|-damage|p2a: Swampert|88/100|[from] Spikes
|
|-weather|Sandstorm|[upkeep]
|upkeep
|turn|28
|
|t:|1731608432
|move|p2a: Swampert|Surf|p1a: Marowak
|-supereffective|p1a: Marowak
|-damage|p1a: Marowak|0 fnt
|faint|p1a: Marowak
|
|win|Segale
|c|☆Segale|ggs
|c|☆naisuneicha|gg

</script>
<script type="application/json" class="data" id="replaydata-smogtours-gen3ou-806243">
{"id":"smogtours-gen3ou-806243","format":"[Gen 3] OU","players":["naisuneicha","Segale"],"uploadtime":1731608432,"views":3,"formatid":"gen3ou","rating":null,"private":1,"password":null}
</script>

<script defer src="js/replays.js?9d40a366"></script>
