<!DOCTYPE html>
<meta charset="utf-8" />
<meta name="viewport" content="width=device-width" />

<title>[Gen 3] OU: AnotherAshenSoul vs. ProfessorKid - Replays - Pok&eacute;mon Showdown!</title>

<meta name="description" content="Watch a replay of a Pok&eacute;mon battle between AnotherAshenSoul and ProfessorKid! Format: [Gen 3] OU; Date: Oct 12, 2024" />
<!--

Hey, you! Looking in the source for the replay log?

You can find them in JSON format, just add `.json` at the end of a replay URL.

https://replay.pokemonshowdown.com/gen7randomdoublesbattle-865046831.json

Or, if you only need the log itself, add `.log` instead:

https://replay.pokemonshowdown.com/gen7randomdoublesbattle-865046831.log

-->

<link rel="stylesheet" href="//pokemonshowdown.com/style/global.css?0.023195364461161105" />
<link rel="stylesheet" href="//play.pokemonshowdown.com/style/font-awesome.css?0.13261647063804238" />
<link rel="stylesheet" href="//play.pokemonshowdown.com/style/battle.css?0.8753245789963631" />
<link rel="stylesheet" href="//play.pokemonshowdown.com/style/utilichart.css?0.8627959624976733" />

<!-- Global site tag (gtag.js) - Google Analytics -->
<script async src="https://www.googletagmanager.com/gtag/js?id=UA-26211653-1"></script>
<script>
  window.dataLayer = window.dataLayer || [];
  function gtag(){dataLayer.push(arguments);}
  gtag('js', new Date());

  gtag('config', 'UA-26211653-1');
</script>
<!-- End Google Analytics -->
<!-- Venatus Ad Manager - Install in <HEAD> of page -->
	<script src="https://hb.vntsm.com/v3/live/ad-manager.min.js" type="text/javascript" data-site-id="642aba63ec9a7b11c3c9c1be" data-mode="scan" async></script>
<!-- / Venatus Ad Manager -->

<style>
	@media (max-width:820px) {
		.battle {
			margin: 0 auto;
		}
		.battle-log {
			margin: 7px auto 0;
			max-width: 640px;
			height: 300px;
			position: static;
		}
	}
	.optgroup {
		display: inline-block;
		line-height: 22px;
		font-size: 10pt;
	}
	.optgroup .button {
		height: 25px;
		padding-top: 0;
		padding-bottom: 0;
	}
	.optgroup button.button {
		padding-left: 12px;
		padding-right: 12px;
	}
	.linklist {
		list-style: none;
		margin: 0.5em 0;
		padding: 0;
	}
	.linklist li {
		padding: 2px 0;
	}
	.sidebar {
		float: left;
		width: 320px;
	}
	.bar-wrapper {
		max-width: 1100px;
		margin: 0 auto;
	}
	.bar-wrapper.has-sidebar {
		max-width: 1430px;
	}
	.mainbar {
		margin: 0;
		padding-right: 1px;
	}
	.mainbar.has-sidebar {
		margin-left: 330px;
	}
	@media (min-width: 1511px) {
		.sidebar {
			width: 400px;
		}
		.bar-wrapper.has-sidebar {
			max-width: 1510px;
		}
		.mainbar.has-sidebar {
			margin-left: 410px;
		}
	}
	.section.first-section {
		margin-top: 9px;
	}
	.blocklink small {
		white-space: normal;
	}
	.button {
		vertical-align: middle;
	}
	.replay-controls {
		padding-top: 10px;
	}
	.replay-controls h1 {
		font-size: 16pt;
		font-weight: normal;
		color: #CCC;
	}
	.pagelink {
		text-align: center;
	}
	.pagelink a {
		width: 150px;
	}
	.textbox, .button {
		font-size: 11pt;
		vertical-align: middle;
	}
	@media (max-width: 450px) {
		.button {
			font-size: 9pt;
		}
	}
</style>

<div>

	<header>
		<div class="nav-wrapper"><ul class="nav">
			<li><a class="button nav-first" href="//pokemonshowdown.com/"><img src="//pokemonshowdown.com/images/pokemonshowdownbeta.png" srcset="//pokemonshowdown.com/images/pokemonshowdownbeta.png 1x, //pokemonshowdown.com/images/pokemonshowdownbeta@2x.png 2x" alt="Pok&eacute;mon Showdown" width="146" height="44" /> Home</a></li>
			<li><a class="button" href="//pokemonshowdown.com/dex/">Pok&eacute;dex</a></li>
			<li><a class="button cur" href="/">Replays</a></li>
			<li><a class="button" href="//pokemonshowdown.com/ladder/">Ladder</a></li>
			<li><a class="button nav-last" href="//pokemonshowdown.com/forums/">Forum</a></li>
			<li><a class="button greenbutton nav-first nav-last" href="//play.pokemonshowdown.com/">Play</a></li>
		</ul></div>
	</header>

	<div class="main" id="main">

		<noscript><section class="section">You need to enable JavaScript to use this page; sorry!</section></noscript>

	</div>

</div>

<script defer nomodule src="//play.pokemonshowdown.com/js/lib/ps-polyfill.js"></script>
<script defer src="//play.pokemonshowdown.com/js/lib/preact.min.js"></script>

<script defer src="//play.pokemonshowdown.com/config/config.js?2bddbc15"></script>
<script defer src="//play.pokemonshowdown.com/js/lib/jquery-1.11.0.min.js"></script>
<script defer src="//play.pokemonshowdown.com/js/lib/html-sanitizer-minified.js"></script>
<script defer src="//play.pokemonshowdown.com/js/battle-sound.js"></script>
<script defer src="//play.pokemonshowdown.com/js/battledata.js?0.7209276989879541"></script>
<script defer src="//play.pokemonshowdown.com/data/pokedex-mini.js?0.6111056340867951"></script>
<script defer src="//play.pokemonshowdown.com/data/pokedex-mini-bw.js?0.3532142036491459"></script>
<script defer src="//play.pokemonshowdown.com/data/graphics.js?0.24223875632456182"></script>
<script defer src="//play.pokemonshowdown.com/data/pokedex.js?0.38839984266356864"></script>
<script defer src="//play.pokemonshowdown.com/data/moves.js?0.21866028504024015"></script>
<script defer src="//play.pokemonshowdown.com/data/abilities.js?0.2005157953846628"></script>
<script defer src="//play.pokemonshowdown.com/data/items.js?0.9894211263848525"></script>
<script defer src="//play.pokemonshowdown.com/data/teambuilder-tables.js?0.6008791140282215"></script>
<script defer src="//play.pokemonshowdown.com/js/battle-tooltips.js?0.7580118955022959"></script>
<script defer src="//play.pokemonshowdown.com/js/battle.js?0.6057722274234274"></script>

<script defer src="js/utils.js?e31f9a17"></script>
<script defer src="js/replays-battle.js?7008c182"></script>

<!-- don't scrape this data! just add .json or .log after the URL!
Full API docs: https://github.com/smogon/pokemon-showdown-client/blob/master/WEB-API.md -->
<script type="text/plain" class="log" id="replaylog-smogtours-gen3ou-797467">
|inactive|Battle timer is ON: inactive players will automatically lose when time's up.
|t:|1728745942
|gametype|singles
|player|p1|AnotherAshenSoul|sabrina-masters|
|player|p2|ProfessorKid|1|
|teamsize|p1|6
|teamsize|p2|6
|gen|3
|tier|[Gen 3] OU
|rule|Sleep Clause Mod: Limit one foe put to sleep
|rule|Switch Priority Clause Mod: Faster Pokémon switch first
|rule|Species Clause: Limit one of each Pokémon
|rule|OHKO Clause: OHKO moves are banned
|rule|Evasion Items Clause: Evasion items are banned
|rule|Evasion Moves Clause: Evasion moves are banned
|rule|Endless Battle Clause: Forcing endless battles is banned
|rule|HP Percentage Mod: HP is shown in percentages
|rule|One Boost Passer Clause: Limit one Baton Passer that has a way to boost its stats
|rule|Freeze Clause Mod: Limit one foe frozen
|
|t:|1728745942
|start
|switch|p1a: 1337x|Tyranitar, F|100/100
|switch|p2a: Salamence|Salamence, F|100/100
|-ability|p2a: Salamence|Intimidate|boost
|-unboost|p1a: 1337x|atk|1
|-weather|Sandstorm|[from] ability: Sand Stream|[of] p1a: 1337x
|turn|1
|
|t:|1728745969
|switch|p1a: Fitgirl Repacks|Swampert, M|100/100
|move|p2a: Salamence|Brick Break|p1a: Fitgirl Repacks
|-damage|p1a: Fitgirl Repacks|82/100
|
|-weather|Sandstorm|[upkeep]
|-damage|p2a: Salamence|94/100|[from] Sandstorm
|-heal|p2a: Salamence|100/100|[from] item: Leftovers
|-heal|p1a: Fitgirl Repacks|88/100|[from] item: Leftovers
|upkeep
|turn|2
|
|t:|1728745978
|switch|p2a: Suicune|Suicune|100/100
|move|p1a: Fitgirl Repacks|Ice Beam|p2a: Suicune
|-resisted|p2a: Suicune
|-damage|p2a: Suicune|94/100
|
|-weather|Sandstorm|[upkeep]
|-damage|p2a: Suicune|87/100|[from] Sandstorm
|-heal|p2a: Suicune|94/100|[from] item: Leftovers
|-heal|p1a: Fitgirl Repacks|95/100|[from] item: Leftovers
|upkeep
|turn|3
|
|t:|1728745987
|switch|p1a: Napster|Skarmory, F|100/100
|move|p2a: Suicune|Calm Mind|p2a: Suicune
|-boost|p2a: Suicune|spa|1
|-boost|p2a: Suicune|spd|1
|
|-weather|Sandstorm|[upkeep]
|-damage|p2a: Suicune|87/100|[from] Sandstorm
|-heal|p2a: Suicune|94/100|[from] item: Leftovers
|upkeep
|turn|4
|
|t:|1728745990
|move|p2a: Suicune|Surf|p1a: Napster
|-crit|p1a: Napster
|-damage|p1a: Napster|0 fnt
|faint|p1a: Napster
|
|t:|1728745994
|switch|p1a: Kazaa|Zapdos|100/100
|
|-weather|Sandstorm|[upkeep]
|-damage|p1a: Kazaa|94/100|[from] Sandstorm
|-damage|p2a: Suicune|87/100|[from] Sandstorm
|-heal|p1a: Kazaa|100/100|[from] item: Leftovers
|-heal|p2a: Suicune|94/100|[from] item: Leftovers
|upkeep
|turn|5
|
|t:|1728745996
|move|p1a: Kazaa|Thunderbolt|p2a: Suicune
|-supereffective|p2a: Suicune
|-damage|p2a: Suicune|53/100
|move|p2a: Suicune|Ice Beam|p1a: Kazaa
|-supereffective|p1a: Kazaa
|-damage|p1a: Kazaa|44/100
|
|-weather|Sandstorm|[upkeep]
|-damage|p1a: Kazaa|38/100|[from] Sandstorm
|-damage|p2a: Suicune|47/100|[from] Sandstorm
|-heal|p1a: Kazaa|44/100|[from] item: Leftovers
|-heal|p2a: Suicune|53/100|[from] item: Leftovers
|upkeep
|turn|6
|
|t:|1728746008
|switch|p1a: Limewire|Blissey, F|100/100
|move|p2a: Suicune|Ice Beam|p1a: Limewire
|-crit|p1a: Limewire
|-damage|p1a: Limewire|72/100
|
|-weather|Sandstorm|[upkeep]
|-damage|p2a: Suicune|47/100|[from] Sandstorm
|-damage|p1a: Limewire|66/100|[from] Sandstorm
|-heal|p2a: Suicune|53/100|[from] item: Leftovers
|-heal|p1a: Limewire|72/100|[from] item: Leftovers
|upkeep
|turn|7
|
|t:|1728746031
|switch|p2a: Metagross|Metagross|100/100
|move|p1a: Limewire|Thunder Wave|p2a: Metagross
|-status|p2a: Metagross|par
|
|-weather|Sandstorm|[upkeep]
|-damage|p1a: Limewire|66/100|[from] Sandstorm
|-heal|p1a: Limewire|72/100|[from] item: Leftovers
|upkeep
|turn|8
|
|t:|1728746042
|switch|p1a: Fitgirl Repacks|Swampert, M|95/100
|cant|p2a: Metagross|par
|
|-weather|Sandstorm|[upkeep]
|-heal|p1a: Fitgirl Repacks|100/100|[from] item: Leftovers
|upkeep
|turn|9
|
|t:|1728746053
|switch|p2a: Blissey|Blissey, F|100/100
|move|p1a: Fitgirl Repacks|Earthquake|p2a: Blissey
|-damage|p2a: Blissey|68/100
|
|-weather|Sandstorm|[upkeep]
|-damage|p2a: Blissey|61/100|[from] Sandstorm
|-heal|p2a: Blissey|68/100|[from] item: Leftovers
|upkeep
|turn|10
|
|t:|1728746068
|switch|p2a: Heracross|Heracross, M|100/100
|move|p1a: Fitgirl Repacks|Protect||[still]
|-fail|p1a: Fitgirl Repacks
|
|-weather|Sandstorm|[upkeep]
|-damage|p2a: Heracross|95/100|[from] Sandstorm
|upkeep
|turn|11
|
|t:|1728746075
|move|p2a: Heracross|Megahorn|p1a: Fitgirl Repacks
|-damage|p1a: Fitgirl Repacks|58/100
|move|p1a: Fitgirl Repacks|Hydro Pump|p2a: Heracross
|-damage|p2a: Heracross|55/100
|
|-weather|Sandstorm|[upkeep]
|-damage|p2a: Heracross|49/100|[from] Sandstorm
|-heal|p1a: Fitgirl Repacks|64/100|[from] item: Leftovers
|upkeep
|turn|12
|inactive|ProfessorKid has 270 seconds left.
|
|t:|1728746120
|switch|p1a: Pirate Bay|Charizard, M|100/100
|move|p2a: Heracross|Megahorn|p1a: Pirate Bay
|-resisted|p1a: Pirate Bay
|-damage|p1a: Pirate Bay|79/100
|
|-weather|Sandstorm|[upkeep]
|-damage|p1a: Pirate Bay|73/100|[from] Sandstorm
|-damage|p2a: Heracross|43/100|[from] Sandstorm
|-heal|p1a: Pirate Bay|79/100|[from] item: Leftovers
|upkeep
|turn|13
|
|t:|1728746130
|switch|p2a: Blissey|Blissey, F|68/100
|move|p1a: Pirate Bay|Substitute|p1a: Pirate Bay
|-start|p1a: Pirate Bay|Substitute
|-damage|p1a: Pirate Bay|54/100
|
|-weather|Sandstorm|[upkeep]
|-damage|p1a: Pirate Bay|48/100|[from] Sandstorm
|-damage|p2a: Blissey|61/100|[from] Sandstorm
|-heal|p1a: Pirate Bay|54/100|[from] item: Leftovers
|-heal|p2a: Blissey|68/100|[from] item: Leftovers
|upkeep
|turn|14
|
|t:|1728746135
|-singleturn|p1a: Pirate Bay|move: Focus Punch
|move|p2a: Blissey|Seismic Toss|p1a: Pirate Bay
|-end|p1a: Pirate Bay|Substitute
|move|p1a: Pirate Bay|Focus Punch|p2a: Blissey
|-supereffective|p2a: Blissey
|-damage|p2a: Blissey|11/100
|
|-weather|Sandstorm|[upkeep]
|-damage|p1a: Pirate Bay|48/100|[from] Sandstorm
|-damage|p2a: Blissey|5/100|[from] Sandstorm
|-heal|p1a: Pirate Bay|54/100|[from] item: Leftovers
|-heal|p2a: Blissey|11/100|[from] item: Leftovers
|upkeep
|turn|15
|
|t:|1728746143
|move|p1a: Pirate Bay|Fire Blast|p2a: Blissey
|-damage|p2a: Blissey|0 fnt
|faint|p2a: Blissey
|inactive|ProfessorKid has 270 seconds left.
|
|t:|1728746179
|switch|p2a: Zapdos|Zapdos|100/100
|
|-weather|Sandstorm|[upkeep]
|-damage|p2a: Zapdos|94/100|[from] Sandstorm
|-damage|p1a: Pirate Bay|48/100|[from] Sandstorm
|-heal|p2a: Zapdos|100/100|[from] item: Leftovers
|-heal|p1a: Pirate Bay|54/100|[from] item: Leftovers
|upkeep
|turn|16
|
|t:|1728746188
|switch|p1a: Limewire|Blissey, F|72/100
|move|p2a: Zapdos|Toxic|p1a: Limewire
|-status|p1a: Limewire|tox
|
|-weather|Sandstorm|[upkeep]
|-damage|p2a: Zapdos|94/100|[from] Sandstorm
|-damage|p1a: Limewire|66/100 tox|[from] Sandstorm
|-heal|p2a: Zapdos|100/100|[from] item: Leftovers
|-heal|p1a: Limewire|72/100 tox|[from] item: Leftovers
|-damage|p1a: Limewire|66/100 tox|[from] psn
|upkeep
|turn|17
|
|t:|1728746196
|move|p2a: Zapdos|Substitute|p2a: Zapdos
|-start|p2a: Zapdos|Substitute
|-damage|p2a: Zapdos|76/100
|move|p1a: Limewire|Soft-Boiled|p1a: Limewire
|-heal|p1a: Limewire|100/100 tox
|
|-weather|Sandstorm|[upkeep]
|-damage|p2a: Zapdos|69/100|[from] Sandstorm
|-damage|p1a: Limewire|94/100 tox|[from] Sandstorm
|-heal|p2a: Zapdos|76/100|[from] item: Leftovers
|-heal|p1a: Limewire|100/100 tox|[from] item: Leftovers
|-damage|p1a: Limewire|88/100 tox|[from] psn
|upkeep
|turn|18
|
|t:|1728746206
|move|p2a: Zapdos|Thunderbolt|p1a: Limewire
|-damage|p1a: Limewire|70/100 tox
|move|p1a: Limewire|Ice Beam|p2a: Zapdos
|-supereffective|p2a: Zapdos
|-end|p2a: Zapdos|Substitute
|
|-weather|Sandstorm|[upkeep]
|-damage|p2a: Zapdos|69/100|[from] Sandstorm
|-damage|p1a: Limewire|64/100 tox|[from] Sandstorm
|-heal|p2a: Zapdos|76/100|[from] item: Leftovers
|-heal|p1a: Limewire|70/100 tox|[from] item: Leftovers
|-damage|p1a: Limewire|52/100 tox|[from] psn
|upkeep
|turn|19
|
|t:|1728746216
|-curestatus|p1a: Limewire|tox|[from] ability: Natural Cure
|switch|p1a: Kazaa|Zapdos|44/100
|move|p2a: Zapdos|Substitute|p2a: Zapdos
|-start|p2a: Zapdos|Substitute
|-damage|p2a: Zapdos|51/100
|
|-weather|Sandstorm|[upkeep]
|-damage|p2a: Zapdos|45/100|[from] Sandstorm
|-damage|p1a: Kazaa|38/100|[from] Sandstorm
|-heal|p2a: Zapdos|51/100|[from] item: Leftovers
|-heal|p1a: Kazaa|44/100|[from] item: Leftovers
|upkeep
|turn|20
|inactive|ProfessorKid has 270 seconds left.
|
|t:|1728746221
|move|p2a: Zapdos|Thunderbolt|p1a: Kazaa
|-damage|p1a: Kazaa|8/100
|-status|p1a: Kazaa|par
|move|p1a: Kazaa|Thunderbolt|p2a: Zapdos
|-end|p2a: Zapdos|Substitute
|
|-weather|Sandstorm|[upkeep]
|-damage|p2a: Zapdos|45/100|[from] Sandstorm
|-damage|p1a: Kazaa|2/100 par|[from] Sandstorm
|-heal|p2a: Zapdos|51/100|[from] item: Leftovers
|-heal|p1a: Kazaa|8/100 par|[from] item: Leftovers
|upkeep
|turn|21
|inactive|ProfessorKid has 270 seconds left.
|
|t:|1728746242
|switch|p1a: Fitgirl Repacks|Swampert, M|64/100
|move|p2a: Zapdos|Thunderbolt|p1a: Fitgirl Repacks
|-immune|p1a: Fitgirl Repacks
|
|-weather|Sandstorm|[upkeep]
|-damage|p2a: Zapdos|45/100|[from] Sandstorm
|-heal|p2a: Zapdos|51/100|[from] item: Leftovers
|-heal|p1a: Fitgirl Repacks|70/100|[from] item: Leftovers
|upkeep
|turn|22
|inactive|ProfessorKid has 270 seconds left.
|
|t:|1728746254
|switch|p2a: Suicune|Suicune|53/100
|move|p1a: Fitgirl Repacks|Protect||[still]
|-fail|p1a: Fitgirl Repacks
|
|-weather|Sandstorm|[upkeep]
|-damage|p2a: Suicune|47/100|[from] Sandstorm
|-heal|p2a: Suicune|53/100|[from] item: Leftovers
|-heal|p1a: Fitgirl Repacks|76/100|[from] item: Leftovers
|upkeep
|turn|23
|inactive|ProfessorKid has 270 seconds left.
|
|t:|1728746260
|switch|p1a: Limewire|Blissey, F|52/100
|move|p2a: Suicune|Surf|p1a: Limewire
|-damage|p1a: Limewire|36/100
|
|-weather|Sandstorm|[upkeep]
|-damage|p2a: Suicune|47/100|[from] Sandstorm
|-damage|p1a: Limewire|30/100|[from] Sandstorm
|-heal|p2a: Suicune|53/100|[from] item: Leftovers
|-heal|p1a: Limewire|36/100|[from] item: Leftovers
|upkeep
|turn|24
|inactive|ProfessorKid has 270 seconds left.
|
|t:|1728746281
|switch|p2a: Metagross|Metagross|100/100 par
|move|p1a: Limewire|Thunder Wave|p2a: Metagross
|-fail|p2a: Metagross|par
|
|-weather|Sandstorm|[upkeep]
|-damage|p1a: Limewire|30/100|[from] Sandstorm
|-heal|p1a: Limewire|36/100|[from] item: Leftovers
|upkeep
|turn|25
|inactive|AnotherAshenSoul has 270 seconds left.
|
|t:|1728746324
|move|p1a: Limewire|Soft-Boiled|p1a: Limewire
|-heal|p1a: Limewire|86/100
|move|p2a: Metagross|Sludge Bomb|p1a: Limewire
|-damage|p1a: Limewire|37/100
|
|-weather|Sandstorm|[upkeep]
|-damage|p1a: Limewire|31/100|[from] Sandstorm
|-heal|p1a: Limewire|37/100|[from] item: Leftovers
|upkeep
|turn|26
|
|t:|1728746331
|switch|p1a: Fitgirl Repacks|Swampert, M|76/100
|move|p2a: Metagross|Sludge Bomb|p1a: Fitgirl Repacks
|-resisted|p1a: Fitgirl Repacks
|-damage|p1a: Fitgirl Repacks|59/100
|
|-weather|Sandstorm|[upkeep]
|-heal|p1a: Fitgirl Repacks|65/100|[from] item: Leftovers
|upkeep
|turn|27
|
|t:|1728746343
|switch|p2a: Salamence|Salamence, F|100/100
|-ability|p2a: Salamence|Intimidate|boost
|-unboost|p1a: Fitgirl Repacks|atk|1
|move|p1a: Fitgirl Repacks|Earthquake|p2a: Salamence
|-immune|p2a: Salamence
|
|-weather|Sandstorm|[upkeep]
|-damage|p2a: Salamence|94/100|[from] Sandstorm
|-heal|p2a: Salamence|100/100|[from] item: Leftovers
|-heal|p1a: Fitgirl Repacks|71/100|[from] item: Leftovers
|upkeep
|turn|28
|inactive|AnotherAshenSoul has 270 seconds left.
|
|t:|1728746363
|switch|p2a: Suicune|Suicune|53/100
|move|p1a: Fitgirl Repacks|Ice Beam|p2a: Suicune
|-resisted|p2a: Suicune
|-damage|p2a: Suicune|47/100
|
|-weather|Sandstorm|[upkeep]
|-damage|p2a: Suicune|40/100|[from] Sandstorm
|-heal|p2a: Suicune|47/100|[from] item: Leftovers
|-heal|p1a: Fitgirl Repacks|78/100|[from] item: Leftovers
|upkeep
|turn|29
|inactive|AnotherAshenSoul has 270 seconds left.
|inactive|AnotherAshenSoul has 240 seconds left.
|
|t:|1728746400
|move|p2a: Suicune|Surf|p1a: Fitgirl Repacks
|-damage|p1a: Fitgirl Repacks|42/100
|move|p1a: Fitgirl Repacks|Earthquake|p2a: Suicune
|-damage|p2a: Suicune|26/100
|
|-weather|Sandstorm|[upkeep]
|-damage|p2a: Suicune|20/100|[from] Sandstorm
|-heal|p2a: Suicune|26/100|[from] item: Leftovers
|-heal|p1a: Fitgirl Repacks|48/100|[from] item: Leftovers
|upkeep
|turn|30
|inactive|AnotherAshenSoul has 240 seconds left.
|
|t:|1728746422
|switch|p1a: Limewire|Blissey, F|37/100
|move|p2a: Suicune|Surf|p1a: Limewire
|-damage|p1a: Limewire|21/100
|
|-weather|Sandstorm|[upkeep]
|-damage|p2a: Suicune|20/100|[from] Sandstorm
|-damage|p1a: Limewire|15/100|[from] Sandstorm
|-heal|p2a: Suicune|26/100|[from] item: Leftovers
|-heal|p1a: Limewire|21/100|[from] item: Leftovers
|upkeep
|turn|31
|
|t:|1728746439
|switch|p2a: Metagross|Metagross|100/100 par
|move|p1a: Limewire|Soft-Boiled|p1a: Limewire
|-heal|p1a: Limewire|71/100
|
|-weather|Sandstorm|[upkeep]
|-damage|p1a: Limewire|65/100|[from] Sandstorm
|-heal|p1a: Limewire|71/100|[from] item: Leftovers
|upkeep
|turn|32
|
|t:|1728746445
|move|p1a: Limewire|Aromatherapy|p1a: Limewire
|-cureteam|p1a: Limewire|[from] move: Aromatherapy
|cant|p2a: Metagross|par
|
|-weather|Sandstorm|[upkeep]
|-damage|p1a: Limewire|65/100|[from] Sandstorm
|-heal|p1a: Limewire|71/100|[from] item: Leftovers
|upkeep
|turn|33
|
|t:|1728746458
|move|p1a: Limewire|Soft-Boiled|p1a: Limewire
|-heal|p1a: Limewire|100/100
|move|p2a: Metagross|Sludge Bomb|p1a: Limewire
|-damage|p1a: Limewire|52/100
|
|-weather|Sandstorm|[upkeep]
|-damage|p1a: Limewire|45/100|[from] Sandstorm
|-heal|p1a: Limewire|52/100|[from] item: Leftovers
|upkeep
|turn|34
|
|t:|1728746468
|move|p1a: Limewire|Soft-Boiled|p1a: Limewire
|-heal|p1a: Limewire|100/100
|move|p2a: Metagross|Sludge Bomb|p1a: Limewire
|-damage|p1a: Limewire|54/100
|
|-weather|Sandstorm|[upkeep]
|-damage|p1a: Limewire|47/100|[from] Sandstorm
|-heal|p1a: Limewire|54/100|[from] item: Leftovers
|upkeep
|turn|35
|
|t:|1728746476
|move|p1a: Limewire|Soft-Boiled|p1a: Limewire
|-heal|p1a: Limewire|100/100
|move|p2a: Metagross|Sludge Bomb|p1a: Limewire
|-damage|p1a: Limewire|54/100
|
|-weather|Sandstorm|[upkeep]
|-damage|p1a: Limewire|48/100|[from] Sandstorm
|-heal|p1a: Limewire|54/100|[from] item: Leftovers
|upkeep
|turn|36
|
|t:|1728746486
|move|p1a: Limewire|Soft-Boiled|p1a: Limewire
|-heal|p1a: Limewire|100/100
|cant|p2a: Metagross|par
|
|-weather|Sandstorm|[upkeep]
|-damage|p1a: Limewire|94/100|[from] Sandstorm
|-heal|p1a: Limewire|100/100|[from] item: Leftovers
|upkeep
|turn|37
|inactive|AnotherAshenSoul has 270 seconds left.
|
|t:|1728746500
|switch|p1a: Fitgirl Repacks|Swampert, M|48/100
|cant|p2a: Metagross|par
|
|-weather|Sandstorm|[upkeep]
|-heal|p1a: Fitgirl Repacks|55/100|[from] item: Leftovers
|upkeep
|turn|38
|
|t:|1728746508
|switch|p2a: Heracross|Heracross, M|43/100
|move|p1a: Fitgirl Repacks|Earthquake|p2a: Heracross
|-resisted|p2a: Heracross
|-damage|p2a: Heracross|17/100
|
|-weather|Sandstorm|[upkeep]
|-damage|p2a: Heracross|11/100|[from] Sandstorm
|-enditem|p2a: Heracross|Salac Berry|[eat]
|-boost|p2a: Heracross|spe|1|[from] item: Salac Berry
|-heal|p1a: Fitgirl Repacks|61/100|[from] item: Leftovers
|upkeep
|turn|39
|
|t:|1728746517
|move|p1a: Fitgirl Repacks|Protect|p1a: Fitgirl Repacks
|-singleturn|p1a: Fitgirl Repacks|Protect
|move|p2a: Heracross|Megahorn|p1a: Fitgirl Repacks
|-activate|p1a: Fitgirl Repacks|Protect
|
|-weather|Sandstorm|[upkeep]
|-damage|p2a: Heracross|5/100|[from] Sandstorm
|-heal|p1a: Fitgirl Repacks|67/100|[from] item: Leftovers
|upkeep
|turn|40
|
|t:|1728746536
|switch|p1a: Kazaa|Zapdos|8/100
|move|p2a: Heracross|Megahorn|p1a: Kazaa
|-resisted|p1a: Kazaa
|-damage|p1a: Kazaa|0 fnt
|faint|p1a: Kazaa
|
|t:|1728746544
|switch|p1a: 1337x|Tyranitar, F|100/100
|
|-weather|Sandstorm|[upkeep]
|-damage|p2a: Heracross|0 fnt|[from] Sandstorm
|faint|p2a: Heracross
|upkeep
|inactive|ProfessorKid has 270 seconds left.
|
|t:|1728746601
|switch|p2a: Salamence|Salamence, F|100/100
|-ability|p2a: Salamence|Intimidate|boost
|-unboost|p1a: 1337x|atk|1
|turn|41
|
|t:|1728746619
|switch|p1a: Limewire|Blissey, F|100/100
|move|p2a: Salamence|Brick Break|p1a: Limewire
|-supereffective|p1a: Limewire
|-damage|p1a: Limewire|52/100
|
|-weather|Sandstorm|[upkeep]
|-damage|p2a: Salamence|94/100|[from] Sandstorm
|-damage|p1a: Limewire|46/100|[from] Sandstorm
|-heal|p2a: Salamence|100/100|[from] item: Leftovers
|-heal|p1a: Limewire|52/100|[from] item: Leftovers
|upkeep
|turn|42
|
|t:|1728746629
|switch|p2a: Metagross|Metagross|100/100 par
|move|p1a: Limewire|Thunder Wave|p2a: Metagross
|-fail|p2a: Metagross|par
|
|-weather|Sandstorm|[upkeep]
|-damage|p1a: Limewire|46/100|[from] Sandstorm
|-heal|p1a: Limewire|52/100|[from] item: Leftovers
|upkeep
|turn|43
|
|t:|1728746635
|switch|p1a: Fitgirl Repacks|Swampert, M|67/100
|cant|p2a: Metagross|par
|
|-weather|Sandstorm|[upkeep]
|-heal|p1a: Fitgirl Repacks|73/100|[from] item: Leftovers
|upkeep
|turn|44
|
|t:|1728746641
|switch|p2a: Salamence|Salamence, F|100/100
|-ability|p2a: Salamence|Intimidate|boost
|-unboost|p1a: Fitgirl Repacks|atk|1
|move|p1a: Fitgirl Repacks|Hydro Pump|p2a: Salamence
|-resisted|p2a: Salamence
|-damage|p2a: Salamence|79/100
|
|-weather|Sandstorm|[upkeep]
|-damage|p2a: Salamence|73/100|[from] Sandstorm
|-heal|p2a: Salamence|79/100|[from] item: Leftovers
|-heal|p1a: Fitgirl Repacks|79/100|[from] item: Leftovers
|upkeep
|turn|45
|inactive|ProfessorKid has 270 seconds left.
|
|t:|1728746658
|switch|p2a: Metagross|Metagross|100/100 par
|move|p1a: Fitgirl Repacks|Ice Beam|p2a: Metagross
|-resisted|p2a: Metagross
|-crit|p2a: Metagross
|-damage|p2a: Metagross|82/100 par
|
|-weather|Sandstorm|[upkeep]
|-heal|p1a: Fitgirl Repacks|86/100|[from] item: Leftovers
|upkeep
|turn|46
|
|t:|1728746664
|move|p1a: Fitgirl Repacks|Earthquake|p2a: Metagross
|-supereffective|p2a: Metagross
|-damage|p2a: Metagross|43/100 par
|move|p2a: Metagross|Explosion|p1a: Fitgirl Repacks
|-damage|p1a: Fitgirl Repacks|0 fnt
|faint|p2a: Metagross
|faint|p1a: Fitgirl Repacks
|inactive|ProfessorKid has 270 seconds left.
|inactive|ProfessorKid has 240 seconds left.
|inactive|ProfessorKid has 210 seconds left.
|
|t:|1728746746
|switch|p2a: Suicune|Suicune|26/100
|switch|p1a: Pirate Bay|Charizard, M|54/100
|
|-weather|Sandstorm|[upkeep]
|-damage|p1a: Pirate Bay|48/100|[from] Sandstorm
|-damage|p2a: Suicune|20/100|[from] Sandstorm
|-heal|p1a: Pirate Bay|54/100|[from] item: Leftovers
|-heal|p2a: Suicune|26/100|[from] item: Leftovers
|upkeep
|turn|47
|inactive|ProfessorKid has 180 seconds left.
|inactive|AnotherAshenSoul has 270 seconds left.
|inactive|ProfessorKid has 150 seconds left.
|inactive|AnotherAshenSoul has 240 seconds left.
|
|t:|1728746819
|move|p1a: Pirate Bay|Substitute|p1a: Pirate Bay
|-start|p1a: Pirate Bay|Substitute
|-damage|p1a: Pirate Bay|29/100
|move|p2a: Suicune|Surf|p1a: Pirate Bay
|-supereffective|p1a: Pirate Bay
|-end|p1a: Pirate Bay|Substitute
|
|-weather|Sandstorm|[upkeep]
|-damage|p1a: Pirate Bay|23/100|[from] Sandstorm
|-damage|p2a: Suicune|20/100|[from] Sandstorm
|-heal|p1a: Pirate Bay|29/100|[from] item: Leftovers
|-heal|p2a: Suicune|26/100|[from] item: Leftovers
|upkeep
|turn|48
|
|t:|1728746825
|move|p1a: Pirate Bay|Hidden Power|p2a: Suicune
|-supereffective|p2a: Suicune
|-damage|p2a: Suicune|0 fnt
|faint|p2a: Suicune
|
|t:|1728746836
|switch|p2a: Salamence|Salamence, F|79/100
|-ability|p2a: Salamence|Intimidate|boost
|-unboost|p1a: Pirate Bay|atk|1
|
|-weather|Sandstorm|[upkeep]
|-damage|p2a: Salamence|73/100|[from] Sandstorm
|-damage|p1a: Pirate Bay|23/100|[from] Sandstorm
|-heal|p2a: Salamence|79/100|[from] item: Leftovers
|-heal|p1a: Pirate Bay|29/100|[from] item: Leftovers
|upkeep
|turn|49
|
|t:|1728746842
|switch|p1a: Limewire|Blissey, F|52/100
|move|p2a: Salamence|Dragon Dance|p2a: Salamence
|-boost|p2a: Salamence|atk|1
|-boost|p2a: Salamence|spe|1
|
|-weather|Sandstorm|[upkeep]
|-damage|p2a: Salamence|73/100|[from] Sandstorm
|-damage|p1a: Limewire|46/100|[from] Sandstorm
|-heal|p2a: Salamence|79/100|[from] item: Leftovers
|-heal|p1a: Limewire|52/100|[from] item: Leftovers
|upkeep
|turn|50
|
|t:|1728746845
|move|p2a: Salamence|Brick Break|p1a: Limewire
|-supereffective|p1a: Limewire
|-damage|p1a: Limewire|0 fnt
|faint|p1a: Limewire
|
|t:|1728746847
|switch|p1a: 1337x|Tyranitar, F|100/100
|
|-weather|Sandstorm|[upkeep]
|-damage|p2a: Salamence|73/100|[from] Sandstorm
|-heal|p2a: Salamence|79/100|[from] item: Leftovers
|upkeep
|turn|51
|
|t:|1728746852
|move|p2a: Salamence|Brick Break|p1a: 1337x
|-supereffective|p1a: 1337x
|-damage|p1a: 1337x|0 fnt
|faint|p1a: 1337x
|
|t:|1728746854
|switch|p1a: Pirate Bay|Charizard, M|29/100
|
|-weather|Sandstorm|[upkeep]
|-damage|p2a: Salamence|73/100|[from] Sandstorm
|-damage|p1a: Pirate Bay|23/100|[from] Sandstorm
|-heal|p2a: Salamence|79/100|[from] item: Leftovers
|-heal|p1a: Pirate Bay|29/100|[from] item: Leftovers
|upkeep
|turn|52
|
|t:|1728746858
|move|p2a: Salamence|Hidden Power|p1a: Pirate Bay
|-damage|p1a: Pirate Bay|0 fnt
|faint|p1a: Pirate Bay
|
|win|ProfessorKid
|c|☆ProfessorKid|gg
|player|p2|
|c|☆AnotherAshenSoul|gr

</script>
<script type="application/json" class="data" id="replaydata-smogtours-gen3ou-797467">
{"id":"smogtours-gen3ou-797467","format":"[Gen 3] OU","players":["AnotherAshenSoul","ProfessorKid"],"uploadtime":1728746858,"views":99,"formatid":"gen3ou","rating":null,"private":0,"password":null}
</script>

<script defer src="js/replays.js?9d40a366"></script>
