<!DOCTYPE html>
<meta charset="utf-8" />
<meta name="viewport" content="width=device-width" />

<title>[Gen 3] OU: cow xi vs. james5k0 - Replays - Pok&eacute;mon Showdown!</title>

<meta name="description" content="Watch a replay of a Pok&eacute;mon battle between cow xi and james5k0! Format: [Gen 3] OU; Date: Oct 20, 2024" />
<!--

Hey, you! Looking in the source for the replay log?

You can find them in JSON format, just add `.json` at the end of a replay URL.

https://replay.pokemonshowdown.com/gen7randomdoublesbattle-865046831.json

Or, if you only need the log itself, add `.log` instead:

https://replay.pokemonshowdown.com/gen7randomdoublesbattle-865046831.log

-->

<link rel="stylesheet" href="//pokemonshowdown.com/style/global.css?0.023195364461161105" />
<link rel="stylesheet" href="//play.pokemonshowdown.com/style/font-awesome.css?0.13261647063804238" />
<link rel="stylesheet" href="//play.pokemonshowdown.com/style/battle.css?0.8753245789963631" />
<link rel="stylesheet" href="//play.pokemonshowdown.com/style/utilichart.css?0.8627959624976733" />

<!-- Global site tag (gtag.js) - Google Analytics -->
<script async src="https://www.googletagmanager.com/gtag/js?id=UA-26211653-1"></script>
<script>
  window.dataLayer = window.dataLayer || [];
  function gtag(){dataLayer.push(arguments);}
  gtag('js', new Date());

  gtag('config', 'UA-26211653-1');
</script>
<!-- End Google Analytics -->
<!-- Venatus Ad Manager - Install in <HEAD> of page -->
	<script src="https://hb.vntsm.com/v3/live/ad-manager.min.js" type="text/javascript" data-site-id="642aba63ec9a7b11c3c9c1be" data-mode="scan" async></script>
<!-- / Venatus Ad Manager -->

<style>
	@media (max-width:820px) {
		.battle {
			margin: 0 auto;
		}
		.battle-log {
			margin: 7px auto 0;
			max-width: 640px;
			height: 300px;
			position: static;
		}
	}
	.optgroup {
		display: inline-block;
		line-height: 22px;
		font-size: 10pt;
	}
	.optgroup .button {
		height: 25px;
		padding-top: 0;
		padding-bottom: 0;
	}
	.optgroup button.button {
		padding-left: 12px;
		padding-right: 12px;
	}
	.linklist {
		list-style: none;
		margin: 0.5em 0;
		padding: 0;
	}
	.linklist li {
		padding: 2px 0;
	}
	.sidebar {
		float: left;
		width: 320px;
	}
	.bar-wrapper {
		max-width: 1100px;
		margin: 0 auto;
	}
	.bar-wrapper.has-sidebar {
		max-width: 1430px;
	}
	.mainbar {
		margin: 0;
		padding-right: 1px;
	}
	.mainbar.has-sidebar {
		margin-left: 330px;
	}
	@media (min-width: 1511px) {
		.sidebar {
			width: 400px;
		}
		.bar-wrapper.has-sidebar {
			max-width: 1510px;
		}
		.mainbar.has-sidebar {
			margin-left: 410px;
		}
	}
	.section.first-section {
		margin-top: 9px;
	}
	.blocklink small {
		white-space: normal;
	}
	.button {
		vertical-align: middle;
	}
	.replay-controls {
		padding-top: 10px;
	}
	.replay-controls h1 {
		font-size: 16pt;
		font-weight: normal;
		color: #CCC;
	}
	.pagelink {
		text-align: center;
	}
	.pagelink a {
		width: 150px;
	}
	.textbox, .button {
		font-size: 11pt;
		vertical-align: middle;
	}
	@media (max-width: 450px) {
		.button {
			font-size: 9pt;
		}
	}
</style>

<div>

	<header>
		<div class="nav-wrapper"><ul class="nav">
			<li><a class="button nav-first" href="//pokemonshowdown.com/"><img src="//pokemonshowdown.com/images/pokemonshowdownbeta.png" srcset="//pokemonshowdown.com/images/pokemonshowdownbeta.png 1x, //pokemonshowdown.com/images/pokemonshowdownbeta@2x.png 2x" alt="Pok&eacute;mon Showdown" width="146" height="44" /> Home</a></li>
			<li><a class="button" href="//pokemonshowdown.com/dex/">Pok&eacute;dex</a></li>
			<li><a class="button cur" href="/">Replays</a></li>
			<li><a class="button" href="//pokemonshowdown.com/ladder/">Ladder</a></li>
			<li><a class="button nav-last" href="//pokemonshowdown.com/forums/">Forum</a></li>
			<li><a class="button greenbutton nav-first nav-last" href="//play.pokemonshowdown.com/">Play</a></li>
		</ul></div>
	</header>

	<div class="main" id="main">

		<noscript><section class="section">You need to enable JavaScript to use this page; sorry!</section></noscript>

	</div>

</div>

<script defer nomodule src="//play.pokemonshowdown.com/js/lib/ps-polyfill.js"></script>
<script defer src="//play.pokemonshowdown.com/js/lib/preact.min.js"></script>

<script defer src="//play.pokemonshowdown.com/config/config.js?2bddbc15"></script>
<script defer src="//play.pokemonshowdown.com/js/lib/jquery-1.11.0.min.js"></script>
<script defer src="//play.pokemonshowdown.com/js/lib/html-sanitizer-minified.js"></script>
<script defer src="//play.pokemonshowdown.com/js/battle-sound.js"></script>
<script defer src="//play.pokemonshowdown.com/js/battledata.js?0.7209276989879541"></script>
<script defer src="//play.pokemonshowdown.com/data/pokedex-mini.js?0.6111056340867951"></script>
<script defer src="//play.pokemonshowdown.com/data/pokedex-mini-bw.js?0.3532142036491459"></script>
<script defer src="//play.pokemonshowdown.com/data/graphics.js?0.24223875632456182"></script>
<script defer src="//play.pokemonshowdown.com/data/pokedex.js?0.38839984266356864"></script>
<script defer src="//play.pokemonshowdown.com/data/moves.js?0.21866028504024015"></script>
<script defer src="//play.pokemonshowdown.com/data/abilities.js?0.2005157953846628"></script>
<script defer src="//play.pokemonshowdown.com/data/items.js?0.9894211263848525"></script>
<script defer src="//play.pokemonshowdown.com/data/teambuilder-tables.js?0.6008791140282215"></script>
<script defer src="//play.pokemonshowdown.com/js/battle-tooltips.js?0.7580118955022959"></script>
<script defer src="//play.pokemonshowdown.com/js/battle.js?0.6057722274234274"></script>

<script defer src="js/utils.js?e31f9a17"></script>
<script defer src="js/replays-battle.js?7008c182"></script>

<!-- don't scrape this data! just add .json or .log after the URL!
Full API docs: https://github.com/smogon/pokemon-showdown-client/blob/master/WEB-API.md -->
<script type="text/plain" class="log" id="replaylog-smogtours-gen3ou-800654">
|inactive|Battle timer is ON: inactive players will automatically lose when time's up.
|t:|1729449586
|gametype|singles
|player|p1|cow xi|lucas|
|player|p2|james5k0|102|
|teamsize|p1|6
|teamsize|p2|6
|gen|3
|tier|[Gen 3] OU
|rule|Sleep Clause Mod: Limit one foe put to sleep
|rule|Switch Priority Clause Mod: Faster Pokémon switch first
|rule|Species Clause: Limit one of each Pokémon
|rule|OHKO Clause: OHKO moves are banned
|rule|Evasion Items Clause: Evasion items are banned
|rule|Evasion Moves Clause: Evasion moves are banned
|rule|Endless Battle Clause: Forcing endless battles is banned
|rule|HP Percentage Mod: HP is shown in percentages
|rule|One Boost Passer Clause: Limit one Baton Passer that has a way to boost its stats
|rule|Freeze Clause Mod: Limit one foe frozen
|
|t:|1729449586
|start
|switch|p1a: Swampert|Swampert, M|100/100
|switch|p2a: Suicune|Suicune|100/100
|turn|1
|c|☆james5k0|hf
|c|☆cow xi|=
|inactive|james5k0 has 270 seconds left.
|
|t:|1729449625
|switch|p1a: Celebi|Celebi|100/100
|move|p2a: Suicune|Calm Mind|p2a: Suicune
|-boost|p2a: Suicune|spa|1
|-boost|p2a: Suicune|spd|1
|
|upkeep
|turn|2
|
|t:|1729449640
|move|p1a: Celebi|Leech Seed|p2a: Suicune
|-start|p2a: Suicune|move: Leech Seed
|move|p2a: Suicune|Ice Beam|p1a: Celebi
|-supereffective|p1a: Celebi
|-crit|p1a: Celebi
|-damage|p1a: Celebi|3/100
|-status|p1a: Celebi|frz
|
|-heal|p1a: Celebi|9/100 frz|[from] item: Leftovers
|-damage|p2a: Suicune|88/100|[from] Leech Seed|[of] p1a: Celebi
|-heal|p1a: Celebi|22/100 frz|[silent]
|upkeep
|turn|3
|
|t:|1729449647
|-curestatus|p1a: Celebi|frz|[from] ability: Natural Cure
|switch|p1a: Suicune|Suicune|100/100
|switch|p2a: Celebi|Celebi|100/100
|
|upkeep
|turn|4
|
|t:|1729449659
|switch|p1a: Celebi|Celebi|22/100
|move|p2a: Celebi|Swords Dance|p2a: Celebi
|-boost|p2a: Celebi|atk|2
|
|-heal|p1a: Celebi|28/100|[from] item: Leftovers
|upkeep
|turn|5
|
|t:|1729449671
|switch|p1a: Salamence|Salamence, M, shiny|100/100
|-ability|p1a: Salamence|Intimidate|boost
|-unboost|p2a: Celebi|atk|1
|move|p2a: Celebi|Baton Pass|p2a: Celebi
|
|t:|1729449680
|switch|p2a: Gyarados|Gyarados, F|100/100|[from] Baton Pass
|-ability|p2a: Gyarados|Intimidate|boost
|-unboost|p1a: Salamence|atk|1
|
|upkeep
|turn|6
|inactive|cow xi has 270 seconds left.
|
|t:|1729449737
|move|p1a: Salamence|Dragon Claw|p2a: Gyarados
|-damage|p2a: Gyarados|62/100
|move|p2a: Gyarados|Dragon Dance|p2a: Gyarados
|-boost|p2a: Gyarados|atk|1
|-boost|p2a: Gyarados|spe|1
|
|-heal|p2a: Gyarados|68/100|[from] item: Leftovers
|upkeep
|turn|7
|
|t:|1729449747
|switch|p1a: Celebi|Celebi|28/100
|move|p2a: Gyarados|Hidden Power|p1a: Celebi
|-supereffective|p1a: Celebi
|-crit|p1a: Celebi
|-damage|p1a: Celebi|0 fnt
|faint|p1a: Celebi
|
|t:|1729449752
|switch|p1a: Salamence|Salamence, M, shiny|100/100
|-ability|p1a: Salamence|Intimidate|boost
|-unboost|p2a: Gyarados|atk|1
|
|-heal|p2a: Gyarados|74/100|[from] item: Leftovers
|upkeep
|turn|8
|
|t:|1729449756
|move|p2a: Gyarados|Hidden Power|p1a: Salamence
|-damage|p1a: Salamence|24/100
|move|p1a: Salamence|Dragon Claw|p2a: Gyarados
|-damage|p2a: Gyarados|32/100
|
|-heal|p2a: Gyarados|39/100|[from] item: Leftovers
|-heal|p1a: Salamence|30/100|[from] item: Leftovers
|upkeep
|turn|9
|inactive|cow xi has 270 seconds left.
|
|t:|1729449763
|move|p2a: Gyarados|Hidden Power|p1a: Salamence
|-damage|p1a: Salamence|0 fnt
|faint|p1a: Salamence
|
|t:|1729449767
|switch|p1a: Swampert|Swampert, M|100/100
|
|-heal|p2a: Gyarados|45/100|[from] item: Leftovers
|upkeep
|turn|10
|
|t:|1729449784
|switch|p2a: Celebi|Celebi|100/100
|move|p1a: Swampert|Curse|p1a: Swampert
|-unboost|p1a: Swampert|spe|1
|-boost|p1a: Swampert|atk|1
|-boost|p1a: Swampert|def|1
|
|upkeep
|turn|11
|
|t:|1729449796
|switch|p1a: Metagross|Metagross|100/100
|move|p2a: Celebi|Leech Seed|p1a: Metagross
|-start|p1a: Metagross|move: Leech Seed
|
|-damage|p1a: Metagross|88/100|[from] Leech Seed|[of] p2a: Celebi
|upkeep
|turn|12
|c|☆cow xi|sasha this tier is not giving
|inactive|james5k0 has 270 seconds left.
|
|t:|1729449825
|switch|p2a: Gyarados|Gyarados, F|45/100
|-ability|p2a: Gyarados|Intimidate|boost
|-fail|p1a: Metagross|unboost|[from] ability: Clear Body|[of] p1a: Metagross
|move|p1a: Metagross|Meteor Mash|p2a: Gyarados
|-resisted|p2a: Gyarados
|-damage|p2a: Gyarados|11/100
|
|-heal|p2a: Gyarados|17/100|[from] item: Leftovers
|-heal|p1a: Metagross|94/100|[from] item: Leftovers
|-damage|p1a: Metagross|82/100|[from] Leech Seed|[of] p2a: Gyarados
|-heal|p2a: Gyarados|29/100|[silent]
|upkeep
|turn|13
|c|+sasha|adv is sheist
|c|+sasha|whats it for
|c|☆cow xi|revival
|c|☆cow xi|i hate this tier i got bribed to sign up
|
|t:|1729449849
|switch|p1a: Suicune|Suicune|100/100
|move|p2a: Gyarados|Earthquake|p1a: Suicune
|-damage|p1a: Suicune|73/100
|
|-heal|p2a: Gyarados|35/100|[from] item: Leftovers
|-heal|p1a: Suicune|79/100|[from] item: Leftovers
|upkeep
|turn|14
|inactive|james5k0 has 270 seconds left.
|
|t:|1729449867
|move|p2a: Gyarados|Dragon Dance|p2a: Gyarados
|-boost|p2a: Gyarados|atk|1
|-boost|p2a: Gyarados|spe|1
|move|p1a: Suicune|Ice Beam|p2a: Gyarados
|-damage|p2a: Gyarados|6/100
|
|-heal|p2a: Gyarados|12/100|[from] item: Leftovers
|-heal|p1a: Suicune|85/100|[from] item: Leftovers
|upkeep
|turn|15
|
|t:|1729449874
|move|p2a: Gyarados|Hidden Power|p1a: Suicune
|-damage|p1a: Suicune|42/100
|move|p1a: Suicune|Ice Beam|p2a: Gyarados
|-damage|p2a: Gyarados|0 fnt
|faint|p2a: Gyarados
|
|t:|1729449879
|switch|p2a: Snorlax|Snorlax, M|100/100
|
|-heal|p1a: Suicune|49/100|[from] item: Leftovers
|upkeep
|turn|16
|
|t:|1729449884
|switch|p1a: Swampert|Swampert, M|100/100
|move|p2a: Snorlax|Body Slam|p1a: Swampert
|-damage|p1a: Swampert|67/100
|
|-heal|p1a: Swampert|73/100|[from] item: Leftovers
|upkeep
|turn|17
|inactive|james5k0 has 270 seconds left.
|
|t:|1729449935
|move|p1a: Swampert|Curse|p1a: Swampert
|-unboost|p1a: Swampert|spe|1
|-boost|p1a: Swampert|atk|1
|-boost|p1a: Swampert|def|1
|move|p2a: Snorlax|Body Slam|p1a: Swampert
|-damage|p1a: Swampert|52/100
|
|-heal|p1a: Swampert|59/100|[from] item: Leftovers
|upkeep
|turn|18
|inactive|james5k0 has 240 seconds left.
|
|t:|1729449978
|switch|p2a: Celebi|Celebi|100/100
|move|p1a: Swampert|Earthquake|p2a: Celebi
|-resisted|p2a: Celebi
|-damage|p2a: Celebi|81/100
|
|-heal|p2a: Celebi|87/100|[from] item: Leftovers
|-heal|p1a: Swampert|65/100|[from] item: Leftovers
|upkeep
|turn|19
|
|t:|1729449983
|move|p2a: Celebi|Leech Seed|p1a: Swampert
|-start|p1a: Swampert|move: Leech Seed
|move|p1a: Swampert|Ice Beam|p2a: Celebi
|-supereffective|p2a: Celebi
|-damage|p2a: Celebi|45/100
|
|-heal|p2a: Celebi|51/100|[from] item: Leftovers
|-heal|p1a: Swampert|71/100|[from] item: Leftovers
|-damage|p1a: Swampert|59/100|[from] Leech Seed|[of] p2a: Celebi
|-heal|p2a: Celebi|64/100|[silent]
|upkeep
|turn|20
|
|t:|1729449993
|switch|p1a: Magneton|Magneton|100/100
|move|p2a: Celebi|Swords Dance|p2a: Celebi
|-boost|p2a: Celebi|atk|2
|
|-heal|p2a: Celebi|70/100|[from] item: Leftovers
|upkeep
|turn|21
|inactive|james5k0 has 240 seconds left.
|
|t:|1729450002
|move|p2a: Celebi|Baton Pass|p2a: Celebi
|
|t:|1729450005
|switch|p2a: Snorlax|Snorlax, M|100/100|[from] Baton Pass
|move|p1a: Magneton|Thunderbolt|p2a: Snorlax
|-damage|p2a: Snorlax|69/100
|
|-heal|p2a: Snorlax|75/100|[from] item: Leftovers
|upkeep
|turn|22
|
|t:|1729450012
|move|p1a: Magneton|Thunderbolt|p2a: Snorlax
|-crit|p2a: Snorlax
|-damage|p2a: Snorlax|7/100
|move|p2a: Snorlax|Earthquake|p1a: Magneton
|-supereffective|p1a: Magneton
|-damage|p1a: Magneton|0 fnt
|faint|p1a: Magneton
|
|t:|1729450018
|switch|p1a: Suicune|Suicune|49/100
|
|-heal|p1a: Suicune|55/100|[from] item: Leftovers
|-heal|p2a: Snorlax|14/100|[from] item: Leftovers
|upkeep
|turn|23
|
|t:|1729450042
|switch|p2a: Celebi|Celebi|70/100
|move|p1a: Suicune|Ice Beam|p2a: Celebi
|-supereffective|p2a: Celebi
|-damage|p2a: Celebi|27/100
|
|-heal|p2a: Celebi|33/100|[from] item: Leftovers
|-heal|p1a: Suicune|61/100|[from] item: Leftovers
|upkeep
|turn|24
|
|t:|1729450054
|move|p2a: Celebi|Recover|p2a: Celebi
|-heal|p2a: Celebi|83/100
|move|p1a: Suicune|Ice Beam|p2a: Celebi
|-supereffective|p2a: Celebi
|-damage|p2a: Celebi|39/100
|
|-heal|p2a: Celebi|45/100|[from] item: Leftovers
|-heal|p1a: Suicune|67/100|[from] item: Leftovers
|upkeep
|turn|25
|
|t:|1729450061
|move|p2a: Celebi|Recover|p2a: Celebi
|-heal|p2a: Celebi|95/100
|move|p1a: Suicune|Calm Mind|p1a: Suicune
|-boost|p1a: Suicune|spa|1
|-boost|p1a: Suicune|spd|1
|
|-heal|p2a: Celebi|100/100|[from] item: Leftovers
|-heal|p1a: Suicune|73/100|[from] item: Leftovers
|upkeep
|turn|26
|
|t:|1729450066
|move|p2a: Celebi|Leech Seed|p1a: Suicune
|-start|p1a: Suicune|move: Leech Seed
|move|p1a: Suicune|Ice Beam|p2a: Celebi
|-supereffective|p2a: Celebi
|-damage|p2a: Celebi|27/100
|-status|p2a: Celebi|frz
|
|-heal|p2a: Celebi|33/100 frz|[from] item: Leftovers
|-heal|p1a: Suicune|79/100|[from] item: Leftovers
|-damage|p1a: Suicune|67/100|[from] Leech Seed|[of] p2a: Celebi
|-heal|p2a: Celebi|46/100 frz|[silent]
|upkeep
|turn|27
|
|t:|1729450075
|-curestatus|p2a: Celebi|frz|[from] ability: Natural Cure
|switch|p2a: Suicune|Suicune|88/100
|switch|p1a: Metagross|Metagross|82/100
|
|-heal|p2a: Suicune|94/100|[from] item: Leftovers
|-heal|p1a: Metagross|88/100|[from] item: Leftovers
|upkeep
|turn|28
|
|t:|1729450087
|switch|p2a: Claydol|Claydol|100/100
|move|p1a: Metagross|Earthquake|p2a: Claydol
|-immune|p2a: Claydol
|
|-heal|p1a: Metagross|94/100|[from] item: Leftovers
|upkeep
|turn|29
|
|t:|1729450093
|switch|p1a: Swampert|Swampert, M|59/100
|move|p2a: Claydol|Earthquake|p1a: Swampert
|-damage|p1a: Swampert|26/100
|
|-heal|p1a: Swampert|32/100|[from] item: Leftovers
|upkeep
|turn|30
|
|t:|1729450106
|move|p2a: Claydol|Explosion|p1a: Swampert
|-damage|p1a: Swampert|0 fnt
|faint|p2a: Claydol
|faint|p1a: Swampert
|
|t:|1729450114
|switch|p2a: Magneton|Magneton|100/100
|switch|p1a: Metagross|Metagross|94/100
|
|-heal|p1a: Metagross|100/100|[from] item: Leftovers
|upkeep
|turn|31
|
|t:|1729450123
|move|p2a: Magneton|Thunderbolt|p1a: Metagross
|-damage|p1a: Metagross|43/100
|move|p1a: Metagross|Agility|p1a: Metagross
|-boost|p1a: Metagross|spe|2
|
|-heal|p1a: Metagross|49/100|[from] item: Leftovers
|upkeep
|turn|32
|inactive|james5k0 has 270 seconds left.
|inactive|james5k0 has 240 seconds left.
|
|t:|1729450184
|switch|p2a: Suicune|Suicune|94/100
|move|p1a: Metagross|Earthquake|p2a: Suicune
|-damage|p2a: Suicune|75/100
|
|-heal|p1a: Metagross|55/100|[from] item: Leftovers
|-heal|p2a: Suicune|81/100|[from] item: Leftovers
|upkeep
|turn|33
|inactive|james5k0 has 240 seconds left.
|
|t:|1729450196
|move|p1a: Metagross|Meteor Mash|p2a: Suicune
|-resisted|p2a: Suicune
|-damage|p2a: Suicune|65/100
|move|p2a: Suicune|Surf|p1a: Metagross
|-damage|p1a: Metagross|20/100
|
|-heal|p1a: Metagross|26/100|[from] item: Leftovers
|-heal|p2a: Suicune|71/100|[from] item: Leftovers
|upkeep
|turn|34
|
|t:|1729450202
|move|p1a: Metagross|Earthquake|p2a: Suicune
|-damage|p2a: Suicune|50/100
|move|p2a: Suicune|Surf|p1a: Metagross
|-damage|p1a: Metagross|0 fnt
|faint|p1a: Metagross
|
|t:|1729450204
|switch|p1a: Suicune|Suicune|67/100
|
|-heal|p1a: Suicune|73/100|[from] item: Leftovers
|-heal|p2a: Suicune|56/100|[from] item: Leftovers
|upkeep
|turn|35
|
|t:|1729450212
|switch|p2a: Magneton|Magneton|100/100
|move|p1a: Suicune|Calm Mind|p1a: Suicune
|-boost|p1a: Suicune|spa|1
|-boost|p1a: Suicune|spd|1
|
|-heal|p1a: Suicune|79/100|[from] item: Leftovers
|upkeep
|turn|36
|
|t:|1729450217
|move|p1a: Suicune|Surf|p2a: Magneton
|-damage|p2a: Magneton|0 fnt
|faint|p2a: Magneton
|
|t:|1729450222
|switch|p2a: Celebi|Celebi|46/100
|
|-heal|p2a: Celebi|52/100|[from] item: Leftovers
|-heal|p1a: Suicune|86/100|[from] item: Leftovers
|upkeep
|turn|37
|
|t:|1729450226
|move|p2a: Celebi|Leech Seed|p1a: Suicune
|-start|p1a: Suicune|move: Leech Seed
|move|p1a: Suicune|Ice Beam|p2a: Celebi
|-supereffective|p2a: Celebi
|-damage|p2a: Celebi|0 fnt
|faint|p2a: Celebi
|
|t:|1729450231
|switch|p2a: Suicune|Suicune|56/100
|
|-heal|p1a: Suicune|92/100|[from] item: Leftovers
|-damage|p1a: Suicune|79/100|[from] Leech Seed|[of] p2a: Suicune
|-heal|p2a: Suicune|69/100|[silent]
|-heal|p2a: Suicune|75/100|[from] item: Leftovers
|upkeep
|turn|38
|
|t:|1729450234
|move|p1a: Suicune|Calm Mind|p1a: Suicune
|-boost|p1a: Suicune|spa|1
|-boost|p1a: Suicune|spd|1
|move|p2a: Suicune|Calm Mind|p2a: Suicune
|-boost|p2a: Suicune|spa|1
|-boost|p2a: Suicune|spd|1
|
|-heal|p1a: Suicune|86/100|[from] item: Leftovers
|-damage|p1a: Suicune|73/100|[from] Leech Seed|[of] p2a: Suicune
|-heal|p2a: Suicune|87/100|[silent]
|-heal|p2a: Suicune|93/100|[from] item: Leftovers
|upkeep
|turn|39
|
|t:|1729450240
|move|p1a: Suicune|Calm Mind|p1a: Suicune
|-boost|p1a: Suicune|spa|1
|-boost|p1a: Suicune|spd|1
|move|p2a: Suicune|Calm Mind|p2a: Suicune
|-boost|p2a: Suicune|spa|1
|-boost|p2a: Suicune|spd|1
|
|-heal|p1a: Suicune|79/100|[from] item: Leftovers
|-damage|p1a: Suicune|67/100|[from] Leech Seed|[of] p2a: Suicune
|-heal|p2a: Suicune|100/100|[silent]
|upkeep
|turn|40
|
|t:|1729450245
|move|p1a: Suicune|Calm Mind|p1a: Suicune
|-boost|p1a: Suicune|spa|1
|-boost|p1a: Suicune|spd|1
|move|p2a: Suicune|Calm Mind|p2a: Suicune
|-boost|p2a: Suicune|spa|1
|-boost|p2a: Suicune|spd|1
|
|-heal|p1a: Suicune|73/100|[from] item: Leftovers
|-damage|p1a: Suicune|61/100|[from] Leech Seed|[of] p2a: Suicune
|upkeep
|turn|41
|
|t:|1729450251
|move|p1a: Suicune|Calm Mind|p1a: Suicune
|-boost|p1a: Suicune|spa|1
|-boost|p1a: Suicune|spd|1
|move|p2a: Suicune|Surf|p1a: Suicune
|-resisted|p1a: Suicune
|-damage|p1a: Suicune|52/100
|
|-heal|p1a: Suicune|59/100|[from] item: Leftovers
|-damage|p1a: Suicune|46/100|[from] Leech Seed|[of] p2a: Suicune
|upkeep
|turn|42
|
|t:|1729450255
|move|p1a: Suicune|Calm Mind|p1a: Suicune
|-boost|p1a: Suicune|spa|1
|-boost|p1a: Suicune|spd|1
|move|p2a: Suicune|Surf|p1a: Suicune
|-resisted|p1a: Suicune
|-damage|p1a: Suicune|39/100
|
|-heal|p1a: Suicune|46/100|[from] item: Leftovers
|-damage|p1a: Suicune|33/100|[from] Leech Seed|[of] p2a: Suicune
|upkeep
|turn|43
|
|t:|1729450260
|move|p1a: Suicune|Surf|p2a: Suicune
|-resisted|p2a: Suicune
|-damage|p2a: Suicune|77/100
|move|p2a: Suicune|Calm Mind|p2a: Suicune
|-boost|p2a: Suicune|spa|1
|-boost|p2a: Suicune|spd|1
|
|-heal|p1a: Suicune|39/100|[from] item: Leftovers
|-damage|p1a: Suicune|27/100|[from] Leech Seed|[of] p2a: Suicune
|-heal|p2a: Suicune|90/100|[silent]
|-heal|p2a: Suicune|96/100|[from] item: Leftovers
|upkeep
|turn|44
|
|t:|1729450263
|move|p1a: Suicune|Surf|p2a: Suicune
|-resisted|p2a: Suicune
|-crit|p2a: Suicune
|-damage|p2a: Suicune|0 fnt
|faint|p2a: Suicune
|
|t:|1729450267
|switch|p2a: Snorlax|Snorlax, M|14/100
|
|-heal|p1a: Suicune|33/100|[from] item: Leftovers
|-damage|p1a: Suicune|21/100|[from] Leech Seed|[of] p2a: Snorlax
|-heal|p2a: Snorlax|24/100|[silent]
|-heal|p2a: Snorlax|30/100|[from] item: Leftovers
|upkeep
|turn|45
|
|t:|1729450281
|move|p1a: Suicune|Surf|p2a: Snorlax
|-damage|p2a: Snorlax|0 fnt
|faint|p2a: Snorlax
|
|win|cow xi
|c|☆james5k0|gg
|c|☆james5k0|that was great

</script>
<script type="application/json" class="data" id="replaydata-smogtours-gen3ou-800654">
{"id":"smogtours-gen3ou-800654","format":"[Gen 3] OU","players":["cow xi","james5k0"],"uploadtime":1729450281,"views":92,"formatid":"gen3ou","rating":null,"private":0,"password":null}
</script>

<script defer src="js/replays.js?9d40a366"></script>
