<!DOCTYPE html>
<meta charset="utf-8" />
<meta name="viewport" content="width=device-width" />

<title>[Gen 3] OU: Salaryman William vs. UponLink - Replays - Pok&eacute;mon Showdown!</title>

<meta name="description" content="Watch a replay of a Pok&eacute;mon battle between Salaryman William and UponLink! Format: [Gen 3] OU; Date: Oct 14, 2024" />
<!--

Hey, you! Looking in the source for the replay log?

You can find them in JSON format, just add `.json` at the end of a replay URL.

https://replay.pokemonshowdown.com/gen7randomdoublesbattle-865046831.json

Or, if you only need the log itself, add `.log` instead:

https://replay.pokemonshowdown.com/gen7randomdoublesbattle-865046831.log

-->

<link rel="stylesheet" href="//pokemonshowdown.com/style/global.css?0.023195364461161105" />
<link rel="stylesheet" href="//play.pokemonshowdown.com/style/font-awesome.css?0.13261647063804238" />
<link rel="stylesheet" href="//play.pokemonshowdown.com/style/battle.css?0.8753245789963631" />
<link rel="stylesheet" href="//play.pokemonshowdown.com/style/utilichart.css?0.8627959624976733" />

<!-- Global site tag (gtag.js) - Google Analytics -->
<script async src="https://www.googletagmanager.com/gtag/js?id=UA-26211653-1"></script>
<script>
  window.dataLayer = window.dataLayer || [];
  function gtag(){dataLayer.push(arguments);}
  gtag('js', new Date());

  gtag('config', 'UA-26211653-1');
</script>
<!-- End Google Analytics -->
<!-- Venatus Ad Manager - Install in <HEAD> of page -->
	<script src="https://hb.vntsm.com/v3/live/ad-manager.min.js" type="text/javascript" data-site-id="642aba63ec9a7b11c3c9c1be" data-mode="scan" async></script>
<!-- / Venatus Ad Manager -->

<style>
	@media (max-width:820px) {
		.battle {
			margin: 0 auto;
		}
		.battle-log {
			margin: 7px auto 0;
			max-width: 640px;
			height: 300px;
			position: static;
		}
	}
	.optgroup {
		display: inline-block;
		line-height: 22px;
		font-size: 10pt;
	}
	.optgroup .button {
		height: 25px;
		padding-top: 0;
		padding-bottom: 0;
	}
	.optgroup button.button {
		padding-left: 12px;
		padding-right: 12px;
	}
	.linklist {
		list-style: none;
		margin: 0.5em 0;
		padding: 0;
	}
	.linklist li {
		padding: 2px 0;
	}
	.sidebar {
		float: left;
		width: 320px;
	}
	.bar-wrapper {
		max-width: 1100px;
		margin: 0 auto;
	}
	.bar-wrapper.has-sidebar {
		max-width: 1430px;
	}
	.mainbar {
		margin: 0;
		padding-right: 1px;
	}
	.mainbar.has-sidebar {
		margin-left: 330px;
	}
	@media (min-width: 1511px) {
		.sidebar {
			width: 400px;
		}
		.bar-wrapper.has-sidebar {
			max-width: 1510px;
		}
		.mainbar.has-sidebar {
			margin-left: 410px;
		}
	}
	.section.first-section {
		margin-top: 9px;
	}
	.blocklink small {
		white-space: normal;
	}
	.button {
		vertical-align: middle;
	}
	.replay-controls {
		padding-top: 10px;
	}
	.replay-controls h1 {
		font-size: 16pt;
		font-weight: normal;
		color: #CCC;
	}
	.pagelink {
		text-align: center;
	}
	.pagelink a {
		width: 150px;
	}
	.textbox, .button {
		font-size: 11pt;
		vertical-align: middle;
	}
	@media (max-width: 450px) {
		.button {
			font-size: 9pt;
		}
	}
</style>

<div>

	<header>
		<div class="nav-wrapper"><ul class="nav">
			<li><a class="button nav-first" href="//pokemonshowdown.com/"><img src="//pokemonshowdown.com/images/pokemonshowdownbeta.png" srcset="//pokemonshowdown.com/images/pokemonshowdownbeta.png 1x, //pokemonshowdown.com/images/pokemonshowdownbeta@2x.png 2x" alt="Pok&eacute;mon Showdown" width="146" height="44" /> Home</a></li>
			<li><a class="button" href="//pokemonshowdown.com/dex/">Pok&eacute;dex</a></li>
			<li><a class="button cur" href="/">Replays</a></li>
			<li><a class="button" href="//pokemonshowdown.com/ladder/">Ladder</a></li>
			<li><a class="button nav-last" href="//pokemonshowdown.com/forums/">Forum</a></li>
			<li><a class="button greenbutton nav-first nav-last" href="//play.pokemonshowdown.com/">Play</a></li>
		</ul></div>
	</header>

	<div class="main" id="main">

		<noscript><section class="section">You need to enable JavaScript to use this page; sorry!</section></noscript>

	</div>

</div>

<script defer nomodule src="//play.pokemonshowdown.com/js/lib/ps-polyfill.js"></script>
<script defer src="//play.pokemonshowdown.com/js/lib/preact.min.js"></script>

<script defer src="//play.pokemonshowdown.com/config/config.js?2bddbc15"></script>
<script defer src="//play.pokemonshowdown.com/js/lib/jquery-1.11.0.min.js"></script>
<script defer src="//play.pokemonshowdown.com/js/lib/html-sanitizer-minified.js"></script>
<script defer src="//play.pokemonshowdown.com/js/battle-sound.js"></script>
<script defer src="//play.pokemonshowdown.com/js/battledata.js?0.7209276989879541"></script>
<script defer src="//play.pokemonshowdown.com/data/pokedex-mini.js?0.6111056340867951"></script>
<script defer src="//play.pokemonshowdown.com/data/pokedex-mini-bw.js?0.3532142036491459"></script>
<script defer src="//play.pokemonshowdown.com/data/graphics.js?0.24223875632456182"></script>
<script defer src="//play.pokemonshowdown.com/data/pokedex.js?0.38839984266356864"></script>
<script defer src="//play.pokemonshowdown.com/data/moves.js?0.21866028504024015"></script>
<script defer src="//play.pokemonshowdown.com/data/abilities.js?0.2005157953846628"></script>
<script defer src="//play.pokemonshowdown.com/data/items.js?0.9894211263848525"></script>
<script defer src="//play.pokemonshowdown.com/data/teambuilder-tables.js?0.6008791140282215"></script>
<script defer src="//play.pokemonshowdown.com/js/battle-tooltips.js?0.7580118955022959"></script>
<script defer src="//play.pokemonshowdown.com/js/battle.js?0.6057722274234274"></script>

<script defer src="js/utils.js?e31f9a17"></script>
<script defer src="js/replays-battle.js?7008c182"></script>

<!-- don't scrape this data! just add .json or .log after the URL!
Full API docs: https://github.com/smogon/pokemon-showdown-client/blob/master/WEB-API.md -->
<script type="text/plain" class="log" id="replaylog-smogtours-gen3ou-798532">
|inactive|Battle timer is ON: inactive players will automatically lose when time's up.
|t:|1728864387
|gametype|singles
|player|p1|Salaryman William|clerk|
|player|p2|UponLink|169|
|teamsize|p1|6
|teamsize|p2|6
|gen|3
|tier|[Gen 3] OU
|rule|Sleep Clause Mod: Limit one foe put to sleep
|rule|Switch Priority Clause Mod: Faster Pokémon switch first
|rule|Species Clause: Limit one of each Pokémon
|rule|OHKO Clause: OHKO moves are banned
|rule|Evasion Items Clause: Evasion items are banned
|rule|Evasion Moves Clause: Evasion moves are banned
|rule|Endless Battle Clause: Forcing endless battles is banned
|rule|HP Percentage Mod: HP is shown in percentages
|rule|One Boost Passer Clause: Limit one Baton Passer that has a way to boost its stats
|rule|Freeze Clause Mod: Limit one foe frozen
|
|t:|1728864387
|start
|switch|p1a: alcohol bryan|Slaking, F|100/100
|switch|p2a: Metagross|Metagross|100/100
|turn|1
|
|t:|1728864407
|switch|p1a: all day all night|Tyranitar, M|100/100
|-weather|Sandstorm|[from] ability: Sand Stream|[of] p1a: all day all night
|switch|p2a: Claydol|Claydol|100/100
|
|-weather|Sandstorm|[upkeep]
|upkeep
|turn|2
|
|t:|1728864415
|switch|p1a: SOUTHERN NIGHTS|Suicune|100/100
|move|p2a: Claydol|Earthquake|p1a: SOUTHERN NIGHTS
|-damage|p1a: SOUTHERN NIGHTS|78/100
|
|-weather|Sandstorm|[upkeep]
|-damage|p1a: SOUTHERN NIGHTS|72/100|[from] Sandstorm
|-heal|p1a: SOUTHERN NIGHTS|78/100|[from] item: Leftovers
|upkeep
|turn|3
|
|t:|1728864421
|move|p1a: SOUTHERN NIGHTS|Calm Mind|p1a: SOUTHERN NIGHTS
|-boost|p1a: SOUTHERN NIGHTS|spa|1
|-boost|p1a: SOUTHERN NIGHTS|spd|1
|move|p2a: Claydol|Explosion|p1a: SOUTHERN NIGHTS
|-damage|p1a: SOUTHERN NIGHTS|11/100
|faint|p2a: Claydol
|
|t:|1728864424
|switch|p2a: Magneton|Magneton|100/100
|
|-weather|Sandstorm|[upkeep]
|-damage|p1a: SOUTHERN NIGHTS|4/100|[from] Sandstorm
|-heal|p1a: SOUTHERN NIGHTS|11/100|[from] item: Leftovers
|upkeep
|turn|4
|
|t:|1728864428
|switch|p1a: China Texas|Claydol|100/100
|move|p2a: Magneton|Thunderbolt|p1a: China Texas
|-immune|p1a: China Texas
|
|-weather|Sandstorm|[upkeep]
|upkeep
|turn|5
|
|t:|1728864434
|switch|p2a: Gengar|Gengar, M|100/100
|move|p1a: China Texas|Earthquake|p2a: Gengar
|-immune|p2a: Gengar
|
|-weather|Sandstorm|[upkeep]
|-damage|p2a: Gengar|94/100|[from] Sandstorm
|-heal|p2a: Gengar|100/100|[from] item: Leftovers
|upkeep
|turn|6
|
|t:|1728864437
|switch|p1a: all day all night|Tyranitar, M|100/100
|move|p2a: Gengar|Will-O-Wisp|p1a: all day all night|[miss]
|-miss|p2a: Gengar|p1a: all day all night
|
|-weather|Sandstorm|[upkeep]
|-damage|p2a: Gengar|94/100|[from] Sandstorm
|-heal|p2a: Gengar|100/100|[from] item: Leftovers
|upkeep
|turn|7
|
|t:|1728864442
|move|p2a: Gengar|Will-O-Wisp|p1a: all day all night
|-status|p1a: all day all night|brn
|move|p1a: all day all night|Pursuit|p2a: Gengar
|-supereffective|p2a: Gengar
|-damage|p2a: Gengar|42/100
|
|-weather|Sandstorm|[upkeep]
|-damage|p2a: Gengar|36/100|[from] Sandstorm
|-heal|p2a: Gengar|42/100|[from] item: Leftovers
|-damage|p1a: all day all night|88/100 brn|[from] brn
|upkeep
|turn|8
|
|t:|1728864448
|move|p2a: Gengar|Giga Drain|p1a: all day all night
|-supereffective|p1a: all day all night
|-damage|p1a: all day all night|60/100 brn
|-heal|p2a: Gengar|60/100|[from] drain|[of] p1a: all day all night
|move|p1a: all day all night|Pursuit|p2a: Gengar
|-supereffective|p2a: Gengar
|-damage|p2a: Gengar|0 fnt
|faint|p2a: Gengar
|
|t:|1728864469
|switch|p2a: Metagross|Metagross|100/100
|
|-weather|Sandstorm|[upkeep]
|-heal|p1a: all day all night|66/100 brn|[from] item: Leftovers
|-damage|p1a: all day all night|54/100 brn|[from] brn
|upkeep
|turn|9
|
|t:|1728864474
|move|p2a: Metagross|Meteor Mash|p1a: all day all night
|-supereffective|p1a: all day all night
|-damage|p1a: all day all night|0 fnt
|faint|p1a: all day all night
|
|t:|1728864477
|switch|p1a: alcohol bryan|Slaking, F|100/100
|
|-weather|Sandstorm|[upkeep]
|-damage|p1a: alcohol bryan|94/100|[from] Sandstorm
|upkeep
|turn|10
|
|t:|1728864482
|move|p1a: alcohol bryan|Double-Edge|p2a: Metagross
|-resisted|p2a: Metagross
|-damage|p2a: Metagross|49/100
|-damage|p1a: alcohol bryan|81/100|[from] Recoil|[of] p2a: Metagross
|move|p2a: Metagross|Meteor Mash|p1a: alcohol bryan
|-damage|p1a: alcohol bryan|10/100
|-boost|p2a: Metagross|atk|1
|
|-weather|Sandstorm|[upkeep]
|-damage|p1a: alcohol bryan|3/100|[from] Sandstorm
|upkeep
|turn|11
|
|t:|1728864488
|cant|p1a: alcohol bryan|ability: Truant
|move|p2a: Metagross|Meteor Mash|p1a: alcohol bryan
|-damage|p1a: alcohol bryan|0 fnt
|faint|p1a: alcohol bryan
|
|t:|1728864490
|switch|p1a: PROM NIGHT|Salamence, F|100/100
|-ability|p1a: PROM NIGHT|Intimidate|boost
|-fail|p2a: Metagross|unboost|[from] ability: Clear Body|[of] p2a: Metagross
|
|-weather|Sandstorm|[upkeep]
|-damage|p1a: PROM NIGHT|94/100|[from] Sandstorm
|-heal|p1a: PROM NIGHT|100/100|[from] item: Leftovers
|upkeep
|turn|12
|
|t:|1728864494
|switch|p2a: Snorlax|Snorlax, F|100/100
|move|p1a: PROM NIGHT|Earthquake|p2a: Snorlax
|-damage|p2a: Snorlax|66/100
|
|-weather|Sandstorm|[upkeep]
|-damage|p1a: PROM NIGHT|94/100|[from] Sandstorm
|-damage|p2a: Snorlax|60/100|[from] Sandstorm
|-heal|p1a: PROM NIGHT|100/100|[from] item: Leftovers
|-heal|p2a: Snorlax|66/100|[from] item: Leftovers
|upkeep
|turn|13
|
|t:|1728864499
|switch|p1a: China Texas|Claydol|100/100
|move|p2a: Snorlax|Body Slam|p1a: China Texas
|-damage|p1a: China Texas|54/100
|
|-weather|Sandstorm|[upkeep]
|-damage|p2a: Snorlax|60/100|[from] Sandstorm
|-heal|p1a: China Texas|60/100|[from] item: Leftovers
|-heal|p2a: Snorlax|66/100|[from] item: Leftovers
|upkeep
|turn|14
|
|t:|1728864511
|move|p1a: China Texas|Earthquake|p2a: Snorlax
|-damage|p2a: Snorlax|31/100
|move|p2a: Snorlax|Curse|p2a: Snorlax
|-unboost|p2a: Snorlax|spe|1
|-boost|p2a: Snorlax|atk|1
|-boost|p2a: Snorlax|def|1
|
|-weather|Sandstorm|[upkeep]
|-damage|p2a: Snorlax|25/100|[from] Sandstorm
|-heal|p1a: China Texas|67/100|[from] item: Leftovers
|-heal|p2a: Snorlax|31/100|[from] item: Leftovers
|upkeep
|turn|15
|
|t:|1728864517
|move|p1a: China Texas|Earthquake|p2a: Snorlax
|-damage|p2a: Snorlax|7/100
|move|p2a: Snorlax|Shadow Ball|p1a: China Texas
|-supereffective|p1a: China Texas
|-damage|p1a: China Texas|0 fnt
|faint|p1a: China Texas
|
|t:|1728864523
|switch|p1a: PROM NIGHT|Salamence, F|100/100
|-ability|p1a: PROM NIGHT|Intimidate|boost
|-unboost|p2a: Snorlax|atk|1
|
|-weather|Sandstorm|[upkeep]
|-damage|p1a: PROM NIGHT|94/100|[from] Sandstorm
|-damage|p2a: Snorlax|1/100|[from] Sandstorm
|-heal|p1a: PROM NIGHT|100/100|[from] item: Leftovers
|-heal|p2a: Snorlax|7/100|[from] item: Leftovers
|upkeep
|turn|16
|
|t:|1728864528
|move|p1a: PROM NIGHT|Earthquake|p2a: Snorlax
|-damage|p2a: Snorlax|0 fnt
|faint|p2a: Snorlax
|
|t:|1728864530
|switch|p2a: Tyranitar|Tyranitar, F|100/100
|
|-weather|Sandstorm|[upkeep]
|-damage|p1a: PROM NIGHT|94/100|[from] Sandstorm
|-heal|p1a: PROM NIGHT|100/100|[from] item: Leftovers
|upkeep
|turn|17
|
|t:|1728864532
|switch|p1a: 🦦|Magneton|100/100
|move|p2a: Tyranitar|Ice Beam|p1a: 🦦
|-resisted|p1a: 🦦
|-damage|p1a: 🦦|72/100
|
|-weather|Sandstorm|[upkeep]
|-heal|p1a: 🦦|79/100|[from] item: Leftovers
|upkeep
|turn|18
|
|t:|1728864537
|switch|p2a: Magneton|Magneton|100/100
|move|p1a: 🦦|Thunderbolt|p2a: Magneton
|-resisted|p2a: Magneton
|-damage|p2a: Magneton|55/100
|-status|p2a: Magneton|par
|
|-weather|Sandstorm|[upkeep]
|-heal|p1a: 🦦|85/100|[from] item: Leftovers
|upkeep
|turn|19
|
|t:|1728864540
|move|p1a: 🦦|Hidden Power|p2a: Magneton
|-supereffective|p2a: Magneton
|-damage|p2a: Magneton|0 fnt
|faint|p2a: Magneton
|
|t:|1728864547
|switch|p2a: Tyranitar|Tyranitar, F|100/100
|
|-weather|Sandstorm|[upkeep]
|-heal|p1a: 🦦|91/100|[from] item: Leftovers
|upkeep
|turn|20
|
|t:|1728864551
|move|p1a: 🦦|Thunderbolt|p2a: Tyranitar
|-damage|p2a: Tyranitar|61/100
|move|p2a: Tyranitar|Fire Blast|p1a: 🦦|[miss]
|-miss|p2a: Tyranitar|p1a: 🦦
|
|-weather|Sandstorm|[upkeep]
|-heal|p1a: 🦦|97/100|[from] item: Leftovers
|-heal|p2a: Tyranitar|67/100|[from] item: Leftovers
|upkeep
|turn|21
|
|t:|1728864556
|move|p1a: 🦦|Thunderbolt|p2a: Tyranitar
|-damage|p2a: Tyranitar|22/100
|-status|p2a: Tyranitar|par
|move|p2a: Tyranitar|Fire Blast|p1a: 🦦
|-supereffective|p1a: 🦦
|-damage|p1a: 🦦|0 fnt
|faint|p1a: 🦦
|
|t:|1728864563
|switch|p1a: SOUTHERN NIGHTS|Suicune|11/100
|
|-weather|Sandstorm|[upkeep]
|-damage|p1a: SOUTHERN NIGHTS|4/100|[from] Sandstorm
|-heal|p1a: SOUTHERN NIGHTS|11/100|[from] item: Leftovers
|-heal|p2a: Tyranitar|28/100 par|[from] item: Leftovers
|upkeep
|turn|22
|
|t:|1728864568
|move|p1a: SOUTHERN NIGHTS|Rest|p1a: SOUTHERN NIGHTS
|-status|p1a: SOUTHERN NIGHTS|slp|[from] move: Rest
|-heal|p1a: SOUTHERN NIGHTS|100/100 slp|[silent]
|move|p2a: Tyranitar|Crunch|p1a: SOUTHERN NIGHTS
|-damage|p1a: SOUTHERN NIGHTS|70/100 slp
|-unboost|p1a: SOUTHERN NIGHTS|spd|1
|
|-weather|Sandstorm|[upkeep]
|-damage|p1a: SOUTHERN NIGHTS|64/100 slp|[from] Sandstorm
|-heal|p1a: SOUTHERN NIGHTS|70/100 slp|[from] item: Leftovers
|-heal|p2a: Tyranitar|34/100 par|[from] item: Leftovers
|upkeep
|turn|23
|
|t:|1728864581
|cant|p1a: SOUTHERN NIGHTS|slp
|move|p2a: Tyranitar|Ice Beam|p1a: SOUTHERN NIGHTS
|-resisted|p1a: SOUTHERN NIGHTS
|-crit|p1a: SOUTHERN NIGHTS
|-damage|p1a: SOUTHERN NIGHTS|37/100 slp
|
|-weather|Sandstorm|[upkeep]
|-damage|p1a: SOUTHERN NIGHTS|31/100 slp|[from] Sandstorm
|-heal|p1a: SOUTHERN NIGHTS|37/100 slp|[from] item: Leftovers
|-heal|p2a: Tyranitar|40/100 par|[from] item: Leftovers
|upkeep
|turn|24
|
|t:|1728864591
|cant|p1a: SOUTHERN NIGHTS|slp
|move|p2a: Tyranitar|Crunch|p1a: SOUTHERN NIGHTS
|-damage|p1a: SOUTHERN NIGHTS|0 fnt
|faint|p1a: SOUTHERN NIGHTS
|
|t:|1728864594
|switch|p1a: PROM NIGHT|Salamence, F|100/100
|-ability|p1a: PROM NIGHT|Intimidate|boost
|-unboost|p2a: Tyranitar|atk|1
|
|-weather|Sandstorm|[upkeep]
|-damage|p1a: PROM NIGHT|94/100|[from] Sandstorm
|-heal|p1a: PROM NIGHT|100/100|[from] item: Leftovers
|-heal|p2a: Tyranitar|47/100 par|[from] item: Leftovers
|upkeep
|turn|25
|
|t:|1728864598
|move|p1a: PROM NIGHT|Earthquake|p2a: Tyranitar
|-supereffective|p2a: Tyranitar
|-damage|p2a: Tyranitar|0 fnt
|faint|p2a: Tyranitar
|
|t:|1728864600
|switch|p2a: Metagross|Metagross|49/100
|
|-weather|Sandstorm|[upkeep]
|-damage|p1a: PROM NIGHT|94/100|[from] Sandstorm
|-heal|p1a: PROM NIGHT|100/100|[from] item: Leftovers
|upkeep
|turn|26
|
|t:|1728864603
|move|p1a: PROM NIGHT|Earthquake|p2a: Metagross
|-supereffective|p2a: Metagross
|-damage|p2a: Metagross|0 fnt
|faint|p2a: Metagross
|
|win|Salaryman William
|c|☆Salaryman William|gg

</script>
<script type="application/json" class="data" id="replaydata-smogtours-gen3ou-798532">
{"id":"smogtours-gen3ou-798532","format":"[Gen 3] OU","players":["Salaryman William","UponLink"],"uploadtime":1728864603,"views":103,"formatid":"gen3ou","rating":null,"private":0,"password":null}
</script>

<script defer src="js/replays.js?9d40a366"></script>
