<!DOCTYPE html>
<meta charset="utf-8" />
<meta name="viewport" content="width=device-width" />

<title>[Gen 3] OU: FaceOFF3141 vs. asbolus verrucosus - Replays - Pok&eacute;mon Showdown!</title>

<meta name="description" content="Watch a replay of a Pok&eacute;mon battle between FaceOFF3141 and asbolus verrucosus! Format: [Gen 3] OU; Date: Oct 4, 2024" />
<!--

Hey, you! Looking in the source for the replay log?

You can find them in JSON format, just add `.json` at the end of a replay URL.

https://replay.pokemonshowdown.com/gen7randomdoublesbattle-865046831.json

Or, if you only need the log itself, add `.log` instead:

https://replay.pokemonshowdown.com/gen7randomdoublesbattle-865046831.log

-->

<link rel="stylesheet" href="//pokemonshowdown.com/style/global.css?0.023195364461161105" />
<link rel="stylesheet" href="//play.pokemonshowdown.com/style/font-awesome.css?0.13261647063804238" />
<link rel="stylesheet" href="//play.pokemonshowdown.com/style/battle.css?0.8753245789963631" />
<link rel="stylesheet" href="//play.pokemonshowdown.com/style/utilichart.css?0.8627959624976733" />

<!-- Global site tag (gtag.js) - Google Analytics -->
<script async src="https://www.googletagmanager.com/gtag/js?id=UA-26211653-1"></script>
<script>
  window.dataLayer = window.dataLayer || [];
  function gtag(){dataLayer.push(arguments);}
  gtag('js', new Date());

  gtag('config', 'UA-26211653-1');
</script>
<!-- End Google Analytics -->
<!-- Venatus Ad Manager - Install in <HEAD> of page -->
	<script src="https://hb.vntsm.com/v3/live/ad-manager.min.js" type="text/javascript" data-site-id="642aba63ec9a7b11c3c9c1be" data-mode="scan" async></script>
<!-- / Venatus Ad Manager -->

<style>
	@media (max-width:820px) {
		.battle {
			margin: 0 auto;
		}
		.battle-log {
			margin: 7px auto 0;
			max-width: 640px;
			height: 300px;
			position: static;
		}
	}
	.optgroup {
		display: inline-block;
		line-height: 22px;
		font-size: 10pt;
	}
	.optgroup .button {
		height: 25px;
		padding-top: 0;
		padding-bottom: 0;
	}
	.optgroup button.button {
		padding-left: 12px;
		padding-right: 12px;
	}
	.linklist {
		list-style: none;
		margin: 0.5em 0;
		padding: 0;
	}
	.linklist li {
		padding: 2px 0;
	}
	.sidebar {
		float: left;
		width: 320px;
	}
	.bar-wrapper {
		max-width: 1100px;
		margin: 0 auto;
	}
	.bar-wrapper.has-sidebar {
		max-width: 1430px;
	}
	.mainbar {
		margin: 0;
		padding-right: 1px;
	}
	.mainbar.has-sidebar {
		margin-left: 330px;
	}
	@media (min-width: 1511px) {
		.sidebar {
			width: 400px;
		}
		.bar-wrapper.has-sidebar {
			max-width: 1510px;
		}
		.mainbar.has-sidebar {
			margin-left: 410px;
		}
	}
	.section.first-section {
		margin-top: 9px;
	}
	.blocklink small {
		white-space: normal;
	}
	.button {
		vertical-align: middle;
	}
	.replay-controls {
		padding-top: 10px;
	}
	.replay-controls h1 {
		font-size: 16pt;
		font-weight: normal;
		color: #CCC;
	}
	.pagelink {
		text-align: center;
	}
	.pagelink a {
		width: 150px;
	}
	.textbox, .button {
		font-size: 11pt;
		vertical-align: middle;
	}
	@media (max-width: 450px) {
		.button {
			font-size: 9pt;
		}
	}
</style>

<div>

	<header>
		<div class="nav-wrapper"><ul class="nav">
			<li><a class="button nav-first" href="//pokemonshowdown.com/"><img src="//pokemonshowdown.com/images/pokemonshowdownbeta.png" srcset="//pokemonshowdown.com/images/pokemonshowdownbeta.png 1x, //pokemonshowdown.com/images/pokemonshowdownbeta@2x.png 2x" alt="Pok&eacute;mon Showdown" width="146" height="44" /> Home</a></li>
			<li><a class="button" href="//pokemonshowdown.com/dex/">Pok&eacute;dex</a></li>
			<li><a class="button cur" href="/">Replays</a></li>
			<li><a class="button" href="//pokemonshowdown.com/ladder/">Ladder</a></li>
			<li><a class="button nav-last" href="//pokemonshowdown.com/forums/">Forum</a></li>
			<li><a class="button greenbutton nav-first nav-last" href="//play.pokemonshowdown.com/">Play</a></li>
		</ul></div>
	</header>

	<div class="main" id="main">

		<noscript><section class="section">You need to enable JavaScript to use this page; sorry!</section></noscript>

	</div>

</div>

<script defer nomodule src="//play.pokemonshowdown.com/js/lib/ps-polyfill.js"></script>
<script defer src="//play.pokemonshowdown.com/js/lib/preact.min.js"></script>

<script defer src="//play.pokemonshowdown.com/config/config.js?2bddbc15"></script>
<script defer src="//play.pokemonshowdown.com/js/lib/jquery-1.11.0.min.js"></script>
<script defer src="//play.pokemonshowdown.com/js/lib/html-sanitizer-minified.js"></script>
<script defer src="//play.pokemonshowdown.com/js/battle-sound.js"></script>
<script defer src="//play.pokemonshowdown.com/js/battledata.js?0.7209276989879541"></script>
<script defer src="//play.pokemonshowdown.com/data/pokedex-mini.js?0.6111056340867951"></script>
<script defer src="//play.pokemonshowdown.com/data/pokedex-mini-bw.js?0.3532142036491459"></script>
<script defer src="//play.pokemonshowdown.com/data/graphics.js?0.24223875632456182"></script>
<script defer src="//play.pokemonshowdown.com/data/pokedex.js?0.38839984266356864"></script>
<script defer src="//play.pokemonshowdown.com/data/moves.js?0.21866028504024015"></script>
<script defer src="//play.pokemonshowdown.com/data/abilities.js?0.2005157953846628"></script>
<script defer src="//play.pokemonshowdown.com/data/items.js?0.9894211263848525"></script>
<script defer src="//play.pokemonshowdown.com/data/teambuilder-tables.js?0.6008791140282215"></script>
<script defer src="//play.pokemonshowdown.com/js/battle-tooltips.js?0.7580118955022959"></script>
<script defer src="//play.pokemonshowdown.com/js/battle.js?0.6057722274234274"></script>

<script defer src="js/utils.js?e31f9a17"></script>
<script defer src="js/replays-battle.js?7008c182"></script>

<!-- don't scrape this data! just add .json or .log after the URL!
Full API docs: https://github.com/smogon/pokemon-showdown-client/blob/master/WEB-API.md -->
<script type="text/plain" class="log" id="replaylog-smogtours-gen3ou-794686">
|inactive|Battle timer is ON: inactive players will automatically lose when time's up.
|t:|1728072586
|gametype|singles
|player|p1|FaceOFF3141|170|
|player|p2|asbolus verrucosus|bugsy-gen2|
|teamsize|p1|6
|teamsize|p2|6
|gen|3
|tier|[Gen 3] OU
|rule|Sleep Clause Mod: Limit one foe put to sleep
|rule|Switch Priority Clause Mod: Faster Pokémon switch first
|rule|Species Clause: Limit one of each Pokémon
|rule|OHKO Clause: OHKO moves are banned
|rule|Evasion Items Clause: Evasion items are banned
|rule|Evasion Moves Clause: Evasion moves are banned
|rule|Endless Battle Clause: Forcing endless battles is banned
|rule|HP Percentage Mod: HP is shown in percentages
|rule|One Boost Passer Clause: Limit one Baton Passer that has a way to boost its stats
|rule|Freeze Clause Mod: Limit one foe frozen
|
|t:|1728072586
|start
|switch|p1a: Metagross|Metagross|100/100
|switch|p2a: ragnarok|Tyranitar, M, shiny|100/100
|-weather|Sandstorm|[from] ability: Sand Stream|[of] p2a: ragnarok
|turn|1
|inactive|FaceOFF3141 has 270 seconds left.
|
|t:|1728072619
|switch|p2a: pavatae|Jirachi, shiny|100/100
|move|p1a: Metagross|Meteor Mash|p2a: pavatae
|-resisted|p2a: pavatae
|-damage|p2a: pavatae|68/100
|
|-weather|Sandstorm|[upkeep]
|-heal|p2a: pavatae|74/100|[from] item: Leftovers
|upkeep
|turn|2
|
|t:|1728072641
|switch|p1a: Suicune|Suicune|100/100
|move|p2a: pavatae|Wish|p2a: pavatae
|
|-weather|Sandstorm|[upkeep]
|-damage|p1a: Suicune|94/100|[from] Sandstorm
|-heal|p2a: pavatae|80/100|[from] item: Leftovers
|-heal|p1a: Suicune|100/100|[from] item: Leftovers
|upkeep
|turn|3
|
|t:|1728072648
|switch|p2a: pike|Skarmory, M, shiny|100/100
|move|p1a: Suicune|Calm Mind|p1a: Suicune
|-boost|p1a: Suicune|spa|1
|-boost|p1a: Suicune|spd|1
|
|-weather|Sandstorm|[upkeep]
|-damage|p1a: Suicune|94/100|[from] Sandstorm
|-heal|p1a: Suicune|100/100|[from] item: Leftovers
|upkeep
|turn|4
|
|t:|1728072652
|move|p1a: Suicune|Surf|p2a: pike
|-damage|p2a: pike|56/100
|move|p2a: pike|Roar|p1a: Suicune
|drag|p1a: Regirock|Regirock|100/100
|
|-weather|Sandstorm|[upkeep]
|-heal|p2a: pike|62/100|[from] item: Leftovers
|upkeep
|turn|5
|
|t:|1728072680
|move|p2a: pike|Protect|p2a: pike
|-singleturn|p2a: pike|Protect
|move|p1a: Regirock|Hidden Power|p2a: pike
|-activate|p2a: pike|Protect
|
|-weather|Sandstorm|[upkeep]
|-heal|p2a: pike|68/100|[from] item: Leftovers
|upkeep
|turn|6
|inactive|FaceOFF3141 has 270 seconds left.
|
|t:|1728072703
|move|p2a: pike|Toxic|p1a: Regirock
|-status|p1a: Regirock|tox
|move|p1a: Regirock|Hidden Power|p2a: pike
|-damage|p2a: pike|40/100
|
|-weather|Sandstorm|[upkeep]
|-heal|p2a: pike|46/100|[from] item: Leftovers
|-damage|p1a: Regirock|94/100 tox|[from] psn
|upkeep
|turn|7
|
|t:|1728072710
|switch|p2a: pavatae|Jirachi, shiny|80/100
|switch|p1a: Suicune|Suicune|100/100
|
|-weather|Sandstorm|[upkeep]
|-damage|p1a: Suicune|94/100|[from] Sandstorm
|-heal|p2a: pavatae|86/100|[from] item: Leftovers
|-heal|p1a: Suicune|100/100|[from] item: Leftovers
|upkeep
|turn|8
|
|t:|1728072715
|move|p2a: pavatae|Body Slam|p1a: Suicune
|-damage|p1a: Suicune|91/100
|move|p1a: Suicune|Calm Mind|p1a: Suicune
|-boost|p1a: Suicune|spa|1
|-boost|p1a: Suicune|spd|1
|
|-weather|Sandstorm|[upkeep]
|-damage|p1a: Suicune|84/100|[from] Sandstorm
|-heal|p2a: pavatae|92/100|[from] item: Leftovers
|-heal|p1a: Suicune|91/100|[from] item: Leftovers
|upkeep
|turn|9
|
|t:|1728072718
|move|p2a: pavatae|Body Slam|p1a: Suicune
|-damage|p1a: Suicune|80/100
|-status|p1a: Suicune|par
|cant|p1a: Suicune|par
|
|-weather|Sandstorm|[upkeep]
|-damage|p1a: Suicune|73/100 par|[from] Sandstorm
|-heal|p2a: pavatae|99/100|[from] item: Leftovers
|-heal|p1a: Suicune|80/100 par|[from] item: Leftovers
|upkeep
|turn|10
|
|t:|1728072725
|switch|p2a: rostic|Articuno|100/100
|move|p1a: Suicune|Surf|p2a: rostic
|-damage|p2a: rostic|77/100
|
|-weather|Sandstorm|[upkeep]
|-damage|p2a: rostic|71/100|[from] Sandstorm
|-damage|p1a: Suicune|73/100 par|[from] Sandstorm
|-heal|p2a: rostic|77/100|[from] item: Leftovers
|-heal|p1a: Suicune|80/100 par|[from] item: Leftovers
|upkeep
|turn|11
|
|t:|1728072749
|switch|p1a: Metagross|Metagross|100/100
|move|p2a: rostic|Haze|p2a: rostic
|-clearallboost
|
|-weather|Sandstorm|[upkeep]
|-damage|p2a: rostic|71/100|[from] Sandstorm
|-heal|p2a: rostic|77/100|[from] item: Leftovers
|upkeep
|turn|12
|
|t:|1728072763
|switch|p2a: pike|Skarmory, M, shiny|46/100
|move|p1a: Metagross|Meteor Mash|p2a: pike
|-resisted|p2a: pike
|-damage|p2a: pike|11/100
|-boost|p1a: Metagross|atk|1
|
|-weather|Sandstorm|[upkeep]
|-heal|p2a: pike|17/100|[from] item: Leftovers
|upkeep
|turn|13
|
|t:|1728072769
|move|p2a: pike|Protect|p2a: pike
|-singleturn|p2a: pike|Protect
|move|p1a: Metagross|Meteor Mash|p2a: pike|[miss]
|-miss|p1a: Metagross|p2a: pike
|
|-weather|Sandstorm|[upkeep]
|-heal|p2a: pike|23/100|[from] item: Leftovers
|upkeep
|turn|14
|
|t:|1728072788
|move|p1a: Metagross|Meteor Mash|p2a: pike
|-resisted|p2a: pike
|-damage|p2a: pike|0 fnt
|faint|p2a: pike
|
|t:|1728072798
|switch|p2a: fern|Moltres, shiny|100/100
|
|-weather|Sandstorm|[upkeep]
|-damage|p2a: fern|94/100|[from] Sandstorm
|-heal|p2a: fern|100/100|[from] item: Leftovers
|upkeep
|turn|15
|
|t:|1728072812
|switch|p2a: clink|Flygon, M|100/100
|switch|p1a: Suicune|Suicune|80/100 par
|
|-weather|Sandstorm|[upkeep]
|-damage|p1a: Suicune|73/100 par|[from] Sandstorm
|-heal|p1a: Suicune|80/100 par|[from] item: Leftovers
|upkeep
|turn|16
|
|t:|1728072818
|move|p2a: clink|Earthquake|p1a: Suicune
|-damage|p1a: Suicune|61/100 par
|move|p1a: Suicune|Calm Mind|p1a: Suicune
|-boost|p1a: Suicune|spa|1
|-boost|p1a: Suicune|spd|1
|
|-weather|Sandstorm|[upkeep]
|-damage|p1a: Suicune|54/100 par|[from] Sandstorm
|-heal|p1a: Suicune|61/100 par|[from] item: Leftovers
|upkeep
|turn|17
|
|t:|1728072832
|switch|p2a: rostic|Articuno|77/100
|move|p1a: Suicune|Surf|p2a: rostic
|-damage|p2a: rostic|53/100
|
|-weather|Sandstorm|[upkeep]
|-damage|p2a: rostic|47/100|[from] Sandstorm
|-damage|p1a: Suicune|54/100 par|[from] Sandstorm
|-heal|p2a: rostic|53/100|[from] item: Leftovers
|-heal|p1a: Suicune|61/100 par|[from] item: Leftovers
|upkeep
|turn|18
|
|t:|1728072837
|switch|p1a: Metagross|Metagross|100/100
|move|p2a: rostic|Ice Beam|p1a: Metagross
|-resisted|p1a: Metagross
|-damage|p1a: Metagross|82/100
|
|-weather|Sandstorm|[upkeep]
|-damage|p2a: rostic|47/100|[from] Sandstorm
|-heal|p2a: rostic|53/100|[from] item: Leftovers
|upkeep
|turn|19
|
|t:|1728072842
|switch|p2a: pavatae|Jirachi, shiny|99/100
|move|p1a: Metagross|Rock Slide|p2a: pavatae
|-resisted|p2a: pavatae
|-damage|p2a: pavatae|83/100
|
|-weather|Sandstorm|[upkeep]
|-heal|p2a: pavatae|89/100|[from] item: Leftovers
|upkeep
|turn|20
|
|t:|1728072849
|switch|p1a: Suicune|Suicune|61/100 par
|move|p2a: pavatae|Fire Punch|p1a: Suicune
|-resisted|p1a: Suicune
|-damage|p1a: Suicune|55/100 par
|
|-weather|Sandstorm|[upkeep]
|-damage|p1a: Suicune|48/100 par|[from] Sandstorm
|-heal|p2a: pavatae|95/100|[from] item: Leftovers
|-heal|p1a: Suicune|55/100 par|[from] item: Leftovers
|upkeep
|turn|21
|
|t:|1728072853
|move|p2a: pavatae|Body Slam|p1a: Suicune
|-damage|p1a: Suicune|44/100 par
|cant|p1a: Suicune|par
|
|-weather|Sandstorm|[upkeep]
|-damage|p1a: Suicune|38/100 par|[from] Sandstorm
|-heal|p2a: pavatae|100/100|[from] item: Leftovers
|-heal|p1a: Suicune|44/100 par|[from] item: Leftovers
|upkeep
|turn|22
|
|t:|1728072856
|move|p2a: pavatae|Body Slam|p1a: Suicune
|-damage|p1a: Suicune|34/100 par
|move|p1a: Suicune|Rest|p1a: Suicune
|-status|p1a: Suicune|slp|[from] move: Rest
|-heal|p1a: Suicune|100/100 slp|[silent]
|
|-weather|Sandstorm|[upkeep]
|-damage|p1a: Suicune|94/100 slp|[from] Sandstorm
|-heal|p1a: Suicune|100/100 slp|[from] item: Leftovers
|upkeep
|turn|23
|
|t:|1728072870
|switch|p2a: fern|Moltres, shiny|100/100
|cant|p1a: Suicune|slp
|
|-weather|Sandstorm|[upkeep]
|-damage|p2a: fern|94/100|[from] Sandstorm
|-damage|p1a: Suicune|94/100 slp|[from] Sandstorm
|-heal|p2a: fern|100/100|[from] item: Leftovers
|-heal|p1a: Suicune|100/100 slp|[from] item: Leftovers
|upkeep
|turn|24
|
|t:|1728072874
|move|p2a: fern|Hidden Power|p1a: Suicune
|-supereffective|p1a: Suicune
|-damage|p1a: Suicune|60/100 slp
|cant|p1a: Suicune|slp
|
|-weather|Sandstorm|[upkeep]
|-damage|p2a: fern|94/100|[from] Sandstorm
|-damage|p1a: Suicune|54/100 slp|[from] Sandstorm
|-heal|p2a: fern|100/100|[from] item: Leftovers
|-heal|p1a: Suicune|60/100 slp|[from] item: Leftovers
|upkeep
|turn|25
|
|t:|1728072885
|move|p2a: fern|Hidden Power|p1a: Suicune
|-supereffective|p1a: Suicune
|-damage|p1a: Suicune|21/100 slp
|-curestatus|p1a: Suicune|slp|[msg]
|move|p1a: Suicune|Surf|p2a: fern
|-supereffective|p2a: fern
|-damage|p2a: fern|36/100
|
|-weather|Sandstorm|[upkeep]
|-damage|p2a: fern|29/100|[from] Sandstorm
|-damage|p1a: Suicune|14/100|[from] Sandstorm
|-heal|p2a: fern|36/100|[from] item: Leftovers
|-heal|p1a: Suicune|21/100|[from] item: Leftovers
|upkeep
|turn|26
|
|t:|1728072899
|switch|p1a: Salamence|Salamence, F|100/100
|-ability|p1a: Salamence|Intimidate|boost
|-unboost|p2a: fern|atk|1
|move|p2a: fern|Hidden Power|p1a: Salamence
|-resisted|p1a: Salamence
|-damage|p1a: Salamence|93/100
|
|-weather|Sandstorm|[upkeep]
|-damage|p1a: Salamence|87/100|[from] Sandstorm
|-damage|p2a: fern|29/100|[from] Sandstorm
|-heal|p2a: fern|36/100|[from] item: Leftovers
|-heal|p1a: Salamence|93/100|[from] item: Leftovers
|upkeep
|turn|27
|
|t:|1728072912
|switch|p2a: clink|Flygon, M|100/100
|move|p1a: Salamence|Dragon Dance|p1a: Salamence
|-boost|p1a: Salamence|atk|1
|-boost|p1a: Salamence|spe|1
|
|-weather|Sandstorm|[upkeep]
|-damage|p1a: Salamence|87/100|[from] Sandstorm
|-heal|p1a: Salamence|93/100|[from] item: Leftovers
|upkeep
|turn|28
|
|t:|1728072919
|move|p1a: Salamence|Hidden Power|p2a: clink
|-damage|p2a: clink|50/100
|move|p2a: clink|Toxic|p1a: Salamence
|-status|p1a: Salamence|tox
|
|-weather|Sandstorm|[upkeep]
|-damage|p1a: Salamence|87/100 tox|[from] Sandstorm
|-heal|p1a: Salamence|93/100 tox|[from] item: Leftovers
|-damage|p1a: Salamence|87/100 tox|[from] psn
|-heal|p2a: clink|56/100|[from] item: Leftovers
|upkeep
|turn|29
|
|t:|1728072923
|switch|p2a: pavatae|Jirachi, shiny|100/100
|move|p1a: Salamence|Dragon Dance|p1a: Salamence
|-boost|p1a: Salamence|atk|1
|-boost|p1a: Salamence|spe|1
|
|-weather|Sandstorm|[upkeep]
|-damage|p1a: Salamence|80/100 tox|[from] Sandstorm
|-heal|p1a: Salamence|87/100 tox|[from] item: Leftovers
|-damage|p1a: Salamence|74/100 tox|[from] psn
|upkeep
|turn|30
|
|t:|1728072929
|move|p2a: pavatae|Protect|p2a: pavatae
|-singleturn|p2a: pavatae|Protect
|move|p1a: Salamence|Earthquake|p2a: pavatae
|-activate|p2a: pavatae|Protect
|
|-weather|Sandstorm|[upkeep]
|-damage|p1a: Salamence|68/100 tox|[from] Sandstorm
|-heal|p1a: Salamence|74/100 tox|[from] item: Leftovers
|-damage|p1a: Salamence|56/100 tox|[from] psn
|upkeep
|turn|31
|
|t:|1728072934
|switch|p2a: ragnarok|Tyranitar, M, shiny|100/100
|move|p1a: Salamence|Hidden Power|p2a: ragnarok
|-resisted|p2a: ragnarok
|-damage|p2a: ragnarok|71/100
|
|-weather|Sandstorm|[upkeep]
|-damage|p1a: Salamence|50/100 tox|[from] Sandstorm
|-heal|p1a: Salamence|56/100 tox|[from] item: Leftovers
|-damage|p1a: Salamence|32/100 tox|[from] psn
|-heal|p2a: ragnarok|77/100|[from] item: Leftovers
|upkeep
|turn|32
|
|t:|1728072943
|switch|p2a: clink|Flygon, M|56/100
|move|p1a: Salamence|Hidden Power|p2a: clink
|-damage|p2a: clink|0 fnt
|faint|p2a: clink
|
|t:|1728072952
|switch|p2a: pavatae|Jirachi, shiny|100/100
|
|-weather|Sandstorm|[upkeep]
|-damage|p1a: Salamence|25/100 tox|[from] Sandstorm
|-heal|p1a: Salamence|32/100 tox|[from] item: Leftovers
|-damage|p1a: Salamence|1/100 tox|[from] psn
|upkeep
|turn|33
|
|t:|1728072957
|switch|p1a: Suicune|Suicune|21/100
|move|p2a: pavatae|Protect||[still]
|-fail|p2a: pavatae
|
|-weather|Sandstorm|[upkeep]
|-damage|p1a: Suicune|14/100|[from] Sandstorm
|-heal|p1a: Suicune|21/100|[from] item: Leftovers
|upkeep
|turn|34
|
|t:|1728072963
|switch|p2a: fern|Moltres, shiny|36/100
|move|p1a: Suicune|Rest|p1a: Suicune
|-status|p1a: Suicune|slp|[from] move: Rest
|-heal|p1a: Suicune|100/100 slp|[silent]
|
|-weather|Sandstorm|[upkeep]
|-damage|p2a: fern|29/100|[from] Sandstorm
|-damage|p1a: Suicune|94/100 slp|[from] Sandstorm
|-heal|p2a: fern|36/100|[from] item: Leftovers
|-heal|p1a: Suicune|100/100 slp|[from] item: Leftovers
|upkeep
|turn|35
|
|t:|1728072970
|switch|p1a: Salamence|Salamence, F|1/100 tox
|-ability|p1a: Salamence|Intimidate|boost
|-unboost|p2a: fern|atk|1
|move|p2a: fern|Hidden Power|p1a: Salamence
|-resisted|p1a: Salamence
|-damage|p1a: Salamence|0 fnt
|faint|p1a: Salamence
|
|t:|1728072991
|switch|p1a: Regirock|Regirock|94/100 tox
|
|-weather|Sandstorm|[upkeep]
|-damage|p2a: fern|29/100|[from] Sandstorm
|-heal|p2a: fern|36/100|[from] item: Leftovers
|-heal|p1a: Regirock|100/100 tox|[from] item: Leftovers
|-damage|p1a: Regirock|94/100 tox|[from] psn
|upkeep
|turn|36
|
|t:|1728073007
|switch|p2a: ragnarok|Tyranitar, M, shiny|77/100
|move|p1a: Regirock|Explosion|p2a: ragnarok
|-resisted|p2a: ragnarok
|-crit|p2a: ragnarok
|-damage|p2a: ragnarok|0 fnt
|faint|p1a: Regirock
|faint|p2a: ragnarok
|
|t:|1728073014
|switch|p2a: fern|Moltres, shiny|36/100
|switch|p1a: Claydol|Claydol|100/100
|
|-weather|Sandstorm|[upkeep]
|-damage|p2a: fern|29/100|[from] Sandstorm
|-heal|p2a: fern|36/100|[from] item: Leftovers
|upkeep
|turn|37
|
|t:|1728073026
|switch|p2a: rostic|Articuno|53/100
|move|p1a: Claydol|Psychic|p2a: rostic
|-damage|p2a: rostic|40/100
|
|-weather|Sandstorm|[upkeep]
|-damage|p2a: rostic|34/100|[from] Sandstorm
|-heal|p2a: rostic|40/100|[from] item: Leftovers
|upkeep
|turn|38
|
|t:|1728073037
|switch|p1a: Suicune|Suicune|100/100 slp
|move|p2a: rostic|Ice Beam|p1a: Suicune
|-resisted|p1a: Suicune
|-damage|p1a: Suicune|90/100 slp
|
|-weather|Sandstorm|[upkeep]
|-damage|p2a: rostic|34/100|[from] Sandstorm
|-damage|p1a: Suicune|83/100 slp|[from] Sandstorm
|-heal|p2a: rostic|40/100|[from] item: Leftovers
|-heal|p1a: Suicune|90/100 slp|[from] item: Leftovers
|upkeep
|turn|39
|
|t:|1728073041
|switch|p2a: fern|Moltres, shiny|36/100
|cant|p1a: Suicune|slp
|
|-weather|Sandstorm|[upkeep]
|-damage|p2a: fern|29/100|[from] Sandstorm
|-damage|p1a: Suicune|83/100 slp|[from] Sandstorm
|-heal|p2a: fern|36/100|[from] item: Leftovers
|-heal|p1a: Suicune|90/100 slp|[from] item: Leftovers
|upkeep
|turn|40
|
|t:|1728073047
|switch|p1a: Snorlax|Snorlax, F|100/100
|move|p2a: fern|Hidden Power|p1a: Snorlax
|-damage|p1a: Snorlax|87/100
|
|-weather|Sandstorm|[upkeep]
|-damage|p2a: fern|29/100|[from] Sandstorm
|-damage|p1a: Snorlax|80/100|[from] Sandstorm
|-heal|p2a: fern|36/100|[from] item: Leftovers
|-heal|p1a: Snorlax|87/100|[from] item: Leftovers
|upkeep
|turn|41
|
|t:|1728073058
|switch|p2a: pavatae|Jirachi, shiny|100/100
|move|p1a: Snorlax|Body Slam|p2a: pavatae
|-resisted|p2a: pavatae
|-damage|p2a: pavatae|86/100
|
|-weather|Sandstorm|[upkeep]
|-damage|p1a: Snorlax|80/100|[from] Sandstorm
|-heal|p2a: pavatae|92/100|[from] item: Leftovers
|-heal|p1a: Snorlax|87/100|[from] item: Leftovers
|upkeep
|turn|42
|
|t:|1728073062
|move|p2a: pavatae|Fire Punch|p1a: Snorlax
|-damage|p1a: Snorlax|78/100
|move|p1a: Snorlax|Body Slam|p2a: pavatae
|-resisted|p2a: pavatae
|-damage|p2a: pavatae|77/100
|
|-weather|Sandstorm|[upkeep]
|-damage|p1a: Snorlax|71/100|[from] Sandstorm
|-heal|p2a: pavatae|83/100|[from] item: Leftovers
|-heal|p1a: Snorlax|78/100|[from] item: Leftovers
|upkeep
|turn|43
|
|t:|1728073065
|move|p2a: pavatae|Fire Punch|p1a: Snorlax
|-damage|p1a: Snorlax|68/100
|move|p1a: Snorlax|Body Slam|p2a: pavatae
|-resisted|p2a: pavatae
|-damage|p2a: pavatae|68/100
|
|-weather|Sandstorm|[upkeep]
|-damage|p1a: Snorlax|62/100|[from] Sandstorm
|-heal|p2a: pavatae|74/100|[from] item: Leftovers
|-heal|p1a: Snorlax|68/100|[from] item: Leftovers
|upkeep
|turn|44
|
|t:|1728073068
|move|p2a: pavatae|Fire Punch|p1a: Snorlax
|-damage|p1a: Snorlax|58/100
|-status|p1a: Snorlax|brn
|move|p1a: Snorlax|Body Slam|p2a: pavatae
|-resisted|p2a: pavatae
|-damage|p2a: pavatae|66/100
|
|-weather|Sandstorm|[upkeep]
|-damage|p1a: Snorlax|52/100 brn|[from] Sandstorm
|-heal|p2a: pavatae|72/100|[from] item: Leftovers
|-heal|p1a: Snorlax|58/100 brn|[from] item: Leftovers
|-damage|p1a: Snorlax|46/100 brn|[from] brn
|upkeep
|turn|45
|
|t:|1728073071
|move|p2a: pavatae|Wish|p2a: pavatae
|move|p1a: Snorlax|Body Slam|p2a: pavatae
|-resisted|p2a: pavatae
|-damage|p2a: pavatae|64/100
|
|-weather|Sandstorm|[upkeep]
|-damage|p1a: Snorlax|39/100 brn|[from] Sandstorm
|-heal|p2a: pavatae|70/100|[from] item: Leftovers
|-heal|p1a: Snorlax|46/100 brn|[from] item: Leftovers
|-damage|p1a: Snorlax|33/100 brn|[from] brn
|upkeep
|turn|46
|
|t:|1728073082
|switch|p2a: rostic|Articuno|40/100
|move|p1a: Snorlax|Body Slam|p2a: rostic
|-damage|p2a: rostic|23/100
|
|-heal|p2a: rostic|73/100|[from] move: Wish|[wisher] pavatae
|-weather|Sandstorm|[upkeep]
|-damage|p2a: rostic|67/100|[from] Sandstorm
|-damage|p1a: Snorlax|27/100 brn|[from] Sandstorm
|-heal|p2a: rostic|73/100|[from] item: Leftovers
|-heal|p1a: Snorlax|33/100 brn|[from] item: Leftovers
|-damage|p1a: Snorlax|21/100 brn|[from] brn
|upkeep
|turn|47
|
|t:|1728073089
|switch|p2a: pavatae|Jirachi, shiny|70/100
|move|p1a: Snorlax|Self-Destruct|p2a: pavatae
|-resisted|p2a: pavatae
|-damage|p2a: pavatae|35/100
|faint|p1a: Snorlax
|
|t:|1728073116
|switch|p1a: Claydol|Claydol|100/100
|
|-weather|Sandstorm|[upkeep]
|-heal|p2a: pavatae|42/100|[from] item: Leftovers
|upkeep
|turn|48
|
|t:|1728073121
|switch|p2a: rostic|Articuno|73/100
|move|p1a: Claydol|Earthquake|p2a: rostic
|-immune|p2a: rostic
|
|-weather|Sandstorm|[upkeep]
|-damage|p2a: rostic|67/100|[from] Sandstorm
|-heal|p2a: rostic|73/100|[from] item: Leftovers
|upkeep
|turn|49
|
|t:|1728073127
|switch|p1a: Suicune|Suicune|90/100 slp
|move|p2a: rostic|Ice Beam|p1a: Suicune
|-resisted|p1a: Suicune
|-damage|p1a: Suicune|78/100 slp
|
|-weather|Sandstorm|[upkeep]
|-damage|p2a: rostic|67/100|[from] Sandstorm
|-damage|p1a: Suicune|71/100 slp|[from] Sandstorm
|-heal|p2a: rostic|73/100|[from] item: Leftovers
|-heal|p1a: Suicune|78/100 slp|[from] item: Leftovers
|upkeep
|turn|50
|
|t:|1728073131
|move|p2a: rostic|Ice Beam|p1a: Suicune
|-resisted|p1a: Suicune
|-damage|p1a: Suicune|67/100 slp
|cant|p1a: Suicune|slp
|
|-weather|Sandstorm|[upkeep]
|-damage|p2a: rostic|67/100|[from] Sandstorm
|-damage|p1a: Suicune|60/100 slp|[from] Sandstorm
|-heal|p2a: rostic|73/100|[from] item: Leftovers
|-heal|p1a: Suicune|67/100 slp|[from] item: Leftovers
|upkeep
|turn|51
|
|t:|1728073134
|move|p2a: rostic|Ice Beam|p1a: Suicune
|-resisted|p1a: Suicune
|-damage|p1a: Suicune|55/100 slp
|-curestatus|p1a: Suicune|slp|[msg]
|move|p1a: Suicune|Calm Mind|p1a: Suicune
|-boost|p1a: Suicune|spa|1
|-boost|p1a: Suicune|spd|1
|
|-weather|Sandstorm|[upkeep]
|-damage|p2a: rostic|67/100|[from] Sandstorm
|-damage|p1a: Suicune|48/100|[from] Sandstorm
|-heal|p2a: rostic|73/100|[from] item: Leftovers
|-heal|p1a: Suicune|55/100|[from] item: Leftovers
|upkeep
|turn|52
|
|t:|1728073139
|move|p2a: rostic|Haze|p2a: rostic
|-clearallboost
|move|p1a: Suicune|Surf|p2a: rostic
|-damage|p2a: rostic|56/100
|
|-weather|Sandstorm|[upkeep]
|-damage|p2a: rostic|50/100|[from] Sandstorm
|-damage|p1a: Suicune|48/100|[from] Sandstorm
|-heal|p2a: rostic|56/100|[from] item: Leftovers
|-heal|p1a: Suicune|55/100|[from] item: Leftovers
|upkeep
|turn|53
|
|t:|1728073142
|move|p2a: rostic|Ice Beam|p1a: Suicune
|-resisted|p1a: Suicune
|-damage|p1a: Suicune|42/100
|move|p1a: Suicune|Calm Mind|p1a: Suicune
|-boost|p1a: Suicune|spa|1
|-boost|p1a: Suicune|spd|1
|
|-weather|Sandstorm|[upkeep]
|-damage|p2a: rostic|50/100|[from] Sandstorm
|-damage|p1a: Suicune|36/100|[from] Sandstorm
|-heal|p2a: rostic|56/100|[from] item: Leftovers
|-heal|p1a: Suicune|42/100|[from] item: Leftovers
|upkeep
|turn|54
|
|t:|1728073144
|move|p2a: rostic|Haze|p2a: rostic
|-clearallboost
|move|p1a: Suicune|Rest|p1a: Suicune
|-status|p1a: Suicune|slp|[from] move: Rest
|-heal|p1a: Suicune|100/100 slp|[silent]
|
|-weather|Sandstorm|[upkeep]
|-damage|p2a: rostic|50/100|[from] Sandstorm
|-damage|p1a: Suicune|94/100 slp|[from] Sandstorm
|-heal|p2a: rostic|56/100|[from] item: Leftovers
|-heal|p1a: Suicune|100/100 slp|[from] item: Leftovers
|upkeep
|turn|55
|
|t:|1728073148
|switch|p2a: fern|Moltres, shiny|36/100
|switch|p1a: Claydol|Claydol|100/100
|
|-weather|Sandstorm|[upkeep]
|-damage|p2a: fern|29/100|[from] Sandstorm
|-heal|p2a: fern|36/100|[from] item: Leftovers
|upkeep
|turn|56
|
|t:|1728073156
|switch|p2a: rostic|Articuno|56/100
|move|p1a: Claydol|Psychic|p2a: rostic
|-damage|p2a: rostic|44/100
|
|-weather|Sandstorm|[upkeep]
|-damage|p2a: rostic|38/100|[from] Sandstorm
|-heal|p2a: rostic|44/100|[from] item: Leftovers
|upkeep
|turn|57
|
|t:|1728073166
|switch|p2a: pavatae|Jirachi, shiny|42/100
|move|p1a: Claydol|Psychic|p2a: pavatae
|-resisted|p2a: pavatae
|-damage|p2a: pavatae|38/100
|
|-weather|Sandstorm|[upkeep]
|-heal|p2a: pavatae|44/100|[from] item: Leftovers
|upkeep
|turn|58
|
|t:|1728073170
|move|p2a: pavatae|Protect|p2a: pavatae
|-singleturn|p2a: pavatae|Protect
|move|p1a: Claydol|Earthquake|p2a: pavatae
|-activate|p2a: pavatae|Protect
|
|-weather|Sandstorm|[upkeep]
|-heal|p2a: pavatae|50/100|[from] item: Leftovers
|upkeep
|turn|59
|
|t:|1728073173
|switch|p2a: rostic|Articuno|44/100
|move|p1a: Claydol|Earthquake|p2a: rostic
|-immune|p2a: rostic
|
|-weather|Sandstorm|[upkeep]
|-damage|p2a: rostic|38/100|[from] Sandstorm
|-heal|p2a: rostic|44/100|[from] item: Leftovers
|upkeep
|turn|60
|
|t:|1728073176
|switch|p1a: Suicune|Suicune|100/100 slp
|move|p2a: rostic|Ice Beam|p1a: Suicune
|-resisted|p1a: Suicune
|-damage|p1a: Suicune|89/100 slp
|
|-weather|Sandstorm|[upkeep]
|-damage|p2a: rostic|38/100|[from] Sandstorm
|-damage|p1a: Suicune|83/100 slp|[from] Sandstorm
|-heal|p2a: rostic|44/100|[from] item: Leftovers
|-heal|p1a: Suicune|89/100 slp|[from] item: Leftovers
|upkeep
|turn|61
|
|t:|1728073181
|move|p2a: rostic|Ice Beam|p1a: Suicune
|-resisted|p1a: Suicune
|-crit|p1a: Suicune
|-damage|p1a: Suicune|64/100 slp
|cant|p1a: Suicune|slp
|
|-weather|Sandstorm|[upkeep]
|-damage|p2a: rostic|38/100|[from] Sandstorm
|-damage|p1a: Suicune|58/100 slp|[from] Sandstorm
|-heal|p2a: rostic|44/100|[from] item: Leftovers
|-heal|p1a: Suicune|64/100 slp|[from] item: Leftovers
|upkeep
|turn|62
|
|t:|1728073184
|move|p2a: rostic|Ice Beam|p1a: Suicune
|-resisted|p1a: Suicune
|-damage|p1a: Suicune|52/100 slp
|cant|p1a: Suicune|slp
|
|-weather|Sandstorm|[upkeep]
|-damage|p2a: rostic|38/100|[from] Sandstorm
|-damage|p1a: Suicune|46/100 slp|[from] Sandstorm
|-heal|p2a: rostic|44/100|[from] item: Leftovers
|-heal|p1a: Suicune|52/100 slp|[from] item: Leftovers
|upkeep
|turn|63
|
|t:|1728073191
|move|p2a: rostic|Haze|p2a: rostic
|-clearallboost
|-curestatus|p1a: Suicune|slp|[msg]
|move|p1a: Suicune|Calm Mind|p1a: Suicune
|-boost|p1a: Suicune|spa|1
|-boost|p1a: Suicune|spd|1
|
|-weather|Sandstorm|[upkeep]
|-damage|p2a: rostic|38/100|[from] Sandstorm
|-damage|p1a: Suicune|46/100|[from] Sandstorm
|-heal|p2a: rostic|44/100|[from] item: Leftovers
|-heal|p1a: Suicune|52/100|[from] item: Leftovers
|upkeep
|turn|64
|
|t:|1728073196
|move|p2a: rostic|Haze|p2a: rostic
|-clearallboost
|move|p1a: Suicune|Surf|p2a: rostic
|-damage|p2a: rostic|27/100
|
|-weather|Sandstorm|[upkeep]
|-damage|p2a: rostic|21/100|[from] Sandstorm
|-damage|p1a: Suicune|46/100|[from] Sandstorm
|-heal|p2a: rostic|27/100|[from] item: Leftovers
|-heal|p1a: Suicune|52/100|[from] item: Leftovers
|upkeep
|turn|65
|inactive|FaceOFF3141 has 270 seconds left.
|
|t:|1728073247
|switch|p2a: pavatae|Jirachi, shiny|50/100
|move|p1a: Suicune|Surf|p2a: pavatae
|-damage|p2a: pavatae|32/100
|
|-weather|Sandstorm|[upkeep]
|-damage|p1a: Suicune|46/100|[from] Sandstorm
|-heal|p2a: pavatae|38/100|[from] item: Leftovers
|-heal|p1a: Suicune|52/100|[from] item: Leftovers
|upkeep
|turn|66
|
|t:|1728073270
|move|p2a: pavatae|Wish|p2a: pavatae
|move|p1a: Suicune|Calm Mind|p1a: Suicune
|-boost|p1a: Suicune|spa|1
|-boost|p1a: Suicune|spd|1
|
|-weather|Sandstorm|[upkeep]
|-damage|p1a: Suicune|46/100|[from] Sandstorm
|-heal|p2a: pavatae|44/100|[from] item: Leftovers
|-heal|p1a: Suicune|52/100|[from] item: Leftovers
|upkeep
|turn|67
|
|t:|1728073274
|switch|p2a: rostic|Articuno|27/100
|move|p1a: Suicune|Surf|p2a: rostic
|-damage|p2a: rostic|3/100
|
|-heal|p2a: rostic|53/100|[from] move: Wish|[wisher] pavatae
|-weather|Sandstorm|[upkeep]
|-damage|p2a: rostic|47/100|[from] Sandstorm
|-damage|p1a: Suicune|46/100|[from] Sandstorm
|-heal|p2a: rostic|53/100|[from] item: Leftovers
|-heal|p1a: Suicune|52/100|[from] item: Leftovers
|upkeep
|turn|68
|inactive|FaceOFF3141 has 270 seconds left.
|
|t:|1728073282
|move|p2a: rostic|Haze|p2a: rostic
|-clearallboost
|move|p1a: Suicune|Surf|p2a: rostic
|-damage|p2a: rostic|35/100
|
|-weather|Sandstorm|[upkeep]
|-damage|p2a: rostic|29/100|[from] Sandstorm
|-damage|p1a: Suicune|46/100|[from] Sandstorm
|-heal|p2a: rostic|35/100|[from] item: Leftovers
|-heal|p1a: Suicune|52/100|[from] item: Leftovers
|upkeep
|turn|69
|
|t:|1728073291
|switch|p2a: pavatae|Jirachi, shiny|44/100
|switch|p1a: Claydol|Claydol|100/100
|
|-weather|Sandstorm|[upkeep]
|-heal|p2a: pavatae|50/100|[from] item: Leftovers
|upkeep
|turn|70
|
|t:|1728073297
|move|p2a: pavatae|Protect|p2a: pavatae
|-singleturn|p2a: pavatae|Protect
|move|p1a: Claydol|Earthquake|p2a: pavatae
|-activate|p2a: pavatae|Protect
|
|-weather|Sandstorm|[upkeep]
|-heal|p2a: pavatae|57/100|[from] item: Leftovers
|upkeep
|turn|71
|
|t:|1728073323
|move|p2a: pavatae|Protect|p2a: pavatae
|-singleturn|p2a: pavatae|Protect
|move|p1a: Claydol|Earthquake|p2a: pavatae
|-activate|p2a: pavatae|Protect
|
|-weather|Sandstorm|[upkeep]
|-heal|p2a: pavatae|63/100|[from] item: Leftovers
|upkeep
|turn|72
|
|t:|1728073327
|move|p2a: pavatae|Wish|p2a: pavatae
|move|p1a: Claydol|Earthquake|p2a: pavatae
|-supereffective|p2a: pavatae
|-damage|p2a: pavatae|4/100
|
|-weather|Sandstorm|[upkeep]
|-heal|p2a: pavatae|11/100|[from] item: Leftovers
|upkeep
|turn|73
|
|t:|1728073333
|move|p2a: pavatae|Protect|p2a: pavatae
|-singleturn|p2a: pavatae|Protect
|move|p1a: Claydol|Rapid Spin|p2a: pavatae
|-activate|p2a: pavatae|Protect
|
|-heal|p2a: pavatae|61/100|[from] move: Wish|[wisher] pavatae
|-weather|Sandstorm|[upkeep]
|-heal|p2a: pavatae|67/100|[from] item: Leftovers
|upkeep
|turn|74
|
|t:|1728073337
|move|p2a: pavatae|Wish|p2a: pavatae
|move|p1a: Claydol|Earthquake|p2a: pavatae
|-supereffective|p2a: pavatae
|-damage|p2a: pavatae|9/100
|
|-weather|Sandstorm|[upkeep]
|-heal|p2a: pavatae|15/100|[from] item: Leftovers
|upkeep
|turn|75
|
|t:|1728073340
|move|p2a: pavatae|Protect|p2a: pavatae
|-singleturn|p2a: pavatae|Protect
|move|p1a: Claydol|Earthquake|p2a: pavatae
|-activate|p2a: pavatae|Protect
|
|-heal|p2a: pavatae|65/100|[from] move: Wish|[wisher] pavatae
|-weather|Sandstorm|[upkeep]
|-heal|p2a: pavatae|72/100|[from] item: Leftovers
|upkeep
|turn|76
|
|t:|1728073345
|move|p2a: pavatae|Wish|p2a: pavatae
|move|p1a: Claydol|Earthquake|p2a: pavatae
|-supereffective|p2a: pavatae
|-damage|p2a: pavatae|16/100
|
|-weather|Sandstorm|[upkeep]
|-heal|p2a: pavatae|23/100|[from] item: Leftovers
|upkeep
|turn|77
|
|t:|1728073359
|move|p2a: pavatae|Protect|p2a: pavatae
|-singleturn|p2a: pavatae|Protect
|move|p1a: Claydol|Rapid Spin|p2a: pavatae
|-activate|p2a: pavatae|Protect
|
|-heal|p2a: pavatae|73/100|[from] move: Wish|[wisher] pavatae
|-weather|Sandstorm|[upkeep]
|-heal|p2a: pavatae|79/100|[from] item: Leftovers
|upkeep
|turn|78
|
|t:|1728073365
|move|p2a: pavatae|Wish|p2a: pavatae
|move|p1a: Claydol|Earthquake|p2a: pavatae
|-supereffective|p2a: pavatae
|-damage|p2a: pavatae|19/100
|
|-weather|Sandstorm|[upkeep]
|-heal|p2a: pavatae|25/100|[from] item: Leftovers
|upkeep
|turn|79
|
|t:|1728073378
|move|p2a: pavatae|Protect|p2a: pavatae
|-singleturn|p2a: pavatae|Protect
|move|p1a: Claydol|Psychic|p2a: pavatae
|-activate|p2a: pavatae|Protect
|
|-heal|p2a: pavatae|75/100|[from] move: Wish|[wisher] pavatae
|-weather|Sandstorm|[upkeep]
|-heal|p2a: pavatae|81/100|[from] item: Leftovers
|upkeep
|turn|80
|
|t:|1728073384
|move|p2a: pavatae|Wish|p2a: pavatae
|move|p1a: Claydol|Earthquake|p2a: pavatae
|-supereffective|p2a: pavatae
|-damage|p2a: pavatae|26/100
|
|-weather|Sandstorm|[upkeep]
|-heal|p2a: pavatae|32/100|[from] item: Leftovers
|upkeep
|turn|81
|
|t:|1728073392
|move|p2a: pavatae|Protect|p2a: pavatae
|-singleturn|p2a: pavatae|Protect
|move|p1a: Claydol|Psychic|p2a: pavatae
|-activate|p2a: pavatae|Protect
|
|-heal|p2a: pavatae|82/100|[from] move: Wish|[wisher] pavatae
|-weather|Sandstorm|[upkeep]
|-heal|p2a: pavatae|88/100|[from] item: Leftovers
|upkeep
|turn|82
|
|t:|1728073401
|move|p2a: pavatae|Wish|p2a: pavatae
|move|p1a: Claydol|Earthquake|p2a: pavatae
|-supereffective|p2a: pavatae
|-damage|p2a: pavatae|30/100
|
|-weather|Sandstorm|[upkeep]
|-heal|p2a: pavatae|36/100|[from] item: Leftovers
|upkeep
|turn|83
|
|t:|1728073407
|switch|p1a: Suicune|Suicune|52/100
|move|p2a: pavatae|Protect||[still]
|-fail|p2a: pavatae
|
|-heal|p2a: pavatae|86/100|[from] move: Wish|[wisher] pavatae
|-weather|Sandstorm|[upkeep]
|-damage|p1a: Suicune|46/100|[from] Sandstorm
|-heal|p2a: pavatae|92/100|[from] item: Leftovers
|-heal|p1a: Suicune|52/100|[from] item: Leftovers
|upkeep
|turn|84
|
|t:|1728073411
|move|p2a: pavatae|Wish|p2a: pavatae
|move|p1a: Suicune|Calm Mind|p1a: Suicune
|-boost|p1a: Suicune|spa|1
|-boost|p1a: Suicune|spd|1
|
|-weather|Sandstorm|[upkeep]
|-damage|p1a: Suicune|46/100|[from] Sandstorm
|-heal|p2a: pavatae|98/100|[from] item: Leftovers
|-heal|p1a: Suicune|52/100|[from] item: Leftovers
|upkeep
|turn|85
|
|t:|1728073416
|switch|p2a: rostic|Articuno|35/100
|move|p1a: Suicune|Surf|p2a: rostic
|-damage|p2a: rostic|11/100
|
|-heal|p2a: rostic|61/100|[from] move: Wish|[wisher] pavatae
|-weather|Sandstorm|[upkeep]
|-damage|p2a: rostic|54/100|[from] Sandstorm
|-damage|p1a: Suicune|46/100|[from] Sandstorm
|-heal|p2a: rostic|61/100|[from] item: Leftovers
|-heal|p1a: Suicune|52/100|[from] item: Leftovers
|upkeep
|turn|86
|
|t:|1728073421
|move|p2a: rostic|Haze|p2a: rostic
|-clearallboost
|move|p1a: Suicune|Rest|p1a: Suicune
|-status|p1a: Suicune|slp|[from] move: Rest
|-heal|p1a: Suicune|100/100 slp|[silent]
|
|-weather|Sandstorm|[upkeep]
|-damage|p2a: rostic|54/100|[from] Sandstorm
|-damage|p1a: Suicune|94/100 slp|[from] Sandstorm
|-heal|p2a: rostic|61/100|[from] item: Leftovers
|-heal|p1a: Suicune|100/100 slp|[from] item: Leftovers
|upkeep
|turn|87
|
|t:|1728073428
|switch|p2a: fern|Moltres, shiny|36/100
|cant|p1a: Suicune|slp
|
|-weather|Sandstorm|[upkeep]
|-damage|p2a: fern|29/100|[from] Sandstorm
|-damage|p1a: Suicune|94/100 slp|[from] Sandstorm
|-heal|p2a: fern|36/100|[from] item: Leftovers
|-heal|p1a: Suicune|100/100 slp|[from] item: Leftovers
|upkeep
|turn|88
|
|t:|1728073447
|switch|p2a: pavatae|Jirachi, shiny|98/100
|cant|p1a: Suicune|slp
|
|-weather|Sandstorm|[upkeep]
|-damage|p1a: Suicune|94/100 slp|[from] Sandstorm
|-heal|p2a: pavatae|100/100|[from] item: Leftovers
|-heal|p1a: Suicune|100/100 slp|[from] item: Leftovers
|upkeep
|turn|89
|
|t:|1728073453
|move|p2a: pavatae|Wish|p2a: pavatae
|-curestatus|p1a: Suicune|slp|[msg]
|move|p1a: Suicune|Calm Mind|p1a: Suicune
|-boost|p1a: Suicune|spa|1
|-boost|p1a: Suicune|spd|1
|
|-weather|Sandstorm|[upkeep]
|-damage|p1a: Suicune|94/100|[from] Sandstorm
|-heal|p1a: Suicune|100/100|[from] item: Leftovers
|upkeep
|turn|90
|
|t:|1728073456
|switch|p2a: rostic|Articuno|61/100
|move|p1a: Suicune|Roar|p2a: rostic
|drag|p2a: pavatae|Jirachi, shiny|100/100
|
|-weather|Sandstorm|[upkeep]
|-damage|p1a: Suicune|94/100|[from] Sandstorm
|-heal|p1a: Suicune|100/100|[from] item: Leftovers
|upkeep
|turn|91
|
|t:|1728073473
|move|p2a: pavatae|Body Slam|p1a: Suicune
|-damage|p1a: Suicune|90/100
|-status|p1a: Suicune|par
|cant|p1a: Suicune|par
|
|-weather|Sandstorm|[upkeep]
|-damage|p1a: Suicune|84/100 par|[from] Sandstorm
|-heal|p1a: Suicune|90/100 par|[from] item: Leftovers
|upkeep
|turn|92
|
|t:|1728073477
|move|p2a: pavatae|Wish|p2a: pavatae
|move|p1a: Suicune|Calm Mind|p1a: Suicune
|-boost|p1a: Suicune|spa|1
|-boost|p1a: Suicune|spd|1
|
|-weather|Sandstorm|[upkeep]
|-damage|p1a: Suicune|84/100 par|[from] Sandstorm
|-heal|p1a: Suicune|90/100 par|[from] item: Leftovers
|upkeep
|turn|93
|
|t:|1728073482
|switch|p2a: rostic|Articuno|61/100
|move|p1a: Suicune|Roar|p2a: rostic
|drag|p2a: pavatae|Jirachi, shiny|100/100
|
|-weather|Sandstorm|[upkeep]
|-damage|p1a: Suicune|84/100 par|[from] Sandstorm
|-heal|p1a: Suicune|90/100 par|[from] item: Leftovers
|upkeep
|turn|94
|
|t:|1728073493
|switch|p2a: rostic|Articuno|61/100
|move|p1a: Suicune|Calm Mind|p1a: Suicune
|-boost|p1a: Suicune|spa|1
|-boost|p1a: Suicune|spd|1
|
|-weather|Sandstorm|[upkeep]
|-damage|p2a: rostic|54/100|[from] Sandstorm
|-damage|p1a: Suicune|84/100 par|[from] Sandstorm
|-heal|p2a: rostic|61/100|[from] item: Leftovers
|-heal|p1a: Suicune|90/100 par|[from] item: Leftovers
|upkeep
|turn|95
|
|t:|1728073498
|move|p2a: rostic|Haze|p2a: rostic
|-clearallboost
|move|p1a: Suicune|Rest|p1a: Suicune
|-status|p1a: Suicune|slp|[from] move: Rest
|-heal|p1a: Suicune|100/100 slp|[silent]
|
|-weather|Sandstorm|[upkeep]
|-damage|p2a: rostic|54/100|[from] Sandstorm
|-damage|p1a: Suicune|94/100 slp|[from] Sandstorm
|-heal|p2a: rostic|61/100|[from] item: Leftovers
|-heal|p1a: Suicune|100/100 slp|[from] item: Leftovers
|upkeep
|turn|96
|inactive|asbolus verrucosus has 270 seconds left.
|
|t:|1728073536
|switch|p2a: pavatae|Jirachi, shiny|100/100
|cant|p1a: Suicune|slp
|
|-weather|Sandstorm|[upkeep]
|-damage|p1a: Suicune|94/100 slp|[from] Sandstorm
|-heal|p1a: Suicune|100/100 slp|[from] item: Leftovers
|upkeep
|turn|97
|
|t:|1728073541
|move|p2a: pavatae|Wish|p2a: pavatae
|cant|p1a: Suicune|slp
|
|-weather|Sandstorm|[upkeep]
|-damage|p1a: Suicune|94/100 slp|[from] Sandstorm
|-heal|p1a: Suicune|100/100 slp|[from] item: Leftovers
|upkeep
|turn|98
|
|t:|1728073545
|switch|p2a: rostic|Articuno|61/100
|-curestatus|p1a: Suicune|slp|[msg]
|move|p1a: Suicune|Roar|p2a: rostic
|drag|p2a: fern|Moltres, shiny|36/100
|
|-heal|p2a: fern|86/100|[from] move: Wish|[wisher] pavatae
|-weather|Sandstorm|[upkeep]
|-damage|p2a: fern|79/100|[from] Sandstorm
|-damage|p1a: Suicune|94/100|[from] Sandstorm
|-heal|p2a: fern|86/100|[from] item: Leftovers
|-heal|p1a: Suicune|100/100|[from] item: Leftovers
|upkeep
|turn|99
|
|t:|1728073553
|switch|p2a: rostic|Articuno|61/100
|move|p1a: Suicune|Calm Mind|p1a: Suicune
|-boost|p1a: Suicune|spa|1
|-boost|p1a: Suicune|spd|1
|
|-weather|Sandstorm|[upkeep]
|-damage|p2a: rostic|54/100|[from] Sandstorm
|-damage|p1a: Suicune|94/100|[from] Sandstorm
|-heal|p2a: rostic|61/100|[from] item: Leftovers
|-heal|p1a: Suicune|100/100|[from] item: Leftovers
|upkeep
|turn|100
|
|t:|1728073559
|move|p2a: rostic|Haze|p2a: rostic
|-clearallboost
|move|p1a: Suicune|Calm Mind|p1a: Suicune
|-boost|p1a: Suicune|spa|1
|-boost|p1a: Suicune|spd|1
|
|-weather|Sandstorm|[upkeep]
|-damage|p2a: rostic|54/100|[from] Sandstorm
|-damage|p1a: Suicune|94/100|[from] Sandstorm
|-heal|p2a: rostic|61/100|[from] item: Leftovers
|-heal|p1a: Suicune|100/100|[from] item: Leftovers
|upkeep
|turn|101
|
|t:|1728073574
|switch|p1a: Claydol|Claydol|100/100
|move|p2a: rostic|Haze|p2a: rostic
|-clearallboost
|
|-weather|Sandstorm|[upkeep]
|-damage|p2a: rostic|54/100|[from] Sandstorm
|-heal|p2a: rostic|61/100|[from] item: Leftovers
|upkeep
|turn|102
|
|t:|1728073588
|switch|p2a: pavatae|Jirachi, shiny|100/100
|switch|p1a: Metagross|Metagross|82/100
|
|-weather|Sandstorm|[upkeep]
|upkeep
|turn|103
|
|t:|1728073595
|move|p2a: pavatae|Protect|p2a: pavatae
|-singleturn|p2a: pavatae|Protect
|move|p1a: Metagross|Earthquake|p2a: pavatae
|-activate|p2a: pavatae|Protect
|
|-weather|Sandstorm|[upkeep]
|upkeep
|turn|104
|inactive|asbolus verrucosus has 270 seconds left.
|
|t:|1728073637
|switch|p2a: fern|Moltres, shiny|86/100
|switch|p1a: Suicune|Suicune|100/100
|
|-weather|Sandstorm|[upkeep]
|-damage|p2a: fern|79/100|[from] Sandstorm
|-damage|p1a: Suicune|94/100|[from] Sandstorm
|-heal|p2a: fern|86/100|[from] item: Leftovers
|-heal|p1a: Suicune|100/100|[from] item: Leftovers
|upkeep
|turn|105
|
|t:|1728073643
|move|p2a: fern|Hidden Power|p1a: Suicune
|-supereffective|p1a: Suicune
|-damage|p1a: Suicune|59/100
|move|p1a: Suicune|Calm Mind|p1a: Suicune
|-boost|p1a: Suicune|spa|1
|-boost|p1a: Suicune|spd|1
|
|-weather|Sandstorm|[upkeep]
|-damage|p2a: fern|79/100|[from] Sandstorm
|-damage|p1a: Suicune|53/100|[from] Sandstorm
|-heal|p2a: fern|86/100|[from] item: Leftovers
|-heal|p1a: Suicune|59/100|[from] item: Leftovers
|upkeep
|turn|106
|
|t:|1728073648
|switch|p2a: rostic|Articuno|61/100
|move|p1a: Suicune|Rest|p1a: Suicune
|-status|p1a: Suicune|slp|[from] move: Rest
|-heal|p1a: Suicune|100/100 slp|[silent]
|
|-weather|Sandstorm|[upkeep]
|-damage|p2a: rostic|54/100|[from] Sandstorm
|-damage|p1a: Suicune|94/100 slp|[from] Sandstorm
|-heal|p2a: rostic|61/100|[from] item: Leftovers
|-heal|p1a: Suicune|100/100 slp|[from] item: Leftovers
|upkeep
|turn|107
|
|t:|1728073655
|move|p2a: rostic|Haze|p2a: rostic
|-clearallboost
|cant|p1a: Suicune|slp
|
|-weather|Sandstorm|[upkeep]
|-damage|p2a: rostic|54/100|[from] Sandstorm
|-damage|p1a: Suicune|94/100 slp|[from] Sandstorm
|-heal|p2a: rostic|61/100|[from] item: Leftovers
|-heal|p1a: Suicune|100/100 slp|[from] item: Leftovers
|upkeep
|turn|108
|
|t:|1728073666
|switch|p2a: fern|Moltres, shiny|86/100
|cant|p1a: Suicune|slp
|
|-weather|Sandstorm|[upkeep]
|-damage|p2a: fern|79/100|[from] Sandstorm
|-damage|p1a: Suicune|94/100 slp|[from] Sandstorm
|-heal|p2a: fern|86/100|[from] item: Leftovers
|-heal|p1a: Suicune|100/100 slp|[from] item: Leftovers
|upkeep
|turn|109
|
|t:|1728073670
|switch|p2a: rostic|Articuno|61/100
|-curestatus|p1a: Suicune|slp|[msg]
|move|p1a: Suicune|Roar|p2a: rostic
|drag|p2a: fern|Moltres, shiny|86/100
|
|-weather|Sandstorm|[upkeep]
|-damage|p2a: fern|79/100|[from] Sandstorm
|-damage|p1a: Suicune|94/100|[from] Sandstorm
|-heal|p2a: fern|86/100|[from] item: Leftovers
|-heal|p1a: Suicune|100/100|[from] item: Leftovers
|upkeep
|turn|110
|
|t:|1728073675
|switch|p2a: rostic|Articuno|61/100
|switch|p1a: Claydol|Claydol|100/100
|
|-weather|Sandstorm|[upkeep]
|-damage|p2a: rostic|54/100|[from] Sandstorm
|-heal|p2a: rostic|61/100|[from] item: Leftovers
|upkeep
|turn|111
|inactive|asbolus verrucosus has 270 seconds left.
|
|t:|1728073735
|switch|p2a: pavatae|Jirachi, shiny|100/100
|move|p1a: Claydol|Psychic|p2a: pavatae
|-resisted|p2a: pavatae
|-damage|p2a: pavatae|97/100
|
|-weather|Sandstorm|[upkeep]
|-heal|p2a: pavatae|100/100|[from] item: Leftovers
|upkeep
|turn|112
|
|t:|1728073742
|move|p2a: pavatae|Fire Punch|p1a: Claydol
|-damage|p1a: Claydol|84/100
|move|p1a: Claydol|Rapid Spin|p2a: pavatae
|-resisted|p2a: pavatae
|-damage|p2a: pavatae|99/100
|
|-weather|Sandstorm|[upkeep]
|-heal|p2a: pavatae|100/100|[from] item: Leftovers
|-heal|p1a: Claydol|91/100|[from] item: Leftovers
|upkeep
|turn|113
|
|t:|1728073747
|switch|p1a: Suicune|Suicune|100/100
|move|p2a: pavatae|Fire Punch|p1a: Suicune
|-resisted|p1a: Suicune
|-damage|p1a: Suicune|94/100
|-status|p1a: Suicune|brn
|
|-weather|Sandstorm|[upkeep]
|-damage|p1a: Suicune|88/100 brn|[from] Sandstorm
|-heal|p1a: Suicune|94/100 brn|[from] item: Leftovers
|-damage|p1a: Suicune|82/100 brn|[from] brn
|upkeep
|turn|114
|inactive|asbolus verrucosus has 270 seconds left.
|
|t:|1728073756
|switch|p2a: rostic|Articuno|61/100
|move|p1a: Suicune|Calm Mind|p1a: Suicune
|-boost|p1a: Suicune|spa|1
|-boost|p1a: Suicune|spd|1
|
|-weather|Sandstorm|[upkeep]
|-damage|p2a: rostic|54/100|[from] Sandstorm
|-damage|p1a: Suicune|76/100 brn|[from] Sandstorm
|-heal|p2a: rostic|61/100|[from] item: Leftovers
|-heal|p1a: Suicune|82/100 brn|[from] item: Leftovers
|-damage|p1a: Suicune|69/100 brn|[from] brn
|upkeep
|turn|115
|inactive|asbolus verrucosus has 270 seconds left.
|
|t:|1728073766
|move|p2a: rostic|Rest|p2a: rostic
|-status|p2a: rostic|slp|[from] move: Rest
|-heal|p2a: rostic|100/100 slp|[silent]
|move|p1a: Suicune|Rest|p1a: Suicune
|-status|p1a: Suicune|slp|[from] move: Rest
|-heal|p1a: Suicune|100/100 slp|[silent]
|
|-weather|Sandstorm|[upkeep]
|-damage|p2a: rostic|94/100 slp|[from] Sandstorm
|-damage|p1a: Suicune|94/100 slp|[from] Sandstorm
|-heal|p2a: rostic|100/100 slp|[from] item: Leftovers
|-heal|p1a: Suicune|100/100 slp|[from] item: Leftovers
|upkeep
|turn|116
|
|t:|1728073776
|cant|p2a: rostic|slp
|cant|p1a: Suicune|slp
|
|-weather|Sandstorm|[upkeep]
|-damage|p2a: rostic|94/100 slp|[from] Sandstorm
|-damage|p1a: Suicune|94/100 slp|[from] Sandstorm
|-heal|p2a: rostic|100/100 slp|[from] item: Leftovers
|-heal|p1a: Suicune|100/100 slp|[from] item: Leftovers
|upkeep
|turn|117
|
|t:|1728073779
|switch|p1a: Metagross|Metagross|82/100
|cant|p2a: rostic|slp
|
|-weather|Sandstorm|[upkeep]
|-damage|p2a: rostic|94/100 slp|[from] Sandstorm
|-heal|p2a: rostic|100/100 slp|[from] item: Leftovers
|upkeep
|turn|118
|
|t:|1728073788
|switch|p2a: pavatae|Jirachi, shiny|100/100
|move|p1a: Metagross|Meteor Mash|p2a: pavatae
|-resisted|p2a: pavatae
|-damage|p2a: pavatae|66/100
|
|-weather|Sandstorm|[upkeep]
|-heal|p2a: pavatae|73/100|[from] item: Leftovers
|upkeep
|turn|119
|
|t:|1728073796
|switch|p1a: Suicune|Suicune|100/100 slp
|move|p2a: pavatae|Fire Punch|p1a: Suicune
|-resisted|p1a: Suicune
|-damage|p1a: Suicune|95/100 slp
|
|-weather|Sandstorm|[upkeep]
|-damage|p1a: Suicune|89/100 slp|[from] Sandstorm
|-heal|p2a: pavatae|79/100|[from] item: Leftovers
|-heal|p1a: Suicune|95/100 slp|[from] item: Leftovers
|upkeep
|turn|120
|
|t:|1728073803
|switch|p2a: rostic|Articuno|100/100 slp
|cant|p1a: Suicune|slp
|
|-weather|Sandstorm|[upkeep]
|-damage|p2a: rostic|94/100 slp|[from] Sandstorm
|-damage|p1a: Suicune|89/100 slp|[from] Sandstorm
|-heal|p2a: rostic|100/100 slp|[from] item: Leftovers
|-heal|p1a: Suicune|95/100 slp|[from] item: Leftovers
|upkeep
|turn|121
|
|t:|1728073809
|switch|p1a: Metagross|Metagross|82/100
|-curestatus|p2a: rostic|slp|[msg]
|move|p2a: rostic|Heal Bell|p2a: rostic
|-activate|p2a: rostic|move: Heal Bell
|
|-weather|Sandstorm|[upkeep]
|-damage|p2a: rostic|94/100|[from] Sandstorm
|-heal|p2a: rostic|100/100|[from] item: Leftovers
|upkeep
|turn|122
|inactive|asbolus verrucosus has 270 seconds left.
|
|t:|1728073868
|move|p2a: rostic|Haze|p2a: rostic
|-clearallboost
|move|p1a: Metagross|Meteor Mash|p2a: rostic
|-supereffective|p2a: rostic
|-damage|p2a: rostic|0 fnt
|faint|p2a: rostic
|
|t:|1728073874
|switch|p2a: fern|Moltres, shiny|86/100
|
|-weather|Sandstorm|[upkeep]
|-damage|p2a: fern|79/100|[from] Sandstorm
|-heal|p2a: fern|86/100|[from] item: Leftovers
|upkeep
|turn|123
|
|t:|1728073879
|switch|p1a: Suicune|Suicune|95/100 slp
|move|p2a: fern|Flamethrower|p1a: Suicune
|-resisted|p1a: Suicune
|-damage|p1a: Suicune|74/100 slp
|
|-weather|Sandstorm|[upkeep]
|-damage|p2a: fern|79/100|[from] Sandstorm
|-damage|p1a: Suicune|68/100 slp|[from] Sandstorm
|-heal|p2a: fern|86/100|[from] item: Leftovers
|-heal|p1a: Suicune|74/100 slp|[from] item: Leftovers
|upkeep
|turn|124
|
|t:|1728073883
|move|p2a: fern|Hidden Power|p1a: Suicune
|-supereffective|p1a: Suicune
|-damage|p1a: Suicune|31/100 slp
|-curestatus|p1a: Suicune|slp|[msg]
|move|p1a: Suicune|Calm Mind|p1a: Suicune
|-boost|p1a: Suicune|spa|1
|-boost|p1a: Suicune|spd|1
|
|-weather|Sandstorm|[upkeep]
|-damage|p2a: fern|79/100|[from] Sandstorm
|-damage|p1a: Suicune|25/100|[from] Sandstorm
|-heal|p2a: fern|86/100|[from] item: Leftovers
|-heal|p1a: Suicune|31/100|[from] item: Leftovers
|upkeep
|turn|125
|
|t:|1728073890
|move|p2a: fern|Hidden Power|p1a: Suicune
|-supereffective|p1a: Suicune
|-damage|p1a: Suicune|2/100
|move|p1a: Suicune|Surf|p2a: fern
|-supereffective|p2a: fern
|-damage|p2a: fern|0 fnt
|faint|p2a: fern
|
|t:|1728073893
|switch|p2a: pavatae|Jirachi, shiny|79/100
|
|-weather|Sandstorm|[upkeep]
|-damage|p1a: Suicune|0 fnt|[from] Sandstorm
|faint|p1a: Suicune
|-heal|p2a: pavatae|85/100|[from] item: Leftovers
|upkeep
|
|t:|1728073911
|switch|p1a: Claydol|Claydol|91/100
|turn|126
|
|t:|1728073916
|move|p2a: pavatae|Fire Punch|p1a: Claydol
|-damage|p1a: Claydol|75/100
|move|p1a: Claydol|Earthquake|p2a: pavatae
|-supereffective|p2a: pavatae
|-damage|p2a: pavatae|26/100
|
|-weather|Sandstorm|[upkeep]
|-heal|p2a: pavatae|32/100|[from] item: Leftovers
|-heal|p1a: Claydol|81/100|[from] item: Leftovers
|upkeep
|turn|127
|
|t:|1728073921
|move|p2a: pavatae|Fire Punch|p1a: Claydol
|-damage|p1a: Claydol|67/100
|-status|p1a: Claydol|brn
|move|p1a: Claydol|Earthquake|p2a: pavatae
|-supereffective|p2a: pavatae
|-damage|p2a: pavatae|3/100
|
|-weather|Sandstorm|[upkeep]
|-heal|p2a: pavatae|9/100|[from] item: Leftovers
|-heal|p1a: Claydol|73/100 brn|[from] item: Leftovers
|-damage|p1a: Claydol|60/100 brn|[from] brn
|upkeep
|turn|128
|
|t:|1728073929
|move|p2a: pavatae|Protect|p2a: pavatae
|-singleturn|p2a: pavatae|Protect
|move|p1a: Claydol|Explosion|p2a: pavatae
|-activate|p2a: pavatae|Protect
|faint|p1a: Claydol
|
|t:|1728073931
|switch|p1a: Metagross|Metagross|82/100
|
|-weather|Sandstorm|[upkeep]
|-heal|p2a: pavatae|16/100|[from] item: Leftovers
|upkeep
|turn|129
|
|t:|1728073933
|move|p2a: pavatae|Fire Punch|p1a: Metagross
|-supereffective|p1a: Metagross
|-damage|p1a: Metagross|43/100
|move|p1a: Metagross|Earthquake|p2a: pavatae
|-supereffective|p2a: pavatae
|-damage|p2a: pavatae|0 fnt
|faint|p2a: pavatae
|
|win|FaceOFF3141
|player|p1|
|c|☆asbolus verrucosus|gg
|player|p1|FaceOFF3141|170|
|c|☆FaceOFF3141|gg
|player|p2|

</script>
<script type="application/json" class="data" id="replaydata-smogtours-gen3ou-794686">
{"id":"smogtours-gen3ou-794686","format":"[Gen 3] OU","players":["FaceOFF3141","asbolus verrucosus"],"uploadtime":1728073933,"views":92,"formatid":"gen3ou","rating":null,"private":0,"password":null}
</script>

<script defer src="js/replays.js?9d40a366"></script>
