<!DOCTYPE html>
<meta charset="utf-8" />
<meta name="viewport" content="width=device-width" />

<title>[Gen 3] OU: moistmania vs. Mr Bluestacks - Replays - Pok&eacute;mon Showdown!</title>

<meta name="description" content="Watch a replay of a Pok&eacute;mon battle between moistmania and Mr Bluestacks! Format: [Gen 3] OU; Date: Oct 4, 2024" />
<!--

Hey, you! Looking in the source for the replay log?

You can find them in JSON format, just add `.json` at the end of a replay URL.

https://replay.pokemonshowdown.com/gen7randomdoublesbattle-865046831.json

Or, if you only need the log itself, add `.log` instead:

https://replay.pokemonshowdown.com/gen7randomdoublesbattle-865046831.log

-->

<link rel="stylesheet" href="//pokemonshowdown.com/style/global.css?0.767286132409787" />
<link rel="stylesheet" href="//play.pokemonshowdown.com/style/font-awesome.css?0.9266228007934947" />
<link rel="stylesheet" href="//play.pokemonshowdown.com/style/battle.css?0.7924700842790926" />
<link rel="stylesheet" href="//play.pokemonshowdown.com/style/utilichart.css?0.8777417872839479" />

<!-- Global site tag (gtag.js) - Google Analytics -->
<script async src="https://www.googletagmanager.com/gtag/js?id=UA-26211653-1"></script>
<script>
  window.dataLayer = window.dataLayer || [];
  function gtag(){dataLayer.push(arguments);}
  gtag('js', new Date());

  gtag('config', 'UA-26211653-1');
</script>
<!-- End Google Analytics -->
<!-- Venatus Ad Manager - Install in <HEAD> of page -->
	<script src="https://hb.vntsm.com/v3/live/ad-manager.min.js" type="text/javascript" data-site-id="642aba63ec9a7b11c3c9c1be" data-mode="scan" async></script>
<!-- / Venatus Ad Manager -->

<style>
	@media (max-width:820px) {
		.battle {
			margin: 0 auto;
		}
		.battle-log {
			margin: 7px auto 0;
			max-width: 640px;
			height: 300px;
			position: static;
		}
	}
	.optgroup {
		display: inline-block;
		line-height: 22px;
		font-size: 10pt;
	}
	.optgroup .button {
		height: 25px;
		padding-top: 0;
		padding-bottom: 0;
	}
	.optgroup button.button {
		padding-left: 12px;
		padding-right: 12px;
	}
	.linklist {
		list-style: none;
		margin: 0.5em 0;
		padding: 0;
	}
	.linklist li {
		padding: 2px 0;
	}
	.sidebar {
		float: left;
		width: 320px;
	}
	.bar-wrapper {
		max-width: 1100px;
		margin: 0 auto;
	}
	.bar-wrapper.has-sidebar {
		max-width: 1430px;
	}
	.mainbar {
		margin: 0;
		padding-right: 1px;
	}
	.mainbar.has-sidebar {
		margin-left: 330px;
	}
	@media (min-width: 1511px) {
		.sidebar {
			width: 400px;
		}
		.bar-wrapper.has-sidebar {
			max-width: 1510px;
		}
		.mainbar.has-sidebar {
			margin-left: 410px;
		}
	}
	.section.first-section {
		margin-top: 9px;
	}
	.blocklink small {
		white-space: normal;
	}
	.button {
		vertical-align: middle;
	}
	.replay-controls {
		padding-top: 10px;
	}
	.replay-controls h1 {
		font-size: 16pt;
		font-weight: normal;
		color: #CCC;
	}
	.pagelink {
		text-align: center;
	}
	.pagelink a {
		width: 150px;
	}
	.textbox, .button {
		font-size: 11pt;
		vertical-align: middle;
	}
	@media (max-width: 450px) {
		.button {
			font-size: 9pt;
		}
	}
</style>

<div>

	<header>
		<div class="nav-wrapper"><ul class="nav">
			<li><a class="button nav-first" href="//pokemonshowdown.com/"><img src="//pokemonshowdown.com/images/pokemonshowdownbeta.png" srcset="//pokemonshowdown.com/images/pokemonshowdownbeta.png 1x, //pokemonshowdown.com/images/pokemonshowdownbeta@2x.png 2x" alt="Pok&eacute;mon Showdown" width="146" height="44" /> Home</a></li>
			<li><a class="button" href="//pokemonshowdown.com/dex/">Pok&eacute;dex</a></li>
			<li><a class="button cur" href="/">Replays</a></li>
			<li><a class="button" href="//pokemonshowdown.com/ladder/">Ladder</a></li>
			<li><a class="button nav-last" href="//pokemonshowdown.com/forums/">Forum</a></li>
			<li><a class="button greenbutton nav-first nav-last" href="//play.pokemonshowdown.com/">Play</a></li>
		</ul></div>
	</header>

	<div class="main" id="main">

		<noscript><section class="section">You need to enable JavaScript to use this page; sorry!</section></noscript>

	</div>

</div>

<script defer nomodule src="//play.pokemonshowdown.com/js/lib/ps-polyfill.js"></script>
<script defer src="//play.pokemonshowdown.com/js/lib/preact.min.js"></script>

<script defer src="//play.pokemonshowdown.com/config/config.js?6dec07f6"></script>
<script defer src="//play.pokemonshowdown.com/js/lib/jquery-1.11.0.min.js"></script>
<script defer src="//play.pokemonshowdown.com/js/lib/html-sanitizer-minified.js"></script>
<script defer src="//play.pokemonshowdown.com/js/battle-sound.js"></script>
<script defer src="//play.pokemonshowdown.com/js/battledata.js?0.6315294753075389"></script>
<script defer src="//play.pokemonshowdown.com/data/pokedex-mini.js?0.7603743185311358"></script>
<script defer src="//play.pokemonshowdown.com/data/pokedex-mini-bw.js?0.030888842834281283"></script>
<script defer src="//play.pokemonshowdown.com/data/graphics.js?0.05593094747507488"></script>
<script defer src="//play.pokemonshowdown.com/data/pokedex.js?0.47064822249611904"></script>
<script defer src="//play.pokemonshowdown.com/data/moves.js?0.8583693120512459"></script>
<script defer src="//play.pokemonshowdown.com/data/abilities.js?0.16017181182386842"></script>
<script defer src="//play.pokemonshowdown.com/data/items.js?0.4163379185673943"></script>
<script defer src="//play.pokemonshowdown.com/data/teambuilder-tables.js?0.31075597372830477"></script>
<script defer src="//play.pokemonshowdown.com/js/battle-tooltips.js?0.6536193500708172"></script>
<script defer src="//play.pokemonshowdown.com/js/battle.js?0.1916591943277901"></script>

<script defer src="js/utils.js?e31f9a17"></script>
<script defer src="js/replays-battle.js?7008c182"></script>

<!-- don't scrape this data! just add .json or .log after the URL!
Full API docs: https://github.com/smogon/pokemon-showdown-client/blob/master/WEB-API.md -->
<script type="text/plain" class="log" id="replaylog-smogtours-gen3ou-794444">
|inactive|Battle timer is ON: inactive players will automatically lose when time's up.
|t:|1728000385
|gametype|singles
|player|p1|moistmania|backersf|
|player|p2|Mr Bluestacks|2|
|teamsize|p1|6
|teamsize|p2|6
|gen|3
|tier|[Gen 3] OU
|rule|Sleep Clause Mod: Limit one foe put to sleep
|rule|Switch Priority Clause Mod: Faster Pokémon switch first
|rule|Species Clause: Limit one of each Pokémon
|rule|OHKO Clause: OHKO moves are banned
|rule|Evasion Items Clause: Evasion items are banned
|rule|Evasion Moves Clause: Evasion moves are banned
|rule|Endless Battle Clause: Forcing endless battles is banned
|rule|HP Percentage Mod: HP is shown in percentages
|rule|One Boost Passer Clause: Limit one Baton Passer that has a way to boost its stats
|rule|Freeze Clause Mod: Limit one foe frozen
|
|t:|1728000385
|start
|switch|p1a: Zapdos|Zapdos|100/100
|switch|p2a: Tyranitar|Tyranitar, F|100/100
|-weather|Sandstorm|[from] ability: Sand Stream|[of] p2a: Tyranitar
|turn|1
|c|☆moistmania|glhf
|c|☆Mr Bluestacks|u2
|inactive|moistmania has 270 seconds left.
|
|t:|1728000421
|switch|p1a: Skarmory|Skarmory, M|100/100
|move|p2a: Tyranitar|Rock Slide|p1a: Skarmory
|-damage|p1a: Skarmory|68/100
|
|-weather|Sandstorm|[upkeep]
|-heal|p1a: Skarmory|74/100|[from] item: Leftovers
|upkeep
|turn|2
|
|t:|1728000446
|switch|p2a: Skarmory|Skarmory, F|100/100
|move|p1a: Skarmory|Spikes|p2a: Skarmory
|-sidestart|p2: Mr Bluestacks|Spikes
|
|-weather|Sandstorm|[upkeep]
|-heal|p1a: Skarmory|80/100|[from] item: Leftovers
|upkeep
|turn|3
|inactive|moistmania has 270 seconds left.
|
|t:|1728000464
|move|p1a: Skarmory|Spikes|p2a: Skarmory
|-sidestart|p2: Mr Bluestacks|Spikes
|move|p2a: Skarmory|Spikes|p1a: Skarmory
|-sidestart|p1: moistmania|Spikes
|
|-weather|Sandstorm|[upkeep]
|-heal|p1a: Skarmory|86/100|[from] item: Leftovers
|upkeep
|turn|4
|
|t:|1728000488
|move|p1a: Skarmory|Spikes|p2a: Skarmory
|-sidestart|p2: Mr Bluestacks|Spikes
|move|p2a: Skarmory|Spikes|p1a: Skarmory
|-sidestart|p1: moistmania|Spikes
|
|-weather|Sandstorm|[upkeep]
|-heal|p1a: Skarmory|92/100|[from] item: Leftovers
|upkeep
|turn|5
|
|t:|1728000499
|move|p2a: Skarmory|Spikes|p1a: Skarmory
|-sidestart|p1: moistmania|Spikes
|move|p1a: Skarmory|Roar|p2a: Skarmory
|drag|p2a: Tyranitar|Tyranitar, F|100/100
|-damage|p2a: Tyranitar|76/100|[from] Spikes
|
|-weather|Sandstorm|[upkeep]
|-heal|p2a: Tyranitar|82/100|[from] item: Leftovers
|-heal|p1a: Skarmory|98/100|[from] item: Leftovers
|upkeep
|turn|6
|
|t:|1728000528
|switch|p2a: Blissey|Blissey, F|100/100
|-damage|p2a: Blissey|76/100|[from] Spikes
|switch|p1a: Claydol|Claydol|100/100
|
|-weather|Sandstorm|[upkeep]
|-damage|p2a: Blissey|69/100|[from] Sandstorm
|-heal|p2a: Blissey|76/100|[from] item: Leftovers
|upkeep
|turn|7
|
|t:|1728000538
|switch|p2a: Gengar|Gengar, F|100/100
|move|p1a: Claydol|Shadow Ball|p2a: Gengar
|-supereffective|p2a: Gengar
|-damage|p2a: Gengar|45/100
|
|-weather|Sandstorm|[upkeep]
|-damage|p2a: Gengar|39/100|[from] Sandstorm
|-heal|p2a: Gengar|45/100|[from] item: Leftovers
|upkeep
|turn|8
|inactive|Mr Bluestacks has 270 seconds left.
|
|t:|1728000562
|switch|p2a: Skarmory|Skarmory, F|100/100
|move|p1a: Claydol|Rapid Spin|p2a: Skarmory
|-resisted|p2a: Skarmory
|-damage|p2a: Skarmory|99/100
|-sideend|p1: moistmania|Spikes|[from] move: Rapid Spin|[of] p1a: Claydol
|
|-weather|Sandstorm|[upkeep]
|-heal|p2a: Skarmory|100/100|[from] item: Leftovers
|upkeep
|turn|9
|
|t:|1728000575
|switch|p1a: Zapdos|Zapdos|100/100
|move|p2a: Skarmory|Toxic|p1a: Zapdos|[miss]
|-miss|p2a: Skarmory|p1a: Zapdos
|
|-weather|Sandstorm|[upkeep]
|-damage|p1a: Zapdos|94/100|[from] Sandstorm
|-heal|p1a: Zapdos|100/100|[from] item: Leftovers
|upkeep
|turn|10
|
|t:|1728000588
|move|p2a: Skarmory|Protect|p2a: Skarmory
|-singleturn|p2a: Skarmory|Protect
|move|p1a: Zapdos|Thunderbolt|p2a: Skarmory
|-activate|p2a: Skarmory|Protect
|
|-weather|Sandstorm|[upkeep]
|-damage|p1a: Zapdos|94/100|[from] Sandstorm
|-heal|p1a: Zapdos|100/100|[from] item: Leftovers
|upkeep
|turn|11
|
|t:|1728000599
|switch|p2a: Claydol|Claydol|100/100
|move|p1a: Zapdos|Roar|p2a: Claydol
|drag|p2a: Tyranitar|Tyranitar, F|82/100
|-damage|p2a: Tyranitar|57/100|[from] Spikes
|
|-weather|Sandstorm|[upkeep]
|-damage|p1a: Zapdos|94/100|[from] Sandstorm
|-heal|p1a: Zapdos|100/100|[from] item: Leftovers
|-heal|p2a: Tyranitar|63/100|[from] item: Leftovers
|upkeep
|turn|12
|inactive|moistmania has 270 seconds left.
|
|t:|1728000628
|switch|p1a: Dugtrio|Dugtrio, M|100/100
|move|p2a: Tyranitar|Dragon Dance|p2a: Tyranitar
|-boost|p2a: Tyranitar|atk|1
|-boost|p2a: Tyranitar|spe|1
|
|-weather|Sandstorm|[upkeep]
|-heal|p2a: Tyranitar|69/100|[from] item: Leftovers
|upkeep
|turn|13
|
|t:|1728000634
|move|p1a: Dugtrio|Earthquake|p2a: Tyranitar
|-supereffective|p2a: Tyranitar
|-damage|p2a: Tyranitar|0 fnt
|faint|p2a: Tyranitar
|
|t:|1728000644
|switch|p2a: Claydol|Claydol|100/100
|
|-weather|Sandstorm|[upkeep]
|upkeep
|turn|14
|inactive|moistmania has 270 seconds left.
|
|t:|1728000681
|switch|p1a: Skarmory|Skarmory, M|98/100
|move|p2a: Claydol|Rapid Spin|p1a: Skarmory
|-resisted|p1a: Skarmory
|-damage|p1a: Skarmory|96/100
|-sideend|p2: Mr Bluestacks|Spikes|[from] move: Rapid Spin|[of] p2a: Claydol
|
|-weather|Sandstorm|[upkeep]
|-heal|p1a: Skarmory|100/100|[from] item: Leftovers
|upkeep
|turn|15
|
|t:|1728000692
|switch|p2a: Blissey|Blissey, F|76/100
|move|p1a: Skarmory|Spikes|p2a: Blissey
|-sidestart|p2: Mr Bluestacks|Spikes
|
|-weather|Sandstorm|[upkeep]
|-damage|p2a: Blissey|69/100|[from] Sandstorm
|-heal|p2a: Blissey|76/100|[from] item: Leftovers
|upkeep
|turn|16
|inactive|moistmania has 240 seconds left.
|
|t:|1728000712
|move|p1a: Skarmory|Spikes|p2a: Blissey
|-sidestart|p2: Mr Bluestacks|Spikes
|move|p2a: Blissey|Ice Beam|p1a: Skarmory
|-damage|p1a: Skarmory|76/100
|
|-weather|Sandstorm|[upkeep]
|-damage|p2a: Blissey|69/100|[from] Sandstorm
|-heal|p1a: Skarmory|82/100|[from] item: Leftovers
|-heal|p2a: Blissey|76/100|[from] item: Leftovers
|upkeep
|turn|17
|inactive|moistmania has 240 seconds left.
|
|t:|1728000726
|move|p1a: Skarmory|Spikes|p2a: Blissey
|-sidestart|p2: Mr Bluestacks|Spikes
|move|p2a: Blissey|Ice Beam|p1a: Skarmory
|-damage|p1a: Skarmory|57/100
|
|-weather|Sandstorm|[upkeep]
|-damage|p2a: Blissey|69/100|[from] Sandstorm
|-heal|p1a: Skarmory|63/100|[from] item: Leftovers
|-heal|p2a: Blissey|76/100|[from] item: Leftovers
|upkeep
|turn|18
|inactive|moistmania has 240 seconds left.
|
|t:|1728000744
|move|p1a: Skarmory|Toxic|p2a: Blissey
|-status|p2a: Blissey|tox
|move|p2a: Blissey|Ice Beam|p1a: Skarmory
|-damage|p1a: Skarmory|39/100
|-status|p1a: Skarmory|frz
|
|-weather|Sandstorm|[upkeep]
|-damage|p2a: Blissey|69/100 tox|[from] Sandstorm
|-heal|p1a: Skarmory|45/100 frz|[from] item: Leftovers
|-heal|p2a: Blissey|76/100 tox|[from] item: Leftovers
|-damage|p2a: Blissey|69/100 tox|[from] psn
|upkeep
|turn|19
|inactive|moistmania has 240 seconds left.
|
|t:|1728000774
|switch|p1a: Blissey|Blissey, F|100/100
|-curestatus|p2a: Blissey|tox|[from] ability: Natural Cure
|switch|p2a: Claydol|Claydol|100/100
|
|-weather|Sandstorm|[upkeep]
|-damage|p1a: Blissey|94/100|[from] Sandstorm
|-heal|p1a: Blissey|100/100|[from] item: Leftovers
|upkeep
|turn|20
|
|t:|1728000785
|move|p2a: Claydol|Rapid Spin|p1a: Blissey
|-crit|p1a: Blissey
|-damage|p1a: Blissey|92/100
|-sideend|p2: Mr Bluestacks|Spikes|[from] move: Rapid Spin|[of] p2a: Claydol
|move|p1a: Blissey|Aromatherapy|p1a: Blissey
|-cureteam|p1a: Blissey|[from] move: Aromatherapy
|
|-weather|Sandstorm|[upkeep]
|-damage|p1a: Blissey|85/100|[from] Sandstorm
|-heal|p1a: Blissey|92/100|[from] item: Leftovers
|upkeep
|turn|21
|inactive|moistmania has 210 seconds left.
|
|t:|1728000823
|switch|p1a: Zapdos|Zapdos|100/100
|move|p2a: Claydol|Earthquake|p1a: Zapdos
|-immune|p1a: Zapdos
|
|-weather|Sandstorm|[upkeep]
|-damage|p1a: Zapdos|94/100|[from] Sandstorm
|-heal|p1a: Zapdos|100/100|[from] item: Leftovers
|upkeep
|turn|22
|
|t:|1728000840
|switch|p2a: Blissey|Blissey, F|69/100
|move|p1a: Zapdos|Toxic|p2a: Blissey|[miss]
|-miss|p1a: Zapdos|p2a: Blissey
|
|-weather|Sandstorm|[upkeep]
|-damage|p1a: Zapdos|94/100|[from] Sandstorm
|-damage|p2a: Blissey|63/100|[from] Sandstorm
|-heal|p1a: Zapdos|100/100|[from] item: Leftovers
|-heal|p2a: Blissey|69/100|[from] item: Leftovers
|upkeep
|turn|23
|
|t:|1728000857
|move|p1a: Zapdos|Toxic|p2a: Blissey
|-status|p2a: Blissey|tox
|move|p2a: Blissey|Soft-Boiled|p2a: Blissey
|-heal|p2a: Blissey|100/100 tox
|
|-weather|Sandstorm|[upkeep]
|-damage|p1a: Zapdos|94/100|[from] Sandstorm
|-damage|p2a: Blissey|94/100 tox|[from] Sandstorm
|-heal|p1a: Zapdos|100/100|[from] item: Leftovers
|-heal|p2a: Blissey|100/100 tox|[from] item: Leftovers
|-damage|p2a: Blissey|94/100 tox|[from] psn
|upkeep
|turn|24
|inactive|moistmania has 180 seconds left.
|
|t:|1728000876
|switch|p1a: Blissey|Blissey, F|92/100
|move|p2a: Blissey|Thunder Wave|p1a: Blissey
|-status|p1a: Blissey|par
|
|-weather|Sandstorm|[upkeep]
|-damage|p2a: Blissey|88/100 tox|[from] Sandstorm
|-damage|p1a: Blissey|85/100 par|[from] Sandstorm
|-heal|p2a: Blissey|94/100 tox|[from] item: Leftovers
|-damage|p2a: Blissey|82/100 tox|[from] psn
|-heal|p1a: Blissey|92/100 par|[from] item: Leftovers
|upkeep
|turn|25
|inactive|moistmania has 180 seconds left.
|
|t:|1728000908
|-curestatus|p2a: Blissey|tox|[from] ability: Natural Cure
|switch|p2a: Skarmory|Skarmory, F|100/100
|-curestatus|p1a: Blissey|par|[from] ability: Natural Cure
|switch|p1a: Skarmory|Skarmory, M|45/100
|
|-weather|Sandstorm|[upkeep]
|-heal|p1a: Skarmory|51/100|[from] item: Leftovers
|upkeep
|turn|26
|
|t:|1728000924
|move|p1a: Skarmory|Spikes|p2a: Skarmory
|-sidestart|p2: Mr Bluestacks|Spikes
|move|p2a: Skarmory|Spikes|p1a: Skarmory
|-sidestart|p1: moistmania|Spikes
|
|-weather|Sandstorm|[upkeep]
|-heal|p1a: Skarmory|57/100|[from] item: Leftovers
|upkeep
|turn|27
|inactive|moistmania has 150 seconds left.
|
|t:|1728000952
|move|p1a: Skarmory|Spikes|p2a: Skarmory
|-sidestart|p2: Mr Bluestacks|Spikes
|move|p2a: Skarmory|Roar|p1a: Skarmory
|drag|p1a: Zapdos|Zapdos|100/100
|
|-weather|Sandstorm|[upkeep]
|-damage|p1a: Zapdos|94/100|[from] Sandstorm
|-heal|p1a: Zapdos|100/100|[from] item: Leftovers
|upkeep
|turn|28
|inactive|moistmania has 150 seconds left.
|
|t:|1728000966
|move|p1a: Zapdos|Thunderbolt|p2a: Skarmory
|-supereffective|p2a: Skarmory
|-damage|p2a: Skarmory|30/100
|move|p2a: Skarmory|Toxic|p1a: Zapdos
|-status|p1a: Zapdos|tox
|
|-weather|Sandstorm|[upkeep]
|-damage|p1a: Zapdos|94/100 tox|[from] Sandstorm
|-heal|p1a: Zapdos|100/100 tox|[from] item: Leftovers
|-damage|p1a: Zapdos|94/100 tox|[from] psn
|-heal|p2a: Skarmory|36/100|[from] item: Leftovers
|upkeep
|turn|29
|inactive|moistmania has 150 seconds left.
|
|t:|1728000984
|switch|p1a: Skarmory|Skarmory, M|57/100
|move|p2a: Skarmory|Protect||[still]
|-fail|p2a: Skarmory
|
|-weather|Sandstorm|[upkeep]
|-heal|p1a: Skarmory|63/100|[from] item: Leftovers
|-heal|p2a: Skarmory|42/100|[from] item: Leftovers
|upkeep
|turn|30
|inactive|moistmania has 150 seconds left.
|
|t:|1728000992
|move|p1a: Skarmory|Spikes|p2a: Skarmory
|-sidestart|p2: Mr Bluestacks|Spikes
|move|p2a: Skarmory|Spikes|p1a: Skarmory
|-sidestart|p1: moistmania|Spikes
|
|-weather|Sandstorm|[upkeep]
|-heal|p1a: Skarmory|69/100|[from] item: Leftovers
|-heal|p2a: Skarmory|48/100|[from] item: Leftovers
|upkeep
|turn|31
|
|t:|1728001000
|move|p2a: Skarmory|Spikes|p1a: Skarmory
|-sidestart|p1: moistmania|Spikes
|move|p1a: Skarmory|Roar|p2a: Skarmory
|drag|p2a: Swampert|Swampert, F|100/100
|-damage|p2a: Swampert|76/100|[from] Spikes
|
|-weather|Sandstorm|[upkeep]
|-heal|p1a: Skarmory|75/100|[from] item: Leftovers
|-heal|p2a: Swampert|82/100|[from] item: Leftovers
|upkeep
|turn|32
|
|t:|1728001012
|move|p2a: Swampert|Protect|p2a: Swampert
|-singleturn|p2a: Swampert|Protect
|move|p1a: Skarmory|Toxic|p2a: Swampert
|-activate|p2a: Swampert|Protect
|
|-weather|Sandstorm|[upkeep]
|-heal|p1a: Skarmory|81/100|[from] item: Leftovers
|-heal|p2a: Swampert|88/100|[from] item: Leftovers
|upkeep
|turn|33
|
|t:|1728001024
|switch|p2a: Blissey|Blissey, F|82/100
|-damage|p2a: Blissey|57/100|[from] Spikes
|move|p1a: Skarmory|Roar|p2a: Blissey
|drag|p2a: Gengar|Gengar, F|45/100
|
|-weather|Sandstorm|[upkeep]
|-damage|p2a: Gengar|39/100|[from] Sandstorm
|-heal|p2a: Gengar|45/100|[from] item: Leftovers
|-heal|p1a: Skarmory|87/100|[from] item: Leftovers
|upkeep
|turn|34
|inactive|moistmania has 150 seconds left.
|
|t:|1728001045
|switch|p1a: Blissey|Blissey, F|92/100
|-damage|p1a: Blissey|67/100|[from] Spikes
|move|p2a: Gengar|Will-O-Wisp|p1a: Blissey
|-status|p1a: Blissey|brn
|
|-weather|Sandstorm|[upkeep]
|-damage|p2a: Gengar|39/100|[from] Sandstorm
|-damage|p1a: Blissey|60/100 brn|[from] Sandstorm
|-heal|p2a: Gengar|45/100|[from] item: Leftovers
|-heal|p1a: Blissey|67/100 brn|[from] item: Leftovers
|-damage|p1a: Blissey|54/100 brn|[from] brn
|upkeep
|turn|35
|inactive|moistmania has 150 seconds left.
|inactive|Mr Bluestacks has 270 seconds left.
|inactive|moistmania has 120 seconds left.
|
|t:|1728001092
|move|p2a: Gengar|Thunderbolt|p1a: Blissey
|-damage|p1a: Blissey|44/100 brn
|move|p1a: Blissey|Ice Beam|p2a: Gengar
|-damage|p2a: Gengar|19/100
|
|-weather|Sandstorm|[upkeep]
|-damage|p2a: Gengar|13/100|[from] Sandstorm
|-damage|p1a: Blissey|38/100 brn|[from] Sandstorm
|-heal|p2a: Gengar|19/100|[from] item: Leftovers
|-heal|p1a: Blissey|44/100 brn|[from] item: Leftovers
|-damage|p1a: Blissey|31/100 brn|[from] brn
|upkeep
|turn|36
|
|t:|1728001096
|move|p2a: Gengar|Explosion|p1a: Blissey
|-damage|p1a: Blissey|0 fnt
|faint|p2a: Gengar
|faint|p1a: Blissey
|inactive|Mr Bluestacks has 270 seconds left.
|inactive|moistmania has 120 seconds left.
|
|t:|1728001122
|switch|p2a: Claydol|Claydol|100/100
|switch|p1a: Skarmory|Skarmory, M|87/100
|
|-weather|Sandstorm|[upkeep]
|-heal|p1a: Skarmory|93/100|[from] item: Leftovers
|upkeep
|turn|37
|inactive|moistmania has 120 seconds left.
|
|t:|1728001129
|move|p2a: Claydol|Rapid Spin|p1a: Skarmory
|-resisted|p1a: Skarmory
|-damage|p1a: Skarmory|92/100
|-sideend|p2: Mr Bluestacks|Spikes|[from] move: Rapid Spin|[of] p2a: Claydol
|move|p1a: Skarmory|Toxic|p2a: Claydol
|-status|p2a: Claydol|tox
|
|-weather|Sandstorm|[upkeep]
|-damage|p2a: Claydol|94/100 tox|[from] psn
|-heal|p1a: Skarmory|98/100|[from] item: Leftovers
|upkeep
|turn|38
|
|t:|1728001133
|switch|p2a: Blissey|Blissey, F|57/100
|move|p1a: Skarmory|Spikes|p2a: Blissey
|-sidestart|p2: Mr Bluestacks|Spikes
|
|-weather|Sandstorm|[upkeep]
|-damage|p2a: Blissey|51/100|[from] Sandstorm
|-heal|p1a: Skarmory|100/100|[from] item: Leftovers
|-heal|p2a: Blissey|57/100|[from] item: Leftovers
|upkeep
|turn|39
|inactive|moistmania has 120 seconds left.
|
|t:|1728001159
|move|p1a: Skarmory|Toxic|p2a: Blissey|[miss]
|-miss|p1a: Skarmory|p2a: Blissey
|move|p2a: Blissey|Soft-Boiled|p2a: Blissey
|-heal|p2a: Blissey|100/100
|
|-weather|Sandstorm|[upkeep]
|-damage|p2a: Blissey|94/100|[from] Sandstorm
|-heal|p2a: Blissey|100/100|[from] item: Leftovers
|upkeep
|turn|40
|inactive|moistmania has 120 seconds left.
|
|t:|1728001169
|move|p1a: Skarmory|Toxic|p2a: Blissey
|-status|p2a: Blissey|tox
|move|p2a: Blissey|Thunder Wave|p1a: Skarmory
|-status|p1a: Skarmory|par
|
|-weather|Sandstorm|[upkeep]
|-damage|p2a: Blissey|94/100 tox|[from] Sandstorm
|-heal|p2a: Blissey|100/100 tox|[from] item: Leftovers
|-damage|p2a: Blissey|94/100 tox|[from] psn
|upkeep
|turn|41
|inactive|moistmania has 120 seconds left.
|
|t:|1728001181
|-curestatus|p2a: Blissey|tox|[from] ability: Natural Cure
|switch|p2a: Skarmory|Skarmory, F|48/100
|cant|p1a: Skarmory|par
|
|-weather|Sandstorm|[upkeep]
|-heal|p2a: Skarmory|54/100|[from] item: Leftovers
|upkeep
|turn|42
|inactive|moistmania has 120 seconds left.
|
|t:|1728001195
|move|p1a: Skarmory|Spikes|p2a: Skarmory
|-sidestart|p2: Mr Bluestacks|Spikes
|move|p2a: Skarmory|Roar|p1a: Skarmory
|drag|p1a: Claydol|Claydol|100/100
|
|-weather|Sandstorm|[upkeep]
|-heal|p2a: Skarmory|60/100|[from] item: Leftovers
|upkeep
|turn|43
|
|t:|1728001198
|move|p1a: Claydol|Rapid Spin|p2a: Skarmory
|-resisted|p2a: Skarmory
|-damage|p2a: Skarmory|58/100
|-sideend|p1: moistmania|Spikes|[from] move: Rapid Spin|[of] p1a: Claydol
|move|p2a: Skarmory|Toxic|p1a: Claydol
|-status|p1a: Claydol|tox
|
|-weather|Sandstorm|[upkeep]
|-damage|p1a: Claydol|94/100 tox|[from] psn
|-heal|p2a: Skarmory|64/100|[from] item: Leftovers
|upkeep
|turn|44
|
|t:|1728001212
|switch|p1a: Zapdos|Zapdos|94/100 tox
|move|p2a: Skarmory|Spikes|p1a: Zapdos
|-sidestart|p1: moistmania|Spikes
|
|-weather|Sandstorm|[upkeep]
|-damage|p1a: Zapdos|88/100 tox|[from] Sandstorm
|-heal|p1a: Zapdos|94/100 tox|[from] item: Leftovers
|-damage|p1a: Zapdos|88/100 tox|[from] psn
|-heal|p2a: Skarmory|70/100|[from] item: Leftovers
|upkeep
|turn|45
|
|t:|1728001223
|move|p2a: Skarmory|Protect|p2a: Skarmory
|-singleturn|p2a: Skarmory|Protect
|move|p1a: Zapdos|Thunderbolt|p2a: Skarmory
|-activate|p2a: Skarmory|Protect
|
|-weather|Sandstorm|[upkeep]
|-damage|p1a: Zapdos|82/100 tox|[from] Sandstorm
|-heal|p1a: Zapdos|88/100 tox|[from] item: Leftovers
|-damage|p1a: Zapdos|75/100 tox|[from] psn
|-heal|p2a: Skarmory|76/100|[from] item: Leftovers
|upkeep
|turn|46
|inactive|moistmania has 120 seconds left.
|
|t:|1728001247
|switch|p2a: Claydol|Claydol|94/100 tox
|move|p1a: Zapdos|Toxic|p2a: Claydol
|-fail|p2a: Claydol|tox
|
|-weather|Sandstorm|[upkeep]
|-damage|p1a: Zapdos|69/100 tox|[from] Sandstorm
|-heal|p1a: Zapdos|75/100 tox|[from] item: Leftovers
|-damage|p1a: Zapdos|57/100 tox|[from] psn
|-heal|p2a: Claydol|100/100 tox|[from] item: Leftovers
|-damage|p2a: Claydol|94/100 tox|[from] psn
|upkeep
|turn|47
|inactive|moistmania has 120 seconds left.
|
|t:|1728001271
|switch|p1a: Claydol|Claydol|94/100 tox
|move|p2a: Claydol|Rapid Spin|p1a: Claydol
|-crit|p1a: Claydol
|-damage|p1a: Claydol|84/100 tox
|-sideend|p2: Mr Bluestacks|Spikes|[from] move: Rapid Spin|[of] p2a: Claydol
|
|-weather|Sandstorm|[upkeep]
|-heal|p1a: Claydol|91/100 tox|[from] item: Leftovers
|-damage|p1a: Claydol|84/100 tox|[from] psn
|-heal|p2a: Claydol|100/100 tox|[from] item: Leftovers
|-damage|p2a: Claydol|88/100 tox|[from] psn
|upkeep
|turn|48
|
|t:|1728001281
|switch|p2a: Swampert|Swampert, F|88/100
|move|p1a: Claydol|Rapid Spin|p2a: Swampert
|-damage|p2a: Swampert|84/100
|-sideend|p1: moistmania|Spikes|[from] move: Rapid Spin|[of] p1a: Claydol
|
|-weather|Sandstorm|[upkeep]
|-heal|p1a: Claydol|91/100 tox|[from] item: Leftovers
|-damage|p1a: Claydol|78/100 tox|[from] psn
|-heal|p2a: Swampert|90/100|[from] item: Leftovers
|upkeep
|turn|49
|inactive|moistmania has 120 seconds left.
|
|t:|1728001298
|switch|p1a: Skarmory|Skarmory, M|100/100 par
|move|p2a: Swampert|Hydro Pump|p1a: Skarmory
|-damage|p1a: Skarmory|69/100 par
|
|-weather|Sandstorm|[upkeep]
|-heal|p2a: Swampert|97/100|[from] item: Leftovers
|-heal|p1a: Skarmory|75/100 par|[from] item: Leftovers
|upkeep
|turn|50
|
|t:|1728001316
|switch|p2a: Skarmory|Skarmory, F|76/100
|cant|p1a: Skarmory|par
|
|-weather|Sandstorm|[upkeep]
|-heal|p2a: Skarmory|82/100|[from] item: Leftovers
|-heal|p1a: Skarmory|81/100 par|[from] item: Leftovers
|upkeep
|turn|51
|
|t:|1728001340
|switch|p1a: Zapdos|Zapdos|57/100 tox
|move|p2a: Skarmory|Spikes|p1a: Zapdos
|-sidestart|p1: moistmania|Spikes
|
|-weather|Sandstorm|[upkeep]
|-damage|p1a: Zapdos|50/100 tox|[from] Sandstorm
|-heal|p1a: Zapdos|57/100 tox|[from] item: Leftovers
|-damage|p1a: Zapdos|50/100 tox|[from] psn
|-heal|p2a: Skarmory|88/100|[from] item: Leftovers
|upkeep
|turn|52
|
|t:|1728001351
|move|p2a: Skarmory|Protect|p2a: Skarmory
|-singleturn|p2a: Skarmory|Protect
|move|p1a: Zapdos|Rest|p1a: Zapdos
|-status|p1a: Zapdos|slp|[from] move: Rest
|-heal|p1a: Zapdos|100/100 slp|[silent]
|
|-weather|Sandstorm|[upkeep]
|-damage|p1a: Zapdos|94/100 slp|[from] Sandstorm
|-heal|p1a: Zapdos|100/100 slp|[from] item: Leftovers
|-heal|p2a: Skarmory|94/100|[from] item: Leftovers
|upkeep
|turn|53
|
|t:|1728001364
|switch|p2a: Blissey|Blissey, F|94/100
|cant|p1a: Zapdos|slp
|
|-weather|Sandstorm|[upkeep]
|-damage|p1a: Zapdos|94/100 slp|[from] Sandstorm
|-damage|p2a: Blissey|88/100|[from] Sandstorm
|-heal|p1a: Zapdos|100/100 slp|[from] item: Leftovers
|-heal|p2a: Blissey|94/100|[from] item: Leftovers
|upkeep
|turn|54
|
|t:|1728001372
|cant|p1a: Zapdos|slp
|move|p2a: Blissey|Ice Beam|p1a: Zapdos
|-supereffective|p1a: Zapdos
|-damage|p1a: Zapdos|62/100 slp
|
|-weather|Sandstorm|[upkeep]
|-damage|p1a: Zapdos|56/100 slp|[from] Sandstorm
|-damage|p2a: Blissey|88/100|[from] Sandstorm
|-heal|p1a: Zapdos|62/100 slp|[from] item: Leftovers
|-heal|p2a: Blissey|94/100|[from] item: Leftovers
|upkeep
|turn|55
|
|t:|1728001394
|switch|p1a: Skarmory|Skarmory, M|81/100 par
|move|p2a: Blissey|Ice Beam|p1a: Skarmory
|-damage|p1a: Skarmory|58/100 par
|
|-weather|Sandstorm|[upkeep]
|-damage|p2a: Blissey|88/100|[from] Sandstorm
|-heal|p2a: Blissey|94/100|[from] item: Leftovers
|-heal|p1a: Skarmory|64/100 par|[from] item: Leftovers
|upkeep
|turn|56
|
|t:|1728001410
|move|p2a: Blissey|Seismic Toss|p1a: Skarmory
|-damage|p1a: Skarmory|34/100 par
|move|p1a: Skarmory|Toxic|p2a: Blissey
|-status|p2a: Blissey|tox
|
|-weather|Sandstorm|[upkeep]
|-damage|p2a: Blissey|88/100 tox|[from] Sandstorm
|-heal|p2a: Blissey|94/100 tox|[from] item: Leftovers
|-damage|p2a: Blissey|88/100 tox|[from] psn
|-heal|p1a: Skarmory|40/100 par|[from] item: Leftovers
|upkeep
|turn|57
|inactive|moistmania has 90 seconds left.
|
|t:|1728001440
|switch|p1a: Zapdos|Zapdos|62/100 slp
|move|p2a: Blissey|Seismic Toss|p1a: Zapdos
|-damage|p1a: Zapdos|36/100 slp
|
|-weather|Sandstorm|[upkeep]
|-damage|p1a: Zapdos|30/100 slp|[from] Sandstorm
|-damage|p2a: Blissey|82/100 tox|[from] Sandstorm
|-heal|p1a: Zapdos|36/100 slp|[from] item: Leftovers
|-heal|p2a: Blissey|88/100 tox|[from] item: Leftovers
|-damage|p2a: Blissey|76/100 tox|[from] psn
|upkeep
|turn|58
|inactive|moistmania has 60 seconds left.
|inactive|Mr Bluestacks has 270 seconds left.
|
|t:|1728001476
|-curestatus|p1a: Zapdos|slp|[msg]
|move|p1a: Zapdos|Thunderbolt|p2a: Blissey
|-damage|p2a: Blissey|60/100 tox
|move|p2a: Blissey|Ice Beam|p1a: Zapdos
|-supereffective|p1a: Zapdos
|-damage|p1a: Zapdos|3/100
|
|-weather|Sandstorm|[upkeep]
|-damage|p1a: Zapdos|0 fnt|[from] Sandstorm
|-damage|p2a: Blissey|54/100 tox|[from] Sandstorm
|faint|p1a: Zapdos
|-heal|p2a: Blissey|60/100 tox|[from] item: Leftovers
|-damage|p2a: Blissey|42/100 tox|[from] psn
|upkeep
|
|t:|1728001480
|switch|p1a: Dugtrio|Dugtrio, M|100/100
|-damage|p1a: Dugtrio|88/100|[from] Spikes
|turn|59
|
|t:|1728001482
|move|p1a: Dugtrio|Earthquake|p2a: Blissey
|-damage|p2a: Blissey|0 fnt
|faint|p2a: Blissey
|
|t:|1728001486
|switch|p2a: Skarmory|Skarmory, F|94/100
|
|-weather|Sandstorm|[upkeep]
|-heal|p2a: Skarmory|99/100|[from] item: Leftovers
|upkeep
|turn|60
|inactive|moistmania has 60 seconds left.
|
|t:|1728001527
|switch|p1a: Skarmory|Skarmory, M|40/100 par
|move|p2a: Skarmory|Spikes|p1a: Skarmory
|-sidestart|p1: moistmania|Spikes
|
|-weather|Sandstorm|[upkeep]
|-heal|p2a: Skarmory|100/100|[from] item: Leftovers
|-heal|p1a: Skarmory|46/100 par|[from] item: Leftovers
|upkeep
|turn|61
|
|t:|1728001541
|switch|p2a: Swampert|Swampert, F|97/100
|move|p1a: Skarmory|Spikes|p2a: Swampert
|-sidestart|p2: Mr Bluestacks|Spikes
|
|-weather|Sandstorm|[upkeep]
|-heal|p2a: Swampert|100/100|[from] item: Leftovers
|-heal|p1a: Skarmory|52/100 par|[from] item: Leftovers
|upkeep
|turn|62
|
|t:|1728001556
|move|p2a: Swampert|Hydro Pump|p1a: Skarmory
|-damage|p1a: Skarmory|18/100 par
|move|p1a: Skarmory|Toxic|p2a: Swampert
|-status|p2a: Swampert|tox
|
|-weather|Sandstorm|[upkeep]
|-damage|p2a: Swampert|94/100 tox|[from] psn
|-heal|p1a: Skarmory|24/100 par|[from] item: Leftovers
|upkeep
|turn|63
|inactive|moistmania has 30 seconds left.
|inactive|moistmania has 20 seconds left.
|
|t:|1728001591
|move|p1a: Skarmory|Protect|p1a: Skarmory
|-singleturn|p1a: Skarmory|Protect
|move|p2a: Swampert|Hydro Pump|p1a: Skarmory
|-activate|p1a: Skarmory|Protect
|
|-weather|Sandstorm|[upkeep]
|-heal|p2a: Swampert|100/100 tox|[from] item: Leftovers
|-damage|p2a: Swampert|88/100 tox|[from] psn
|-heal|p1a: Skarmory|30/100 par|[from] item: Leftovers
|upkeep
|turn|64
|inactive|moistmania has 30 seconds left this turn.
|inactive|moistmania has 20 seconds left.
|
|t:|1728001604
|move|p2a: Swampert|Hydro Pump|p1a: Skarmory
|-damage|p1a: Skarmory|0 fnt
|faint|p1a: Skarmory
|inactive|moistmania has 25 seconds left this turn.
|inactive|moistmania has 20 seconds left.
|
|t:|1728001610
|switch|p1a: Suicune|Suicune|100/100
|-damage|p1a: Suicune|84/100|[from] Spikes
|
|-weather|Sandstorm|[upkeep]
|-damage|p1a: Suicune|78/100|[from] Sandstorm
|-heal|p1a: Suicune|84/100|[from] item: Leftovers
|-heal|p2a: Swampert|94/100 tox|[from] item: Leftovers
|-damage|p2a: Swampert|76/100 tox|[from] psn
|upkeep
|turn|65
|inactive|moistmania has 30 seconds left this turn.
|
|t:|1728001613
|switch|p2a: Skarmory|Skarmory, F|100/100
|move|p1a: Suicune|Calm Mind|p1a: Suicune
|-boost|p1a: Suicune|spa|1
|-boost|p1a: Suicune|spd|1
|
|-weather|Sandstorm|[upkeep]
|-damage|p1a: Suicune|78/100|[from] Sandstorm
|-heal|p1a: Suicune|84/100|[from] item: Leftovers
|upkeep
|turn|66
|
|t:|1728001621
|move|p1a: Suicune|Surf|p2a: Skarmory
|-damage|p2a: Skarmory|59/100
|move|p2a: Skarmory|Toxic|p1a: Suicune
|-status|p1a: Suicune|tox
|
|-weather|Sandstorm|[upkeep]
|-damage|p1a: Suicune|78/100 tox|[from] Sandstorm
|-heal|p1a: Suicune|84/100 tox|[from] item: Leftovers
|-damage|p1a: Suicune|78/100 tox|[from] psn
|-heal|p2a: Skarmory|65/100|[from] item: Leftovers
|upkeep
|turn|67
|
|t:|1728001625
|move|p2a: Skarmory|Protect|p2a: Skarmory
|-singleturn|p2a: Skarmory|Protect
|move|p1a: Suicune|Surf|p2a: Skarmory
|-activate|p2a: Skarmory|Protect
|
|-weather|Sandstorm|[upkeep]
|-damage|p1a: Suicune|72/100 tox|[from] Sandstorm
|-heal|p1a: Suicune|78/100 tox|[from] item: Leftovers
|-damage|p1a: Suicune|65/100 tox|[from] psn
|-heal|p2a: Skarmory|71/100|[from] item: Leftovers
|upkeep
|turn|68
|
|t:|1728001628
|move|p1a: Suicune|Surf|p2a: Skarmory
|-damage|p2a: Skarmory|27/100
|move|p2a: Skarmory|Roar|p1a: Suicune
|drag|p1a: Claydol|Claydol|78/100 tox
|
|-weather|Sandstorm|[upkeep]
|-heal|p1a: Claydol|84/100 tox|[from] item: Leftovers
|-damage|p1a: Claydol|78/100 tox|[from] psn
|-heal|p2a: Skarmory|33/100|[from] item: Leftovers
|upkeep
|turn|69
|inactive|moistmania has 60 seconds left.
|
|t:|1728001639
|move|p2a: Skarmory|Protect|p2a: Skarmory
|-singleturn|p2a: Skarmory|Protect
|move|p1a: Claydol|Rapid Spin|p2a: Skarmory
|-activate|p2a: Skarmory|Protect
|
|-weather|Sandstorm|[upkeep]
|-heal|p1a: Claydol|84/100 tox|[from] item: Leftovers
|-damage|p1a: Claydol|72/100 tox|[from] psn
|-heal|p2a: Skarmory|39/100|[from] item: Leftovers
|upkeep
|turn|70
|
|t:|1728001645
|move|p1a: Claydol|Rapid Spin|p2a: Skarmory
|-resisted|p2a: Skarmory
|-damage|p2a: Skarmory|37/100
|-sideend|p1: moistmania|Spikes|[from] move: Rapid Spin|[of] p1a: Claydol
|move|p2a: Skarmory|Spikes|p1a: Claydol
|-sidestart|p1: moistmania|Spikes
|
|-weather|Sandstorm|[upkeep]
|-heal|p1a: Claydol|78/100 tox|[from] item: Leftovers
|-damage|p1a: Claydol|60/100 tox|[from] psn
|-heal|p2a: Skarmory|43/100|[from] item: Leftovers
|upkeep
|turn|71
|
|t:|1728001659
|switch|p1a: Suicune|Suicune|65/100 tox
|-damage|p1a: Suicune|53/100 tox|[from] Spikes
|move|p2a: Skarmory|Roar|p1a: Suicune
|drag|p1a: Dugtrio|Dugtrio, M|88/100
|-damage|p1a: Dugtrio|76/100|[from] Spikes
|
|-weather|Sandstorm|[upkeep]
|-heal|p2a: Skarmory|49/100|[from] item: Leftovers
|upkeep
|turn|72
|inactive|moistmania has 60 seconds left.
|
|t:|1728001679
|switch|p1a: Claydol|Claydol|60/100 tox
|move|p2a: Skarmory|Toxic|p1a: Claydol
|-fail|p1a: Claydol|tox
|
|-weather|Sandstorm|[upkeep]
|-heal|p1a: Claydol|66/100 tox|[from] item: Leftovers
|-damage|p1a: Claydol|60/100 tox|[from] psn
|-heal|p2a: Skarmory|55/100|[from] item: Leftovers
|upkeep
|turn|73
|
|t:|1728001684
|move|p2a: Skarmory|Protect|p2a: Skarmory
|-singleturn|p2a: Skarmory|Protect
|move|p1a: Claydol|Rapid Spin|p2a: Skarmory
|-activate|p2a: Skarmory|Protect
|
|-weather|Sandstorm|[upkeep]
|-heal|p1a: Claydol|66/100 tox|[from] item: Leftovers
|-damage|p1a: Claydol|54/100 tox|[from] psn
|-heal|p2a: Skarmory|61/100|[from] item: Leftovers
|upkeep
|turn|74
|
|t:|1728001690
|move|p1a: Claydol|Rapid Spin|p2a: Skarmory
|-resisted|p2a: Skarmory
|-damage|p2a: Skarmory|59/100
|-sideend|p1: moistmania|Spikes|[from] move: Rapid Spin|[of] p1a: Claydol
|move|p2a: Skarmory|Spikes|p1a: Claydol
|-sidestart|p1: moistmania|Spikes
|
|-weather|Sandstorm|[upkeep]
|-heal|p1a: Claydol|60/100 tox|[from] item: Leftovers
|-damage|p1a: Claydol|41/100 tox|[from] psn
|-heal|p2a: Skarmory|65/100|[from] item: Leftovers
|upkeep
|turn|75
|
|t:|1728001701
|switch|p1a: Dugtrio|Dugtrio, M|76/100
|-damage|p1a: Dugtrio|64/100|[from] Spikes
|move|p2a: Skarmory|Roar|p1a: Dugtrio
|drag|p1a: Suicune|Suicune|53/100 tox
|-damage|p1a: Suicune|40/100 tox|[from] Spikes
|
|-weather|Sandstorm|[upkeep]
|-damage|p1a: Suicune|34/100 tox|[from] Sandstorm
|-heal|p1a: Suicune|40/100 tox|[from] item: Leftovers
|-damage|p1a: Suicune|34/100 tox|[from] psn
|-heal|p2a: Skarmory|71/100|[from] item: Leftovers
|upkeep
|turn|76
|
|t:|1728001707
|move|p1a: Suicune|Rest|p1a: Suicune
|-status|p1a: Suicune|slp|[from] move: Rest
|-heal|p1a: Suicune|100/100 slp|[silent]
|move|p2a: Skarmory|Roar|p1a: Suicune
|drag|p1a: Claydol|Claydol|41/100 tox
|
|-weather|Sandstorm|[upkeep]
|-heal|p1a: Claydol|47/100 tox|[from] item: Leftovers
|-damage|p1a: Claydol|41/100 tox|[from] psn
|-heal|p2a: Skarmory|77/100|[from] item: Leftovers
|upkeep
|turn|77
|
|t:|1728001715
|move|p1a: Claydol|Rapid Spin|p2a: Skarmory
|-resisted|p2a: Skarmory
|-damage|p2a: Skarmory|75/100
|-sideend|p1: moistmania|Spikes|[from] move: Rapid Spin|[of] p1a: Claydol
|move|p2a: Skarmory|Spikes|p1a: Claydol
|-sidestart|p1: moistmania|Spikes
|
|-weather|Sandstorm|[upkeep]
|-heal|p1a: Claydol|47/100 tox|[from] item: Leftovers
|-damage|p1a: Claydol|35/100 tox|[from] psn
|-heal|p2a: Skarmory|81/100|[from] item: Leftovers
|upkeep
|turn|78
|inactive|moistmania has 90 seconds left.
|
|t:|1728001725
|switch|p1a: Suicune|Suicune|100/100 slp
|-damage|p1a: Suicune|88/100 slp|[from] Spikes
|move|p2a: Skarmory|Spikes|p1a: Suicune
|-sidestart|p1: moistmania|Spikes
|
|-weather|Sandstorm|[upkeep]
|-damage|p1a: Suicune|82/100 slp|[from] Sandstorm
|-heal|p1a: Suicune|88/100 slp|[from] item: Leftovers
|-heal|p2a: Skarmory|87/100|[from] item: Leftovers
|upkeep
|turn|79
|
|t:|1728001729
|cant|p1a: Suicune|slp
|move|p2a: Skarmory|Spikes|p1a: Suicune
|-sidestart|p1: moistmania|Spikes
|
|-weather|Sandstorm|[upkeep]
|-damage|p1a: Suicune|82/100 slp|[from] Sandstorm
|-heal|p1a: Suicune|88/100 slp|[from] item: Leftovers
|-heal|p2a: Skarmory|93/100|[from] item: Leftovers
|upkeep
|turn|80
|
|t:|1728001737
|switch|p1a: Dugtrio|Dugtrio, M|64/100
|-damage|p1a: Dugtrio|39/100|[from] Spikes
|move|p2a: Skarmory|Roar|p1a: Dugtrio
|drag|p1a: Claydol|Claydol|35/100 tox
|
|-weather|Sandstorm|[upkeep]
|-heal|p1a: Claydol|41/100 tox|[from] item: Leftovers
|-damage|p1a: Claydol|35/100 tox|[from] psn
|-heal|p2a: Skarmory|99/100|[from] item: Leftovers
|upkeep
|turn|81
|
|t:|1728001741
|switch|p1a: Dugtrio|Dugtrio, M|39/100
|-damage|p1a: Dugtrio|14/100|[from] Spikes
|move|p2a: Skarmory|Protect||[still]
|-fail|p2a: Skarmory
|
|-weather|Sandstorm|[upkeep]
|-heal|p2a: Skarmory|100/100|[from] item: Leftovers
|upkeep
|turn|82
|
|t:|1728001752
|switch|p1a: Claydol|Claydol|35/100 tox
|move|p2a: Skarmory|Roar|p1a: Claydol
|drag|p1a: Suicune|Suicune|88/100 slp
|-damage|p1a: Suicune|63/100 slp|[from] Spikes
|
|-weather|Sandstorm|[upkeep]
|-damage|p1a: Suicune|57/100 slp|[from] Sandstorm
|-heal|p1a: Suicune|63/100 slp|[from] item: Leftovers
|upkeep
|turn|83
|
|t:|1728001754
|cant|p1a: Suicune|slp
|move|p2a: Skarmory|Roar|p1a: Suicune
|drag|p1a: Dugtrio|Dugtrio, M|14/100
|-damage|p1a: Dugtrio|0 fnt|[from] Spikes
|faint|p1a: Dugtrio
|inactive|moistmania has 120 seconds left.
|
|t:|1728001768
|switch|p1a: Claydol|Claydol|35/100 tox
|
|-weather|Sandstorm|[upkeep]
|-heal|p1a: Claydol|41/100 tox|[from] item: Leftovers
|-damage|p1a: Claydol|35/100 tox|[from] psn
|upkeep
|turn|84
|
|t:|1728001773
|move|p2a: Skarmory|Protect|p2a: Skarmory
|-singleturn|p2a: Skarmory|Protect
|move|p1a: Claydol|Rapid Spin|p2a: Skarmory
|-activate|p2a: Skarmory|Protect
|
|-weather|Sandstorm|[upkeep]
|-heal|p1a: Claydol|41/100 tox|[from] item: Leftovers
|-damage|p1a: Claydol|29/100 tox|[from] psn
|upkeep
|turn|85
|
|t:|1728001778
|move|p1a: Claydol|Rapid Spin|p2a: Skarmory
|-resisted|p2a: Skarmory
|-damage|p2a: Skarmory|99/100
|-sideend|p1: moistmania|Spikes|[from] move: Rapid Spin|[of] p1a: Claydol
|move|p2a: Skarmory|Roar|p1a: Claydol
|drag|p1a: Suicune|Suicune|63/100 slp
|
|-weather|Sandstorm|[upkeep]
|-damage|p1a: Suicune|57/100 slp|[from] Sandstorm
|-heal|p1a: Suicune|63/100 slp|[from] item: Leftovers
|-heal|p2a: Skarmory|100/100|[from] item: Leftovers
|upkeep
|turn|86
|
|t:|1728001788
|-curestatus|p1a: Suicune|slp|[msg]
|move|p1a: Suicune|Surf|p2a: Skarmory
|-damage|p2a: Skarmory|75/100
|move|p2a: Skarmory|Toxic|p1a: Suicune
|-status|p1a: Suicune|tox
|
|-weather|Sandstorm|[upkeep]
|-damage|p1a: Suicune|57/100 tox|[from] Sandstorm
|-heal|p1a: Suicune|63/100 tox|[from] item: Leftovers
|-damage|p1a: Suicune|57/100 tox|[from] psn
|-heal|p2a: Skarmory|81/100|[from] item: Leftovers
|upkeep
|turn|87
|inactive|moistmania has 120 seconds left.
|
|t:|1728001823
|move|p1a: Suicune|Rest|p1a: Suicune
|-status|p1a: Suicune|slp|[from] move: Rest
|-heal|p1a: Suicune|100/100 slp|[silent]
|move|p2a: Skarmory|Spikes|p1a: Suicune
|-sidestart|p1: moistmania|Spikes
|
|-weather|Sandstorm|[upkeep]
|-damage|p1a: Suicune|94/100 slp|[from] Sandstorm
|-heal|p1a: Suicune|100/100 slp|[from] item: Leftovers
|-heal|p2a: Skarmory|87/100|[from] item: Leftovers
|upkeep
|turn|88
|
|t:|1728001832
|cant|p1a: Suicune|slp
|move|p2a: Skarmory|Roar|p1a: Suicune
|drag|p1a: Claydol|Claydol|29/100 tox
|
|-weather|Sandstorm|[upkeep]
|-heal|p1a: Claydol|35/100 tox|[from] item: Leftovers
|-damage|p1a: Claydol|29/100 tox|[from] psn
|-heal|p2a: Skarmory|93/100|[from] item: Leftovers
|upkeep
|turn|89
|inactive|moistmania has 120 seconds left.
|
|t:|1728001845
|move|p1a: Claydol|Explosion|p2a: Skarmory
|-resisted|p2a: Skarmory
|-damage|p2a: Skarmory|41/100
|faint|p1a: Claydol
|
|t:|1728001847
|switch|p1a: Suicune|Suicune|100/100 slp
|-damage|p1a: Suicune|88/100 slp|[from] Spikes
|
|-weather|Sandstorm|[upkeep]
|-damage|p1a: Suicune|82/100 slp|[from] Sandstorm
|-heal|p1a: Suicune|88/100 slp|[from] item: Leftovers
|-heal|p2a: Skarmory|47/100|[from] item: Leftovers
|upkeep
|turn|90
|
|t:|1728001855
|cant|p1a: Suicune|slp
|move|p2a: Skarmory|Roar||[still]
|-fail|p2a: Skarmory
|
|-weather|Sandstorm|[upkeep]
|-damage|p1a: Suicune|82/100 slp|[from] Sandstorm
|-heal|p1a: Suicune|88/100 slp|[from] item: Leftovers
|-heal|p2a: Skarmory|53/100|[from] item: Leftovers
|upkeep
|turn|91
|
|t:|1728001858
|-curestatus|p1a: Suicune|slp|[msg]
|move|p1a: Suicune|Calm Mind|p1a: Suicune
|-boost|p1a: Suicune|spa|1
|-boost|p1a: Suicune|spd|1
|move|p2a: Skarmory|Toxic|p1a: Suicune
|-status|p1a: Suicune|tox
|
|-weather|Sandstorm|[upkeep]
|-damage|p1a: Suicune|82/100 tox|[from] Sandstorm
|-heal|p1a: Suicune|88/100 tox|[from] item: Leftovers
|-damage|p1a: Suicune|82/100 tox|[from] psn
|-heal|p2a: Skarmory|59/100|[from] item: Leftovers
|upkeep
|turn|92
|inactive|moistmania has 150 seconds left.
|inactive|moistmania has 120 seconds left.
|
|t:|1728001902
|move|p2a: Skarmory|Protect|p2a: Skarmory
|-singleturn|p2a: Skarmory|Protect
|move|p1a: Suicune|Calm Mind|p1a: Suicune
|-boost|p1a: Suicune|spa|1
|-boost|p1a: Suicune|spd|1
|
|-weather|Sandstorm|[upkeep]
|-damage|p1a: Suicune|76/100 tox|[from] Sandstorm
|-heal|p1a: Suicune|82/100 tox|[from] item: Leftovers
|-damage|p1a: Suicune|69/100 tox|[from] psn
|-heal|p2a: Skarmory|65/100|[from] item: Leftovers
|upkeep
|turn|93
|inactive|moistmania has 120 seconds left.
|inactive|Mr Bluestacks has 270 seconds left.
|
|t:|1728001931
|switch|p2a: Swampert|Swampert, F|76/100 tox
|-damage|p2a: Swampert|63/100 tox|[from] Spikes
|move|p1a: Suicune|Surf|p2a: Swampert
|-damage|p2a: Swampert|13/100 tox
|
|-weather|Sandstorm|[upkeep]
|-damage|p1a: Suicune|63/100 tox|[from] Sandstorm
|-heal|p1a: Suicune|69/100 tox|[from] item: Leftovers
|-damage|p1a: Suicune|51/100 tox|[from] psn
|-heal|p2a: Swampert|19/100 tox|[from] item: Leftovers
|-damage|p2a: Swampert|13/100 tox|[from] psn
|upkeep
|turn|94
|inactive|moistmania has 120 seconds left.
|
|t:|1728001955
|move|p2a: Swampert|Protect|p2a: Swampert
|-singleturn|p2a: Swampert|Protect
|move|p1a: Suicune|Rest|p1a: Suicune
|-status|p1a: Suicune|slp|[from] move: Rest
|-heal|p1a: Suicune|100/100 slp|[silent]
|
|-weather|Sandstorm|[upkeep]
|-damage|p1a: Suicune|94/100 slp|[from] Sandstorm
|-heal|p1a: Suicune|100/100 slp|[from] item: Leftovers
|-heal|p2a: Swampert|19/100 tox|[from] item: Leftovers
|-damage|p2a: Swampert|7/100 tox|[from] psn
|upkeep
|turn|95
|
|t:|1728001959
|cant|p1a: Suicune|slp
|move|p2a: Swampert|Earthquake|p1a: Suicune
|-damage|p1a: Suicune|80/100 slp
|
|-weather|Sandstorm|[upkeep]
|-damage|p1a: Suicune|74/100 slp|[from] Sandstorm
|-heal|p1a: Suicune|80/100 slp|[from] item: Leftovers
|-heal|p2a: Swampert|13/100 tox|[from] item: Leftovers
|-damage|p2a: Swampert|0 fnt|[from] psn
|faint|p2a: Swampert
|upkeep
|
|t:|1728001961
|switch|p2a: Claydol|Claydol|88/100 tox
|turn|96
|
|t:|1728001974
|cant|p1a: Suicune|slp
|move|p2a: Claydol|Explosion|p1a: Suicune
|-damage|p1a: Suicune|10/100 slp
|faint|p2a: Claydol
|
|t:|1728001976
|switch|p2a: Skarmory|Skarmory, F|65/100
|
|-weather|Sandstorm|[upkeep]
|-damage|p1a: Suicune|3/100 slp|[from] Sandstorm
|-heal|p1a: Suicune|10/100 slp|[from] item: Leftovers
|-heal|p2a: Skarmory|71/100|[from] item: Leftovers
|upkeep
|turn|97
|c|☆Mr Bluestacks|gg
|-message|Mr Bluestacks forfeited.
|
|win|moistmania
|player|p2|
|c|☆moistmania|gg
|player|p1|
|player|p1|moistmania|backersf|

</script>
<script type="application/json" class="data" id="replaydata-smogtours-gen3ou-794444">
{"id":"smogtours-gen3ou-794444","format":"[Gen 3] OU","players":["moistmania","Mr Bluestacks"],"uploadtime":1728001988,"views":93,"formatid":"gen3ou","rating":null,"private":0,"password":null}
</script>

<script defer src="js/replays.js?9d40a366"></script>
