<!DOCTYPE html>
<meta charset="utf-8" />
<meta name="viewport" content="width=device-width" />

<title>[Gen 3] OU: Skarph☾eRiM vs. pokology2 - Replays - Pok&eacute;mon Showdown!</title>

<meta name="description" content="Watch a replay of a Pok&eacute;mon battle between Skarph☾eRiM and pokology2! Format: [Gen 3] OU; Date: Oct 8, 2024" />
<!--

Hey, you! Looking in the source for the replay log?

You can find them in JSON format, just add `.json` at the end of a replay URL.

https://replay.pokemonshowdown.com/gen7randomdoublesbattle-865046831.json

Or, if you only need the log itself, add `.log` instead:

https://replay.pokemonshowdown.com/gen7randomdoublesbattle-865046831.log

-->

<link rel="stylesheet" href="//pokemonshowdown.com/style/global.css?0.767286132409787" />
<link rel="stylesheet" href="//play.pokemonshowdown.com/style/font-awesome.css?0.9266228007934947" />
<link rel="stylesheet" href="//play.pokemonshowdown.com/style/battle.css?0.7924700842790926" />
<link rel="stylesheet" href="//play.pokemonshowdown.com/style/utilichart.css?0.8777417872839479" />

<!-- Global site tag (gtag.js) - Google Analytics -->
<script async src="https://www.googletagmanager.com/gtag/js?id=UA-26211653-1"></script>
<script>
  window.dataLayer = window.dataLayer || [];
  function gtag(){dataLayer.push(arguments);}
  gtag('js', new Date());

  gtag('config', 'UA-26211653-1');
</script>
<!-- End Google Analytics -->
<!-- Venatus Ad Manager - Install in <HEAD> of page -->
	<script src="https://hb.vntsm.com/v3/live/ad-manager.min.js" type="text/javascript" data-site-id="642aba63ec9a7b11c3c9c1be" data-mode="scan" async></script>
<!-- / Venatus Ad Manager -->

<style>
	@media (max-width:820px) {
		.battle {
			margin: 0 auto;
		}
		.battle-log {
			margin: 7px auto 0;
			max-width: 640px;
			height: 300px;
			position: static;
		}
	}
	.optgroup {
		display: inline-block;
		line-height: 22px;
		font-size: 10pt;
	}
	.optgroup .button {
		height: 25px;
		padding-top: 0;
		padding-bottom: 0;
	}
	.optgroup button.button {
		padding-left: 12px;
		padding-right: 12px;
	}
	.linklist {
		list-style: none;
		margin: 0.5em 0;
		padding: 0;
	}
	.linklist li {
		padding: 2px 0;
	}
	.sidebar {
		float: left;
		width: 320px;
	}
	.bar-wrapper {
		max-width: 1100px;
		margin: 0 auto;
	}
	.bar-wrapper.has-sidebar {
		max-width: 1430px;
	}
	.mainbar {
		margin: 0;
		padding-right: 1px;
	}
	.mainbar.has-sidebar {
		margin-left: 330px;
	}
	@media (min-width: 1511px) {
		.sidebar {
			width: 400px;
		}
		.bar-wrapper.has-sidebar {
			max-width: 1510px;
		}
		.mainbar.has-sidebar {
			margin-left: 410px;
		}
	}
	.section.first-section {
		margin-top: 9px;
	}
	.blocklink small {
		white-space: normal;
	}
	.button {
		vertical-align: middle;
	}
	.replay-controls {
		padding-top: 10px;
	}
	.replay-controls h1 {
		font-size: 16pt;
		font-weight: normal;
		color: #CCC;
	}
	.pagelink {
		text-align: center;
	}
	.pagelink a {
		width: 150px;
	}
	.textbox, .button {
		font-size: 11pt;
		vertical-align: middle;
	}
	@media (max-width: 450px) {
		.button {
			font-size: 9pt;
		}
	}
</style>

<div>

	<header>
		<div class="nav-wrapper"><ul class="nav">
			<li><a class="button nav-first" href="//pokemonshowdown.com/"><img src="//pokemonshowdown.com/images/pokemonshowdownbeta.png" srcset="//pokemonshowdown.com/images/pokemonshowdownbeta.png 1x, //pokemonshowdown.com/images/pokemonshowdownbeta@2x.png 2x" alt="Pok&eacute;mon Showdown" width="146" height="44" /> Home</a></li>
			<li><a class="button" href="//pokemonshowdown.com/dex/">Pok&eacute;dex</a></li>
			<li><a class="button cur" href="/">Replays</a></li>
			<li><a class="button" href="//pokemonshowdown.com/ladder/">Ladder</a></li>
			<li><a class="button nav-last" href="//pokemonshowdown.com/forums/">Forum</a></li>
			<li><a class="button greenbutton nav-first nav-last" href="//play.pokemonshowdown.com/">Play</a></li>
		</ul></div>
	</header>

	<div class="main" id="main">

		<noscript><section class="section">You need to enable JavaScript to use this page; sorry!</section></noscript>

	</div>

</div>

<script defer nomodule src="//play.pokemonshowdown.com/js/lib/ps-polyfill.js"></script>
<script defer src="//play.pokemonshowdown.com/js/lib/preact.min.js"></script>

<script defer src="//play.pokemonshowdown.com/config/config.js?6dec07f6"></script>
<script defer src="//play.pokemonshowdown.com/js/lib/jquery-1.11.0.min.js"></script>
<script defer src="//play.pokemonshowdown.com/js/lib/html-sanitizer-minified.js"></script>
<script defer src="//play.pokemonshowdown.com/js/battle-sound.js"></script>
<script defer src="//play.pokemonshowdown.com/js/battledata.js?0.6315294753075389"></script>
<script defer src="//play.pokemonshowdown.com/data/pokedex-mini.js?0.7603743185311358"></script>
<script defer src="//play.pokemonshowdown.com/data/pokedex-mini-bw.js?0.030888842834281283"></script>
<script defer src="//play.pokemonshowdown.com/data/graphics.js?0.05593094747507488"></script>
<script defer src="//play.pokemonshowdown.com/data/pokedex.js?0.47064822249611904"></script>
<script defer src="//play.pokemonshowdown.com/data/moves.js?0.8583693120512459"></script>
<script defer src="//play.pokemonshowdown.com/data/abilities.js?0.16017181182386842"></script>
<script defer src="//play.pokemonshowdown.com/data/items.js?0.4163379185673943"></script>
<script defer src="//play.pokemonshowdown.com/data/teambuilder-tables.js?0.31075597372830477"></script>
<script defer src="//play.pokemonshowdown.com/js/battle-tooltips.js?0.6536193500708172"></script>
<script defer src="//play.pokemonshowdown.com/js/battle.js?0.1916591943277901"></script>

<script defer src="js/utils.js?e31f9a17"></script>
<script defer src="js/replays-battle.js?7008c182"></script>

<!-- don't scrape this data! just add .json or .log after the URL!
Full API docs: https://github.com/smogon/pokemon-showdown-client/blob/master/WEB-API.md -->
<script type="text/plain" class="log" id="replaylog-smogtours-gen3ou-796443">
|inactive|Battle timer is ON: inactive players will automatically lose when time's up.
|t:|1728414217
|gametype|singles
|player|p1|Skarph☾eRiM|#skarph|
|player|p2|pokology2|1|
|teamsize|p1|6
|teamsize|p2|6
|gen|3
|tier|[Gen 3] OU
|rule|Sleep Clause Mod: Limit one foe put to sleep
|rule|Switch Priority Clause Mod: Faster Pokémon switch first
|rule|Species Clause: Limit one of each Pokémon
|rule|OHKO Clause: OHKO moves are banned
|rule|Evasion Items Clause: Evasion items are banned
|rule|Evasion Moves Clause: Evasion moves are banned
|rule|Endless Battle Clause: Forcing endless battles is banned
|rule|HP Percentage Mod: HP is shown in percentages
|rule|One Boost Passer Clause: Limit one Baton Passer that has a way to boost its stats
|rule|Freeze Clause Mod: Limit one foe frozen
|
|t:|1728414217
|start
|switch|p1a: Zapdos|Zapdos|100/100
|switch|p2a: Suicune|Suicune|100/100
|turn|1
|c|☆Skarph☾eRiM|hf
|raw|<div class="broadcast-red"><strong>Moderated chat was set to ☆!<\/strong><br />Only users of rank ☆ and higher can talk.<\/div>
|c|☆Skarph☾eRiM|/log Skarph☾eRiM made the replay of this battle unlisted.
|c|☆pokology2|gl hf :)
|
|t:|1728414239
|switch|p2a: Snorlax|Snorlax, M|100/100
|move|p1a: Zapdos|Baton Pass|p1a: Zapdos
|
|t:|1728414249
|switch|p1a: Metagross|Metagross|100/100|[from] Baton Pass
|
|upkeep
|turn|2
|
|t:|1728414263
|switch|p2a: Charizard|Charizard, M|100/100
|move|p1a: Metagross|Meteor Mash|p2a: Charizard
|-resisted|p2a: Charizard
|-damage|p2a: Charizard|33/100
|
|-heal|p2a: Charizard|39/100|[from] item: Leftovers
|upkeep
|turn|3
|
|t:|1728414282
|switch|p1a: Suicune|Suicune|100/100
|move|p2a: Charizard|Fire Blast|p1a: Suicune|[miss]
|-miss|p2a: Charizard|p1a: Suicune
|
|-heal|p2a: Charizard|45/100|[from] item: Leftovers
|upkeep
|turn|4
|inactive|Skarph☾eRiM has 270 seconds left.
|
|t:|1728414312
|switch|p2a: Suicune|Suicune|100/100
|move|p1a: Suicune|Calm Mind|p1a: Suicune
|-boost|p1a: Suicune|spa|1
|-boost|p1a: Suicune|spd|1
|
|upkeep
|turn|5
|inactive|Skarph☾eRiM has 270 seconds left.
|
|t:|1728414320
|move|p2a: Suicune|Calm Mind|p2a: Suicune
|-boost|p2a: Suicune|spa|1
|-boost|p2a: Suicune|spd|1
|move|p1a: Suicune|Calm Mind|p1a: Suicune
|-boost|p1a: Suicune|spa|1
|-boost|p1a: Suicune|spd|1
|
|upkeep
|turn|6
|
|t:|1728414324
|move|p2a: Suicune|Roar|p1a: Suicune
|drag|p1a: Dugtrio|Dugtrio, M|100/100
|
|upkeep
|turn|7
|inactive|Skarph☾eRiM has 270 seconds left.
|
|t:|1728414345
|switch|p1a: Zapdos|Zapdos|100/100
|move|p2a: Suicune|Ice Beam|p1a: Zapdos
|-supereffective|p1a: Zapdos
|-damage|p1a: Zapdos|21/100
|
|-heal|p1a: Zapdos|27/100|[from] item: Leftovers
|upkeep
|turn|8
|inactive|Skarph☾eRiM has 270 seconds left.
|inactive|pokology2 has 270 seconds left.
|inactive|pokology2 has 240 seconds left.
|
|t:|1728414428
|move|p1a: Zapdos|Thunder Wave|p2a: Suicune
|-status|p2a: Suicune|par
|move|p2a: Suicune|Ice Beam|p1a: Zapdos
|-supereffective|p1a: Zapdos
|-damage|p1a: Zapdos|0 fnt
|faint|p1a: Zapdos
|
|t:|1728414432
|switch|p1a: Suicune|Suicune|100/100
|
|upkeep
|turn|9
|
|t:|1728414445
|move|p1a: Suicune|Roar|p2a: Suicune
|drag|p2a: Charizard|Charizard, M|45/100
|
|-heal|p2a: Charizard|51/100|[from] item: Leftovers
|upkeep
|turn|10
|
|t:|1728414468
|switch|p2a: Snorlax|Snorlax, M|100/100
|switch|p1a: Celebi|Celebi|100/100
|
|upkeep
|turn|11
|inactive|pokology2 has 240 seconds left.
|
|t:|1728414474
|move|p1a: Celebi|Leech Seed|p2a: Snorlax|[miss]
|-miss|p1a: Celebi|p2a: Snorlax
|move|p2a: Snorlax|Body Slam|p1a: Celebi
|-damage|p1a: Celebi|69/100
|
|-heal|p1a: Celebi|76/100|[from] item: Leftovers
|upkeep
|turn|12
|
|t:|1728414480
|move|p1a: Celebi|Leech Seed|p2a: Snorlax|[miss]
|-miss|p1a: Celebi|p2a: Snorlax
|move|p2a: Snorlax|Body Slam|p1a: Celebi
|-damage|p1a: Celebi|46/100
|
|-heal|p1a: Celebi|52/100|[from] item: Leftovers
|upkeep
|turn|13
|
|t:|1728414486
|move|p1a: Celebi|Leech Seed|p2a: Snorlax
|-start|p2a: Snorlax|move: Leech Seed
|move|p2a: Snorlax|Shadow Ball|p1a: Celebi
|-supereffective|p1a: Celebi
|-damage|p1a: Celebi|11/100
|-unboost|p1a: Celebi|spd|1
|
|-heal|p1a: Celebi|18/100|[from] item: Leftovers
|-damage|p2a: Snorlax|88/100|[from] Leech Seed|[of] p1a: Celebi
|-heal|p1a: Celebi|33/100|[silent]
|upkeep
|turn|14
|
|t:|1728414506
|switch|p2a: Charizard|Charizard, M|51/100
|move|p1a: Celebi|Baton Pass|p1a: Celebi
|
|t:|1728414510
|switch|p1a: Suicune|Suicune|100/100|[from] Baton Pass
|
|-heal|p2a: Charizard|57/100|[from] item: Leftovers
|upkeep
|turn|15
|
|t:|1728414514
|move|p2a: Charizard|Hidden Power|p1a: Suicune
|-supereffective|p1a: Suicune
|-damage|p1a: Suicune|49/100
|move|p1a: Suicune|Hydro Pump|p2a: Charizard
|-supereffective|p2a: Charizard
|-damage|p2a: Charizard|0 fnt
|faint|p2a: Charizard
|
|t:|1728414530
|switch|p2a: Starmie|Starmie|100/100
|
|-heal|p1a: Suicune|55/100|[from] item: Leftovers
|upkeep
|turn|16
|
|t:|1728414537
|switch|p1a: Swampert|Swampert, M|100/100
|move|p2a: Starmie|Thunderbolt|p1a: Swampert
|-immune|p1a: Swampert
|
|upkeep
|turn|17
|inactive|pokology2 has 270 seconds left.
|
|t:|1728414545
|switch|p2a: Swampert|Swampert, M|100/100
|move|p1a: Swampert|Hidden Power|p2a: Swampert
|-supereffective|p2a: Swampert
|-damage|p2a: Swampert|1/100
|
|-heal|p2a: Swampert|8/100|[from] item: Leftovers
|upkeep
|turn|18
|inactive|Skarph☾eRiM has 270 seconds left.
|
|t:|1728414580
|switch|p1a: Celebi|Celebi|33/100
|move|p2a: Swampert|Hydro Pump|p1a: Celebi
|-resisted|p1a: Celebi
|-damage|p1a: Celebi|0 fnt
|faint|p1a: Celebi
|inactive|Skarph☾eRiM has 270 seconds left.
|inactive|Skarph☾eRiM has 240 seconds left.
|
|t:|1728414644
|switch|p1a: Suicune|Suicune|55/100
|
|-heal|p1a: Suicune|62/100|[from] item: Leftovers
|-heal|p2a: Swampert|14/100|[from] item: Leftovers
|upkeep
|turn|19
|
|t:|1728414652
|switch|p2a: Snorlax|Snorlax, M|88/100
|move|p1a: Suicune|Calm Mind|p1a: Suicune
|-boost|p1a: Suicune|spa|1
|-boost|p1a: Suicune|spd|1
|
|-heal|p1a: Suicune|68/100|[from] item: Leftovers
|-heal|p2a: Snorlax|94/100|[from] item: Leftovers
|upkeep
|turn|20
|
|t:|1728414662
|switch|p1a: Metagross|Metagross|100/100
|move|p2a: Snorlax|Body Slam|p1a: Metagross
|-resisted|p1a: Metagross
|-damage|p1a: Metagross|86/100
|
|-heal|p2a: Snorlax|100/100|[from] item: Leftovers
|upkeep
|turn|21
|
|t:|1728414687
|switch|p2a: Suicune|Suicune|100/100 par
|move|p1a: Metagross|Meteor Mash|p2a: Suicune
|-resisted|p2a: Suicune
|-damage|p2a: Suicune|62/100 par
|
|-heal|p2a: Suicune|68/100 par|[from] item: Leftovers
|upkeep
|turn|22
|
|t:|1728414701
|switch|p1a: Suicune|Suicune|68/100
|move|p2a: Suicune|Hydro Pump|p1a: Suicune
|-resisted|p1a: Suicune
|-damage|p1a: Suicune|46/100
|
|-heal|p1a: Suicune|53/100|[from] item: Leftovers
|-heal|p2a: Suicune|74/100 par|[from] item: Leftovers
|upkeep
|turn|23
|
|t:|1728414714
|switch|p2a: Snorlax|Snorlax, M|100/100
|move|p1a: Suicune|Calm Mind|p1a: Suicune
|-boost|p1a: Suicune|spa|1
|-boost|p1a: Suicune|spd|1
|
|-heal|p1a: Suicune|59/100|[from] item: Leftovers
|upkeep
|turn|24
|
|t:|1728414718
|switch|p1a: Metagross|Metagross|86/100
|move|p2a: Snorlax|Body Slam|p1a: Metagross
|-resisted|p1a: Metagross
|-damage|p1a: Metagross|70/100
|
|upkeep
|turn|25
|
|t:|1728414727
|switch|p2a: Suicune|Suicune|74/100 par
|move|p1a: Metagross|Meteor Mash|p2a: Suicune
|-resisted|p2a: Suicune
|-damage|p2a: Suicune|37/100 par
|
|-heal|p2a: Suicune|43/100 par|[from] item: Leftovers
|upkeep
|turn|26
|inactive|Skarph☾eRiM has 240 seconds left.
|
|t:|1728414746
|switch|p1a: Suicune|Suicune|59/100
|cant|p2a: Suicune|par
|
|-heal|p1a: Suicune|65/100|[from] item: Leftovers
|-heal|p2a: Suicune|49/100 par|[from] item: Leftovers
|upkeep
|turn|27
|inactive|Skarph☾eRiM has 240 seconds left.
|
|t:|1728414757
|switch|p2a: Snorlax|Snorlax, M|100/100
|move|p1a: Suicune|Hydro Pump|p2a: Snorlax
|-damage|p2a: Snorlax|70/100
|
|-heal|p1a: Suicune|71/100|[from] item: Leftovers
|-heal|p2a: Snorlax|76/100|[from] item: Leftovers
|upkeep
|turn|28
|inactive|Skarph☾eRiM has 240 seconds left.
|
|t:|1728414780
|switch|p1a: Metagross|Metagross|70/100
|move|p2a: Snorlax|Body Slam|p1a: Metagross
|-resisted|p1a: Metagross
|-damage|p1a: Metagross|55/100
|
|-heal|p2a: Snorlax|82/100|[from] item: Leftovers
|upkeep
|turn|29
|
|t:|1728414795
|switch|p2a: Suicune|Suicune|49/100 par
|move|p1a: Metagross|Earthquake|p2a: Suicune
|-damage|p2a: Suicune|0 fnt
|faint|p2a: Suicune
|inactive|pokology2 has 270 seconds left.
|inactive|pokology2 has 240 seconds left.
|
|t:|1728414884
|switch|p2a: Swampert|Swampert, M|14/100
|
|-heal|p2a: Swampert|20/100|[from] item: Leftovers
|upkeep
|turn|30
|
|t:|1728414889
|switch|p1a: Suicune|Suicune|71/100
|move|p2a: Swampert|Earthquake|p1a: Suicune
|-damage|p1a: Suicune|39/100
|
|-heal|p1a: Suicune|46/100|[from] item: Leftovers
|-heal|p2a: Swampert|26/100|[from] item: Leftovers
|upkeep
|turn|31
|
|t:|1728414899
|switch|p2a: Starmie|Starmie|100/100
|move|p1a: Suicune|Hydro Pump|p2a: Starmie|[miss]
|-miss|p1a: Suicune|p2a: Starmie
|
|-heal|p1a: Suicune|52/100|[from] item: Leftovers
|upkeep
|turn|32
|inactive|Skarph☾eRiM has 240 seconds left.
|
|t:|1728414938
|move|p2a: Starmie|Hydro Pump|p1a: Suicune
|-resisted|p1a: Suicune
|-damage|p1a: Suicune|31/100
|move|p1a: Suicune|Hydro Pump|p2a: Starmie
|-resisted|p2a: Starmie
|-damage|p2a: Starmie|63/100
|
|-heal|p2a: Starmie|69/100|[from] item: Leftovers
|-heal|p1a: Suicune|37/100|[from] item: Leftovers
|upkeep
|turn|33
|inactive|pokology2 has 240 seconds left.
|
|t:|1728414943
|switch|p1a: Swampert|Swampert, M|100/100
|move|p2a: Starmie|Thunderbolt|p1a: Swampert
|-immune|p1a: Swampert
|
|-heal|p2a: Starmie|75/100|[from] item: Leftovers
|upkeep
|turn|34
|inactive|pokology2 has 240 seconds left.
|
|t:|1728414961
|switch|p2a: Snorlax|Snorlax, M|82/100
|move|p1a: Swampert|Hidden Power|p2a: Snorlax
|-damage|p2a: Snorlax|71/100
|
|-heal|p2a: Snorlax|77/100|[from] item: Leftovers
|upkeep
|turn|35
|
|t:|1728414965
|switch|p1a: Metagross|Metagross|55/100
|move|p2a: Snorlax|Body Slam|p1a: Metagross
|-resisted|p1a: Metagross
|-damage|p1a: Metagross|40/100
|
|-heal|p2a: Snorlax|84/100|[from] item: Leftovers
|upkeep
|turn|36
|inactive|Skarph☾eRiM has 240 seconds left.
|
|t:|1728414978
|switch|p2a: Jirachi|Jirachi|100/100
|move|p1a: Metagross|Earthquake|p2a: Jirachi
|-supereffective|p2a: Jirachi
|-damage|p2a: Jirachi|17/100
|
|-heal|p2a: Jirachi|23/100|[from] item: Leftovers
|upkeep
|turn|37
|inactive|Skarph☾eRiM has 240 seconds left.
|
|t:|1728414989
|switch|p1a: Dugtrio|Dugtrio, M|100/100
|move|p2a: Jirachi|Fire Punch|p1a: Dugtrio
|-damage|p1a: Dugtrio|69/100
|
|-heal|p2a: Jirachi|29/100|[from] item: Leftovers
|upkeep
|turn|38
|
|t:|1728414995
|move|p2a: Jirachi|Protect|p2a: Jirachi
|-singleturn|p2a: Jirachi|Protect
|move|p1a: Dugtrio|Earthquake|p2a: Jirachi
|-activate|p2a: Jirachi|Protect
|
|-heal|p2a: Jirachi|35/100|[from] item: Leftovers
|upkeep
|turn|39
|
|t:|1728414997
|move|p1a: Dugtrio|Earthquake|p2a: Jirachi
|-supereffective|p2a: Jirachi
|-damage|p2a: Jirachi|0 fnt
|faint|p2a: Jirachi
|inactive|pokology2 has 270 seconds left.
|
|t:|1728415005
|switch|p2a: Starmie|Starmie|75/100
|
|-heal|p2a: Starmie|81/100|[from] item: Leftovers
|upkeep
|turn|40
|inactive|Skarph☾eRiM has 270 seconds left.
|inactive|Skarph☾eRiM has 240 seconds left.
|
|t:|1728415065
|switch|p1a: Suicune|Suicune|37/100
|move|p2a: Starmie|Ice Beam|p1a: Suicune
|-resisted|p1a: Suicune
|-damage|p1a: Suicune|25/100
|
|-heal|p2a: Starmie|87/100|[from] item: Leftovers
|-heal|p1a: Suicune|32/100|[from] item: Leftovers
|upkeep
|turn|41
|
|t:|1728415074
|move|p2a: Starmie|Thunderbolt|p1a: Suicune
|-supereffective|p1a: Suicune
|-damage|p1a: Suicune|0 fnt
|faint|p1a: Suicune
|
|t:|1728415075
|switch|p1a: Swampert|Swampert, M|100/100
|
|-heal|p2a: Starmie|93/100|[from] item: Leftovers
|upkeep
|turn|42
|
|t:|1728415099
|move|p2a: Starmie|Hydro Pump|p1a: Swampert
|-damage|p1a: Swampert|55/100
|move|p1a: Swampert|Hidden Power|p2a: Starmie
|-supereffective|p2a: Starmie
|-damage|p2a: Starmie|34/100
|
|-heal|p2a: Starmie|40/100|[from] item: Leftovers
|-heal|p1a: Swampert|61/100|[from] item: Leftovers
|upkeep
|turn|43
|
|t:|1728415117
|switch|p2a: Snorlax|Snorlax, M|84/100
|move|p1a: Swampert|Hydro Pump|p2a: Snorlax|[miss]
|-miss|p1a: Swampert|p2a: Snorlax
|
|-heal|p1a: Swampert|67/100|[from] item: Leftovers
|-heal|p2a: Snorlax|90/100|[from] item: Leftovers
|upkeep
|turn|44
|
|t:|1728415129
|-singleturn|p2a: Snorlax|move: Focus Punch
|move|p1a: Swampert|Protect|p1a: Swampert
|-singleturn|p1a: Swampert|Protect
|move|p2a: Snorlax|Focus Punch|p1a: Swampert
|-activate|p1a: Swampert|Protect
|
|-heal|p1a: Swampert|74/100|[from] item: Leftovers
|-heal|p2a: Snorlax|96/100|[from] item: Leftovers
|upkeep
|turn|45
|
|t:|1728415147
|switch|p1a: Metagross|Metagross|40/100
|move|p2a: Snorlax|Body Slam|p1a: Metagross
|-resisted|p1a: Metagross
|-damage|p1a: Metagross|25/100
|-status|p1a: Metagross|par
|
|-heal|p2a: Snorlax|100/100|[from] item: Leftovers
|upkeep
|turn|46
|inactive|Skarph☾eRiM has 210 seconds left.
|
|t:|1728415184
|switch|p2a: Swampert|Swampert, M|26/100
|cant|p1a: Metagross|par
|
|-heal|p2a: Swampert|32/100|[from] item: Leftovers
|upkeep
|turn|47
|inactive|Skarph☾eRiM has 180 seconds left.
|inactive|Skarph☾eRiM has 150 seconds left.
|
|t:|1728415257
|move|p2a: Swampert|Earthquake|p1a: Metagross
|-supereffective|p1a: Metagross
|-damage|p1a: Metagross|0 fnt
|faint|p1a: Metagross
|
|t:|1728415258
|switch|p1a: Dugtrio|Dugtrio, M|69/100
|
|-heal|p2a: Swampert|38/100|[from] item: Leftovers
|upkeep
|turn|48
|
|t:|1728415267
|move|p1a: Dugtrio|Earthquake|p2a: Swampert
|-damage|p2a: Swampert|0 fnt
|faint|p2a: Swampert
|
|t:|1728415272
|switch|p2a: Starmie|Starmie|40/100
|
|-heal|p2a: Starmie|46/100|[from] item: Leftovers
|upkeep
|turn|49
|inactive|Skarph☾eRiM has 150 seconds left.
|
|t:|1728415283
|switch|p1a: Swampert|Swampert, M|74/100
|move|p2a: Starmie|Ice Beam|p1a: Swampert
|-damage|p1a: Swampert|49/100
|
|-heal|p2a: Starmie|52/100|[from] item: Leftovers
|-heal|p1a: Swampert|55/100|[from] item: Leftovers
|upkeep
|turn|50
|inactive|Skarph☾eRiM has 150 seconds left.
|
|t:|1728415302
|switch|p2a: Snorlax|Snorlax, M|100/100
|move|p1a: Swampert|Hydro Pump|p2a: Snorlax|[miss]
|-miss|p1a: Swampert|p2a: Snorlax
|
|-heal|p1a: Swampert|61/100|[from] item: Leftovers
|upkeep
|turn|51
|inactive|Skarph☾eRiM has 150 seconds left.
|
|t:|1728415309
|move|p1a: Swampert|Protect|p1a: Swampert
|-singleturn|p1a: Swampert|Protect
|move|p2a: Snorlax|Body Slam|p1a: Swampert
|-activate|p1a: Swampert|Protect
|
|-heal|p1a: Swampert|68/100|[from] item: Leftovers
|upkeep
|turn|52
|inactive|Skarph☾eRiM has 150 seconds left.
|
|t:|1728415319
|move|p1a: Swampert|Hydro Pump|p2a: Snorlax
|-damage|p2a: Snorlax|69/100
|move|p2a: Snorlax|Body Slam|p1a: Swampert
|-damage|p1a: Swampert|31/100
|
|-heal|p1a: Swampert|37/100|[from] item: Leftovers
|-heal|p2a: Snorlax|75/100|[from] item: Leftovers
|upkeep
|turn|53
|inactive|Skarph☾eRiM has 150 seconds left.
|inactive|Skarph☾eRiM has 120 seconds left.
|
|t:|1728415370
|move|p1a: Swampert|Hydro Pump|p2a: Snorlax
|-damage|p2a: Snorlax|46/100
|move|p2a: Snorlax|Body Slam|p1a: Swampert
|-damage|p1a: Swampert|2/100
|
|-heal|p1a: Swampert|8/100|[from] item: Leftovers
|-heal|p2a: Snorlax|52/100|[from] item: Leftovers
|upkeep
|turn|54
|
|t:|1728415380
|move|p1a: Swampert|Hydro Pump|p2a: Snorlax|[miss]
|-miss|p1a: Swampert|p2a: Snorlax
|move|p2a: Snorlax|Body Slam|p1a: Swampert
|-damage|p1a: Swampert|0 fnt
|faint|p1a: Swampert
|
|t:|1728415382
|switch|p1a: Dugtrio|Dugtrio, M|69/100
|
|-heal|p2a: Snorlax|58/100|[from] item: Leftovers
|upkeep
|turn|55
|
|t:|1728415385
|move|p1a: Dugtrio|Earthquake|p2a: Snorlax
|-damage|p2a: Snorlax|4/100
|move|p2a: Snorlax|Body Slam|p1a: Dugtrio
|-damage|p1a: Dugtrio|0 fnt
|faint|p1a: Dugtrio
|
|win|pokology2
|c|☆Skarph☾eRiM|gg
|c|☆pokology2|gg
|player|p1|

</script>
<script type="application/json" class="data" id="replaydata-smogtours-gen3ou-796443">
{"id":"smogtours-gen3ou-796443","format":"[Gen 3] OU","players":["Skarph\u263eeRiM","pokology2"],"uploadtime":1728415385,"views":113,"formatid":"gen3ou","rating":null,"private":1,"password":null}
</script>

<script defer src="js/replays.js?9d40a366"></script>
