<!DOCTYPE html>
<meta charset="utf-8" />
<meta name="viewport" content="width=device-width" />

<title>[Gen 3] OU: caraccident65278 vs. RetiredBohrier - Replays - Pok&eacute;mon Showdown!</title>

<meta name="description" content="Watch a replay of a Pok&eacute;mon battle between caraccident65278 and RetiredBohrier! Format: [Gen 3] OU; Date: Oct 13, 2024" />
<!--

Hey, you! Looking in the source for the replay log?

You can find them in JSON format, just add `.json` at the end of a replay URL.

https://replay.pokemonshowdown.com/gen7randomdoublesbattle-865046831.json

Or, if you only need the log itself, add `.log` instead:

https://replay.pokemonshowdown.com/gen7randomdoublesbattle-865046831.log

-->

<link rel="stylesheet" href="//pokemonshowdown.com/style/global.css?0.023195364461161105" />
<link rel="stylesheet" href="//play.pokemonshowdown.com/style/font-awesome.css?0.13261647063804238" />
<link rel="stylesheet" href="//play.pokemonshowdown.com/style/battle.css?0.8753245789963631" />
<link rel="stylesheet" href="//play.pokemonshowdown.com/style/utilichart.css?0.8627959624976733" />

<!-- Global site tag (gtag.js) - Google Analytics -->
<script async src="https://www.googletagmanager.com/gtag/js?id=UA-26211653-1"></script>
<script>
  window.dataLayer = window.dataLayer || [];
  function gtag(){dataLayer.push(arguments);}
  gtag('js', new Date());

  gtag('config', 'UA-26211653-1');
</script>
<!-- End Google Analytics -->
<!-- Venatus Ad Manager - Install in <HEAD> of page -->
	<script src="https://hb.vntsm.com/v3/live/ad-manager.min.js" type="text/javascript" data-site-id="642aba63ec9a7b11c3c9c1be" data-mode="scan" async></script>
<!-- / Venatus Ad Manager -->

<style>
	@media (max-width:820px) {
		.battle {
			margin: 0 auto;
		}
		.battle-log {
			margin: 7px auto 0;
			max-width: 640px;
			height: 300px;
			position: static;
		}
	}
	.optgroup {
		display: inline-block;
		line-height: 22px;
		font-size: 10pt;
	}
	.optgroup .button {
		height: 25px;
		padding-top: 0;
		padding-bottom: 0;
	}
	.optgroup button.button {
		padding-left: 12px;
		padding-right: 12px;
	}
	.linklist {
		list-style: none;
		margin: 0.5em 0;
		padding: 0;
	}
	.linklist li {
		padding: 2px 0;
	}
	.sidebar {
		float: left;
		width: 320px;
	}
	.bar-wrapper {
		max-width: 1100px;
		margin: 0 auto;
	}
	.bar-wrapper.has-sidebar {
		max-width: 1430px;
	}
	.mainbar {
		margin: 0;
		padding-right: 1px;
	}
	.mainbar.has-sidebar {
		margin-left: 330px;
	}
	@media (min-width: 1511px) {
		.sidebar {
			width: 400px;
		}
		.bar-wrapper.has-sidebar {
			max-width: 1510px;
		}
		.mainbar.has-sidebar {
			margin-left: 410px;
		}
	}
	.section.first-section {
		margin-top: 9px;
	}
	.blocklink small {
		white-space: normal;
	}
	.button {
		vertical-align: middle;
	}
	.replay-controls {
		padding-top: 10px;
	}
	.replay-controls h1 {
		font-size: 16pt;
		font-weight: normal;
		color: #CCC;
	}
	.pagelink {
		text-align: center;
	}
	.pagelink a {
		width: 150px;
	}
	.textbox, .button {
		font-size: 11pt;
		vertical-align: middle;
	}
	@media (max-width: 450px) {
		.button {
			font-size: 9pt;
		}
	}
</style>

<div>

	<header>
		<div class="nav-wrapper"><ul class="nav">
			<li><a class="button nav-first" href="//pokemonshowdown.com/"><img src="//pokemonshowdown.com/images/pokemonshowdownbeta.png" srcset="//pokemonshowdown.com/images/pokemonshowdownbeta.png 1x, //pokemonshowdown.com/images/pokemonshowdownbeta@2x.png 2x" alt="Pok&eacute;mon Showdown" width="146" height="44" /> Home</a></li>
			<li><a class="button" href="//pokemonshowdown.com/dex/">Pok&eacute;dex</a></li>
			<li><a class="button cur" href="/">Replays</a></li>
			<li><a class="button" href="//pokemonshowdown.com/ladder/">Ladder</a></li>
			<li><a class="button nav-last" href="//pokemonshowdown.com/forums/">Forum</a></li>
			<li><a class="button greenbutton nav-first nav-last" href="//play.pokemonshowdown.com/">Play</a></li>
		</ul></div>
	</header>

	<div class="main" id="main">

		<noscript><section class="section">You need to enable JavaScript to use this page; sorry!</section></noscript>

	</div>

</div>

<script defer nomodule src="//play.pokemonshowdown.com/js/lib/ps-polyfill.js"></script>
<script defer src="//play.pokemonshowdown.com/js/lib/preact.min.js"></script>

<script defer src="//play.pokemonshowdown.com/config/config.js?2bddbc15"></script>
<script defer src="//play.pokemonshowdown.com/js/lib/jquery-1.11.0.min.js"></script>
<script defer src="//play.pokemonshowdown.com/js/lib/html-sanitizer-minified.js"></script>
<script defer src="//play.pokemonshowdown.com/js/battle-sound.js"></script>
<script defer src="//play.pokemonshowdown.com/js/battledata.js?0.7209276989879541"></script>
<script defer src="//play.pokemonshowdown.com/data/pokedex-mini.js?0.6111056340867951"></script>
<script defer src="//play.pokemonshowdown.com/data/pokedex-mini-bw.js?0.3532142036491459"></script>
<script defer src="//play.pokemonshowdown.com/data/graphics.js?0.24223875632456182"></script>
<script defer src="//play.pokemonshowdown.com/data/pokedex.js?0.38839984266356864"></script>
<script defer src="//play.pokemonshowdown.com/data/moves.js?0.21866028504024015"></script>
<script defer src="//play.pokemonshowdown.com/data/abilities.js?0.2005157953846628"></script>
<script defer src="//play.pokemonshowdown.com/data/items.js?0.9894211263848525"></script>
<script defer src="//play.pokemonshowdown.com/data/teambuilder-tables.js?0.6008791140282215"></script>
<script defer src="//play.pokemonshowdown.com/js/battle-tooltips.js?0.7580118955022959"></script>
<script defer src="//play.pokemonshowdown.com/js/battle.js?0.6057722274234274"></script>

<script defer src="js/utils.js?e31f9a17"></script>
<script defer src="js/replays-battle.js?7008c182"></script>

<!-- don't scrape this data! just add .json or .log after the URL!
Full API docs: https://github.com/smogon/pokemon-showdown-client/blob/master/WEB-API.md -->
<script type="text/plain" class="log" id="replaylog-smogtours-gen3ou-797994">
|inactive|Battle timer is ON: inactive players will automatically lose when time's up.
|t:|1728822453
|gametype|singles
|player|p1|caraccident65278|whitney|
|player|p2|RetiredBohrier|2|
|teamsize|p1|6
|teamsize|p2|6
|gen|3
|tier|[Gen 3] OU
|rule|Sleep Clause Mod: Limit one foe put to sleep
|rule|Switch Priority Clause Mod: Faster Pokémon switch first
|rule|Species Clause: Limit one of each Pokémon
|rule|OHKO Clause: OHKO moves are banned
|rule|Evasion Items Clause: Evasion items are banned
|rule|Evasion Moves Clause: Evasion moves are banned
|rule|Endless Battle Clause: Forcing endless battles is banned
|rule|HP Percentage Mod: HP is shown in percentages
|rule|One Boost Passer Clause: Limit one Baton Passer that has a way to boost its stats
|rule|Freeze Clause Mod: Limit one foe frozen
|
|t:|1728822453
|start
|switch|p1a: Breloom|Breloom, M|100/100
|switch|p2a: Salamence|Salamence, M|100/100
|-ability|p2a: Salamence|Intimidate|boost
|-unboost|p1a: Breloom|atk|1
|turn|1
|
|t:|1728822468
|switch|p1a: Regice|Regice|100/100
|move|p2a: Salamence|Fire Blast|p1a: Regice
|-supereffective|p1a: Regice
|-damage|p1a: Regice|63/100
|
|-heal|p1a: Regice|69/100|[from] item: Leftovers
|upkeep
|turn|2
|
|t:|1728822476
|switch|p2a: Blissey|Blissey, F|100/100
|move|p1a: Regice|Thunder Wave|p2a: Blissey
|-status|p2a: Blissey|par
|
|-heal|p1a: Regice|75/100|[from] item: Leftovers
|upkeep
|turn|3
|
|t:|1728822482
|switch|p1a: Snorlax|Snorlax, F|100/100
|move|p2a: Blissey|Toxic|p1a: Snorlax
|-status|p1a: Snorlax|tox
|
|-damage|p1a: Snorlax|94/100 tox|[from] psn
|upkeep
|turn|4
|c|☆RetiredBohrier|I'm sorry whar
|c|☆RetiredBohrier|How is ur lax thick fat
|c|☆caraccident65278|ate too much
|
|t:|1728822504
|-curestatus|p2a: Blissey|par|[from] ability: Natural Cure
|switch|p2a: Skarmory|Skarmory, M|100/100
|move|p1a: Snorlax|Body Slam|p2a: Skarmory
|-resisted|p2a: Skarmory
|-damage|p2a: Skarmory|85/100
|
|-heal|p2a: Skarmory|91/100|[from] item: Leftovers
|-heal|p1a: Snorlax|100/100 tox|[from] item: Leftovers
|-damage|p1a: Snorlax|88/100 tox|[from] psn
|upkeep
|turn|5
|
|t:|1728822522
|switch|p1a: Breloom|Breloom, M|100/100
|move|p2a: Skarmory|Drill Peck|p1a: Breloom
|-supereffective|p1a: Breloom
|-damage|p1a: Breloom|0 fnt
|faint|p1a: Breloom
|
|t:|1728822532
|switch|p1a: Charizard|Charizard, F|100/100
|
|-heal|p2a: Skarmory|97/100|[from] item: Leftovers
|upkeep
|turn|6
|c|☆RetiredBohrier|He did eat too much yes
|
|t:|1728822540
|switch|p2a: Blissey|Blissey, F|100/100
|move|p1a: Charizard|Flamethrower|p2a: Blissey
|-damage|p2a: Blissey|84/100
|
|-heal|p2a: Blissey|90/100|[from] item: Leftovers
|upkeep
|turn|7
|
|t:|1728822548
|switch|p1a: Snorlax|Snorlax, F|88/100 tox
|move|p2a: Blissey|Thunderbolt|p1a: Snorlax
|-damage|p1a: Snorlax|74/100 tox
|
|-heal|p2a: Blissey|97/100|[from] item: Leftovers
|-heal|p1a: Snorlax|80/100 tox|[from] item: Leftovers
|-damage|p1a: Snorlax|74/100 tox|[from] psn
|upkeep
|turn|8
|
|t:|1728822558
|switch|p2a: Skarmory|Skarmory, M|97/100
|move|p1a: Snorlax|Body Slam|p2a: Skarmory
|-resisted|p2a: Skarmory
|-damage|p2a: Skarmory|80/100
|-status|p2a: Skarmory|par
|
|-heal|p1a: Snorlax|80/100 tox|[from] item: Leftovers
|-damage|p1a: Snorlax|67/100 tox|[from] psn
|-heal|p2a: Skarmory|86/100 par|[from] item: Leftovers
|upkeep
|turn|9
|
|t:|1728822566
|switch|p1a: Charizard|Charizard, F|100/100
|cant|p2a: Skarmory|par
|
|-heal|p2a: Skarmory|92/100 par|[from] item: Leftovers
|upkeep
|turn|10
|
|t:|1728822571
|switch|p2a: Salamence|Salamence, M|100/100
|-ability|p2a: Salamence|Intimidate|boost
|-unboost|p1a: Charizard|atk|1
|move|p1a: Charizard|Substitute|p1a: Charizard
|-start|p1a: Charizard|Substitute
|-damage|p1a: Charizard|75/100
|
|upkeep
|turn|11
|
|t:|1728822574
|move|p2a: Salamence|Rock Slide|p1a: Charizard
|-supereffective|p1a: Charizard
|-end|p1a: Charizard|Substitute
|move|p1a: Charizard|Belly Drum|p1a: Charizard
|-damage|p1a: Charizard|25/100
|-setboost|p1a: Charizard|atk|6|[from] move: Belly Drum
|
|-enditem|p1a: Charizard|Salac Berry|[eat]
|-boost|p1a: Charizard|spe|1|[from] item: Salac Berry
|upkeep
|turn|12
|
|t:|1728822577
|move|p1a: Charizard|Hidden Power|p2a: Salamence
|-damage|p2a: Salamence|0 fnt
|faint|p2a: Salamence
|
|t:|1728822586
|switch|p2a: Suicune|Suicune|100/100
|
|upkeep
|turn|13
|
|t:|1728822597
|move|p1a: Charizard|Hidden Power|p2a: Suicune
|-damage|p2a: Suicune|29/100
|move|p2a: Suicune|Surf|p1a: Charizard
|-supereffective|p1a: Charizard
|-damage|p1a: Charizard|0 fnt
|faint|p1a: Charizard
|
|t:|1728822609
|switch|p1a: Snorlax|Snorlax, F|67/100 tox
|
|-heal|p2a: Suicune|35/100|[from] item: Leftovers
|-heal|p1a: Snorlax|74/100 tox|[from] item: Leftovers
|-damage|p1a: Snorlax|67/100 tox|[from] psn
|upkeep
|turn|14
|
|t:|1728822622
|switch|p2a: Skarmory|Skarmory, M|92/100 par
|switch|p1a: Kingdra|Kingdra, F|100/100
|
|-heal|p2a: Skarmory|98/100 par|[from] item: Leftovers
|upkeep
|turn|15
|
|t:|1728822627
|move|p1a: Kingdra|Rain Dance|p1a: Kingdra
|-weather|RainDance
|move|p2a: Skarmory|Roar|p1a: Kingdra
|drag|p1a: Snorlax|Snorlax, F|67/100 tox
|
|-weather|RainDance|[upkeep]
|-heal|p1a: Snorlax|74/100 tox|[from] item: Leftovers
|-damage|p1a: Snorlax|67/100 tox|[from] psn
|-heal|p2a: Skarmory|100/100 par|[from] item: Leftovers
|upkeep
|turn|16
|
|t:|1728822633
|switch|p1a: Regice|Regice|75/100
|cant|p2a: Skarmory|par
|
|-weather|RainDance|[upkeep]
|-heal|p1a: Regice|81/100|[from] item: Leftovers
|upkeep
|turn|17
|
|t:|1728822643
|move|p1a: Regice|Thunderbolt|p2a: Skarmory
|-supereffective|p2a: Skarmory
|-damage|p2a: Skarmory|46/100 par
|move|p2a: Skarmory|Spikes|p1a: Regice
|-sidestart|p1: caraccident65278|Spikes
|
|-weather|RainDance|[upkeep]
|-heal|p1a: Regice|87/100|[from] item: Leftovers
|-heal|p2a: Skarmory|52/100 par|[from] item: Leftovers
|upkeep
|turn|18
|
|t:|1728822650
|switch|p2a: Blissey|Blissey, F|97/100
|move|p1a: Regice|Thunderbolt|p2a: Blissey
|-damage|p2a: Blissey|85/100
|
|-weather|RainDance|[upkeep]
|-heal|p2a: Blissey|91/100|[from] item: Leftovers
|-heal|p1a: Regice|93/100|[from] item: Leftovers
|upkeep
|turn|19
|
|t:|1728822663
|switch|p1a: Skarmory|Skarmory, F|100/100
|move|p2a: Blissey|Toxic|p1a: Skarmory
|-immune|p1a: Skarmory
|
|-weather|none
|-heal|p2a: Blissey|97/100|[from] item: Leftovers
|upkeep
|turn|20
|
|t:|1728822668
|move|p1a: Skarmory|Spikes|p2a: Blissey
|-sidestart|p2: RetiredBohrier|Spikes
|move|p2a: Blissey|Thunderbolt|p1a: Skarmory
|-supereffective|p1a: Skarmory
|-damage|p1a: Skarmory|52/100
|
|-heal|p1a: Skarmory|58/100|[from] item: Leftovers
|-heal|p2a: Blissey|100/100|[from] item: Leftovers
|upkeep
|turn|21
|
|t:|1728822674
|switch|p2a: Suicune|Suicune|35/100
|-damage|p2a: Suicune|23/100|[from] Spikes
|move|p1a: Skarmory|Protect||[still]
|-fail|p1a: Skarmory
|
|-heal|p2a: Suicune|29/100|[from] item: Leftovers
|-heal|p1a: Skarmory|64/100|[from] item: Leftovers
|upkeep
|turn|22
|
|t:|1728822679
|move|p2a: Suicune|Rest|p2a: Suicune
|-status|p2a: Suicune|slp|[from] move: Rest
|-heal|p2a: Suicune|100/100 slp|[silent]
|move|p1a: Skarmory|Drill Peck|p2a: Suicune
|-damage|p2a: Suicune|86/100 slp
|
|-heal|p2a: Suicune|93/100 slp|[from] item: Leftovers
|-heal|p1a: Skarmory|70/100|[from] item: Leftovers
|upkeep
|turn|23
|
|t:|1728822686
|switch|p1a: Regice|Regice|93/100
|-damage|p1a: Regice|80/100|[from] Spikes
|cant|p2a: Suicune|slp
|
|-heal|p2a: Suicune|99/100 slp|[from] item: Leftovers
|-heal|p1a: Regice|86/100|[from] item: Leftovers
|upkeep
|turn|24
|
|t:|1728822691
|switch|p2a: Blissey|Blissey, F|100/100
|-damage|p2a: Blissey|88/100|[from] Spikes
|move|p1a: Regice|Thunderbolt|p2a: Blissey
|-damage|p2a: Blissey|77/100
|
|-heal|p2a: Blissey|83/100|[from] item: Leftovers
|-heal|p1a: Regice|93/100|[from] item: Leftovers
|upkeep
|turn|25
|
|t:|1728822699
|move|p2a: Blissey|Thunderbolt|p1a: Regice
|-damage|p1a: Regice|79/100
|move|p1a: Regice|Ice Beam|p2a: Blissey
|-damage|p2a: Blissey|66/100
|
|-heal|p2a: Blissey|72/100|[from] item: Leftovers
|-heal|p1a: Regice|85/100|[from] item: Leftovers
|upkeep
|turn|26
|
|t:|1728822706
|switch|p1a: Snorlax|Snorlax, F|67/100 tox
|-damage|p1a: Snorlax|55/100 tox|[from] Spikes
|move|p2a: Blissey|Toxic|p1a: Snorlax
|-fail|p1a: Snorlax|tox
|
|-heal|p2a: Blissey|79/100|[from] item: Leftovers
|-heal|p1a: Snorlax|61/100 tox|[from] item: Leftovers
|-damage|p1a: Snorlax|55/100 tox|[from] psn
|upkeep
|turn|27
|
|t:|1728822709
|switch|p2a: Skarmory|Skarmory, M|52/100 par
|move|p1a: Snorlax|Self-Destruct|p2a: Skarmory
|-resisted|p2a: Skarmory
|-damage|p2a: Skarmory|0 fnt
|faint|p1a: Snorlax
|faint|p2a: Skarmory
|
|t:|1728822720
|switch|p2a: Blissey|Blissey, F|79/100
|switch|p1a: Regice|Regice|85/100
|-damage|p2a: Blissey|66/100|[from] Spikes
|-damage|p1a: Regice|72/100|[from] Spikes
|
|-heal|p2a: Blissey|72/100|[from] item: Leftovers
|-heal|p1a: Regice|79/100|[from] item: Leftovers
|upkeep
|turn|28
|
|t:|1728822724
|move|p2a: Blissey|Toxic|p1a: Regice|[miss]
|-miss|p2a: Blissey|p1a: Regice
|move|p1a: Regice|Thunder Wave|p2a: Blissey
|-status|p2a: Blissey|par
|
|-heal|p1a: Regice|85/100|[from] item: Leftovers
|-heal|p2a: Blissey|78/100 par|[from] item: Leftovers
|upkeep
|turn|29
|
|t:|1728822727
|switch|p1a: Skarmory|Skarmory, F|70/100
|cant|p2a: Blissey|par
|
|-heal|p1a: Skarmory|76/100|[from] item: Leftovers
|-heal|p2a: Blissey|85/100 par|[from] item: Leftovers
|upkeep
|turn|30
|
|t:|1728822730
|-curestatus|p2a: Blissey|par|[from] ability: Natural Cure
|switch|p2a: Claydol|Claydol|100/100
|move|p1a: Skarmory|Protect||[still]
|-fail|p1a: Skarmory
|
|-heal|p1a: Skarmory|82/100|[from] item: Leftovers
|upkeep
|turn|31
|
|t:|1728822740
|switch|p2a: Blissey|Blissey, F|85/100
|-damage|p2a: Blissey|72/100|[from] Spikes
|switch|p1a: Kingdra|Kingdra, F|100/100
|-damage|p1a: Kingdra|88/100|[from] Spikes
|
|-heal|p2a: Blissey|78/100|[from] item: Leftovers
|upkeep
|turn|32
|
|t:|1728822746
|move|p1a: Kingdra|Rain Dance|p1a: Kingdra
|-weather|RainDance
|move|p2a: Blissey|Thunderbolt|p1a: Kingdra
|-damage|p1a: Kingdra|58/100
|
|-weather|RainDance|[upkeep]
|-heal|p2a: Blissey|84/100|[from] item: Leftovers
|upkeep
|turn|33
|
|t:|1728822748
|move|p1a: Kingdra|Surf|p2a: Blissey
|-damage|p2a: Blissey|59/100
|move|p2a: Blissey|Thunderbolt|p1a: Kingdra
|-damage|p1a: Kingdra|29/100
|-status|p1a: Kingdra|par
|-enditem|p1a: Kingdra|Lum Berry|[eat]
|-curestatus|p1a: Kingdra|par|[msg]
|
|-weather|RainDance|[upkeep]
|-heal|p2a: Blissey|65/100|[from] item: Leftovers
|upkeep
|turn|34
|
|t:|1728822754
|switch|p1a: Regice|Regice|85/100
|-damage|p1a: Regice|72/100|[from] Spikes
|move|p2a: Blissey|Thunderbolt|p1a: Regice
|-damage|p1a: Regice|60/100
|-status|p1a: Regice|par
|
|-weather|RainDance|[upkeep]
|-heal|p2a: Blissey|71/100|[from] item: Leftovers
|-heal|p1a: Regice|66/100 par|[from] item: Leftovers
|upkeep
|turn|35
|
|t:|1728822761
|switch|p2a: Metagross|Metagross|100/100
|-damage|p2a: Metagross|88/100|[from] Spikes
|move|p1a: Regice|Explosion|p2a: Metagross
|-resisted|p2a: Metagross
|-damage|p2a: Metagross|61/100
|faint|p1a: Regice
|
|t:|1728822768
|switch|p1a: Kingdra|Kingdra, F|29/100
|-damage|p1a: Kingdra|17/100|[from] Spikes
|
|-weather|RainDance|[upkeep]
|-heal|p2a: Metagross|67/100|[from] item: Leftovers
|upkeep
|turn|36
|
|t:|1728822774
|move|p2a: Metagross|Protect|p2a: Metagross
|-singleturn|p2a: Metagross|Protect
|move|p1a: Kingdra|Surf|p2a: Metagross
|-activate|p2a: Metagross|Protect
|
|-weather|none
|-heal|p2a: Metagross|73/100|[from] item: Leftovers
|upkeep
|turn|37
|
|t:|1728822778
|move|p1a: Kingdra|Surf|p2a: Metagross
|-damage|p2a: Metagross|29/100
|move|p2a: Metagross|Earthquake|p1a: Kingdra
|-damage|p1a: Kingdra|0 fnt
|faint|p1a: Kingdra
|
|t:|1728822780
|switch|p1a: Skarmory|Skarmory, F|82/100
|
|-heal|p1a: Skarmory|88/100|[from] item: Leftovers
|-heal|p2a: Metagross|35/100|[from] item: Leftovers
|upkeep
|turn|38
|
|t:|1728822785
|move|p1a: Skarmory|Drill Peck|p2a: Metagross
|-resisted|p2a: Metagross
|-damage|p2a: Metagross|27/100
|move|p2a: Metagross|Meteor Mash|p1a: Skarmory
|-resisted|p1a: Skarmory
|-damage|p1a: Skarmory|65/100
|
|-heal|p1a: Skarmory|71/100|[from] item: Leftovers
|-heal|p2a: Metagross|33/100|[from] item: Leftovers
|upkeep
|turn|39
|
|t:|1728822789
|move|p1a: Skarmory|Drill Peck|p2a: Metagross
|-resisted|p2a: Metagross
|-damage|p2a: Metagross|24/100
|move|p2a: Metagross|Meteor Mash|p1a: Skarmory|[miss]
|-miss|p2a: Metagross|p1a: Skarmory
|
|-heal|p1a: Skarmory|77/100|[from] item: Leftovers
|-heal|p2a: Metagross|31/100|[from] item: Leftovers
|upkeep
|turn|40
|
|t:|1728822792
|move|p1a: Skarmory|Drill Peck|p2a: Metagross
|-resisted|p2a: Metagross
|-damage|p2a: Metagross|22/100
|move|p2a: Metagross|Meteor Mash|p1a: Skarmory
|-resisted|p1a: Skarmory
|-damage|p1a: Skarmory|56/100
|
|-heal|p1a: Skarmory|62/100|[from] item: Leftovers
|-heal|p2a: Metagross|28/100|[from] item: Leftovers
|upkeep
|turn|41
|
|t:|1728822800
|move|p1a: Skarmory|Drill Peck|p2a: Metagross
|-resisted|p2a: Metagross
|-damage|p2a: Metagross|21/100
|move|p2a: Metagross|Meteor Mash|p1a: Skarmory
|-resisted|p1a: Skarmory
|-damage|p1a: Skarmory|40/100
|
|-heal|p1a: Skarmory|46/100|[from] item: Leftovers
|-heal|p2a: Metagross|27/100|[from] item: Leftovers
|upkeep
|turn|42
|
|t:|1728822803
|move|p1a: Skarmory|Drill Peck|p2a: Metagross
|-resisted|p2a: Metagross
|-damage|p2a: Metagross|18/100
|move|p2a: Metagross|Meteor Mash|p1a: Skarmory
|-resisted|p1a: Skarmory
|-damage|p1a: Skarmory|23/100
|
|-heal|p1a: Skarmory|29/100|[from] item: Leftovers
|-heal|p2a: Metagross|24/100|[from] item: Leftovers
|upkeep
|turn|43
|
|t:|1728822806
|move|p1a: Skarmory|Drill Peck|p2a: Metagross
|-resisted|p2a: Metagross
|-damage|p2a: Metagross|17/100
|move|p2a: Metagross|Explosion|p1a: Skarmory
|-resisted|p1a: Skarmory
|-damage|p1a: Skarmory|0 fnt
|faint|p2a: Metagross
|faint|p1a: Skarmory
|
|win|RetiredBohrier
|player|p1|

</script>
<script type="application/json" class="data" id="replaydata-smogtours-gen3ou-797994">
{"id":"smogtours-gen3ou-797994","format":"[Gen 3] OU","players":["caraccident65278","RetiredBohrier"],"uploadtime":1728822806,"views":88,"formatid":"gen3ou","rating":null,"private":0,"password":null}
</script>

<script defer src="js/replays.js?9d40a366"></script>
