<!DOCTYPE html>
<meta charset="utf-8" />
<meta name="viewport" content="width=device-width" />

<title>[Gen 3] OU: Churielix vs. socalson - Replays - Pok&eacute;mon Showdown!</title>

<meta name="description" content="Watch a replay of a Pok&eacute;mon battle between Churielix and socalson! Format: [Gen 3] OU; Date: Oct 19, 2024" />
<!--

Hey, you! Looking in the source for the replay log?

You can find them in JSON format, just add `.json` at the end of a replay URL.

https://replay.pokemonshowdown.com/gen7randomdoublesbattle-865046831.json

Or, if you only need the log itself, add `.log` instead:

https://replay.pokemonshowdown.com/gen7randomdoublesbattle-865046831.log

-->

<link rel="stylesheet" href="//pokemonshowdown.com/style/global.css?0.023195364461161105" />
<link rel="stylesheet" href="//play.pokemonshowdown.com/style/font-awesome.css?0.13261647063804238" />
<link rel="stylesheet" href="//play.pokemonshowdown.com/style/battle.css?0.8753245789963631" />
<link rel="stylesheet" href="//play.pokemonshowdown.com/style/utilichart.css?0.8627959624976733" />

<!-- Global site tag (gtag.js) - Google Analytics -->
<script async src="https://www.googletagmanager.com/gtag/js?id=UA-26211653-1"></script>
<script>
  window.dataLayer = window.dataLayer || [];
  function gtag(){dataLayer.push(arguments);}
  gtag('js', new Date());

  gtag('config', 'UA-26211653-1');
</script>
<!-- End Google Analytics -->
<!-- Venatus Ad Manager - Install in <HEAD> of page -->
	<script src="https://hb.vntsm.com/v3/live/ad-manager.min.js" type="text/javascript" data-site-id="642aba63ec9a7b11c3c9c1be" data-mode="scan" async></script>
<!-- / Venatus Ad Manager -->

<style>
	@media (max-width:820px) {
		.battle {
			margin: 0 auto;
		}
		.battle-log {
			margin: 7px auto 0;
			max-width: 640px;
			height: 300px;
			position: static;
		}
	}
	.optgroup {
		display: inline-block;
		line-height: 22px;
		font-size: 10pt;
	}
	.optgroup .button {
		height: 25px;
		padding-top: 0;
		padding-bottom: 0;
	}
	.optgroup button.button {
		padding-left: 12px;
		padding-right: 12px;
	}
	.linklist {
		list-style: none;
		margin: 0.5em 0;
		padding: 0;
	}
	.linklist li {
		padding: 2px 0;
	}
	.sidebar {
		float: left;
		width: 320px;
	}
	.bar-wrapper {
		max-width: 1100px;
		margin: 0 auto;
	}
	.bar-wrapper.has-sidebar {
		max-width: 1430px;
	}
	.mainbar {
		margin: 0;
		padding-right: 1px;
	}
	.mainbar.has-sidebar {
		margin-left: 330px;
	}
	@media (min-width: 1511px) {
		.sidebar {
			width: 400px;
		}
		.bar-wrapper.has-sidebar {
			max-width: 1510px;
		}
		.mainbar.has-sidebar {
			margin-left: 410px;
		}
	}
	.section.first-section {
		margin-top: 9px;
	}
	.blocklink small {
		white-space: normal;
	}
	.button {
		vertical-align: middle;
	}
	.replay-controls {
		padding-top: 10px;
	}
	.replay-controls h1 {
		font-size: 16pt;
		font-weight: normal;
		color: #CCC;
	}
	.pagelink {
		text-align: center;
	}
	.pagelink a {
		width: 150px;
	}
	.textbox, .button {
		font-size: 11pt;
		vertical-align: middle;
	}
	@media (max-width: 450px) {
		.button {
			font-size: 9pt;
		}
	}
</style>

<div>

	<header>
		<div class="nav-wrapper"><ul class="nav">
			<li><a class="button nav-first" href="//pokemonshowdown.com/"><img src="//pokemonshowdown.com/images/pokemonshowdownbeta.png" srcset="//pokemonshowdown.com/images/pokemonshowdownbeta.png 1x, //pokemonshowdown.com/images/pokemonshowdownbeta@2x.png 2x" alt="Pok&eacute;mon Showdown" width="146" height="44" /> Home</a></li>
			<li><a class="button" href="//pokemonshowdown.com/dex/">Pok&eacute;dex</a></li>
			<li><a class="button cur" href="/">Replays</a></li>
			<li><a class="button" href="//pokemonshowdown.com/ladder/">Ladder</a></li>
			<li><a class="button nav-last" href="//pokemonshowdown.com/forums/">Forum</a></li>
			<li><a class="button greenbutton nav-first nav-last" href="//play.pokemonshowdown.com/">Play</a></li>
		</ul></div>
	</header>

	<div class="main" id="main">

		<noscript><section class="section">You need to enable JavaScript to use this page; sorry!</section></noscript>

	</div>

</div>

<script defer nomodule src="//play.pokemonshowdown.com/js/lib/ps-polyfill.js"></script>
<script defer src="//play.pokemonshowdown.com/js/lib/preact.min.js"></script>

<script defer src="//play.pokemonshowdown.com/config/config.js?2bddbc15"></script>
<script defer src="//play.pokemonshowdown.com/js/lib/jquery-1.11.0.min.js"></script>
<script defer src="//play.pokemonshowdown.com/js/lib/html-sanitizer-minified.js"></script>
<script defer src="//play.pokemonshowdown.com/js/battle-sound.js"></script>
<script defer src="//play.pokemonshowdown.com/js/battledata.js?0.7209276989879541"></script>
<script defer src="//play.pokemonshowdown.com/data/pokedex-mini.js?0.6111056340867951"></script>
<script defer src="//play.pokemonshowdown.com/data/pokedex-mini-bw.js?0.3532142036491459"></script>
<script defer src="//play.pokemonshowdown.com/data/graphics.js?0.24223875632456182"></script>
<script defer src="//play.pokemonshowdown.com/data/pokedex.js?0.38839984266356864"></script>
<script defer src="//play.pokemonshowdown.com/data/moves.js?0.21866028504024015"></script>
<script defer src="//play.pokemonshowdown.com/data/abilities.js?0.2005157953846628"></script>
<script defer src="//play.pokemonshowdown.com/data/items.js?0.9894211263848525"></script>
<script defer src="//play.pokemonshowdown.com/data/teambuilder-tables.js?0.6008791140282215"></script>
<script defer src="//play.pokemonshowdown.com/js/battle-tooltips.js?0.7580118955022959"></script>
<script defer src="//play.pokemonshowdown.com/js/battle.js?0.6057722274234274"></script>

<script defer src="js/utils.js?e31f9a17"></script>
<script defer src="js/replays-battle.js?7008c182"></script>

<!-- don't scrape this data! just add .json or .log after the URL!
Full API docs: https://github.com/smogon/pokemon-showdown-client/blob/master/WEB-API.md -->
<script type="text/plain" class="log" id="replaylog-smogtours-gen3ou-800086">
|inactive|Battle timer is ON: inactive players will automatically lose when time's up.
|t:|1729369090
|gametype|singles
|player|p1|Churielix|blackbelt|
|player|p2|socalson|skyla|
|teamsize|p1|6
|teamsize|p2|6
|gen|3
|tier|[Gen 3] OU
|rule|Sleep Clause Mod: Limit one foe put to sleep
|rule|Switch Priority Clause Mod: Faster Pokémon switch first
|rule|Species Clause: Limit one of each Pokémon
|rule|OHKO Clause: OHKO moves are banned
|rule|Evasion Items Clause: Evasion items are banned
|rule|Evasion Moves Clause: Evasion moves are banned
|rule|Endless Battle Clause: Forcing endless battles is banned
|rule|HP Percentage Mod: HP is shown in percentages
|rule|One Boost Passer Clause: Limit one Baton Passer that has a way to boost its stats
|rule|Freeze Clause Mod: Limit one foe frozen
|
|t:|1729369090
|start
|switch|p1a: Tyranitar|Tyranitar, M|100/100
|switch|p2a: Lunk|Tyranitar, F|100/100
|-weather|Sandstorm|[from] ability: Sand Stream|[of] p2a: Lunk
|turn|1
|
|t:|1729369102
|switch|p1a: Skarmory|Skarmory, F|100/100
|move|p2a: Lunk|Brick Break|p1a: Skarmory
|-damage|p1a: Skarmory|83/100
|
|-weather|Sandstorm|[upkeep]
|-heal|p1a: Skarmory|89/100|[from] item: Leftovers
|upkeep
|turn|2
|
|t:|1729369108
|move|p2a: Lunk|Fire Blast|p1a: Skarmory|[miss]
|-miss|p2a: Lunk|p1a: Skarmory
|move|p1a: Skarmory|Spikes|p2a: Lunk
|-sidestart|p2: socalson|Spikes
|
|-weather|Sandstorm|[upkeep]
|-heal|p1a: Skarmory|95/100|[from] item: Leftovers
|upkeep
|turn|3
|
|t:|1729369113
|move|p2a: Lunk|Fire Blast|p1a: Skarmory|[miss]
|-miss|p2a: Lunk|p1a: Skarmory
|move|p1a: Skarmory|Toxic|p2a: Lunk
|-status|p2a: Lunk|tox
|-enditem|p2a: Lunk|Lum Berry|[eat]
|-curestatus|p2a: Lunk|tox|[msg]
|
|-weather|Sandstorm|[upkeep]
|-heal|p1a: Skarmory|100/100|[from] item: Leftovers
|upkeep
|turn|4
|
|t:|1729369118
|move|p2a: Lunk|Fire Blast|p1a: Skarmory
|-supereffective|p1a: Skarmory
|-damage|p1a: Skarmory|29/100
|move|p1a: Skarmory|Toxic|p2a: Lunk
|-status|p2a: Lunk|tox
|
|-weather|Sandstorm|[upkeep]
|-damage|p2a: Lunk|94/100 tox|[from] psn
|-heal|p1a: Skarmory|35/100|[from] item: Leftovers
|upkeep
|turn|5
|
|t:|1729369127
|switch|p2a: Gengar|Gengar, M|100/100
|switch|p1a: Swampert|Swampert, M|100/100
|
|-weather|Sandstorm|[upkeep]
|-damage|p2a: Gengar|94/100|[from] Sandstorm
|-heal|p2a: Gengar|100/100|[from] item: Leftovers
|upkeep
|turn|6
|
|t:|1729369132
|switch|p2a: Castle Wall|Skarmory, F|100/100
|switch|p1a: Regice|Regice|100/100
|
|-weather|Sandstorm|[upkeep]
|-damage|p1a: Regice|94/100|[from] Sandstorm
|-heal|p1a: Regice|100/100|[from] item: Leftovers
|upkeep
|turn|7
|
|t:|1729369141
|move|p2a: Castle Wall|Toxic|p1a: Regice|[miss]
|-miss|p2a: Castle Wall|p1a: Regice
|move|p1a: Regice|Thunder Wave|p2a: Castle Wall
|-status|p2a: Castle Wall|par
|
|-weather|Sandstorm|[upkeep]
|-damage|p1a: Regice|94/100|[from] Sandstorm
|-heal|p1a: Regice|100/100|[from] item: Leftovers
|upkeep
|turn|8
|
|t:|1729369151
|switch|p1a: Skarmory|Skarmory, F|35/100
|move|p2a: Castle Wall|Toxic|p1a: Skarmory
|-immune|p1a: Skarmory
|
|-weather|Sandstorm|[upkeep]
|-heal|p1a: Skarmory|41/100|[from] item: Leftovers
|upkeep
|turn|9
|
|t:|1729369155
|move|p1a: Skarmory|Spikes|p2a: Castle Wall
|-sidestart|p2: socalson|Spikes
|move|p2a: Castle Wall|Spikes|p1a: Skarmory
|-sidestart|p1: Churielix|Spikes
|
|-weather|Sandstorm|[upkeep]
|-heal|p1a: Skarmory|47/100|[from] item: Leftovers
|upkeep
|turn|10
|
|t:|1729369159
|move|p1a: Skarmory|Taunt|p2a: Castle Wall
|-start|p2a: Castle Wall|move: Taunt
|cant|p2a: Castle Wall|par
|
|-weather|Sandstorm|[upkeep]
|-heal|p1a: Skarmory|53/100|[from] item: Leftovers
|upkeep
|turn|11
|
|t:|1729369164
|switch|p2a: Charizard|Charizard, F|100/100
|move|p1a: Skarmory|Spikes|p2a: Charizard
|-sidestart|p2: socalson|Spikes
|
|-weather|Sandstorm|[upkeep]
|-damage|p2a: Charizard|94/100|[from] Sandstorm
|-heal|p2a: Charizard|100/100|[from] item: Leftovers
|-heal|p1a: Skarmory|59/100|[from] item: Leftovers
|upkeep
|turn|12
|
|t:|1729369169
|switch|p1a: Tyranitar|Tyranitar, M|100/100
|-damage|p1a: Tyranitar|88/100|[from] Spikes
|move|p2a: Charizard|Fire Blast|p1a: Tyranitar
|-resisted|p1a: Tyranitar
|-damage|p1a: Tyranitar|63/100
|-status|p1a: Tyranitar|brn
|
|-weather|Sandstorm|[upkeep]
|-damage|p2a: Charizard|94/100|[from] Sandstorm
|-heal|p2a: Charizard|100/100|[from] item: Leftovers
|-heal|p1a: Tyranitar|69/100 brn|[from] item: Leftovers
|-damage|p1a: Tyranitar|57/100 brn|[from] brn
|upkeep
|turn|13
|
|t:|1729369174
|switch|p2a: Castle Wall|Skarmory, F|100/100 par
|move|p1a: Tyranitar|Rock Slide|p2a: Castle Wall
|-damage|p2a: Castle Wall|87/100 par
|
|-weather|Sandstorm|[upkeep]
|-heal|p1a: Tyranitar|63/100 brn|[from] item: Leftovers
|-damage|p1a: Tyranitar|51/100 brn|[from] brn
|-heal|p2a: Castle Wall|93/100 par|[from] item: Leftovers
|upkeep
|turn|14
|
|t:|1729369179
|move|p1a: Tyranitar|Flamethrower|p2a: Castle Wall
|-supereffective|p2a: Castle Wall
|-damage|p2a: Castle Wall|42/100 par
|move|p2a: Castle Wall|Spikes|p1a: Tyranitar
|-sidestart|p1: Churielix|Spikes
|
|-weather|Sandstorm|[upkeep]
|-heal|p1a: Tyranitar|57/100 brn|[from] item: Leftovers
|-damage|p1a: Tyranitar|44/100 brn|[from] brn
|-heal|p2a: Castle Wall|48/100 par|[from] item: Leftovers
|upkeep
|turn|15
|
|t:|1729369185
|move|p2a: Castle Wall|Protect|p2a: Castle Wall
|-singleturn|p2a: Castle Wall|Protect
|move|p1a: Tyranitar|Flamethrower|p2a: Castle Wall
|-activate|p2a: Castle Wall|Protect
|
|-weather|Sandstorm|[upkeep]
|-heal|p1a: Tyranitar|51/100 brn|[from] item: Leftovers
|-damage|p1a: Tyranitar|38/100 brn|[from] brn
|-heal|p2a: Castle Wall|54/100 par|[from] item: Leftovers
|upkeep
|turn|16
|
|t:|1729369191
|move|p1a: Tyranitar|Thunder Wave|p2a: Castle Wall
|-fail|p2a: Castle Wall|par
|cant|p2a: Castle Wall|par
|
|-weather|Sandstorm|[upkeep]
|-heal|p1a: Tyranitar|44/100 brn|[from] item: Leftovers
|-damage|p1a: Tyranitar|32/100 brn|[from] brn
|-heal|p2a: Castle Wall|60/100 par|[from] item: Leftovers
|upkeep
|turn|17
|
|t:|1729369197
|move|p2a: Castle Wall|Protect|p2a: Castle Wall
|-singleturn|p2a: Castle Wall|Protect
|move|p1a: Tyranitar|Flamethrower|p2a: Castle Wall
|-activate|p2a: Castle Wall|Protect
|
|-weather|Sandstorm|[upkeep]
|-heal|p1a: Tyranitar|38/100 brn|[from] item: Leftovers
|-damage|p1a: Tyranitar|26/100 brn|[from] brn
|-heal|p2a: Castle Wall|66/100 par|[from] item: Leftovers
|upkeep
|turn|18
|
|t:|1729369200
|move|p1a: Tyranitar|Flamethrower|p2a: Castle Wall
|-supereffective|p2a: Castle Wall
|-damage|p2a: Castle Wall|18/100 par
|move|p2a: Castle Wall|Spikes|p1a: Tyranitar
|-sidestart|p1: Churielix|Spikes
|
|-weather|Sandstorm|[upkeep]
|-heal|p1a: Tyranitar|32/100 brn|[from] item: Leftovers
|-damage|p1a: Tyranitar|19/100 brn|[from] brn
|-heal|p2a: Castle Wall|24/100 par|[from] item: Leftovers
|upkeep
|turn|19
|
|t:|1729369207
|cant|p2a: Castle Wall|par
|move|p1a: Tyranitar|Rock Slide|p2a: Castle Wall
|-damage|p2a: Castle Wall|10/100 par
|
|-weather|Sandstorm|[upkeep]
|-heal|p1a: Tyranitar|26/100 brn|[from] item: Leftovers
|-damage|p1a: Tyranitar|13/100 brn|[from] brn
|-heal|p2a: Castle Wall|16/100 par|[from] item: Leftovers
|upkeep
|turn|20
|
|t:|1729369211
|cant|p2a: Castle Wall|par
|move|p1a: Tyranitar|Flamethrower|p2a: Castle Wall
|-supereffective|p2a: Castle Wall
|-damage|p2a: Castle Wall|0 fnt
|faint|p2a: Castle Wall
|
|t:|1729369227
|switch|p2a: Gengar|Gengar, M|100/100
|
|-weather|Sandstorm|[upkeep]
|-damage|p2a: Gengar|94/100|[from] Sandstorm
|-heal|p2a: Gengar|100/100|[from] item: Leftovers
|-heal|p1a: Tyranitar|19/100 brn|[from] item: Leftovers
|-damage|p1a: Tyranitar|7/100 brn|[from] brn
|upkeep
|turn|21
|
|t:|1729369231
|move|p2a: Gengar|Ice Punch|p1a: Tyranitar
|-damage|p1a: Tyranitar|0 fnt
|faint|p1a: Tyranitar
|
|t:|1729369238
|switch|p1a: Regice|Regice|100/100
|-damage|p1a: Regice|75/100|[from] Spikes
|
|-weather|Sandstorm|[upkeep]
|-damage|p2a: Gengar|94/100|[from] Sandstorm
|-damage|p1a: Regice|69/100|[from] Sandstorm
|-heal|p2a: Gengar|100/100|[from] item: Leftovers
|-heal|p1a: Regice|75/100|[from] item: Leftovers
|upkeep
|turn|22
|
|t:|1729369247
|switch|p2a: Lunk|Tyranitar, F|94/100 tox
|-damage|p2a: Lunk|69/100 tox|[from] Spikes
|move|p1a: Regice|Ice Beam|p2a: Lunk
|-crit|p2a: Lunk
|-damage|p2a: Lunk|0 fnt
|faint|p2a: Lunk
|
|t:|1729369253
|switch|p2a: Dunk|Swampert, F|100/100
|-damage|p2a: Dunk|76/100|[from] Spikes
|
|-weather|Sandstorm|[upkeep]
|-damage|p1a: Regice|69/100|[from] Sandstorm
|-heal|p2a: Dunk|82/100|[from] item: Leftovers
|-heal|p1a: Regice|75/100|[from] item: Leftovers
|upkeep
|turn|23
|
|t:|1729369258
|switch|p1a: Skarmory|Skarmory, F|59/100
|move|p2a: Dunk|Earthquake|p1a: Skarmory
|-immune|p1a: Skarmory
|
|-weather|Sandstorm|[upkeep]
|-heal|p1a: Skarmory|65/100|[from] item: Leftovers
|-heal|p2a: Dunk|88/100|[from] item: Leftovers
|upkeep
|turn|24
|
|t:|1729369264
|switch|p2a: Gengar|Gengar, M|100/100
|move|p1a: Skarmory|Toxic|p2a: Gengar
|-immune|p2a: Gengar
|
|-weather|Sandstorm|[upkeep]
|-damage|p2a: Gengar|94/100|[from] Sandstorm
|-heal|p2a: Gengar|100/100|[from] item: Leftovers
|-heal|p1a: Skarmory|71/100|[from] item: Leftovers
|upkeep
|turn|25
|
|t:|1729369274
|switch|p1a: Regice|Regice|75/100
|-damage|p1a: Regice|50/100|[from] Spikes
|move|p2a: Gengar|Thunderbolt|p1a: Regice
|-damage|p1a: Regice|35/100
|
|-weather|Sandstorm|[upkeep]
|-damage|p2a: Gengar|94/100|[from] Sandstorm
|-damage|p1a: Regice|29/100|[from] Sandstorm
|-heal|p2a: Gengar|100/100|[from] item: Leftovers
|-heal|p1a: Regice|35/100|[from] item: Leftovers
|upkeep
|turn|26
|
|t:|1729369281
|switch|p2a: Egg|Blissey, F|100/100
|-damage|p2a: Egg|76/100|[from] Spikes
|move|p1a: Regice|Ice Beam|p2a: Egg
|-crit|p2a: Egg
|-damage|p2a: Egg|42/100
|
|-weather|Sandstorm|[upkeep]
|-damage|p2a: Egg|36/100|[from] Sandstorm
|-damage|p1a: Regice|29/100|[from] Sandstorm
|-heal|p2a: Egg|42/100|[from] item: Leftovers
|-heal|p1a: Regice|35/100|[from] item: Leftovers
|upkeep
|turn|27
|
|t:|1729369293
|switch|p2a: Gengar|Gengar, M|100/100
|switch|p1a: Swampert|Swampert, M|100/100
|-damage|p1a: Swampert|76/100|[from] Spikes
|
|-weather|Sandstorm|[upkeep]
|-damage|p2a: Gengar|94/100|[from] Sandstorm
|-heal|p2a: Gengar|100/100|[from] item: Leftovers
|upkeep
|turn|28
|
|t:|1729369305
|switch|p2a: Egg|Blissey, F|42/100
|-damage|p2a: Egg|17/100|[from] Spikes
|move|p1a: Swampert|Surf|p2a: Egg
|-damage|p2a: Egg|2/100
|
|-weather|Sandstorm|[upkeep]
|-damage|p2a: Egg|0 fnt|[from] Sandstorm
|faint|p2a: Egg
|upkeep
|
|t:|1729369310
|switch|p2a: Charizard|Charizard, F|100/100
|turn|29
|
|t:|1729369314
|switch|p1a: Regice|Regice|35/100
|-damage|p1a: Regice|10/100|[from] Spikes
|move|p2a: Charizard|Hidden Power|p1a: Regice
|-damage|p1a: Regice|0 fnt
|faint|p1a: Regice
|
|t:|1729369319
|switch|p1a: Starmie|Starmie|100/100
|-damage|p1a: Starmie|75/100|[from] Spikes
|
|-weather|Sandstorm|[upkeep]
|-damage|p2a: Charizard|94/100|[from] Sandstorm
|-damage|p1a: Starmie|69/100|[from] Sandstorm
|-heal|p2a: Charizard|100/100|[from] item: Leftovers
|-heal|p1a: Starmie|75/100|[from] item: Leftovers
|upkeep
|turn|30
|
|t:|1729369327
|switch|p2a: Dunk|Swampert, F|88/100
|-damage|p2a: Dunk|63/100|[from] Spikes
|move|p1a: Starmie|Surf|p2a: Dunk
|-damage|p2a: Dunk|31/100
|
|-weather|Sandstorm|[upkeep]
|-damage|p1a: Starmie|69/100|[from] Sandstorm
|-heal|p1a: Starmie|75/100|[from] item: Leftovers
|-heal|p2a: Dunk|37/100|[from] item: Leftovers
|upkeep
|turn|31
|
|t:|1729369333
|move|p2a: Dunk|Protect|p2a: Dunk
|-singleturn|p2a: Dunk|Protect
|move|p1a: Starmie|Rapid Spin|p2a: Dunk
|-activate|p2a: Dunk|Protect
|
|-weather|Sandstorm|[upkeep]
|-damage|p1a: Starmie|69/100|[from] Sandstorm
|-heal|p1a: Starmie|75/100|[from] item: Leftovers
|-heal|p2a: Dunk|43/100|[from] item: Leftovers
|upkeep
|turn|32
|
|t:|1729369340
|move|p1a: Starmie|Surf|p2a: Dunk
|-damage|p2a: Dunk|11/100
|move|p2a: Dunk|Earthquake|p1a: Starmie
|-damage|p1a: Starmie|33/100
|
|-weather|Sandstorm|[upkeep]
|-damage|p1a: Starmie|27/100|[from] Sandstorm
|-heal|p1a: Starmie|33/100|[from] item: Leftovers
|-heal|p2a: Dunk|17/100|[from] item: Leftovers
|upkeep
|turn|33
|
|t:|1729369344
|move|p2a: Dunk|Protect|p2a: Dunk
|-singleturn|p2a: Dunk|Protect
|move|p1a: Starmie|Recover|p1a: Starmie
|-heal|p1a: Starmie|83/100
|
|-weather|Sandstorm|[upkeep]
|-damage|p1a: Starmie|77/100|[from] Sandstorm
|-heal|p1a: Starmie|83/100|[from] item: Leftovers
|-heal|p2a: Dunk|23/100|[from] item: Leftovers
|upkeep
|turn|34
|
|t:|1729369351
|move|p1a: Starmie|Surf|p2a: Dunk
|-damage|p2a: Dunk|0 fnt
|faint|p2a: Dunk
|
|t:|1729369354
|switch|p2a: Gengar|Gengar, M|100/100
|
|-weather|Sandstorm|[upkeep]
|-damage|p2a: Gengar|94/100|[from] Sandstorm
|-damage|p1a: Starmie|77/100|[from] Sandstorm
|-heal|p2a: Gengar|100/100|[from] item: Leftovers
|-heal|p1a: Starmie|83/100|[from] item: Leftovers
|upkeep
|turn|35
|
|t:|1729369359
|switch|p1a: Skarmory|Skarmory, F|71/100
|move|p2a: Gengar|Thunderbolt|p1a: Skarmory
|-supereffective|p1a: Skarmory
|-damage|p1a: Skarmory|0 fnt
|faint|p1a: Skarmory
|
|t:|1729369364
|switch|p1a: Metagross|Metagross|100/100
|-damage|p1a: Metagross|76/100|[from] Spikes
|
|-weather|Sandstorm|[upkeep]
|-damage|p2a: Gengar|94/100|[from] Sandstorm
|-heal|p2a: Gengar|100/100|[from] item: Leftovers
|-heal|p1a: Metagross|82/100|[from] item: Leftovers
|upkeep
|turn|36
|
|t:|1729369368
|move|p2a: Gengar|Fire Punch|p1a: Metagross
|-supereffective|p1a: Metagross
|-damage|p1a: Metagross|24/100
|move|p1a: Metagross|Meteor Mash|p2a: Gengar
|-damage|p2a: Gengar|0 fnt
|-boost|p1a: Metagross|atk|1
|faint|p2a: Gengar
|
|t:|1729369371
|switch|p2a: Charizard|Charizard, F|100/100
|
|-weather|Sandstorm|[upkeep]
|-damage|p2a: Charizard|94/100|[from] Sandstorm
|-heal|p2a: Charizard|100/100|[from] item: Leftovers
|-heal|p1a: Metagross|30/100|[from] item: Leftovers
|upkeep
|turn|37
|
|t:|1729369376
|move|p2a: Charizard|Fire Blast|p1a: Metagross
|-supereffective|p1a: Metagross
|-damage|p1a: Metagross|0 fnt
|faint|p1a: Metagross
|
|t:|1729369378
|switch|p1a: Starmie|Starmie|83/100
|-damage|p1a: Starmie|58/100|[from] Spikes
|
|-weather|Sandstorm|[upkeep]
|-damage|p2a: Charizard|94/100|[from] Sandstorm
|-damage|p1a: Starmie|52/100|[from] Sandstorm
|-heal|p2a: Charizard|100/100|[from] item: Leftovers
|-heal|p1a: Starmie|58/100|[from] item: Leftovers
|upkeep
|turn|38
|
|t:|1729369380
|move|p2a: Charizard|Hidden Power|p1a: Starmie
|-supereffective|p1a: Starmie
|-damage|p1a: Starmie|6/100
|move|p1a: Starmie|Recover|p1a: Starmie
|-heal|p1a: Starmie|56/100
|
|-weather|Sandstorm|[upkeep]
|-damage|p2a: Charizard|94/100|[from] Sandstorm
|-damage|p1a: Starmie|50/100|[from] Sandstorm
|-heal|p2a: Charizard|100/100|[from] item: Leftovers
|-heal|p1a: Starmie|56/100|[from] item: Leftovers
|upkeep
|turn|39
|
|t:|1729369386
|move|p2a: Charizard|Hidden Power|p1a: Starmie
|-supereffective|p1a: Starmie
|-damage|p1a: Starmie|6/100
|move|p1a: Starmie|Recover|p1a: Starmie
|-heal|p1a: Starmie|56/100
|
|-weather|Sandstorm|[upkeep]
|-damage|p2a: Charizard|94/100|[from] Sandstorm
|-damage|p1a: Starmie|50/100|[from] Sandstorm
|-heal|p2a: Charizard|100/100|[from] item: Leftovers
|-heal|p1a: Starmie|56/100|[from] item: Leftovers
|upkeep
|turn|40
|
|t:|1729369391
|move|p2a: Charizard|Hidden Power|p1a: Starmie
|-supereffective|p1a: Starmie
|-damage|p1a: Starmie|7/100
|move|p1a: Starmie|Recover|p1a: Starmie
|-heal|p1a: Starmie|57/100
|
|-weather|Sandstorm|[upkeep]
|-damage|p2a: Charizard|94/100|[from] Sandstorm
|-damage|p1a: Starmie|51/100|[from] Sandstorm
|-heal|p2a: Charizard|100/100|[from] item: Leftovers
|-heal|p1a: Starmie|57/100|[from] item: Leftovers
|upkeep
|turn|41
|
|t:|1729369399
|move|p2a: Charizard|Hidden Power|p1a: Starmie
|-supereffective|p1a: Starmie
|-damage|p1a: Starmie|7/100
|move|p1a: Starmie|Surf|p2a: Charizard
|-supereffective|p2a: Charizard
|-damage|p2a: Charizard|0 fnt
|faint|p2a: Charizard
|
|win|Churielix
|c|☆Churielix|/log Churielix made the replay of this battle unlisted.
|c|☆Churielix|srry for this unfortunate game.

</script>
<script type="application/json" class="data" id="replaydata-smogtours-gen3ou-800086">
{"id":"smogtours-gen3ou-800086","format":"[Gen 3] OU","players":["Churielix","socalson"],"uploadtime":1729369399,"views":169,"formatid":"gen3ou","rating":null,"private":1,"password":null}
</script>

<script defer src="js/replays.js?9d40a366"></script>
