<!DOCTYPE html>
<meta charset="utf-8" />
<meta name="viewport" content="width=device-width" />

<title>[Gen 3] OU: JCEntrena vs. AnotherAshenSoul - Replays - Pok&eacute;mon Showdown!</title>

<meta name="description" content="Watch a replay of a Pok&eacute;mon battle between JCEntrena and AnotherAshenSoul! Format: [Gen 3] OU; Date: Oct 3, 2024" />
<!--

Hey, you! Looking in the source for the replay log?

You can find them in JSON format, just add `.json` at the end of a replay URL.

https://replay.pokemonshowdown.com/gen7randomdoublesbattle-865046831.json

Or, if you only need the log itself, add `.log` instead:

https://replay.pokemonshowdown.com/gen7randomdoublesbattle-865046831.log

-->

<link rel="stylesheet" href="//pokemonshowdown.com/style/global.css?0.023195364461161105" />
<link rel="stylesheet" href="//play.pokemonshowdown.com/style/font-awesome.css?0.13261647063804238" />
<link rel="stylesheet" href="//play.pokemonshowdown.com/style/battle.css?0.8753245789963631" />
<link rel="stylesheet" href="//play.pokemonshowdown.com/style/utilichart.css?0.8627959624976733" />

<!-- Global site tag (gtag.js) - Google Analytics -->
<script async src="https://www.googletagmanager.com/gtag/js?id=UA-26211653-1"></script>
<script>
  window.dataLayer = window.dataLayer || [];
  function gtag(){dataLayer.push(arguments);}
  gtag('js', new Date());

  gtag('config', 'UA-26211653-1');
</script>
<!-- End Google Analytics -->
<!-- Venatus Ad Manager - Install in <HEAD> of page -->
	<script src="https://hb.vntsm.com/v3/live/ad-manager.min.js" type="text/javascript" data-site-id="642aba63ec9a7b11c3c9c1be" data-mode="scan" async></script>
<!-- / Venatus Ad Manager -->

<style>
	@media (max-width:820px) {
		.battle {
			margin: 0 auto;
		}
		.battle-log {
			margin: 7px auto 0;
			max-width: 640px;
			height: 300px;
			position: static;
		}
	}
	.optgroup {
		display: inline-block;
		line-height: 22px;
		font-size: 10pt;
	}
	.optgroup .button {
		height: 25px;
		padding-top: 0;
		padding-bottom: 0;
	}
	.optgroup button.button {
		padding-left: 12px;
		padding-right: 12px;
	}
	.linklist {
		list-style: none;
		margin: 0.5em 0;
		padding: 0;
	}
	.linklist li {
		padding: 2px 0;
	}
	.sidebar {
		float: left;
		width: 320px;
	}
	.bar-wrapper {
		max-width: 1100px;
		margin: 0 auto;
	}
	.bar-wrapper.has-sidebar {
		max-width: 1430px;
	}
	.mainbar {
		margin: 0;
		padding-right: 1px;
	}
	.mainbar.has-sidebar {
		margin-left: 330px;
	}
	@media (min-width: 1511px) {
		.sidebar {
			width: 400px;
		}
		.bar-wrapper.has-sidebar {
			max-width: 1510px;
		}
		.mainbar.has-sidebar {
			margin-left: 410px;
		}
	}
	.section.first-section {
		margin-top: 9px;
	}
	.blocklink small {
		white-space: normal;
	}
	.button {
		vertical-align: middle;
	}
	.replay-controls {
		padding-top: 10px;
	}
	.replay-controls h1 {
		font-size: 16pt;
		font-weight: normal;
		color: #CCC;
	}
	.pagelink {
		text-align: center;
	}
	.pagelink a {
		width: 150px;
	}
	.textbox, .button {
		font-size: 11pt;
		vertical-align: middle;
	}
	@media (max-width: 450px) {
		.button {
			font-size: 9pt;
		}
	}
</style>

<div>

	<header>
		<div class="nav-wrapper"><ul class="nav">
			<li><a class="button nav-first" href="//pokemonshowdown.com/"><img src="//pokemonshowdown.com/images/pokemonshowdownbeta.png" srcset="//pokemonshowdown.com/images/pokemonshowdownbeta.png 1x, //pokemonshowdown.com/images/pokemonshowdownbeta@2x.png 2x" alt="Pok&eacute;mon Showdown" width="146" height="44" /> Home</a></li>
			<li><a class="button" href="//pokemonshowdown.com/dex/">Pok&eacute;dex</a></li>
			<li><a class="button cur" href="/">Replays</a></li>
			<li><a class="button" href="//pokemonshowdown.com/ladder/">Ladder</a></li>
			<li><a class="button nav-last" href="//pokemonshowdown.com/forums/">Forum</a></li>
			<li><a class="button greenbutton nav-first nav-last" href="//play.pokemonshowdown.com/">Play</a></li>
		</ul></div>
	</header>

	<div class="main" id="main">

		<noscript><section class="section">You need to enable JavaScript to use this page; sorry!</section></noscript>

	</div>

</div>

<script defer nomodule src="//play.pokemonshowdown.com/js/lib/ps-polyfill.js"></script>
<script defer src="//play.pokemonshowdown.com/js/lib/preact.min.js"></script>

<script defer src="//play.pokemonshowdown.com/config/config.js?2bddbc15"></script>
<script defer src="//play.pokemonshowdown.com/js/lib/jquery-1.11.0.min.js"></script>
<script defer src="//play.pokemonshowdown.com/js/lib/html-sanitizer-minified.js"></script>
<script defer src="//play.pokemonshowdown.com/js/battle-sound.js"></script>
<script defer src="//play.pokemonshowdown.com/js/battledata.js?0.7209276989879541"></script>
<script defer src="//play.pokemonshowdown.com/data/pokedex-mini.js?0.6111056340867951"></script>
<script defer src="//play.pokemonshowdown.com/data/pokedex-mini-bw.js?0.3532142036491459"></script>
<script defer src="//play.pokemonshowdown.com/data/graphics.js?0.24223875632456182"></script>
<script defer src="//play.pokemonshowdown.com/data/pokedex.js?0.38839984266356864"></script>
<script defer src="//play.pokemonshowdown.com/data/moves.js?0.21866028504024015"></script>
<script defer src="//play.pokemonshowdown.com/data/abilities.js?0.2005157953846628"></script>
<script defer src="//play.pokemonshowdown.com/data/items.js?0.9894211263848525"></script>
<script defer src="//play.pokemonshowdown.com/data/teambuilder-tables.js?0.6008791140282215"></script>
<script defer src="//play.pokemonshowdown.com/js/battle-tooltips.js?0.7580118955022959"></script>
<script defer src="//play.pokemonshowdown.com/js/battle.js?0.6057722274234274"></script>

<script defer src="js/utils.js?e31f9a17"></script>
<script defer src="js/replays-battle.js?7008c182"></script>

<!-- don't scrape this data! just add .json or .log after the URL!
Full API docs: https://github.com/smogon/pokemon-showdown-client/blob/master/WEB-API.md -->
<script type="text/plain" class="log" id="replaylog-smogtours-gen3ou-794353">
|inactive|Battle timer is ON: inactive players will automatically lose when time's up.
|t:|1727986147
|gametype|singles
|player|p1|JCEntrena|veteran|
|player|p2|AnotherAshenSoul|lady-gen4|
|teamsize|p1|6
|teamsize|p2|6
|gen|3
|tier|[Gen 3] OU
|rule|Sleep Clause Mod: Limit one foe put to sleep
|rule|Switch Priority Clause Mod: Faster Pokémon switch first
|rule|Species Clause: Limit one of each Pokémon
|rule|OHKO Clause: OHKO moves are banned
|rule|Evasion Items Clause: Evasion items are banned
|rule|Evasion Moves Clause: Evasion moves are banned
|rule|Endless Battle Clause: Forcing endless battles is banned
|rule|HP Percentage Mod: HP is shown in percentages
|rule|One Boost Passer Clause: Limit one Baton Passer that has a way to boost its stats
|rule|Freeze Clause Mod: Limit one foe frozen
|
|t:|1727986147
|start
|switch|p1a: Zapdos|Zapdos|100/100
|switch|p2a: 1337x|Tyranitar, F|100/100
|-weather|Sandstorm|[from] ability: Sand Stream|[of] p2a: 1337x
|turn|1
|c|☆JCEntrena|hf!
|c|☆AnotherAshenSoul|u2
|
|t:|1727986162
|switch|p1a: Swampert|Swampert, M|100/100
|move|p2a: 1337x|Dragon Dance|p2a: 1337x
|-boost|p2a: 1337x|atk|1
|-boost|p2a: 1337x|spe|1
|
|-weather|Sandstorm|[upkeep]
|upkeep
|turn|2
|
|t:|1727986177
|move|p2a: 1337x|Earthquake|p1a: Swampert
|-damage|p1a: Swampert|62/100
|move|p1a: Swampert|Hydro Pump|p2a: 1337x
|-supereffective|p2a: 1337x
|-damage|p2a: 1337x|25/100
|
|-weather|Sandstorm|[upkeep]
|-heal|p1a: Swampert|68/100|[from] item: Leftovers
|upkeep
|turn|3
|
|t:|1727986203
|switch|p2a: Limewire|Blissey, F|100/100
|move|p1a: Swampert|Ice Beam|p2a: Limewire
|-damage|p2a: Limewire|94/100
|
|-weather|Sandstorm|[upkeep]
|-damage|p2a: Limewire|87/100|[from] Sandstorm
|-heal|p1a: Swampert|75/100|[from] item: Leftovers
|-heal|p2a: Limewire|94/100|[from] item: Leftovers
|upkeep
|turn|4
|
|t:|1727986218
|switch|p1a: Skarmory|Skarmory, F|100/100
|switch|p2a: Kazaa|Zapdos|100/100
|
|-weather|Sandstorm|[upkeep]
|-damage|p2a: Kazaa|94/100|[from] Sandstorm
|-heal|p2a: Kazaa|100/100|[from] item: Leftovers
|upkeep
|turn|5
|
|t:|1727986229
|move|p2a: Kazaa|Toxic|p1a: Skarmory
|-immune|p1a: Skarmory
|move|p1a: Skarmory|Toxic|p2a: Kazaa
|-status|p2a: Kazaa|tox
|
|-weather|Sandstorm|[upkeep]
|-damage|p2a: Kazaa|94/100 tox|[from] Sandstorm
|-heal|p2a: Kazaa|100/100 tox|[from] item: Leftovers
|-damage|p2a: Kazaa|94/100 tox|[from] psn
|upkeep
|turn|6
|
|t:|1727986237
|move|p2a: Kazaa|Thunderbolt|p1a: Skarmory
|-supereffective|p1a: Skarmory
|-damage|p1a: Skarmory|22/100
|move|p1a: Skarmory|Spikes|p2a: Kazaa
|-sidestart|p2: AnotherAshenSoul|Spikes
|
|-weather|Sandstorm|[upkeep]
|-damage|p2a: Kazaa|88/100 tox|[from] Sandstorm
|-heal|p2a: Kazaa|94/100 tox|[from] item: Leftovers
|-damage|p2a: Kazaa|82/100 tox|[from] psn
|-heal|p1a: Skarmory|28/100|[from] item: Leftovers
|upkeep
|turn|7
|inactive|JCEntrena has 270 seconds left.
|
|t:|1727986265
|switch|p2a: Pirate Bay|Charizard, F|100/100
|move|p1a: Skarmory|Protect||[still]
|-fail|p1a: Skarmory
|
|-weather|Sandstorm|[upkeep]
|-damage|p2a: Pirate Bay|94/100|[from] Sandstorm
|-heal|p2a: Pirate Bay|100/100|[from] item: Leftovers
|-heal|p1a: Skarmory|34/100|[from] item: Leftovers
|upkeep
|turn|8
|inactive|JCEntrena has 270 seconds left.
|
|t:|1727986281
|move|p2a: Pirate Bay|Substitute|p2a: Pirate Bay
|-start|p2a: Pirate Bay|Substitute
|-damage|p2a: Pirate Bay|76/100
|move|p1a: Skarmory|Roar|p2a: Pirate Bay
|drag|p2a: 1337x|Tyranitar, F|25/100
|-damage|p2a: 1337x|12/100|[from] Spikes
|
|-weather|Sandstorm|[upkeep]
|-heal|p1a: Skarmory|40/100|[from] item: Leftovers
|upkeep
|turn|9
|inactive|JCEntrena has 270 seconds left.
|
|t:|1727986306
|switch|p1a: Swampert|Swampert, M|75/100
|move|p2a: 1337x|Rock Slide|p1a: Swampert
|-resisted|p1a: Swampert
|-damage|p1a: Swampert|62/100
|
|-weather|Sandstorm|[upkeep]
|-heal|p1a: Swampert|68/100|[from] item: Leftovers
|upkeep
|turn|10
|
|t:|1727986318
|move|p2a: 1337x|Earthquake|p1a: Swampert
|-damage|p1a: Swampert|45/100
|move|p1a: Swampert|Ice Beam|p2a: 1337x
|-damage|p2a: 1337x|0 fnt
|faint|p2a: 1337x
|
|t:|1727986329
|switch|p2a: Limewire|Blissey, F|94/100
|-damage|p2a: Limewire|81/100|[from] Spikes
|
|-weather|Sandstorm|[upkeep]
|-damage|p2a: Limewire|75/100|[from] Sandstorm
|-heal|p1a: Swampert|51/100|[from] item: Leftovers
|-heal|p2a: Limewire|81/100|[from] item: Leftovers
|upkeep
|turn|11
|
|t:|1727986337
|move|p1a: Swampert|Protect|p1a: Swampert
|-singleturn|p1a: Swampert|Protect
|move|p2a: Limewire|Aromatherapy|p2a: Limewire
|-cureteam|p2a: Limewire|[from] move: Aromatherapy
|
|-weather|Sandstorm|[upkeep]
|-damage|p2a: Limewire|75/100|[from] Sandstorm
|-heal|p1a: Swampert|57/100|[from] item: Leftovers
|-heal|p2a: Limewire|81/100|[from] item: Leftovers
|upkeep
|turn|12
|inactive|JCEntrena has 270 seconds left.
|
|t:|1727986349
|switch|p1a: Charizard|Charizard, F|100/100
|move|p2a: Limewire|Ice Beam|p1a: Charizard
|-damage|p1a: Charizard|75/100
|
|-weather|Sandstorm|[upkeep]
|-damage|p1a: Charizard|69/100|[from] Sandstorm
|-damage|p2a: Limewire|75/100|[from] Sandstorm
|-heal|p1a: Charizard|75/100|[from] item: Leftovers
|-heal|p2a: Limewire|81/100|[from] item: Leftovers
|upkeep
|turn|13
|inactive|JCEntrena has 270 seconds left.
|
|t:|1727986360
|move|p1a: Charizard|Substitute|p1a: Charizard
|-start|p1a: Charizard|Substitute
|-damage|p1a: Charizard|50/100
|move|p2a: Limewire|Thunder Wave||[still]
|-fail|p2a: Limewire
|
|-weather|Sandstorm|[upkeep]
|-damage|p1a: Charizard|44/100|[from] Sandstorm
|-damage|p2a: Limewire|75/100|[from] Sandstorm
|-heal|p1a: Charizard|50/100|[from] item: Leftovers
|-heal|p2a: Limewire|81/100|[from] item: Leftovers
|upkeep
|turn|14
|inactive|JCEntrena has 270 seconds left.
|
|t:|1727986367
|-singleturn|p1a: Charizard|move: Focus Punch
|switch|p2a: Pirate Bay|Charizard, F|76/100
|move|p1a: Charizard|Focus Punch|p2a: Pirate Bay
|-resisted|p2a: Pirate Bay
|-damage|p2a: Pirate Bay|54/100
|
|-weather|Sandstorm|[upkeep]
|-damage|p2a: Pirate Bay|48/100|[from] Sandstorm
|-damage|p1a: Charizard|44/100|[from] Sandstorm
|-heal|p2a: Pirate Bay|54/100|[from] item: Leftovers
|-heal|p1a: Charizard|50/100|[from] item: Leftovers
|upkeep
|turn|15
|inactive|JCEntrena has 270 seconds left.
|
|t:|1727986392
|-singleturn|p2a: Pirate Bay|move: Focus Punch
|move|p1a: Charizard|Fire Blast|p2a: Pirate Bay
|-resisted|p2a: Pirate Bay
|-damage|p2a: Pirate Bay|7/100
|move|p2a: Pirate Bay|Focus Punch||[still]
|cant|p2a: Pirate Bay|Focus Punch|Focus Punch
|
|-weather|Sandstorm|[upkeep]
|-damage|p2a: Pirate Bay|1/100|[from] Sandstorm
|-damage|p1a: Charizard|44/100|[from] Sandstorm
|-heal|p2a: Pirate Bay|7/100|[from] item: Leftovers
|-heal|p1a: Charizard|50/100|[from] item: Leftovers
|upkeep
|turn|16
|
|t:|1727986405
|move|p2a: Pirate Bay|Fire Blast|p1a: Charizard
|-resisted|p1a: Charizard
|-end|p1a: Charizard|Substitute
|move|p1a: Charizard|Hidden Power|p2a: Pirate Bay
|-damage|p2a: Pirate Bay|0 fnt
|faint|p2a: Pirate Bay
|
|t:|1727986412
|switch|p2a: Kazaa|Zapdos|82/100
|
|-weather|Sandstorm|[upkeep]
|-damage|p1a: Charizard|44/100|[from] Sandstorm
|-damage|p2a: Kazaa|76/100|[from] Sandstorm
|-heal|p1a: Charizard|50/100|[from] item: Leftovers
|-heal|p2a: Kazaa|82/100|[from] item: Leftovers
|upkeep
|turn|17
|inactive|JCEntrena has 270 seconds left.
|
|t:|1727986419
|switch|p1a: Swampert|Swampert, M|57/100
|move|p2a: Kazaa|Thunderbolt|p1a: Swampert
|-immune|p1a: Swampert
|
|-weather|Sandstorm|[upkeep]
|-damage|p2a: Kazaa|76/100|[from] Sandstorm
|-heal|p2a: Kazaa|82/100|[from] item: Leftovers
|-heal|p1a: Swampert|63/100|[from] item: Leftovers
|upkeep
|turn|18
|inactive|JCEntrena has 270 seconds left.
|
|t:|1727986435
|switch|p1a: Skarmory|Skarmory, F|40/100
|move|p2a: Kazaa|Toxic|p1a: Skarmory
|-immune|p1a: Skarmory
|
|-weather|Sandstorm|[upkeep]
|-damage|p2a: Kazaa|76/100|[from] Sandstorm
|-heal|p2a: Kazaa|82/100|[from] item: Leftovers
|-heal|p1a: Skarmory|46/100|[from] item: Leftovers
|upkeep
|turn|19
|inactive|JCEntrena has 270 seconds left.
|
|t:|1727986445
|move|p1a: Skarmory|Protect|p1a: Skarmory
|-singleturn|p1a: Skarmory|Protect
|move|p2a: Kazaa|Thunderbolt|p1a: Skarmory
|-activate|p1a: Skarmory|Protect
|
|-weather|Sandstorm|[upkeep]
|-damage|p2a: Kazaa|76/100|[from] Sandstorm
|-heal|p2a: Kazaa|82/100|[from] item: Leftovers
|-heal|p1a: Skarmory|52/100|[from] item: Leftovers
|upkeep
|turn|20
|inactive|JCEntrena has 270 seconds left.
|
|t:|1727986472
|switch|p1a: Tyranitar|Tyranitar, F|100/100
|move|p2a: Kazaa|Toxic|p1a: Tyranitar
|-status|p1a: Tyranitar|tox
|
|-weather|Sandstorm|[upkeep]
|-damage|p2a: Kazaa|76/100|[from] Sandstorm
|-heal|p2a: Kazaa|82/100|[from] item: Leftovers
|-damage|p1a: Tyranitar|94/100 tox|[from] psn
|upkeep
|turn|21
|
|t:|1727986480
|switch|p2a: Fitgirl Repacks|Swampert, F|100/100
|-damage|p2a: Fitgirl Repacks|88/100|[from] Spikes
|move|p1a: Tyranitar|Dragon Dance|p1a: Tyranitar
|-boost|p1a: Tyranitar|atk|1
|-boost|p1a: Tyranitar|spe|1
|
|-weather|Sandstorm|[upkeep]
|-heal|p1a: Tyranitar|100/100 tox|[from] item: Leftovers
|-damage|p1a: Tyranitar|88/100 tox|[from] psn
|-heal|p2a: Fitgirl Repacks|94/100|[from] item: Leftovers
|upkeep
|turn|22
|
|t:|1727986502
|switch|p1a: Swampert|Swampert, M|63/100
|move|p2a: Fitgirl Repacks|Hydro Pump|p1a: Swampert
|-crit|p1a: Swampert
|-damage|p1a: Swampert|0 fnt
|faint|p1a: Swampert
|
|t:|1727986508
|switch|p1a: Charizard|Charizard, F|50/100
|
|-weather|Sandstorm|[upkeep]
|-damage|p1a: Charizard|44/100|[from] Sandstorm
|-heal|p1a: Charizard|50/100|[from] item: Leftovers
|-heal|p2a: Fitgirl Repacks|100/100|[from] item: Leftovers
|upkeep
|turn|23
|
|t:|1727986513
|move|p1a: Charizard|Substitute|p1a: Charizard
|-start|p1a: Charizard|Substitute
|-damage|p1a: Charizard|25/100
|move|p2a: Fitgirl Repacks|Hydro Pump|p1a: Charizard
|-supereffective|p1a: Charizard
|-end|p1a: Charizard|Substitute
|
|-weather|Sandstorm|[upkeep]
|-damage|p1a: Charizard|19/100|[from] Sandstorm
|-heal|p1a: Charizard|25/100|[from] item: Leftovers
|upkeep
|turn|24
|
|t:|1727986533
|switch|p1a: Zapdos|Zapdos|100/100
|move|p2a: Fitgirl Repacks|Hydro Pump|p1a: Zapdos|[miss]
|-miss|p2a: Fitgirl Repacks|p1a: Zapdos
|
|-weather|Sandstorm|[upkeep]
|-damage|p1a: Zapdos|94/100|[from] Sandstorm
|-heal|p1a: Zapdos|100/100|[from] item: Leftovers
|upkeep
|turn|25
|
|t:|1727986540
|switch|p2a: Limewire|Blissey, F|81/100
|-damage|p2a: Limewire|69/100|[from] Spikes
|move|p1a: Zapdos|Hidden Power|p2a: Limewire
|-damage|p2a: Limewire|59/100
|
|-weather|Sandstorm|[upkeep]
|-damage|p1a: Zapdos|94/100|[from] Sandstorm
|-damage|p2a: Limewire|53/100|[from] Sandstorm
|-heal|p1a: Zapdos|100/100|[from] item: Leftovers
|-heal|p2a: Limewire|59/100|[from] item: Leftovers
|upkeep
|turn|26
|
|t:|1727986550
|switch|p1a: Skarmory|Skarmory, F|52/100
|move|p2a: Limewire|Thunder Wave|p1a: Skarmory
|-status|p1a: Skarmory|par
|
|-weather|Sandstorm|[upkeep]
|-damage|p2a: Limewire|53/100|[from] Sandstorm
|-heal|p2a: Limewire|59/100|[from] item: Leftovers
|-heal|p1a: Skarmory|58/100 par|[from] item: Leftovers
|upkeep
|turn|27
|
|t:|1727986556
|move|p2a: Limewire|Soft-Boiled|p2a: Limewire
|-heal|p2a: Limewire|100/100
|move|p1a: Skarmory|Spikes|p2a: Limewire
|-sidestart|p2: AnotherAshenSoul|Spikes
|
|-weather|Sandstorm|[upkeep]
|-damage|p2a: Limewire|94/100|[from] Sandstorm
|-heal|p2a: Limewire|100/100|[from] item: Leftovers
|-heal|p1a: Skarmory|64/100 par|[from] item: Leftovers
|upkeep
|turn|28
|
|t:|1727986565
|switch|p2a: Kazaa|Zapdos|82/100
|move|p1a: Skarmory|Spikes|p2a: Kazaa
|-sidestart|p2: AnotherAshenSoul|Spikes
|
|-weather|Sandstorm|[upkeep]
|-damage|p2a: Kazaa|76/100|[from] Sandstorm
|-heal|p2a: Kazaa|82/100|[from] item: Leftovers
|-heal|p1a: Skarmory|70/100 par|[from] item: Leftovers
|upkeep
|turn|29
|
|t:|1727986581
|move|p1a: Skarmory|Protect|p1a: Skarmory
|-singleturn|p1a: Skarmory|Protect
|move|p2a: Kazaa|Thunderbolt|p1a: Skarmory
|-activate|p1a: Skarmory|Protect
|
|-weather|Sandstorm|[upkeep]
|-damage|p2a: Kazaa|76/100|[from] Sandstorm
|-heal|p2a: Kazaa|82/100|[from] item: Leftovers
|-heal|p1a: Skarmory|76/100 par|[from] item: Leftovers
|upkeep
|turn|30
|
|t:|1727986592
|switch|p1a: Gengar|Gengar, M, shiny|100/100
|move|p2a: Kazaa|Thunderbolt|p1a: Gengar
|-damage|p1a: Gengar|55/100
|
|-weather|Sandstorm|[upkeep]
|-damage|p1a: Gengar|49/100|[from] Sandstorm
|-damage|p2a: Kazaa|76/100|[from] Sandstorm
|-heal|p1a: Gengar|55/100|[from] item: Leftovers
|-heal|p2a: Kazaa|82/100|[from] item: Leftovers
|upkeep
|turn|31
|
|t:|1727986610
|switch|p1a: Zapdos|Zapdos|100/100
|switch|p2a: Limewire|Blissey, F|100/100
|-damage|p2a: Limewire|75/100|[from] Spikes
|
|-weather|Sandstorm|[upkeep]
|-damage|p1a: Zapdos|94/100|[from] Sandstorm
|-damage|p2a: Limewire|69/100|[from] Sandstorm
|-heal|p1a: Zapdos|100/100|[from] item: Leftovers
|-heal|p2a: Limewire|75/100|[from] item: Leftovers
|upkeep
|turn|32
|
|t:|1727986622
|switch|p1a: Skarmory|Skarmory, F|76/100 par
|move|p2a: Limewire|Thunder Wave|p1a: Skarmory
|-fail|p1a: Skarmory|par
|
|-weather|Sandstorm|[upkeep]
|-damage|p2a: Limewire|69/100|[from] Sandstorm
|-heal|p2a: Limewire|75/100|[from] item: Leftovers
|-heal|p1a: Skarmory|82/100 par|[from] item: Leftovers
|upkeep
|turn|33
|
|t:|1727986628
|move|p2a: Limewire|Soft-Boiled|p2a: Limewire
|-heal|p2a: Limewire|100/100
|move|p1a: Skarmory|Toxic|p2a: Limewire
|-status|p2a: Limewire|tox
|
|-weather|Sandstorm|[upkeep]
|-damage|p2a: Limewire|94/100 tox|[from] Sandstorm
|-heal|p2a: Limewire|100/100 tox|[from] item: Leftovers
|-damage|p2a: Limewire|94/100 tox|[from] psn
|-heal|p1a: Skarmory|88/100 par|[from] item: Leftovers
|upkeep
|turn|34
|
|t:|1727986640
|-curestatus|p2a: Limewire|tox|[from] ability: Natural Cure
|switch|p2a: Kazaa|Zapdos|82/100
|move|p1a: Skarmory|Toxic|p2a: Kazaa
|-status|p2a: Kazaa|tox
|
|-weather|Sandstorm|[upkeep]
|-damage|p2a: Kazaa|76/100 tox|[from] Sandstorm
|-heal|p2a: Kazaa|82/100 tox|[from] item: Leftovers
|-damage|p2a: Kazaa|76/100 tox|[from] psn
|-heal|p1a: Skarmory|94/100 par|[from] item: Leftovers
|upkeep
|turn|35
|
|t:|1727986654
|switch|p2a: Limewire|Blissey, F|94/100
|-damage|p2a: Limewire|69/100|[from] Spikes
|move|p1a: Skarmory|Roar|p2a: Limewire
|drag|p2a: Napster|Skarmory, M|100/100
|
|-weather|Sandstorm|[upkeep]
|-heal|p1a: Skarmory|99/100 par|[from] item: Leftovers
|upkeep
|turn|36
|
|t:|1727986664
|switch|p1a: Charizard|Charizard, F|25/100
|move|p2a: Napster|Spikes|p1a: Charizard
|-sidestart|p1: JCEntrena|Spikes
|
|-weather|Sandstorm|[upkeep]
|-damage|p1a: Charizard|19/100|[from] Sandstorm
|-heal|p1a: Charizard|25/100|[from] item: Leftovers
|upkeep
|turn|37
|
|t:|1727986674
|-singleturn|p1a: Charizard|move: Focus Punch
|move|p2a: Napster|Drill Peck|p1a: Charizard
|-damage|p1a: Charizard|0 fnt
|faint|p1a: Charizard
|
|t:|1727986682
|switch|p1a: Gengar|Gengar, M, shiny|55/100
|
|-weather|Sandstorm|[upkeep]
|-damage|p1a: Gengar|49/100|[from] Sandstorm
|-heal|p1a: Gengar|55/100|[from] item: Leftovers
|upkeep
|turn|38
|
|t:|1727986690
|move|p1a: Gengar|Thunderbolt|p2a: Napster
|-supereffective|p2a: Napster
|-damage|p2a: Napster|50/100
|move|p2a: Napster|Drill Peck|p1a: Gengar
|-damage|p1a: Gengar|18/100
|
|-weather|Sandstorm|[upkeep]
|-damage|p1a: Gengar|12/100|[from] Sandstorm
|-heal|p1a: Gengar|18/100|[from] item: Leftovers
|-heal|p2a: Napster|56/100|[from] item: Leftovers
|upkeep
|turn|39
|inactive|JCEntrena has 270 seconds left.
|
|t:|1727986702
|switch|p1a: Zapdos|Zapdos|100/100
|move|p2a: Napster|Drill Peck|p1a: Zapdos
|-resisted|p1a: Zapdos
|-damage|p1a: Zapdos|87/100
|
|-weather|Sandstorm|[upkeep]
|-damage|p1a: Zapdos|81/100|[from] Sandstorm
|-heal|p1a: Zapdos|87/100|[from] item: Leftovers
|-heal|p2a: Napster|62/100|[from] item: Leftovers
|upkeep
|turn|40
|inactive|JCEntrena has 270 seconds left.
|
|t:|1727986708
|move|p2a: Napster|Toxic|p1a: Zapdos
|-status|p1a: Zapdos|tox
|move|p1a: Zapdos|Roar|p2a: Napster
|drag|p2a: Kazaa|Zapdos|76/100 tox
|
|-weather|Sandstorm|[upkeep]
|-damage|p1a: Zapdos|81/100 tox|[from] Sandstorm
|-damage|p2a: Kazaa|70/100 tox|[from] Sandstorm
|-heal|p1a: Zapdos|87/100 tox|[from] item: Leftovers
|-damage|p1a: Zapdos|81/100 tox|[from] psn
|-heal|p2a: Kazaa|76/100 tox|[from] item: Leftovers
|-damage|p2a: Kazaa|70/100 tox|[from] psn
|upkeep
|turn|41
|
|t:|1727986719
|switch|p2a: Limewire|Blissey, F|69/100
|-damage|p2a: Limewire|44/100|[from] Spikes
|move|p1a: Zapdos|Thunderbolt|p2a: Limewire
|-damage|p2a: Limewire|26/100
|
|-weather|Sandstorm|[upkeep]
|-damage|p1a: Zapdos|75/100 tox|[from] Sandstorm
|-damage|p2a: Limewire|20/100|[from] Sandstorm
|-heal|p1a: Zapdos|81/100 tox|[from] item: Leftovers
|-damage|p1a: Zapdos|68/100 tox|[from] psn
|-heal|p2a: Limewire|26/100|[from] item: Leftovers
|upkeep
|turn|42
|
|t:|1727986731
|move|p1a: Zapdos|Thunderbolt|p2a: Limewire
|-damage|p2a: Limewire|10/100
|move|p2a: Limewire|Soft-Boiled|p2a: Limewire
|-heal|p2a: Limewire|60/100
|
|-weather|Sandstorm|[upkeep]
|-damage|p1a: Zapdos|62/100 tox|[from] Sandstorm
|-damage|p2a: Limewire|54/100|[from] Sandstorm
|-heal|p1a: Zapdos|68/100 tox|[from] item: Leftovers
|-damage|p1a: Zapdos|50/100 tox|[from] psn
|-heal|p2a: Limewire|60/100|[from] item: Leftovers
|upkeep
|turn|43
|
|t:|1727986744
|switch|p1a: Skarmory|Skarmory, F|99/100 par
|move|p2a: Limewire|Soft-Boiled|p2a: Limewire
|-heal|p2a: Limewire|100/100
|
|-weather|Sandstorm|[upkeep]
|-damage|p2a: Limewire|94/100|[from] Sandstorm
|-heal|p2a: Limewire|100/100|[from] item: Leftovers
|-heal|p1a: Skarmory|100/100 par|[from] item: Leftovers
|upkeep
|turn|44
|
|t:|1727986769
|move|p2a: Limewire|Aromatherapy|p2a: Limewire
|-cureteam|p2a: Limewire|[from] move: Aromatherapy
|move|p1a: Skarmory|Roar|p2a: Limewire
|drag|p2a: Fitgirl Repacks|Swampert, F|100/100
|-damage|p2a: Fitgirl Repacks|76/100|[from] Spikes
|
|-weather|Sandstorm|[upkeep]
|-heal|p2a: Fitgirl Repacks|82/100|[from] item: Leftovers
|upkeep
|turn|45
|
|t:|1727986779
|move|p2a: Fitgirl Repacks|Protect|p2a: Fitgirl Repacks
|-singleturn|p2a: Fitgirl Repacks|Protect
|move|p1a: Skarmory|Toxic|p2a: Fitgirl Repacks
|-activate|p2a: Fitgirl Repacks|Protect
|
|-weather|Sandstorm|[upkeep]
|-heal|p2a: Fitgirl Repacks|88/100|[from] item: Leftovers
|upkeep
|turn|46
|
|t:|1727986786
|switch|p2a: Napster|Skarmory, M|62/100
|move|p1a: Skarmory|Roar|p2a: Napster
|drag|p2a: Kazaa|Zapdos|70/100
|
|-weather|Sandstorm|[upkeep]
|-damage|p2a: Kazaa|64/100|[from] Sandstorm
|-heal|p2a: Kazaa|70/100|[from] item: Leftovers
|upkeep
|turn|47
|
|t:|1727986793
|move|p2a: Kazaa|Thunderbolt|p1a: Skarmory
|-supereffective|p1a: Skarmory
|-crit|p1a: Skarmory
|-damage|p1a: Skarmory|0 fnt
|faint|p1a: Skarmory
|
|t:|1727986809
|switch|p1a: Zapdos|Zapdos|50/100 tox
|
|-weather|Sandstorm|[upkeep]
|-damage|p1a: Zapdos|43/100 tox|[from] Sandstorm
|-damage|p2a: Kazaa|64/100|[from] Sandstorm
|-heal|p1a: Zapdos|50/100 tox|[from] item: Leftovers
|-damage|p1a: Zapdos|43/100 tox|[from] psn
|-heal|p2a: Kazaa|70/100|[from] item: Leftovers
|upkeep
|turn|48
|
|t:|1727986813
|move|p2a: Kazaa|Thunderbolt|p1a: Zapdos
|-damage|p1a: Zapdos|1/100 tox
|move|p1a: Zapdos|Roar|p2a: Kazaa
|drag|p2a: Napster|Skarmory, M|62/100
|
|-weather|Sandstorm|[upkeep]
|-damage|p1a: Zapdos|0 fnt|[from] Sandstorm
|faint|p1a: Zapdos
|-heal|p2a: Napster|68/100|[from] item: Leftovers
|upkeep
|
|t:|1727986819
|switch|p1a: Gengar|Gengar, M, shiny|18/100
|turn|49
|
|t:|1727986823
|move|p1a: Gengar|Thunderbolt|p2a: Napster
|-supereffective|p2a: Napster
|-damage|p2a: Napster|19/100
|move|p2a: Napster|Drill Peck|p1a: Gengar
|-damage|p1a: Gengar|0 fnt
|faint|p1a: Gengar
|
|t:|1727986828
|switch|p1a: Tyranitar|Tyranitar, F|88/100 tox
|-damage|p1a: Tyranitar|76/100 tox|[from] Spikes
|
|-weather|Sandstorm|[upkeep]
|-heal|p1a: Tyranitar|82/100 tox|[from] item: Leftovers
|-damage|p1a: Tyranitar|76/100 tox|[from] psn
|-heal|p2a: Napster|25/100|[from] item: Leftovers
|upkeep
|turn|50
|
|t:|1727986834
|move|p1a: Tyranitar|Dragon Dance|p1a: Tyranitar
|-boost|p1a: Tyranitar|atk|1
|-boost|p1a: Tyranitar|spe|1
|move|p2a: Napster|Drill Peck|p1a: Tyranitar
|-resisted|p1a: Tyranitar
|-damage|p1a: Tyranitar|66/100 tox
|
|-weather|Sandstorm|[upkeep]
|-heal|p1a: Tyranitar|72/100 tox|[from] item: Leftovers
|-damage|p1a: Tyranitar|59/100 tox|[from] psn
|-heal|p2a: Napster|31/100|[from] item: Leftovers
|upkeep
|turn|51
|
|t:|1727986838
|switch|p2a: Fitgirl Repacks|Swampert, F|88/100
|-damage|p2a: Fitgirl Repacks|63/100|[from] Spikes
|move|p1a: Tyranitar|Rock Slide|p2a: Fitgirl Repacks
|-resisted|p2a: Fitgirl Repacks
|-damage|p2a: Fitgirl Repacks|39/100
|
|-weather|Sandstorm|[upkeep]
|-heal|p1a: Tyranitar|66/100 tox|[from] item: Leftovers
|-damage|p1a: Tyranitar|47/100 tox|[from] psn
|-heal|p2a: Fitgirl Repacks|46/100|[from] item: Leftovers
|upkeep
|turn|52
|
|t:|1727986845
|move|p1a: Tyranitar|Earthquake|p2a: Fitgirl Repacks
|-damage|p2a: Fitgirl Repacks|4/100
|move|p2a: Fitgirl Repacks|Earthquake|p1a: Tyranitar
|-supereffective|p1a: Tyranitar
|-damage|p1a: Tyranitar|0 fnt
|faint|p1a: Tyranitar
|
|win|AnotherAshenSoul
|c|☆JCEntrena|gg
|c|☆AnotherAshenSoul|gg
|player|p2|

</script>
<script type="application/json" class="data" id="replaydata-smogtours-gen3ou-794353">
{"id":"smogtours-gen3ou-794353","format":"[Gen 3] OU","players":["JCEntrena","AnotherAshenSoul"],"uploadtime":1727986845,"views":93,"formatid":"gen3ou","rating":null,"private":0,"password":null}
</script>

<script defer src="js/replays.js?9d40a366"></script>
