<!DOCTYPE html>
<meta charset="utf-8" />
<meta name="viewport" content="width=device-width" />

<title>[Gen 3] OU: Mugua vs. CostcoCustomer - Replays - Pok&eacute;mon Showdown!</title>

<meta name="description" content="Watch a replay of a Pok&eacute;mon battle between Mugua and CostcoCustomer! Format: [Gen 3] OU; Date: Oct 8, 2024" />
<!--

Hey, you! Looking in the source for the replay log?

You can find them in JSON format, just add `.json` at the end of a replay URL.

https://replay.pokemonshowdown.com/gen7randomdoublesbattle-865046831.json

Or, if you only need the log itself, add `.log` instead:

https://replay.pokemonshowdown.com/gen7randomdoublesbattle-865046831.log

-->

<link rel="stylesheet" href="//pokemonshowdown.com/style/global.css?0.023195364461161105" />
<link rel="stylesheet" href="//play.pokemonshowdown.com/style/font-awesome.css?0.13261647063804238" />
<link rel="stylesheet" href="//play.pokemonshowdown.com/style/battle.css?0.8753245789963631" />
<link rel="stylesheet" href="//play.pokemonshowdown.com/style/utilichart.css?0.8627959624976733" />

<!-- Global site tag (gtag.js) - Google Analytics -->
<script async src="https://www.googletagmanager.com/gtag/js?id=UA-26211653-1"></script>
<script>
  window.dataLayer = window.dataLayer || [];
  function gtag(){dataLayer.push(arguments);}
  gtag('js', new Date());

  gtag('config', 'UA-26211653-1');
</script>
<!-- End Google Analytics -->
<!-- Venatus Ad Manager - Install in <HEAD> of page -->
	<script src="https://hb.vntsm.com/v3/live/ad-manager.min.js" type="text/javascript" data-site-id="642aba63ec9a7b11c3c9c1be" data-mode="scan" async></script>
<!-- / Venatus Ad Manager -->

<style>
	@media (max-width:820px) {
		.battle {
			margin: 0 auto;
		}
		.battle-log {
			margin: 7px auto 0;
			max-width: 640px;
			height: 300px;
			position: static;
		}
	}
	.optgroup {
		display: inline-block;
		line-height: 22px;
		font-size: 10pt;
	}
	.optgroup .button {
		height: 25px;
		padding-top: 0;
		padding-bottom: 0;
	}
	.optgroup button.button {
		padding-left: 12px;
		padding-right: 12px;
	}
	.linklist {
		list-style: none;
		margin: 0.5em 0;
		padding: 0;
	}
	.linklist li {
		padding: 2px 0;
	}
	.sidebar {
		float: left;
		width: 320px;
	}
	.bar-wrapper {
		max-width: 1100px;
		margin: 0 auto;
	}
	.bar-wrapper.has-sidebar {
		max-width: 1430px;
	}
	.mainbar {
		margin: 0;
		padding-right: 1px;
	}
	.mainbar.has-sidebar {
		margin-left: 330px;
	}
	@media (min-width: 1511px) {
		.sidebar {
			width: 400px;
		}
		.bar-wrapper.has-sidebar {
			max-width: 1510px;
		}
		.mainbar.has-sidebar {
			margin-left: 410px;
		}
	}
	.section.first-section {
		margin-top: 9px;
	}
	.blocklink small {
		white-space: normal;
	}
	.button {
		vertical-align: middle;
	}
	.replay-controls {
		padding-top: 10px;
	}
	.replay-controls h1 {
		font-size: 16pt;
		font-weight: normal;
		color: #CCC;
	}
	.pagelink {
		text-align: center;
	}
	.pagelink a {
		width: 150px;
	}
	.textbox, .button {
		font-size: 11pt;
		vertical-align: middle;
	}
	@media (max-width: 450px) {
		.button {
			font-size: 9pt;
		}
	}
</style>

<div>

	<header>
		<div class="nav-wrapper"><ul class="nav">
			<li><a class="button nav-first" href="//pokemonshowdown.com/"><img src="//pokemonshowdown.com/images/pokemonshowdownbeta.png" srcset="//pokemonshowdown.com/images/pokemonshowdownbeta.png 1x, //pokemonshowdown.com/images/pokemonshowdownbeta@2x.png 2x" alt="Pok&eacute;mon Showdown" width="146" height="44" /> Home</a></li>
			<li><a class="button" href="//pokemonshowdown.com/dex/">Pok&eacute;dex</a></li>
			<li><a class="button cur" href="/">Replays</a></li>
			<li><a class="button" href="//pokemonshowdown.com/ladder/">Ladder</a></li>
			<li><a class="button nav-last" href="//pokemonshowdown.com/forums/">Forum</a></li>
			<li><a class="button greenbutton nav-first nav-last" href="//play.pokemonshowdown.com/">Play</a></li>
		</ul></div>
	</header>

	<div class="main" id="main">

		<noscript><section class="section">You need to enable JavaScript to use this page; sorry!</section></noscript>

	</div>

</div>

<script defer nomodule src="//play.pokemonshowdown.com/js/lib/ps-polyfill.js"></script>
<script defer src="//play.pokemonshowdown.com/js/lib/preact.min.js"></script>

<script defer src="//play.pokemonshowdown.com/config/config.js?2bddbc15"></script>
<script defer src="//play.pokemonshowdown.com/js/lib/jquery-1.11.0.min.js"></script>
<script defer src="//play.pokemonshowdown.com/js/lib/html-sanitizer-minified.js"></script>
<script defer src="//play.pokemonshowdown.com/js/battle-sound.js"></script>
<script defer src="//play.pokemonshowdown.com/js/battledata.js?0.7209276989879541"></script>
<script defer src="//play.pokemonshowdown.com/data/pokedex-mini.js?0.6111056340867951"></script>
<script defer src="//play.pokemonshowdown.com/data/pokedex-mini-bw.js?0.3532142036491459"></script>
<script defer src="//play.pokemonshowdown.com/data/graphics.js?0.24223875632456182"></script>
<script defer src="//play.pokemonshowdown.com/data/pokedex.js?0.38839984266356864"></script>
<script defer src="//play.pokemonshowdown.com/data/moves.js?0.21866028504024015"></script>
<script defer src="//play.pokemonshowdown.com/data/abilities.js?0.2005157953846628"></script>
<script defer src="//play.pokemonshowdown.com/data/items.js?0.9894211263848525"></script>
<script defer src="//play.pokemonshowdown.com/data/teambuilder-tables.js?0.6008791140282215"></script>
<script defer src="//play.pokemonshowdown.com/js/battle-tooltips.js?0.7580118955022959"></script>
<script defer src="//play.pokemonshowdown.com/js/battle.js?0.6057722274234274"></script>

<script defer src="js/utils.js?e31f9a17"></script>
<script defer src="js/replays-battle.js?7008c182"></script>

<!-- don't scrape this data! just add .json or .log after the URL!
Full API docs: https://github.com/smogon/pokemon-showdown-client/blob/master/WEB-API.md -->
<script type="text/plain" class="log" id="replaylog-smogtours-gen3ou-796354">
|inactive|Battle timer is ON: inactive players will automatically lose when time's up.
|t:|1728398096
|gametype|singles
|player|p1|Mugua|infielder|
|player|p2|CostcoCustomer|mina|
|teamsize|p1|6
|teamsize|p2|6
|gen|3
|tier|[Gen 3] OU
|rule|Sleep Clause Mod: Limit one foe put to sleep
|rule|Switch Priority Clause Mod: Faster Pokémon switch first
|rule|Species Clause: Limit one of each Pokémon
|rule|OHKO Clause: OHKO moves are banned
|rule|Evasion Items Clause: Evasion items are banned
|rule|Evasion Moves Clause: Evasion moves are banned
|rule|Endless Battle Clause: Forcing endless battles is banned
|rule|HP Percentage Mod: HP is shown in percentages
|rule|One Boost Passer Clause: Limit one Baton Passer that has a way to boost its stats
|rule|Freeze Clause Mod: Limit one foe frozen
|
|t:|1728398096
|start
|switch|p1a: Tyranitar|Tyranitar, M|100/100
|switch|p2a: Zados|Zapdos|100/100
|-weather|Sandstorm|[from] ability: Sand Stream|[of] p1a: Tyranitar
|turn|1
|
|t:|1728398124
|move|p2a: Zados|Baton Pass|p2a: Zados
|
|t:|1728398125
|switch|p2a: Dutrio|Dugtrio, F|100/100|[from] Baton Pass
|move|p1a: Tyranitar|Ice Beam|p2a: Dutrio
|-supereffective|p2a: Dutrio
|-damage|p2a: Dutrio|0 fnt
|faint|p2a: Dutrio
|
|t:|1728398134
|switch|p2a: Celbi|Celebi|100/100
|
|-weather|Sandstorm|[upkeep]
|-damage|p2a: Celbi|94/100|[from] Sandstorm
|-heal|p2a: Celbi|100/100|[from] item: Leftovers
|upkeep
|turn|2
|
|t:|1728398145
|move|p2a: Celbi|Calm Mind|p2a: Celbi
|-boost|p2a: Celbi|spa|1
|-boost|p2a: Celbi|spd|1
|move|p1a: Tyranitar|Crunch|p2a: Celbi
|-supereffective|p2a: Celbi
|-damage|p2a: Celbi|59/100
|
|-weather|Sandstorm|[upkeep]
|-damage|p2a: Celbi|52/100|[from] Sandstorm
|-heal|p2a: Celbi|59/100|[from] item: Leftovers
|upkeep
|turn|3
|
|t:|1728398157
|move|p2a: Celbi|Baton Pass|p2a: Celbi
|
|t:|1728398158
|switch|p2a: Kindra|Kingdra, F|100/100|[from] Baton Pass
|move|p1a: Tyranitar|Crunch|p2a: Kindra
|-damage|p2a: Kindra|70/100
|
|-weather|Sandstorm|[upkeep]
|-damage|p2a: Kindra|63/100|[from] Sandstorm
|-heal|p2a: Kindra|70/100|[from] item: Leftovers
|upkeep
|turn|4
|inactive|Mugua has 270 seconds left.
|inactive|Mugua has 240 seconds left.
|
|t:|1728398241
|move|p2a: Kindra|Rain Dance|p2a: Kindra
|-weather|RainDance
|move|p1a: Tyranitar|Crunch|p2a: Kindra
|-damage|p2a: Kindra|38/100
|
|-weather|RainDance|[upkeep]
|-heal|p2a: Kindra|44/100|[from] item: Leftovers
|upkeep
|turn|5
|
|t:|1728398251
|switch|p1a: Celebi|Celebi|100/100
|move|p2a: Kindra|Surf|p1a: Celebi
|-resisted|p1a: Celebi
|-crit|p1a: Celebi
|-damage|p1a: Celebi|30/100
|
|-weather|RainDance|[upkeep]
|-heal|p2a: Kindra|51/100|[from] item: Leftovers
|-heal|p1a: Celebi|37/100|[from] item: Leftovers
|upkeep
|turn|6
|
|t:|1728398262
|switch|p1a: Metagross|Metagross|100/100
|move|p2a: Kindra|Ice Beam|p1a: Metagross
|-resisted|p1a: Metagross
|-damage|p1a: Metagross|75/100
|
|-weather|RainDance|[upkeep]
|-heal|p2a: Kindra|57/100|[from] item: Leftovers
|upkeep
|turn|7
|
|t:|1728398270
|switch|p1a: Celebi|Celebi|37/100
|move|p2a: Kindra|Surf|p1a: Celebi
|-resisted|p1a: Celebi
|-damage|p1a: Celebi|3/100
|
|-weather|RainDance|[upkeep]
|-heal|p2a: Kindra|63/100|[from] item: Leftovers
|-heal|p1a: Celebi|9/100|[from] item: Leftovers
|upkeep
|turn|8
|
|t:|1728398285
|move|p2a: Kindra|Surf|p1a: Celebi
|-resisted|p1a: Celebi
|-damage|p1a: Celebi|0 fnt
|faint|p1a: Celebi
|
|t:|1728398287
|switch|p1a: Aerodactyl|Aerodactyl, F|100/100
|
|-weather|none
|-heal|p2a: Kindra|69/100|[from] item: Leftovers
|upkeep
|turn|9
|inactive|Mugua has 240 seconds left.
|
|t:|1728398293
|switch|p2a: Jrachi|Jirachi|100/100
|move|p1a: Aerodactyl|Rock Slide|p2a: Jrachi
|-resisted|p2a: Jrachi
|-damage|p2a: Jrachi|88/100
|
|-heal|p2a: Jrachi|94/100|[from] item: Leftovers
|upkeep
|turn|10
|inactive|Mugua has 240 seconds left.
|
|t:|1728398304
|switch|p1a: Swampert|Swampert, F|100/100
|move|p2a: Jrachi|Wish|p2a: Jrachi
|
|-heal|p2a: Jrachi|99/100|[from] item: Leftovers
|upkeep
|turn|11
|inactive|Mugua has 240 seconds left.
|
|t:|1728398320
|switch|p2a: Celbi|Celebi|59/100
|move|p1a: Swampert|Earthquake|p2a: Celbi
|-resisted|p2a: Celbi
|-damage|p2a: Celbi|43/100
|
|-heal|p2a: Celbi|93/100|[from] move: Wish|[wisher] Jrachi
|-heal|p2a: Celbi|99/100|[from] item: Leftovers
|upkeep
|turn|12
|inactive|Mugua has 240 seconds left.
|
|t:|1728398345
|switch|p1a: Metagross|Metagross|75/100
|move|p2a: Celbi|Leech Seed|p1a: Metagross
|-start|p1a: Metagross|move: Leech Seed
|
|-heal|p2a: Celbi|100/100|[from] item: Leftovers
|-damage|p1a: Metagross|63/100|[from] Leech Seed|[of] p2a: Celbi
|upkeep
|turn|13
|
|t:|1728398360
|move|p2a: Celbi|Hidden Power|p1a: Metagross
|-supereffective|p1a: Metagross
|-damage|p1a: Metagross|23/100
|move|p1a: Metagross|Agility|p1a: Metagross
|-boost|p1a: Metagross|spe|2
|
|-damage|p1a: Metagross|11/100|[from] Leech Seed|[of] p2a: Celbi
|upkeep
|turn|14
|
|t:|1728398367
|switch|p2a: Jrachi|Jirachi|99/100
|move|p1a: Metagross|Explosion|p2a: Jrachi
|-resisted|p2a: Jrachi
|-damage|p2a: Jrachi|28/100
|faint|p1a: Metagross
|
|t:|1728398373
|switch|p1a: Aerodactyl|Aerodactyl, F|100/100
|
|-heal|p2a: Jrachi|34/100|[from] item: Leftovers
|upkeep
|turn|15
|
|t:|1728398381
|move|p2a: Jrachi|Protect|p2a: Jrachi
|-singleturn|p2a: Jrachi|Protect
|move|p1a: Aerodactyl|Earthquake|p2a: Jrachi
|-activate|p2a: Jrachi|Protect
|
|-heal|p2a: Jrachi|40/100|[from] item: Leftovers
|upkeep
|turn|16
|
|t:|1728398387
|switch|p2a: Celbi|Celebi|100/100
|move|p1a: Aerodactyl|Substitute|p1a: Aerodactyl
|-start|p1a: Aerodactyl|Substitute
|-damage|p1a: Aerodactyl|75/100
|
|upkeep
|turn|17
|
|t:|1728398395
|move|p1a: Aerodactyl|Rock Slide|p2a: Celbi
|-damage|p2a: Celbi|73/100
|cant|p2a: Celbi|flinch
|
|-heal|p2a: Celbi|79/100|[from] item: Leftovers
|upkeep
|turn|18
|
|t:|1728398423
|move|p1a: Aerodactyl|Rock Slide|p2a: Celbi
|-damage|p2a: Celbi|52/100
|move|p2a: Celbi|Baton Pass|p2a: Celbi
|
|t:|1728398432
|switch|p2a: Jrachi|Jirachi|40/100|[from] Baton Pass
|
|-heal|p2a: Jrachi|47/100|[from] item: Leftovers
|upkeep
|turn|19
|
|t:|1728398441
|move|p2a: Jrachi|Protect|p2a: Jrachi
|-singleturn|p2a: Jrachi|Protect
|move|p1a: Aerodactyl|Earthquake|p2a: Jrachi
|-activate|p2a: Jrachi|Protect
|
|-heal|p2a: Jrachi|53/100|[from] item: Leftovers
|upkeep
|turn|20
|
|t:|1728398445
|switch|p2a: Zados|Zapdos|100/100
|move|p1a: Aerodactyl|Earthquake|p2a: Zados
|-immune|p2a: Zados
|
|upkeep
|turn|21
|
|t:|1728398451
|switch|p2a: Jrachi|Jirachi|53/100
|move|p1a: Aerodactyl|Rock Slide|p2a: Jrachi
|-resisted|p2a: Jrachi
|-damage|p2a: Jrachi|40/100
|
|-heal|p2a: Jrachi|46/100|[from] item: Leftovers
|upkeep
|turn|22
|
|t:|1728398459
|move|p2a: Jrachi|Protect|p2a: Jrachi
|-singleturn|p2a: Jrachi|Protect
|move|p1a: Aerodactyl|Double-Edge|p2a: Jrachi
|-activate|p2a: Jrachi|Protect
|
|-heal|p2a: Jrachi|52/100|[from] item: Leftovers
|upkeep
|turn|23
|
|t:|1728398462
|move|p1a: Aerodactyl|Earthquake|p2a: Jrachi
|-supereffective|p2a: Jrachi
|-damage|p2a: Jrachi|3/100
|move|p2a: Jrachi|Wish|p2a: Jrachi
|
|-heal|p2a: Jrachi|9/100|[from] item: Leftovers
|upkeep
|turn|24
|
|t:|1728398471
|move|p2a: Jrachi|Protect|p2a: Jrachi
|-singleturn|p2a: Jrachi|Protect
|move|p1a: Aerodactyl|Double-Edge|p2a: Jrachi
|-activate|p2a: Jrachi|Protect
|
|-heal|p2a: Jrachi|59/100|[from] move: Wish|[wisher] Jrachi
|-heal|p2a: Jrachi|66/100|[from] item: Leftovers
|upkeep
|turn|25
|
|t:|1728398475
|move|p1a: Aerodactyl|Earthquake|p2a: Jrachi
|-supereffective|p2a: Jrachi
|-damage|p2a: Jrachi|19/100
|move|p2a: Jrachi|Wish|p2a: Jrachi
|
|-heal|p2a: Jrachi|25/100|[from] item: Leftovers
|upkeep
|turn|26
|
|t:|1728398485
|move|p2a: Jrachi|Protect|p2a: Jrachi
|-singleturn|p2a: Jrachi|Protect
|move|p1a: Aerodactyl|Double-Edge|p2a: Jrachi
|-activate|p2a: Jrachi|Protect
|
|-heal|p2a: Jrachi|75/100|[from] move: Wish|[wisher] Jrachi
|-heal|p2a: Jrachi|82/100|[from] item: Leftovers
|upkeep
|turn|27
|
|t:|1728398489
|move|p1a: Aerodactyl|Earthquake|p2a: Jrachi
|-supereffective|p2a: Jrachi
|-damage|p2a: Jrachi|37/100
|move|p2a: Jrachi|Wish|p2a: Jrachi
|
|-heal|p2a: Jrachi|43/100|[from] item: Leftovers
|upkeep
|turn|28
|
|t:|1728398500
|move|p2a: Jrachi|Protect|p2a: Jrachi
|-singleturn|p2a: Jrachi|Protect
|move|p1a: Aerodactyl|Earthquake|p2a: Jrachi
|-activate|p2a: Jrachi|Protect
|
|-heal|p2a: Jrachi|93/100|[from] move: Wish|[wisher] Jrachi
|-heal|p2a: Jrachi|99/100|[from] item: Leftovers
|upkeep
|turn|29
|
|t:|1728398505
|move|p1a: Aerodactyl|Earthquake|p2a: Jrachi
|-supereffective|p2a: Jrachi
|-damage|p2a: Jrachi|55/100
|move|p2a: Jrachi|Wish|p2a: Jrachi
|
|-heal|p2a: Jrachi|62/100|[from] item: Leftovers
|upkeep
|turn|30
|
|t:|1728398513
|switch|p2a: Celbi|Celebi|52/100
|move|p1a: Aerodactyl|Rock Slide|p2a: Celbi
|-crit|p2a: Celbi
|-damage|p2a: Celbi|0 fnt
|faint|p2a: Celbi
|c|☆Mugua|wow
|
|t:|1728398521
|switch|p2a: Kindra|Kingdra, F|69/100
|
|-heal|p2a: Kindra|100/100|[from] move: Wish|[wisher] Jrachi
|upkeep
|turn|31
|c|☆Mugua|that sucks sorry
|
|t:|1728398533
|move|p1a: Aerodactyl|Rock Slide|p2a: Kindra|[miss]
|-miss|p1a: Aerodactyl|p2a: Kindra
|move|p2a: Kindra|Rain Dance|p2a: Kindra
|-weather|RainDance
|
|-weather|RainDance|[upkeep]
|upkeep
|turn|32
|
|t:|1728398543
|move|p2a: Kindra|Surf|p1a: Aerodactyl
|-supereffective|p1a: Aerodactyl
|-end|p1a: Aerodactyl|Substitute
|move|p1a: Aerodactyl|Rock Slide|p2a: Kindra
|-damage|p2a: Kindra|60/100
|
|-weather|RainDance|[upkeep]
|-heal|p2a: Kindra|66/100|[from] item: Leftovers
|upkeep
|turn|33
|
|t:|1728398556
|switch|p1a: Tyranitar|Tyranitar, M|100/100
|-weather|Sandstorm|[from] ability: Sand Stream|[of] p1a: Tyranitar
|move|p2a: Kindra|Surf|p1a: Tyranitar
|-supereffective|p1a: Tyranitar
|-damage|p1a: Tyranitar|29/100
|
|-weather|Sandstorm|[upkeep]
|-damage|p2a: Kindra|60/100|[from] Sandstorm
|-heal|p2a: Kindra|66/100|[from] item: Leftovers
|-heal|p1a: Tyranitar|35/100|[from] item: Leftovers
|upkeep
|turn|34
|
|t:|1728398566
|move|p2a: Kindra|Surf|p1a: Tyranitar
|-supereffective|p1a: Tyranitar
|-damage|p1a: Tyranitar|0 fnt
|faint|p1a: Tyranitar
|
|t:|1728398569
|switch|p1a: Magneton|Magneton|100/100
|
|-weather|Sandstorm|[upkeep]
|-damage|p2a: Kindra|60/100|[from] Sandstorm
|-heal|p2a: Kindra|66/100|[from] item: Leftovers
|upkeep
|turn|35
|
|t:|1728398576
|move|p2a: Kindra|Rain Dance|p2a: Kindra
|-weather|RainDance
|move|p1a: Magneton|Thunder Wave|p2a: Kindra
|-status|p2a: Kindra|par
|
|-weather|RainDance|[upkeep]
|-heal|p2a: Kindra|72/100 par|[from] item: Leftovers
|upkeep
|turn|36
|
|t:|1728398583
|switch|p2a: Zados|Zapdos|100/100
|move|p1a: Magneton|Thunderbolt|p2a: Zados
|-damage|p2a: Zados|40/100
|
|-weather|RainDance|[upkeep]
|-heal|p2a: Zados|46/100|[from] item: Leftovers
|upkeep
|turn|37
|
|t:|1728398589
|move|p2a: Zados|Thunder Wave|p1a: Magneton
|-status|p1a: Magneton|par
|cant|p1a: Magneton|par
|
|-weather|RainDance|[upkeep]
|-heal|p2a: Zados|52/100|[from] item: Leftovers
|upkeep
|turn|38
|
|t:|1728398594
|move|p2a: Zados|Thunderbolt|p1a: Magneton
|-resisted|p1a: Magneton
|-damage|p1a: Magneton|58/100 par
|move|p1a: Magneton|Thunderbolt|p2a: Zados
|-damage|p2a: Zados|0 fnt
|faint|p2a: Zados
|
|t:|1728398596
|switch|p2a: Heracros|Heracross, M, shiny|100/100
|
|-weather|RainDance|[upkeep]
|upkeep
|turn|39
|
|t:|1728398613
|move|p2a: Heracros|Substitute|p2a: Heracros
|-start|p2a: Heracros|Substitute
|-damage|p2a: Heracros|76/100
|move|p1a: Magneton|Thunderbolt|p2a: Heracros
|-end|p2a: Heracros|Substitute
|
|-weather|none
|upkeep
|turn|40
|
|t:|1728398616
|move|p2a: Heracros|Substitute|p2a: Heracros
|-start|p2a: Heracros|Substitute
|-damage|p2a: Heracros|51/100
|move|p1a: Magneton|Thunderbolt|p2a: Heracros
|-end|p2a: Heracros|Substitute
|
|upkeep
|turn|41
|
|t:|1728398618
|move|p2a: Heracros|Substitute|p2a: Heracros
|-start|p2a: Heracros|Substitute
|-damage|p2a: Heracros|26/100
|cant|p1a: Magneton|par
|
|upkeep
|turn|42
|
|t:|1728398620
|move|p2a: Heracros|Swords Dance|p2a: Heracros
|-boost|p2a: Heracros|atk|2
|move|p1a: Magneton|Thunderbolt|p2a: Heracros
|-end|p2a: Heracros|Substitute
|
|upkeep
|turn|43
|
|t:|1728398623
|move|p2a: Heracros|Substitute|p2a: Heracros
|-start|p2a: Heracros|Substitute
|-damage|p2a: Heracros|1/100
|move|p1a: Magneton|Thunderbolt|p2a: Heracros
|-end|p2a: Heracros|Substitute
|
|-enditem|p2a: Heracros|Salac Berry|[eat]
|-boost|p2a: Heracros|spe|1|[from] item: Salac Berry
|upkeep
|turn|44
|
|t:|1728398626
|move|p2a: Heracros|Reversal|p1a: Magneton
|-supereffective|p1a: Magneton
|-damage|p1a: Magneton|0 fnt
|faint|p1a: Magneton
|
|t:|1728398629
|switch|p1a: Aerodactyl|Aerodactyl, F|75/100
|
|upkeep
|turn|45
|
|t:|1728398631
|move|p2a: Heracros|Reversal|p1a: Aerodactyl
|-damage|p1a: Aerodactyl|0 fnt
|faint|p1a: Aerodactyl
|
|t:|1728398633
|switch|p1a: Swampert|Swampert, F|100/100
|
|upkeep
|turn|46
|
|t:|1728398636
|move|p2a: Heracros|Reversal|p1a: Swampert
|-damage|p1a: Swampert|0 fnt
|faint|p1a: Swampert
|
|win|CostcoCustomer
|c|☆Mugua|gg
|c|☆CostcoCustomer|gg
|c|☆CostcoCustomer|this could probably be posted
|c|☆CostcoCustomer|that was pretty haxxy
|c|☆Mugua|yeah lol

</script>
<script type="application/json" class="data" id="replaydata-smogtours-gen3ou-796354">
{"id":"smogtours-gen3ou-796354","format":"[Gen 3] OU","players":["Mugua","CostcoCustomer"],"uploadtime":1728398636,"views":110,"formatid":"gen3ou","rating":null,"private":0,"password":null}
</script>

<script defer src="js/replays.js?9d40a366"></script>
