<!DOCTYPE html>
<meta charset="utf-8" />
<meta name="viewport" content="width=device-width" />

<title>[Gen 3] OU: diegoyuhhi vs. Yoink 0 - Replays - Pok&eacute;mon Showdown!</title>

<meta name="description" content="Watch a replay of a Pok&eacute;mon battle between diegoyuhhi and Yoink 0! Format: [Gen 3] OU; Date: Oct 1, 2024" />
<!--

Hey, you! Looking in the source for the replay log?

You can find them in JSON format, just add `.json` at the end of a replay URL.

https://replay.pokemonshowdown.com/gen7randomdoublesbattle-865046831.json

Or, if you only need the log itself, add `.log` instead:

https://replay.pokemonshowdown.com/gen7randomdoublesbattle-865046831.log

-->

<link rel="stylesheet" href="//pokemonshowdown.com/style/global.css?0.767286132409787" />
<link rel="stylesheet" href="//play.pokemonshowdown.com/style/font-awesome.css?0.9266228007934947" />
<link rel="stylesheet" href="//play.pokemonshowdown.com/style/battle.css?0.7924700842790926" />
<link rel="stylesheet" href="//play.pokemonshowdown.com/style/utilichart.css?0.8777417872839479" />

<!-- Global site tag (gtag.js) - Google Analytics -->
<script async src="https://www.googletagmanager.com/gtag/js?id=UA-26211653-1"></script>
<script>
  window.dataLayer = window.dataLayer || [];
  function gtag(){dataLayer.push(arguments);}
  gtag('js', new Date());

  gtag('config', 'UA-26211653-1');
</script>
<!-- End Google Analytics -->
<!-- Venatus Ad Manager - Install in <HEAD> of page -->
	<script src="https://hb.vntsm.com/v3/live/ad-manager.min.js" type="text/javascript" data-site-id="642aba63ec9a7b11c3c9c1be" data-mode="scan" async></script>
<!-- / Venatus Ad Manager -->

<style>
	@media (max-width:820px) {
		.battle {
			margin: 0 auto;
		}
		.battle-log {
			margin: 7px auto 0;
			max-width: 640px;
			height: 300px;
			position: static;
		}
	}
	.optgroup {
		display: inline-block;
		line-height: 22px;
		font-size: 10pt;
	}
	.optgroup .button {
		height: 25px;
		padding-top: 0;
		padding-bottom: 0;
	}
	.optgroup button.button {
		padding-left: 12px;
		padding-right: 12px;
	}
	.linklist {
		list-style: none;
		margin: 0.5em 0;
		padding: 0;
	}
	.linklist li {
		padding: 2px 0;
	}
	.sidebar {
		float: left;
		width: 320px;
	}
	.bar-wrapper {
		max-width: 1100px;
		margin: 0 auto;
	}
	.bar-wrapper.has-sidebar {
		max-width: 1430px;
	}
	.mainbar {
		margin: 0;
		padding-right: 1px;
	}
	.mainbar.has-sidebar {
		margin-left: 330px;
	}
	@media (min-width: 1511px) {
		.sidebar {
			width: 400px;
		}
		.bar-wrapper.has-sidebar {
			max-width: 1510px;
		}
		.mainbar.has-sidebar {
			margin-left: 410px;
		}
	}
	.section.first-section {
		margin-top: 9px;
	}
	.blocklink small {
		white-space: normal;
	}
	.button {
		vertical-align: middle;
	}
	.replay-controls {
		padding-top: 10px;
	}
	.replay-controls h1 {
		font-size: 16pt;
		font-weight: normal;
		color: #CCC;
	}
	.pagelink {
		text-align: center;
	}
	.pagelink a {
		width: 150px;
	}
	.textbox, .button {
		font-size: 11pt;
		vertical-align: middle;
	}
	@media (max-width: 450px) {
		.button {
			font-size: 9pt;
		}
	}
</style>

<div>

	<header>
		<div class="nav-wrapper"><ul class="nav">
			<li><a class="button nav-first" href="//pokemonshowdown.com/"><img src="//pokemonshowdown.com/images/pokemonshowdownbeta.png" srcset="//pokemonshowdown.com/images/pokemonshowdownbeta.png 1x, //pokemonshowdown.com/images/pokemonshowdownbeta@2x.png 2x" alt="Pok&eacute;mon Showdown" width="146" height="44" /> Home</a></li>
			<li><a class="button" href="//pokemonshowdown.com/dex/">Pok&eacute;dex</a></li>
			<li><a class="button cur" href="/">Replays</a></li>
			<li><a class="button" href="//pokemonshowdown.com/ladder/">Ladder</a></li>
			<li><a class="button nav-last" href="//pokemonshowdown.com/forums/">Forum</a></li>
			<li><a class="button greenbutton nav-first nav-last" href="//play.pokemonshowdown.com/">Play</a></li>
		</ul></div>
	</header>

	<div class="main" id="main">

		<noscript><section class="section">You need to enable JavaScript to use this page; sorry!</section></noscript>

	</div>

</div>

<script defer nomodule src="//play.pokemonshowdown.com/js/lib/ps-polyfill.js"></script>
<script defer src="//play.pokemonshowdown.com/js/lib/preact.min.js"></script>

<script defer src="//play.pokemonshowdown.com/config/config.js?6dec07f6"></script>
<script defer src="//play.pokemonshowdown.com/js/lib/jquery-1.11.0.min.js"></script>
<script defer src="//play.pokemonshowdown.com/js/lib/html-sanitizer-minified.js"></script>
<script defer src="//play.pokemonshowdown.com/js/battle-sound.js"></script>
<script defer src="//play.pokemonshowdown.com/js/battledata.js?0.6315294753075389"></script>
<script defer src="//play.pokemonshowdown.com/data/pokedex-mini.js?0.7603743185311358"></script>
<script defer src="//play.pokemonshowdown.com/data/pokedex-mini-bw.js?0.030888842834281283"></script>
<script defer src="//play.pokemonshowdown.com/data/graphics.js?0.05593094747507488"></script>
<script defer src="//play.pokemonshowdown.com/data/pokedex.js?0.47064822249611904"></script>
<script defer src="//play.pokemonshowdown.com/data/moves.js?0.8583693120512459"></script>
<script defer src="//play.pokemonshowdown.com/data/abilities.js?0.16017181182386842"></script>
<script defer src="//play.pokemonshowdown.com/data/items.js?0.4163379185673943"></script>
<script defer src="//play.pokemonshowdown.com/data/teambuilder-tables.js?0.31075597372830477"></script>
<script defer src="//play.pokemonshowdown.com/js/battle-tooltips.js?0.6536193500708172"></script>
<script defer src="//play.pokemonshowdown.com/js/battle.js?0.1916591943277901"></script>

<script defer src="js/utils.js?e31f9a17"></script>
<script defer src="js/replays-battle.js?7008c182"></script>

<!-- don't scrape this data! just add .json or .log after the URL!
Full API docs: https://github.com/smogon/pokemon-showdown-client/blob/master/WEB-API.md -->
<script type="text/plain" class="log" id="replaylog-smogtours-gen3ou-793806">
|inactive|Battle timer is ON: inactive players will automatically lose when time's up.
|t:|1727809749
|gametype|singles
|player|p1|diegoyuhhi|allister|
|player|p2|Yoink 0|kukui|
|teamsize|p1|6
|teamsize|p2|6
|gen|3
|tier|[Gen 3] OU
|rule|Sleep Clause Mod: Limit one foe put to sleep
|rule|Switch Priority Clause Mod: Faster Pokémon switch first
|rule|Species Clause: Limit one of each Pokémon
|rule|OHKO Clause: OHKO moves are banned
|rule|Evasion Items Clause: Evasion items are banned
|rule|Evasion Moves Clause: Evasion moves are banned
|rule|Endless Battle Clause: Forcing endless battles is banned
|rule|HP Percentage Mod: HP is shown in percentages
|rule|One Boost Passer Clause: Limit one Baton Passer that has a way to boost its stats
|rule|Freeze Clause Mod: Limit one foe frozen
|
|t:|1727809749
|start
|switch|p1a: Metagross|Metagross|100/100
|switch|p2a: Salamence|Salamence, M|100/100
|-ability|p2a: Salamence|Intimidate|boost
|-fail|p1a: Metagross|unboost|[from] ability: Clear Body|[of] p1a: Metagross
|turn|1
|
|t:|1727809757
|switch|p2a: Metagross|Metagross|100/100
|move|p1a: Metagross|Meteor Mash|p2a: Metagross
|-resisted|p2a: Metagross
|-damage|p2a: Metagross|60/100
|-boost|p1a: Metagross|atk|1
|
|upkeep
|turn|2
|inactive|diegoyuhhi has 270 seconds left.
|
|t:|1727809794
|move|p2a: Metagross|Earthquake|p1a: Metagross
|-supereffective|p1a: Metagross
|-damage|p1a: Metagross|3/100
|move|p1a: Metagross|Meteor Mash|p2a: Metagross
|-resisted|p2a: Metagross
|-damage|p2a: Metagross|7/100
|
|upkeep
|turn|3
|inactive|diegoyuhhi has 270 seconds left.
|
|t:|1727809801
|move|p2a: Metagross|Earthquake|p1a: Metagross
|-supereffective|p1a: Metagross
|-damage|p1a: Metagross|0 fnt
|faint|p1a: Metagross
|inactive|diegoyuhhi has 270 seconds left.
|
|t:|1727809810
|switch|p1a: Jirachi|Jirachi|100/100
|
|upkeep
|turn|4
|
|t:|1727809821
|switch|p2a: Suicune|Suicune|100/100
|move|p1a: Jirachi|Fire Punch|p2a: Suicune
|-resisted|p2a: Suicune
|-damage|p2a: Suicune|93/100
|
|-heal|p2a: Suicune|99/100|[from] item: Leftovers
|upkeep
|turn|5
|
|t:|1727809832
|switch|p1a: Celebi|Celebi|100/100
|switch|p2a: Hariyama|Hariyama, M|100/100
|
|upkeep
|turn|6
|
|t:|1727809840
|move|p1a: Celebi|Calm Mind|p1a: Celebi
|-boost|p1a: Celebi|spa|1
|-boost|p1a: Celebi|spd|1
|move|p2a: Hariyama|Knock Off|p1a: Celebi
|-supereffective|p1a: Celebi
|-damage|p1a: Celebi|98/100
|-enditem|p1a: Celebi|Leftovers|[from] move: Knock Off|[of] p2a: Hariyama
|-hint|In Gens 3-4, Knock Off only makes the target's item unusable; it cannot obtain a new item.
|
|upkeep
|turn|7
|
|t:|1727809857
|switch|p2a: Aerodactyl|Aerodactyl, M|100/100
|move|p1a: Celebi|Psychic|p2a: Aerodactyl
|-damage|p2a: Aerodactyl|9/100
|-unboost|p2a: Aerodactyl|spd|1
|
|upkeep
|turn|8
|
|t:|1727809868
|switch|p1a: Porygon2|Porygon2|100/100
|-ability|p1a: Porygon2|Rock Head|[from] ability: Trace|[of] p2a: Aerodactyl
|move|p2a: Aerodactyl|Earthquake|p1a: Porygon2
|-damage|p1a: Porygon2|67/100
|
|-heal|p1a: Porygon2|73/100|[from] item: Leftovers
|upkeep
|turn|9
|
|t:|1727809879
|switch|p2a: Hariyama|Hariyama, M|100/100
|move|p1a: Porygon2|Hidden Power|p2a: Hariyama
|-damage|p2a: Hariyama|84/100
|
|-heal|p2a: Hariyama|90/100|[from] item: Leftovers
|-heal|p1a: Porygon2|79/100|[from] item: Leftovers
|upkeep
|turn|10
|
|t:|1727809887
|-singleturn|p2a: Hariyama|move: Focus Punch
|switch|p1a: Celebi|Celebi|98/100
|move|p2a: Hariyama|Focus Punch|p1a: Celebi
|-resisted|p1a: Celebi
|-damage|p1a: Celebi|60/100
|
|-heal|p2a: Hariyama|96/100|[from] item: Leftovers
|upkeep
|turn|11
|
|t:|1727809912
|switch|p2a: Metagross|Metagross|7/100
|move|p1a: Celebi|Psychic|p2a: Metagross
|-resisted|p2a: Metagross
|-damage|p2a: Metagross|0 fnt
|faint|p2a: Metagross
|
|t:|1727809914
|switch|p2a: Aerodactyl|Aerodactyl, M|9/100
|
|upkeep
|turn|12
|
|t:|1727809921
|switch|p2a: Hariyama|Hariyama, M|96/100
|switch|p1a: Jirachi|Jirachi|100/100
|
|-heal|p2a: Hariyama|100/100|[from] item: Leftovers
|upkeep
|turn|13
|
|t:|1727809926
|move|p1a: Jirachi|Psychic|p2a: Hariyama
|-supereffective|p2a: Hariyama
|-damage|p2a: Hariyama|36/100
|move|p2a: Hariyama|Knock Off|p1a: Jirachi
|-damage|p1a: Jirachi|99/100
|-enditem|p1a: Jirachi|Leftovers|[from] move: Knock Off|[of] p2a: Hariyama
|
|-heal|p2a: Hariyama|42/100|[from] item: Leftovers
|upkeep
|turn|14
|
|t:|1727809933
|switch|p2a: Salamence|Salamence, M|100/100
|-ability|p2a: Salamence|Intimidate|boost
|-unboost|p1a: Jirachi|atk|1
|move|p1a: Jirachi|Psychic|p2a: Salamence
|-damage|p2a: Salamence|52/100
|
|-heal|p2a: Salamence|59/100|[from] item: Leftovers
|upkeep
|turn|15
|
|t:|1727809947
|switch|p1a: Porygon2|Porygon2|79/100
|-ability|p1a: Porygon2|Intimidate|[from] ability: Trace|[of] p2a: Salamence
|move|p2a: Salamence|Wish|p2a: Salamence
|
|-heal|p2a: Salamence|65/100|[from] item: Leftovers
|-heal|p1a: Porygon2|85/100|[from] item: Leftovers
|upkeep
|turn|16
|
|t:|1727809956
|switch|p2a: Hariyama|Hariyama, M|42/100
|switch|p1a: Celebi|Celebi|60/100
|
|-heal|p2a: Hariyama|92/100|[from] move: Wish|[wisher] Salamence
|-heal|p2a: Hariyama|98/100|[from] item: Leftovers
|upkeep
|turn|17
|
|t:|1727809965
|move|p1a: Celebi|Psychic|p2a: Hariyama
|-supereffective|p2a: Hariyama
|-damage|p2a: Hariyama|25/100
|move|p2a: Hariyama|Hidden Power|p1a: Celebi
|-supereffective|p1a: Celebi
|-damage|p1a: Celebi|17/100
|
|-heal|p2a: Hariyama|31/100|[from] item: Leftovers
|upkeep
|turn|18
|
|t:|1727809970
|switch|p2a: Claydol|Claydol|100/100
|move|p1a: Celebi|Psychic|p2a: Claydol
|-resisted|p2a: Claydol
|-damage|p2a: Claydol|84/100
|
|-heal|p2a: Claydol|90/100|[from] item: Leftovers
|upkeep
|turn|19
|
|t:|1727809975
|switch|p2a: Salamence|Salamence, M|65/100
|-ability|p2a: Salamence|Intimidate|boost
|-unboost|p1a: Celebi|atk|1
|move|p1a: Celebi|Giga Drain|p2a: Salamence
|-resisted|p2a: Salamence
|-damage|p2a: Salamence|56/100
|-heal|p1a: Celebi|21/100|[from] drain|[of] p2a: Salamence
|
|-heal|p2a: Salamence|62/100|[from] item: Leftovers
|upkeep
|turn|20
|
|t:|1727809982
|switch|p2a: Hariyama|Hariyama, M|31/100
|move|p1a: Celebi|Psychic|p2a: Hariyama
|-supereffective|p2a: Hariyama
|-crit|p2a: Hariyama
|-damage|p2a: Hariyama|0 fnt
|faint|p2a: Hariyama
|
|t:|1727809986
|switch|p2a: Salamence|Salamence, M|62/100
|-ability|p2a: Salamence|Intimidate|boost
|-unboost|p1a: Celebi|atk|1
|
|-heal|p2a: Salamence|68/100|[from] item: Leftovers
|upkeep
|turn|21
|
|t:|1727809992
|move|p1a: Celebi|Psychic|p2a: Salamence
|-damage|p2a: Salamence|19/100
|move|p2a: Salamence|Dragon Claw|p1a: Celebi
|-crit|p1a: Celebi
|-damage|p1a: Celebi|0 fnt
|faint|p1a: Celebi
|
|t:|1727810016
|switch|p1a: Porygon2|Porygon2|85/100
|-ability|p1a: Porygon2|Intimidate|[from] ability: Trace|[of] p2a: Salamence
|
|-heal|p2a: Salamence|25/100|[from] item: Leftovers
|-heal|p1a: Porygon2|92/100|[from] item: Leftovers
|upkeep
|turn|22
|
|t:|1727810024
|switch|p2a: Claydol|Claydol|90/100
|move|p1a: Porygon2|Toxic|p2a: Claydol
|-status|p2a: Claydol|tox
|
|-heal|p2a: Claydol|96/100 tox|[from] item: Leftovers
|-damage|p2a: Claydol|90/100 tox|[from] psn
|-heal|p1a: Porygon2|98/100|[from] item: Leftovers
|upkeep
|turn|23
|
|t:|1727810031
|move|p2a: Claydol|Earthquake|p1a: Porygon2
|-damage|p1a: Porygon2|68/100
|move|p1a: Porygon2|Ice Beam|p2a: Claydol
|-supereffective|p2a: Claydol
|-damage|p2a: Claydol|46/100 tox
|
|-heal|p2a: Claydol|52/100 tox|[from] item: Leftovers
|-damage|p2a: Claydol|40/100 tox|[from] psn
|-heal|p1a: Porygon2|74/100|[from] item: Leftovers
|upkeep
|turn|24
|
|t:|1727810036
|move|p2a: Claydol|Earthquake|p1a: Porygon2
|-damage|p1a: Porygon2|46/100
|move|p1a: Porygon2|Recover|p1a: Porygon2
|-heal|p1a: Porygon2|95/100
|
|-heal|p2a: Claydol|46/100 tox|[from] item: Leftovers
|-damage|p2a: Claydol|27/100 tox|[from] psn
|-heal|p1a: Porygon2|100/100|[from] item: Leftovers
|upkeep
|turn|25
|
|t:|1727810047
|switch|p1a: Jirachi|Jirachi|99/100
|move|p2a: Claydol|Explosion|p1a: Jirachi
|-resisted|p1a: Jirachi
|-damage|p1a: Jirachi|47/100
|faint|p2a: Claydol
|
|t:|1727810056
|switch|p2a: Aerodactyl|Aerodactyl, M|9/100
|
|upkeep
|turn|26
|
|t:|1727810071
|switch|p2a: Suicune|Suicune|99/100
|switch|p1a: Porygon2|Porygon2|100/100
|-ability|p1a: Porygon2|Pressure|[from] ability: Trace|[of] p2a: Suicune
|
|-heal|p2a: Suicune|100/100|[from] item: Leftovers
|upkeep
|turn|27
|
|t:|1727810077
|move|p2a: Suicune|Calm Mind|p2a: Suicune
|-boost|p2a: Suicune|spa|1
|-boost|p2a: Suicune|spd|1
|move|p1a: Porygon2|Toxic|p2a: Suicune
|-status|p2a: Suicune|tox
|
|-damage|p2a: Suicune|94/100 tox|[from] psn
|upkeep
|turn|28
|
|t:|1727810098
|switch|p1a: Jirachi|Jirachi|47/100
|move|p2a: Suicune|Calm Mind|p2a: Suicune
|-boost|p2a: Suicune|spa|1
|-boost|p2a: Suicune|spd|1
|
|-heal|p2a: Suicune|100/100 tox|[from] item: Leftovers
|-damage|p2a: Suicune|88/100 tox|[from] psn
|upkeep
|turn|29
|
|t:|1727810105
|move|p1a: Jirachi|Substitute|p1a: Jirachi
|-start|p1a: Jirachi|Substitute
|-damage|p1a: Jirachi|22/100
|move|p2a: Suicune|Surf|p1a: Jirachi
|-crit|p1a: Jirachi
|-end|p1a: Jirachi|Substitute
|
|-heal|p2a: Suicune|94/100 tox|[from] item: Leftovers
|-damage|p2a: Suicune|76/100 tox|[from] psn
|upkeep
|turn|30
|
|t:|1727810117
|move|p1a: Jirachi|Psychic|p2a: Suicune
|-damage|p2a: Suicune|63/100 tox
|-unboost|p2a: Suicune|spd|1
|move|p2a: Suicune|Rest|p2a: Suicune
|-status|p2a: Suicune|slp|[from] move: Rest
|-heal|p2a: Suicune|100/100 slp|[silent]
|
|upkeep
|turn|31
|
|t:|1727810120
|switch|p1a: Raikou|Raikou|100/100
|cant|p2a: Suicune|slp
|
|upkeep
|turn|32
|
|t:|1727810126
|cant|p2a: Suicune|slp
|move|p1a: Raikou|Roar|p2a: Suicune
|drag|p2a: Salamence|Salamence, M|25/100
|-ability|p2a: Salamence|Intimidate|boost
|-unboost|p1a: Raikou|atk|1
|
|-heal|p2a: Salamence|31/100|[from] item: Leftovers
|upkeep
|turn|33
|
|t:|1727810134
|move|p1a: Raikou|Thunderbolt|p2a: Salamence
|-crit|p2a: Salamence
|-damage|p2a: Salamence|0 fnt
|faint|p2a: Salamence
|
|t:|1727810135
|switch|p2a: Aerodactyl|Aerodactyl, M|9/100
|
|upkeep
|turn|34
|
|t:|1727810144
|switch|p1a: Jirachi|Jirachi|22/100
|move|p2a: Aerodactyl|Rock Slide|p1a: Jirachi
|-resisted|p1a: Jirachi
|-damage|p1a: Jirachi|3/100
|
|upkeep
|turn|35
|
|t:|1727810148
|move|p2a: Aerodactyl|Rock Slide|p1a: Jirachi
|-resisted|p1a: Jirachi
|-damage|p1a: Jirachi|0 fnt
|faint|p1a: Jirachi
|
|t:|1727810166
|switch|p1a: Raikou|Raikou|100/100
|
|upkeep
|turn|36
|
|t:|1727810171
|move|p2a: Aerodactyl|Rock Slide|p1a: Raikou
|-crit|p1a: Raikou
|-damage|p1a: Raikou|0 fnt
|faint|p1a: Raikou
|
|t:|1727810179
|switch|p1a: Suicune|Suicune|100/100
|
|upkeep
|turn|37
|
|t:|1727810184
|move|p2a: Aerodactyl|Rock Slide|p1a: Suicune
|-damage|p1a: Suicune|63/100
|move|p1a: Suicune|Surf|p2a: Aerodactyl
|-supereffective|p2a: Aerodactyl
|-damage|p2a: Aerodactyl|0 fnt
|faint|p2a: Aerodactyl
|
|t:|1727810187
|switch|p2a: Suicune|Suicune|100/100 slp
|
|-heal|p1a: Suicune|69/100|[from] item: Leftovers
|upkeep
|turn|38
|
|t:|1727810192
|move|p1a: Suicune|Substitute|p1a: Suicune
|-start|p1a: Suicune|Substitute
|-damage|p1a: Suicune|44/100
|-curestatus|p2a: Suicune|slp|[msg]
|move|p2a: Suicune|Calm Mind|p2a: Suicune
|-boost|p2a: Suicune|spa|1
|-boost|p2a: Suicune|spd|1
|
|-heal|p1a: Suicune|50/100|[from] item: Leftovers
|upkeep
|turn|39
|
|t:|1727810195
|move|p1a: Suicune|Calm Mind|p1a: Suicune
|-boost|p1a: Suicune|spa|1
|-boost|p1a: Suicune|spd|1
|move|p2a: Suicune|Calm Mind|p2a: Suicune
|-boost|p2a: Suicune|spa|1
|-boost|p2a: Suicune|spd|1
|
|-heal|p1a: Suicune|57/100|[from] item: Leftovers
|upkeep
|turn|40
|
|t:|1727810198
|move|p1a: Suicune|Calm Mind|p1a: Suicune
|-boost|p1a: Suicune|spa|1
|-boost|p1a: Suicune|spd|1
|move|p2a: Suicune|Calm Mind|p2a: Suicune
|-boost|p2a: Suicune|spa|1
|-boost|p2a: Suicune|spd|1
|
|-heal|p1a: Suicune|63/100|[from] item: Leftovers
|upkeep
|turn|41
|
|t:|1727810200
|move|p1a: Suicune|Calm Mind|p1a: Suicune
|-boost|p1a: Suicune|spa|1
|-boost|p1a: Suicune|spd|1
|move|p2a: Suicune|Calm Mind|p2a: Suicune
|-boost|p2a: Suicune|spa|1
|-boost|p2a: Suicune|spd|1
|
|-heal|p1a: Suicune|69/100|[from] item: Leftovers
|upkeep
|turn|42
|
|t:|1727810202
|move|p1a: Suicune|Calm Mind|p1a: Suicune
|-boost|p1a: Suicune|spa|1
|-boost|p1a: Suicune|spd|1
|move|p2a: Suicune|Calm Mind|p2a: Suicune
|-boost|p2a: Suicune|spa|1
|-boost|p2a: Suicune|spd|1
|
|-heal|p1a: Suicune|75/100|[from] item: Leftovers
|upkeep
|turn|43
|
|t:|1727810204
|move|p1a: Suicune|Calm Mind|p1a: Suicune
|-boost|p1a: Suicune|spa|1
|-boost|p1a: Suicune|spd|1
|move|p2a: Suicune|Calm Mind|p2a: Suicune
|-boost|p2a: Suicune|spa|1
|-boost|p2a: Suicune|spd|1
|
|-heal|p1a: Suicune|81/100|[from] item: Leftovers
|upkeep
|turn|44
|
|t:|1727810208
|move|p1a: Suicune|Calm Mind|p1a: Suicune
|-boost|p1a: Suicune|spa|1
|-boost|p1a: Suicune|spd|1
|move|p2a: Suicune|Roar|p1a: Suicune
|drag|p1a: Porygon2|Porygon2|100/100
|-ability|p1a: Porygon2|Pressure|[from] ability: Trace|[of] p2a: Suicune
|
|upkeep
|turn|45
|
|t:|1727810211
|move|p2a: Suicune|Surf|p1a: Porygon2
|-damage|p1a: Porygon2|0 fnt
|faint|p1a: Porygon2
|
|t:|1727810214
|switch|p1a: Suicune|Suicune|81/100
|
|-heal|p1a: Suicune|88/100|[from] item: Leftovers
|upkeep
|turn|46
|
|t:|1727810217
|move|p1a: Suicune|Calm Mind|p1a: Suicune
|-boost|p1a: Suicune|spa|1
|-boost|p1a: Suicune|spd|1
|move|p2a: Suicune|Surf|p1a: Suicune
|-resisted|p1a: Suicune
|-damage|p1a: Suicune|60/100
|
|-heal|p1a: Suicune|66/100|[from] item: Leftovers
|upkeep
|turn|47
|
|t:|1727810220
|move|p1a: Suicune|Calm Mind|p1a: Suicune
|-boost|p1a: Suicune|spa|1
|-boost|p1a: Suicune|spd|1
|move|p2a: Suicune|Surf|p1a: Suicune
|-resisted|p1a: Suicune
|-damage|p1a: Suicune|46/100
|
|-heal|p1a: Suicune|52/100|[from] item: Leftovers
|upkeep
|turn|48
|
|t:|1727810223
|move|p1a: Suicune|Substitute|p1a: Suicune
|-start|p1a: Suicune|Substitute
|-damage|p1a: Suicune|27/100
|move|p2a: Suicune|Surf|p1a: Suicune
|-resisted|p1a: Suicune
|-activate|p1a: Suicune|Substitute|[damage]
|
|-heal|p1a: Suicune|33/100|[from] item: Leftovers
|upkeep
|turn|49
|
|t:|1727810230
|move|p1a: Suicune|Calm Mind|p1a: Suicune
|-boost|p1a: Suicune|spa|1
|-boost|p1a: Suicune|spd|1
|move|p2a: Suicune|Surf|p1a: Suicune
|-resisted|p1a: Suicune
|-end|p1a: Suicune|Substitute
|
|-heal|p1a: Suicune|39/100|[from] item: Leftovers
|upkeep
|turn|50
|
|t:|1727810234
|move|p1a: Suicune|Substitute|p1a: Suicune
|-start|p1a: Suicune|Substitute
|-damage|p1a: Suicune|14/100
|move|p2a: Suicune|Surf|p1a: Suicune
|-resisted|p1a: Suicune
|-activate|p1a: Suicune|Substitute|[damage]
|
|-heal|p1a: Suicune|21/100|[from] item: Leftovers
|upkeep
|turn|51
|
|t:|1727810238
|move|p1a: Suicune|Calm Mind|p1a: Suicune
|-boost|p1a: Suicune|spa|1
|-boost|p1a: Suicune|spd|1
|move|p2a: Suicune|Surf|p1a: Suicune
|-resisted|p1a: Suicune
|-end|p1a: Suicune|Substitute
|
|-heal|p1a: Suicune|27/100|[from] item: Leftovers
|upkeep
|turn|52
|
|t:|1727810241
|move|p1a: Suicune|Substitute|p1a: Suicune
|-start|p1a: Suicune|Substitute
|-damage|p1a: Suicune|2/100
|move|p2a: Suicune|Surf|p1a: Suicune
|-resisted|p1a: Suicune
|-activate|p1a: Suicune|Substitute|[damage]
|
|-heal|p1a: Suicune|8/100|[from] item: Leftovers
|upkeep
|turn|53
|
|t:|1727810243
|move|p1a: Suicune|Calm Mind|p1a: Suicune
|-boost|p1a: Suicune|spa|1
|-boost|p1a: Suicune|spd|1
|move|p2a: Suicune|Surf|p1a: Suicune
|-resisted|p1a: Suicune
|-end|p1a: Suicune|Substitute
|
|-heal|p1a: Suicune|14/100|[from] item: Leftovers
|upkeep
|turn|54
|inactive|diegoyuhhi has 270 seconds left.
|
|t:|1727810277
|move|p1a: Suicune|Calm Mind|p1a: Suicune
|-boost|p1a: Suicune|spa|1
|-boost|p1a: Suicune|spd|1
|move|p2a: Suicune|Surf|p1a: Suicune
|-resisted|p1a: Suicune
|-damage|p1a: Suicune|3/100
|
|-heal|p1a: Suicune|9/100|[from] item: Leftovers
|upkeep
|turn|55
|
|t:|1727810282
|move|p1a: Suicune|Ice Beam|p2a: Suicune
|-resisted|p2a: Suicune
|-crit|p2a: Suicune
|-damage|p2a: Suicune|29/100
|move|p2a: Suicune|Surf|p1a: Suicune
|-resisted|p1a: Suicune
|-damage|p1a: Suicune|0 fnt
|faint|p1a: Suicune
|
|win|Yoink 0
|c|☆Yoink 0|gg
|c|☆diegoyuhhi|gg
|player|p1|

</script>
<script type="application/json" class="data" id="replaydata-smogtours-gen3ou-793806">
{"id":"smogtours-gen3ou-793806","format":"[Gen 3] OU","players":["diegoyuhhi","Yoink 0"],"uploadtime":1727810282,"views":133,"formatid":"gen3ou","rating":null,"private":0,"password":null}
</script>

<script defer src="js/replays.js?9d40a366"></script>
