<!DOCTYPE html>
<meta charset="utf-8" />
<meta name="viewport" content="width=device-width" />

<title>[Gen 3] OU: Euph0riADV vs. ADV TechSupport - Replays - Pok&eacute;mon Showdown!</title>

<meta name="description" content="Watch a replay of a Pok&eacute;mon battle between Euph0riADV and ADV TechSupport! Format: [Gen 3] OU; Date: Oct 10, 2024" />
<!--

Hey, you! Looking in the source for the replay log?

You can find them in JSON format, just add `.json` at the end of a replay URL.

https://replay.pokemonshowdown.com/gen7randomdoublesbattle-865046831.json

Or, if you only need the log itself, add `.log` instead:

https://replay.pokemonshowdown.com/gen7randomdoublesbattle-865046831.log

-->

<link rel="stylesheet" href="//pokemonshowdown.com/style/global.css?0.023195364461161105" />
<link rel="stylesheet" href="//play.pokemonshowdown.com/style/font-awesome.css?0.13261647063804238" />
<link rel="stylesheet" href="//play.pokemonshowdown.com/style/battle.css?0.8753245789963631" />
<link rel="stylesheet" href="//play.pokemonshowdown.com/style/utilichart.css?0.8627959624976733" />

<!-- Global site tag (gtag.js) - Google Analytics -->
<script async src="https://www.googletagmanager.com/gtag/js?id=UA-26211653-1"></script>
<script>
  window.dataLayer = window.dataLayer || [];
  function gtag(){dataLayer.push(arguments);}
  gtag('js', new Date());

  gtag('config', 'UA-26211653-1');
</script>
<!-- End Google Analytics -->
<!-- Venatus Ad Manager - Install in <HEAD> of page -->
	<script src="https://hb.vntsm.com/v3/live/ad-manager.min.js" type="text/javascript" data-site-id="642aba63ec9a7b11c3c9c1be" data-mode="scan" async></script>
<!-- / Venatus Ad Manager -->

<style>
	@media (max-width:820px) {
		.battle {
			margin: 0 auto;
		}
		.battle-log {
			margin: 7px auto 0;
			max-width: 640px;
			height: 300px;
			position: static;
		}
	}
	.optgroup {
		display: inline-block;
		line-height: 22px;
		font-size: 10pt;
	}
	.optgroup .button {
		height: 25px;
		padding-top: 0;
		padding-bottom: 0;
	}
	.optgroup button.button {
		padding-left: 12px;
		padding-right: 12px;
	}
	.linklist {
		list-style: none;
		margin: 0.5em 0;
		padding: 0;
	}
	.linklist li {
		padding: 2px 0;
	}
	.sidebar {
		float: left;
		width: 320px;
	}
	.bar-wrapper {
		max-width: 1100px;
		margin: 0 auto;
	}
	.bar-wrapper.has-sidebar {
		max-width: 1430px;
	}
	.mainbar {
		margin: 0;
		padding-right: 1px;
	}
	.mainbar.has-sidebar {
		margin-left: 330px;
	}
	@media (min-width: 1511px) {
		.sidebar {
			width: 400px;
		}
		.bar-wrapper.has-sidebar {
			max-width: 1510px;
		}
		.mainbar.has-sidebar {
			margin-left: 410px;
		}
	}
	.section.first-section {
		margin-top: 9px;
	}
	.blocklink small {
		white-space: normal;
	}
	.button {
		vertical-align: middle;
	}
	.replay-controls {
		padding-top: 10px;
	}
	.replay-controls h1 {
		font-size: 16pt;
		font-weight: normal;
		color: #CCC;
	}
	.pagelink {
		text-align: center;
	}
	.pagelink a {
		width: 150px;
	}
	.textbox, .button {
		font-size: 11pt;
		vertical-align: middle;
	}
	@media (max-width: 450px) {
		.button {
			font-size: 9pt;
		}
	}
</style>

<div>

	<header>
		<div class="nav-wrapper"><ul class="nav">
			<li><a class="button nav-first" href="//pokemonshowdown.com/"><img src="//pokemonshowdown.com/images/pokemonshowdownbeta.png" srcset="//pokemonshowdown.com/images/pokemonshowdownbeta.png 1x, //pokemonshowdown.com/images/pokemonshowdownbeta@2x.png 2x" alt="Pok&eacute;mon Showdown" width="146" height="44" /> Home</a></li>
			<li><a class="button" href="//pokemonshowdown.com/dex/">Pok&eacute;dex</a></li>
			<li><a class="button cur" href="/">Replays</a></li>
			<li><a class="button" href="//pokemonshowdown.com/ladder/">Ladder</a></li>
			<li><a class="button nav-last" href="//pokemonshowdown.com/forums/">Forum</a></li>
			<li><a class="button greenbutton nav-first nav-last" href="//play.pokemonshowdown.com/">Play</a></li>
		</ul></div>
	</header>

	<div class="main" id="main">

		<noscript><section class="section">You need to enable JavaScript to use this page; sorry!</section></noscript>

	</div>

</div>

<script defer nomodule src="//play.pokemonshowdown.com/js/lib/ps-polyfill.js"></script>
<script defer src="//play.pokemonshowdown.com/js/lib/preact.min.js"></script>

<script defer src="//play.pokemonshowdown.com/config/config.js?2bddbc15"></script>
<script defer src="//play.pokemonshowdown.com/js/lib/jquery-1.11.0.min.js"></script>
<script defer src="//play.pokemonshowdown.com/js/lib/html-sanitizer-minified.js"></script>
<script defer src="//play.pokemonshowdown.com/js/battle-sound.js"></script>
<script defer src="//play.pokemonshowdown.com/js/battledata.js?0.7209276989879541"></script>
<script defer src="//play.pokemonshowdown.com/data/pokedex-mini.js?0.6111056340867951"></script>
<script defer src="//play.pokemonshowdown.com/data/pokedex-mini-bw.js?0.3532142036491459"></script>
<script defer src="//play.pokemonshowdown.com/data/graphics.js?0.24223875632456182"></script>
<script defer src="//play.pokemonshowdown.com/data/pokedex.js?0.38839984266356864"></script>
<script defer src="//play.pokemonshowdown.com/data/moves.js?0.21866028504024015"></script>
<script defer src="//play.pokemonshowdown.com/data/abilities.js?0.2005157953846628"></script>
<script defer src="//play.pokemonshowdown.com/data/items.js?0.9894211263848525"></script>
<script defer src="//play.pokemonshowdown.com/data/teambuilder-tables.js?0.6008791140282215"></script>
<script defer src="//play.pokemonshowdown.com/js/battle-tooltips.js?0.7580118955022959"></script>
<script defer src="//play.pokemonshowdown.com/js/battle.js?0.6057722274234274"></script>

<script defer src="js/utils.js?e31f9a17"></script>
<script defer src="js/replays-battle.js?7008c182"></script>

<!-- don't scrape this data! just add .json or .log after the URL!
Full API docs: https://github.com/smogon/pokemon-showdown-client/blob/master/WEB-API.md -->
<script type="text/plain" class="log" id="replaylog-smogtours-gen3ou-796853">
|inactive|Battle timer is ON: inactive players will automatically lose when time's up.
|t:|1728526353
|gametype|singles
|player|p1|Euph0riADV|169|
|player|p2|ADV TechSupport|burglar|
|teamsize|p1|6
|teamsize|p2|6
|gen|3
|tier|[Gen 3] OU
|rule|Sleep Clause Mod: Limit one foe put to sleep
|rule|Switch Priority Clause Mod: Faster Pokémon switch first
|rule|Species Clause: Limit one of each Pokémon
|rule|OHKO Clause: OHKO moves are banned
|rule|Evasion Items Clause: Evasion items are banned
|rule|Evasion Moves Clause: Evasion moves are banned
|rule|Endless Battle Clause: Forcing endless battles is banned
|rule|HP Percentage Mod: HP is shown in percentages
|rule|One Boost Passer Clause: Limit one Baton Passer that has a way to boost its stats
|rule|Freeze Clause Mod: Limit one foe frozen
|
|t:|1728526353
|start
|switch|p1a: Black Serotonin|Tyranitar, M, shiny|100/100
|switch|p2a: Tyranitar|Tyranitar, M|100/100
|-weather|Sandstorm|[from] ability: Sand Stream|[of] p2a: Tyranitar
|turn|1
|
|t:|1728526375
|switch|p2a: Swampert|Swampert, M|100/100
|move|p1a: Black Serotonin|Crunch|p2a: Swampert
|-damage|p2a: Swampert|70/100
|
|-weather|Sandstorm|[upkeep]
|-heal|p2a: Swampert|76/100|[from] item: Leftovers
|upkeep
|turn|2
|
|t:|1728526392
|switch|p1a: Railmaster|Forretress, F|100/100
|move|p2a: Swampert|Protect||[still]
|-fail|p2a: Swampert
|
|-weather|Sandstorm|[upkeep]
|-heal|p2a: Swampert|82/100|[from] item: Leftovers
|upkeep
|turn|3
|
|t:|1728526399
|move|p1a: Railmaster|Spikes|p2a: Swampert
|-sidestart|p2: ADV TechSupport|Spikes
|move|p2a: Swampert|Roar|p1a: Railmaster
|drag|p1a: Anti-Eulogy|Salamence, F|100/100
|-ability|p1a: Anti-Eulogy|Intimidate|boost
|-unboost|p2a: Swampert|atk|1
|
|-weather|Sandstorm|[upkeep]
|-damage|p1a: Anti-Eulogy|95/100|[from] Sandstorm
|-heal|p1a: Anti-Eulogy|100/100|[from] item: Leftovers
|-heal|p2a: Swampert|89/100|[from] item: Leftovers
|upkeep
|turn|4
|
|t:|1728526409
|switch|p1a: Missed Injections|Blissey, F, shiny|100/100
|move|p2a: Swampert|Ice Beam|p1a: Missed Injections
|-damage|p1a: Missed Injections|93/100
|
|-weather|Sandstorm|[upkeep]
|-damage|p1a: Missed Injections|87/100|[from] Sandstorm
|-heal|p2a: Swampert|95/100|[from] item: Leftovers
|-heal|p1a: Missed Injections|93/100|[from] item: Leftovers
|upkeep
|turn|5
|
|t:|1728526413
|switch|p2a: Skarmory|Skarmory, F|100/100
|move|p1a: Missed Injections|Seismic Toss|p2a: Skarmory
|-damage|p2a: Skarmory|71/100
|
|-weather|Sandstorm|[upkeep]
|-damage|p1a: Missed Injections|87/100|[from] Sandstorm
|-heal|p2a: Skarmory|77/100|[from] item: Leftovers
|-heal|p1a: Missed Injections|93/100|[from] item: Leftovers
|upkeep
|turn|6
|
|t:|1728526418
|move|p2a: Skarmory|Spikes|p1a: Missed Injections
|-sidestart|p1: Euph0riADV|Spikes
|move|p1a: Missed Injections|Thunder Wave|p2a: Skarmory
|-status|p2a: Skarmory|par
|
|-weather|Sandstorm|[upkeep]
|-damage|p1a: Missed Injections|87/100|[from] Sandstorm
|-heal|p1a: Missed Injections|93/100|[from] item: Leftovers
|-heal|p2a: Skarmory|83/100 par|[from] item: Leftovers
|upkeep
|turn|7
|
|t:|1728526422
|switch|p1a: Railmaster|Forretress, F|100/100
|-damage|p1a: Railmaster|88/100|[from] Spikes
|cant|p2a: Skarmory|par
|
|-weather|Sandstorm|[upkeep]
|-heal|p1a: Railmaster|94/100|[from] item: Leftovers
|-heal|p2a: Skarmory|89/100 par|[from] item: Leftovers
|upkeep
|turn|8
|
|t:|1728526425
|move|p1a: Railmaster|Spikes|p2a: Skarmory
|-sidestart|p2: ADV TechSupport|Spikes
|move|p2a: Skarmory|Spikes|p1a: Railmaster
|-sidestart|p1: Euph0riADV|Spikes
|
|-weather|Sandstorm|[upkeep]
|-heal|p1a: Railmaster|100/100|[from] item: Leftovers
|-heal|p2a: Skarmory|95/100 par|[from] item: Leftovers
|upkeep
|turn|9
|
|t:|1728526427
|move|p1a: Railmaster|Rapid Spin|p2a: Skarmory
|-resisted|p2a: Skarmory
|-damage|p2a: Skarmory|93/100 par
|-sideend|p1: Euph0riADV|Spikes|[from] move: Rapid Spin|[of] p1a: Railmaster
|move|p2a: Skarmory|Spikes|p1a: Railmaster
|-sidestart|p1: Euph0riADV|Spikes
|
|-weather|Sandstorm|[upkeep]
|-heal|p2a: Skarmory|99/100 par|[from] item: Leftovers
|upkeep
|turn|10
|
|t:|1728526430
|switch|p2a: Charizard|Charizard, M|100/100
|move|p1a: Railmaster|Spikes|p2a: Charizard
|-sidestart|p2: ADV TechSupport|Spikes
|
|-weather|Sandstorm|[upkeep]
|-damage|p2a: Charizard|94/100|[from] Sandstorm
|-heal|p2a: Charizard|100/100|[from] item: Leftovers
|upkeep
|turn|11
|
|t:|1728526439
|switch|p1a: Black Serotonin|Tyranitar, M, shiny|100/100
|-damage|p1a: Black Serotonin|88/100|[from] Spikes
|move|p2a: Charizard|Substitute|p2a: Charizard
|-start|p2a: Charizard|Substitute
|-damage|p2a: Charizard|76/100
|
|-weather|Sandstorm|[upkeep]
|-damage|p2a: Charizard|70/100|[from] Sandstorm
|-heal|p2a: Charizard|76/100|[from] item: Leftovers
|-heal|p1a: Black Serotonin|94/100|[from] item: Leftovers
|upkeep
|turn|12
|
|t:|1728526443
|-singleturn|p2a: Charizard|move: Focus Punch
|move|p1a: Black Serotonin|Crunch|p2a: Charizard
|-end|p2a: Charizard|Substitute
|move|p2a: Charizard|Focus Punch|p1a: Black Serotonin
|-supereffective|p1a: Black Serotonin
|-damage|p1a: Black Serotonin|8/100
|
|-weather|Sandstorm|[upkeep]
|-damage|p2a: Charizard|70/100|[from] Sandstorm
|-heal|p2a: Charizard|76/100|[from] item: Leftovers
|-heal|p1a: Black Serotonin|14/100|[from] item: Leftovers
|upkeep
|turn|13
|inactive|Euph0riADV has 270 seconds left.
|
|t:|1728526474
|move|p2a: Charizard|Fire Blast|p1a: Black Serotonin
|-resisted|p1a: Black Serotonin
|-damage|p1a: Black Serotonin|0 fnt
|faint|p1a: Black Serotonin
|
|t:|1728526477
|switch|p1a: Anti-Eulogy|Salamence, F|100/100
|-ability|p1a: Anti-Eulogy|Intimidate|boost
|-unboost|p2a: Charizard|atk|1
|
|-weather|Sandstorm|[upkeep]
|-damage|p2a: Charizard|70/100|[from] Sandstorm
|-damage|p1a: Anti-Eulogy|95/100|[from] Sandstorm
|-heal|p2a: Charizard|76/100|[from] item: Leftovers
|-heal|p1a: Anti-Eulogy|100/100|[from] item: Leftovers
|upkeep
|turn|14
|
|t:|1728526478
|move|p2a: Charizard|Hidden Power|p1a: Anti-Eulogy
|-supereffective|p1a: Anti-Eulogy
|-damage|p1a: Anti-Eulogy|0 fnt
|faint|p1a: Anti-Eulogy
|
|t:|1728526492
|switch|p1a: Dis Syndrome|Aerodactyl, M|100/100
|
|-weather|Sandstorm|[upkeep]
|-damage|p2a: Charizard|70/100|[from] Sandstorm
|-heal|p2a: Charizard|76/100|[from] item: Leftovers
|upkeep
|turn|15
|
|t:|1728526496
|switch|p2a: Swampert|Swampert, M|95/100
|-damage|p2a: Swampert|70/100|[from] Spikes
|move|p1a: Dis Syndrome|Rock Slide|p2a: Swampert
|-resisted|p2a: Swampert
|-damage|p2a: Swampert|52/100
|
|-weather|Sandstorm|[upkeep]
|-heal|p2a: Swampert|58/100|[from] item: Leftovers
|upkeep
|turn|16
|
|t:|1728526503
|switch|p1a: Missed Injections|Blissey, F, shiny|93/100
|-damage|p1a: Missed Injections|81/100|[from] Spikes
|move|p2a: Swampert|Protect||[still]
|-fail|p2a: Swampert
|
|-weather|Sandstorm|[upkeep]
|-damage|p1a: Missed Injections|75/100|[from] Sandstorm
|-heal|p2a: Swampert|65/100|[from] item: Leftovers
|-heal|p1a: Missed Injections|81/100|[from] item: Leftovers
|upkeep
|turn|17
|
|t:|1728526508
|switch|p2a: Skarmory|Skarmory, F|99/100 par
|move|p1a: Missed Injections|Thunder Wave|p2a: Skarmory
|-fail|p2a: Skarmory|par
|
|-weather|Sandstorm|[upkeep]
|-damage|p1a: Missed Injections|75/100|[from] Sandstorm
|-heal|p1a: Missed Injections|81/100|[from] item: Leftovers
|-heal|p2a: Skarmory|100/100 par|[from] item: Leftovers
|upkeep
|turn|18
|
|t:|1728526512
|move|p1a: Missed Injections|Seismic Toss|p2a: Skarmory
|-damage|p2a: Skarmory|71/100 par
|move|p2a: Skarmory|Toxic|p1a: Missed Injections
|-status|p1a: Missed Injections|tox
|
|-weather|Sandstorm|[upkeep]
|-damage|p1a: Missed Injections|75/100 tox|[from] Sandstorm
|-heal|p1a: Missed Injections|81/100 tox|[from] item: Leftovers
|-damage|p1a: Missed Injections|75/100 tox|[from] psn
|-heal|p2a: Skarmory|77/100 par|[from] item: Leftovers
|upkeep
|turn|19
|
|t:|1728526521
|move|p1a: Missed Injections|Seismic Toss|p2a: Skarmory
|-damage|p2a: Skarmory|47/100 par
|move|p2a: Skarmory|Roar|p1a: Missed Injections
|-curestatus|p1a: Missed Injections|tox|[from] ability: Natural Cure
|drag|p1a: Dis Syndrome|Aerodactyl, M|100/100
|
|-weather|Sandstorm|[upkeep]
|-heal|p2a: Skarmory|53/100 par|[from] item: Leftovers
|upkeep
|turn|20
|
|t:|1728526529
|move|p1a: Dis Syndrome|Rock Slide|p2a: Skarmory
|-damage|p2a: Skarmory|20/100 par
|move|p2a: Skarmory|Spikes|p1a: Dis Syndrome
|-sidestart|p1: Euph0riADV|Spikes
|
|-weather|Sandstorm|[upkeep]
|-heal|p2a: Skarmory|26/100 par|[from] item: Leftovers
|upkeep
|turn|21
|
|t:|1728526535
|switch|p2a: Jirachi|Jirachi|100/100
|-damage|p2a: Jirachi|75/100|[from] Spikes
|move|p1a: Dis Syndrome|Rock Slide|p2a: Jirachi
|-resisted|p2a: Jirachi
|-damage|p2a: Jirachi|50/100
|
|-weather|Sandstorm|[upkeep]
|-heal|p2a: Jirachi|56/100|[from] item: Leftovers
|upkeep
|turn|22
|
|t:|1728526541
|switch|p1a: Missed Injections|Blissey, F, shiny|75/100
|-damage|p1a: Missed Injections|58/100|[from] Spikes
|move|p2a: Jirachi|Wish|p2a: Jirachi
|
|-weather|Sandstorm|[upkeep]
|-damage|p1a: Missed Injections|52/100|[from] Sandstorm
|-heal|p2a: Jirachi|63/100|[from] item: Leftovers
|-heal|p1a: Missed Injections|58/100|[from] item: Leftovers
|upkeep
|turn|23
|
|t:|1728526547
|move|p2a: Jirachi|Body Slam|p1a: Missed Injections
|-damage|p1a: Missed Injections|40/100
|-status|p1a: Missed Injections|par
|move|p1a: Missed Injections|Thunder Wave|p2a: Jirachi
|-status|p2a: Jirachi|par
|
|-heal|p2a: Jirachi|100/100 par|[from] move: Wish|[wisher] Jirachi
|-weather|Sandstorm|[upkeep]
|-damage|p1a: Missed Injections|34/100 par|[from] Sandstorm
|-heal|p1a: Missed Injections|40/100 par|[from] item: Leftovers
|upkeep
|turn|24
|
|t:|1728526552
|move|p2a: Jirachi|Wish|p2a: Jirachi
|move|p1a: Missed Injections|Soft-Boiled|p1a: Missed Injections
|-heal|p1a: Missed Injections|90/100 par
|
|-weather|Sandstorm|[upkeep]
|-damage|p1a: Missed Injections|84/100 par|[from] Sandstorm
|-heal|p1a: Missed Injections|90/100 par|[from] item: Leftovers
|upkeep
|turn|25
|
|t:|1728526557
|switch|p2a: Skarmory|Skarmory, F|26/100 par
|-curestatus|p1a: Missed Injections|par|[from] ability: Natural Cure
|switch|p1a: Railmaster|Forretress, F|100/100
|-damage|p1a: Railmaster|84/100|[from] Spikes
|
|-heal|p2a: Skarmory|76/100 par|[from] move: Wish|[wisher] Jirachi
|-weather|Sandstorm|[upkeep]
|-heal|p1a: Railmaster|90/100|[from] item: Leftovers
|-heal|p2a: Skarmory|82/100 par|[from] item: Leftovers
|upkeep
|turn|26
|
|t:|1728526560
|switch|p2a: Charizard|Charizard, M|76/100
|move|p1a: Railmaster|Rapid Spin|p2a: Charizard
|-damage|p2a: Charizard|69/100
|-sideend|p1: Euph0riADV|Spikes|[from] move: Rapid Spin|[of] p1a: Railmaster
|
|-weather|Sandstorm|[upkeep]
|-damage|p2a: Charizard|63/100|[from] Sandstorm
|-heal|p2a: Charizard|69/100|[from] item: Leftovers
|-heal|p1a: Railmaster|96/100|[from] item: Leftovers
|upkeep
|turn|27
|
|t:|1728526569
|switch|p1a: Dis Syndrome|Aerodactyl, M|100/100
|move|p2a: Charizard|Substitute|p2a: Charizard
|-start|p2a: Charizard|Substitute
|-damage|p2a: Charizard|44/100
|
|-weather|Sandstorm|[upkeep]
|-damage|p2a: Charizard|38/100|[from] Sandstorm
|-heal|p2a: Charizard|44/100|[from] item: Leftovers
|upkeep
|turn|28
|
|t:|1728526571
|move|p1a: Dis Syndrome|Rock Slide|p2a: Charizard
|-supereffective|p2a: Charizard
|-end|p2a: Charizard|Substitute
|move|p2a: Charizard|Hidden Power|p1a: Dis Syndrome
|-supereffective|p1a: Dis Syndrome
|-damage|p1a: Dis Syndrome|47/100
|
|-weather|Sandstorm|[upkeep]
|-damage|p2a: Charizard|38/100|[from] Sandstorm
|-heal|p2a: Charizard|44/100|[from] item: Leftovers
|upkeep
|turn|29
|
|t:|1728526576
|switch|p2a: Swampert|Swampert, M|65/100
|-damage|p2a: Swampert|40/100|[from] Spikes
|move|p1a: Dis Syndrome|Rock Slide|p2a: Swampert
|-resisted|p2a: Swampert
|-damage|p2a: Swampert|22/100
|
|-weather|Sandstorm|[upkeep]
|-heal|p2a: Swampert|28/100|[from] item: Leftovers
|upkeep
|turn|30
|
|t:|1728526592
|switch|p1a: Railmaster|Forretress, F|96/100
|move|p2a: Swampert|Earthquake|p1a: Railmaster
|-damage|p1a: Railmaster|68/100
|
|-weather|Sandstorm|[upkeep]
|-heal|p2a: Swampert|34/100|[from] item: Leftovers
|-heal|p1a: Railmaster|74/100|[from] item: Leftovers
|upkeep
|turn|31
|
|t:|1728526598
|switch|p2a: Jirachi|Jirachi|100/100 par
|-damage|p2a: Jirachi|75/100 par|[from] Spikes
|move|p1a: Railmaster|Earthquake|p2a: Jirachi
|-supereffective|p2a: Jirachi
|-damage|p2a: Jirachi|37/100 par
|
|-weather|Sandstorm|[upkeep]
|-heal|p1a: Railmaster|80/100|[from] item: Leftovers
|-heal|p2a: Jirachi|44/100 par|[from] item: Leftovers
|upkeep
|turn|32
|
|t:|1728526604
|move|p1a: Railmaster|Earthquake|p2a: Jirachi
|-supereffective|p2a: Jirachi
|-damage|p2a: Jirachi|5/100 par
|move|p2a: Jirachi|Wish|p2a: Jirachi
|
|-weather|Sandstorm|[upkeep]
|-heal|p1a: Railmaster|87/100|[from] item: Leftovers
|-heal|p2a: Jirachi|11/100 par|[from] item: Leftovers
|upkeep
|turn|33
|
|t:|1728526610
|move|p1a: Railmaster|Earthquake|p2a: Jirachi
|-supereffective|p2a: Jirachi
|-damage|p2a: Jirachi|0 fnt
|faint|p2a: Jirachi
|
|t:|1728526612
|switch|p2a: Charizard|Charizard, M|44/100
|
|-heal|p2a: Charizard|94/100|[from] move: Wish|[wisher] Jirachi
|-weather|Sandstorm|[upkeep]
|-damage|p2a: Charizard|88/100|[from] Sandstorm
|-heal|p2a: Charizard|94/100|[from] item: Leftovers
|-heal|p1a: Railmaster|93/100|[from] item: Leftovers
|upkeep
|turn|34
|
|t:|1728526629
|switch|p1a: Missed Injections|Blissey, F, shiny|90/100
|move|p2a: Charizard|Substitute|p2a: Charizard
|-start|p2a: Charizard|Substitute
|-damage|p2a: Charizard|69/100
|
|-weather|Sandstorm|[upkeep]
|-damage|p2a: Charizard|63/100|[from] Sandstorm
|-damage|p1a: Missed Injections|84/100|[from] Sandstorm
|-heal|p2a: Charizard|69/100|[from] item: Leftovers
|-heal|p1a: Missed Injections|90/100|[from] item: Leftovers
|upkeep
|turn|35
|
|t:|1728526640
|-singleturn|p2a: Charizard|move: Focus Punch
|move|p1a: Missed Injections|Seismic Toss|p2a: Charizard
|-end|p2a: Charizard|Substitute
|move|p2a: Charizard|Focus Punch|p1a: Missed Injections
|-supereffective|p1a: Missed Injections
|-damage|p1a: Missed Injections|40/100
|
|-weather|Sandstorm|[upkeep]
|-damage|p2a: Charizard|63/100|[from] Sandstorm
|-damage|p1a: Missed Injections|34/100|[from] Sandstorm
|-heal|p2a: Charizard|69/100|[from] item: Leftovers
|-heal|p1a: Missed Injections|40/100|[from] item: Leftovers
|upkeep
|turn|36
|
|t:|1728526647
|-singleturn|p2a: Charizard|move: Focus Punch
|move|p1a: Missed Injections|Seismic Toss|p2a: Charizard
|-damage|p2a: Charizard|36/100
|move|p2a: Charizard|Focus Punch||[still]
|cant|p2a: Charizard|Focus Punch|Focus Punch
|
|-weather|Sandstorm|[upkeep]
|-damage|p2a: Charizard|29/100|[from] Sandstorm
|-damage|p1a: Missed Injections|34/100|[from] Sandstorm
|-heal|p2a: Charizard|36/100|[from] item: Leftovers
|-heal|p1a: Missed Injections|40/100|[from] item: Leftovers
|upkeep
|turn|37
|
|t:|1728526652
|-singleturn|p2a: Charizard|move: Focus Punch
|move|p1a: Missed Injections|Seismic Toss|p2a: Charizard
|-damage|p2a: Charizard|2/100
|move|p2a: Charizard|Focus Punch||[still]
|cant|p2a: Charizard|Focus Punch|Focus Punch
|
|-weather|Sandstorm|[upkeep]
|-damage|p2a: Charizard|0 fnt|[from] Sandstorm
|-damage|p1a: Missed Injections|34/100|[from] Sandstorm
|faint|p2a: Charizard
|-heal|p1a: Missed Injections|40/100|[from] item: Leftovers
|upkeep
|
|t:|1728526656
|switch|p2a: Tyranitar|Tyranitar, M|100/100
|-damage|p2a: Tyranitar|76/100|[from] Spikes
|turn|38
|
|t:|1728526672
|switch|p1a: Railmaster|Forretress, F|93/100
|move|p2a: Tyranitar|Rock Slide|p1a: Railmaster
|-damage|p1a: Railmaster|65/100
|
|-weather|Sandstorm|[upkeep]
|-heal|p2a: Tyranitar|82/100|[from] item: Leftovers
|-heal|p1a: Railmaster|71/100|[from] item: Leftovers
|upkeep
|turn|39
|
|t:|1728526684
|switch|p2a: Skarmory|Skarmory, F|82/100 par
|move|p1a: Railmaster|Earthquake|p2a: Skarmory
|-immune|p2a: Skarmory
|
|-weather|Sandstorm|[upkeep]
|-heal|p1a: Railmaster|77/100|[from] item: Leftovers
|-heal|p2a: Skarmory|88/100 par|[from] item: Leftovers
|upkeep
|turn|40
|
|t:|1728526688
|move|p1a: Railmaster|Rapid Spin|p2a: Skarmory
|-resisted|p2a: Skarmory
|-damage|p2a: Skarmory|87/100 par
|move|p2a: Skarmory|Roar|p1a: Railmaster
|drag|p1a: Missed Injections|Blissey, F, shiny|40/100
|
|-weather|Sandstorm|[upkeep]
|-damage|p1a: Missed Injections|34/100|[from] Sandstorm
|-heal|p1a: Missed Injections|40/100|[from] item: Leftovers
|-heal|p2a: Skarmory|93/100 par|[from] item: Leftovers
|upkeep
|turn|41
|
|t:|1728526691
|move|p1a: Missed Injections|Thunder Wave|p2a: Skarmory
|-fail|p2a: Skarmory|par
|cant|p2a: Skarmory|par
|
|-weather|Sandstorm|[upkeep]
|-damage|p1a: Missed Injections|34/100|[from] Sandstorm
|-heal|p1a: Missed Injections|40/100|[from] item: Leftovers
|-heal|p2a: Skarmory|99/100 par|[from] item: Leftovers
|upkeep
|turn|42
|
|t:|1728526694
|move|p1a: Missed Injections|Soft-Boiled|p1a: Missed Injections
|-heal|p1a: Missed Injections|90/100
|move|p2a: Skarmory|Toxic|p1a: Missed Injections
|-status|p1a: Missed Injections|tox
|
|-weather|Sandstorm|[upkeep]
|-damage|p1a: Missed Injections|84/100 tox|[from] Sandstorm
|-heal|p1a: Missed Injections|90/100 tox|[from] item: Leftovers
|-damage|p1a: Missed Injections|84/100 tox|[from] psn
|-heal|p2a: Skarmory|100/100 par|[from] item: Leftovers
|upkeep
|turn|43
|
|t:|1728526702
|-curestatus|p1a: Missed Injections|tox|[from] ability: Natural Cure
|switch|p1a: Cosmic Narcissism|Jirachi|100/100
|move|p2a: Skarmory|Drill Peck|p1a: Cosmic Narcissism
|-resisted|p1a: Cosmic Narcissism
|-damage|p1a: Cosmic Narcissism|93/100
|
|-weather|Sandstorm|[upkeep]
|-heal|p1a: Cosmic Narcissism|99/100|[from] item: Leftovers
|upkeep
|turn|44
|
|t:|1728526711
|switch|p2a: Blissey|Blissey, F|100/100
|-damage|p2a: Blissey|76/100|[from] Spikes
|move|p1a: Cosmic Narcissism|Fire Punch|p2a: Blissey
|-damage|p2a: Blissey|69/100
|-status|p2a: Blissey|brn
|
|-weather|Sandstorm|[upkeep]
|-damage|p2a: Blissey|63/100 brn|[from] Sandstorm
|-heal|p1a: Cosmic Narcissism|100/100|[from] item: Leftovers
|-heal|p2a: Blissey|69/100 brn|[from] item: Leftovers
|-damage|p2a: Blissey|56/100 brn|[from] brn
|upkeep
|turn|45
|
|t:|1728526716
|move|p1a: Cosmic Narcissism|Toxic||[still]
|-fail|p1a: Cosmic Narcissism
|move|p2a: Blissey|Soft-Boiled|p2a: Blissey
|-heal|p2a: Blissey|100/100 brn
|
|-weather|Sandstorm|[upkeep]
|-damage|p2a: Blissey|94/100 brn|[from] Sandstorm
|-heal|p2a: Blissey|100/100 brn|[from] item: Leftovers
|-damage|p2a: Blissey|88/100 brn|[from] brn
|upkeep
|turn|46
|
|t:|1728526728
|move|p1a: Cosmic Narcissism|Wish|p1a: Cosmic Narcissism
|move|p2a: Blissey|Thunderbolt|p1a: Cosmic Narcissism
|-damage|p1a: Cosmic Narcissism|85/100
|
|-weather|Sandstorm|[upkeep]
|-damage|p2a: Blissey|82/100 brn|[from] Sandstorm
|-heal|p1a: Cosmic Narcissism|91/100|[from] item: Leftovers
|-heal|p2a: Blissey|88/100 brn|[from] item: Leftovers
|-damage|p2a: Blissey|76/100 brn|[from] brn
|upkeep
|turn|47
|
|t:|1728526736
|move|p1a: Cosmic Narcissism|Protect|p1a: Cosmic Narcissism
|-singleturn|p1a: Cosmic Narcissism|Protect
|move|p2a: Blissey|Soft-Boiled|p2a: Blissey
|-heal|p2a: Blissey|100/100 brn
|
|-heal|p1a: Cosmic Narcissism|100/100|[from] move: Wish|[wisher] Cosmic Narcissism
|-weather|Sandstorm|[upkeep]
|-damage|p2a: Blissey|94/100 brn|[from] Sandstorm
|-heal|p2a: Blissey|100/100 brn|[from] item: Leftovers
|-damage|p2a: Blissey|88/100 brn|[from] brn
|upkeep
|turn|48
|
|t:|1728526739
|-curestatus|p2a: Blissey|brn|[from] ability: Natural Cure
|switch|p2a: Tyranitar|Tyranitar, M|82/100
|-damage|p2a: Tyranitar|57/100|[from] Spikes
|move|p1a: Cosmic Narcissism|Wish|p1a: Cosmic Narcissism
|
|-weather|Sandstorm|[upkeep]
|-heal|p2a: Tyranitar|63/100|[from] item: Leftovers
|upkeep
|turn|49
|
|t:|1728526745
|switch|p1a: Dis Syndrome|Aerodactyl, M|47/100
|move|p2a: Tyranitar|Dragon Dance|p2a: Tyranitar
|-boost|p2a: Tyranitar|atk|1
|-boost|p2a: Tyranitar|spe|1
|
|-heal|p1a: Dis Syndrome|97/100|[from] move: Wish|[wisher] Cosmic Narcissism
|-weather|Sandstorm|[upkeep]
|-heal|p2a: Tyranitar|69/100|[from] item: Leftovers
|upkeep
|turn|50
|
|t:|1728526750
|move|p1a: Dis Syndrome|Earthquake|p2a: Tyranitar
|-supereffective|p2a: Tyranitar
|-damage|p2a: Tyranitar|0 fnt
|faint|p2a: Tyranitar
|c|☆ADV TechSupport|gg
|c|☆ADV TechSupport|havge a good one
|c|☆Euph0riADV|gg
|c|☆Euph0riADV|you too
|-message|ADV TechSupport forfeited.
|
|win|Euph0riADV
|player|p2|

</script>
<script type="application/json" class="data" id="replaydata-smogtours-gen3ou-796853">
{"id":"smogtours-gen3ou-796853","format":"[Gen 3] OU","players":["Euph0riADV","ADV TechSupport"],"uploadtime":1728526763,"views":118,"formatid":"gen3ou","rating":null,"private":0,"password":null}
</script>

<script defer src="js/replays.js?9d40a366"></script>
