<!DOCTYPE html>
<meta charset="utf-8" />
<meta name="viewport" content="width=device-width" />

<title>[Gen 3] OU: muk fan vs. datguycactus - Replays - Pok&eacute;mon Showdown!</title>

<meta name="description" content="Watch a replay of a Pok&eacute;mon battle between muk fan and datguycactus! Format: [Gen 3] OU; Date: Oct 10, 2024" />
<!--

Hey, you! Looking in the source for the replay log?

You can find them in JSON format, just add `.json` at the end of a replay URL.

https://replay.pokemonshowdown.com/gen7randomdoublesbattle-865046831.json

Or, if you only need the log itself, add `.log` instead:

https://replay.pokemonshowdown.com/gen7randomdoublesbattle-865046831.log

-->

<link rel="stylesheet" href="//pokemonshowdown.com/style/global.css?0.023195364461161105" />
<link rel="stylesheet" href="//play.pokemonshowdown.com/style/font-awesome.css?0.13261647063804238" />
<link rel="stylesheet" href="//play.pokemonshowdown.com/style/battle.css?0.8753245789963631" />
<link rel="stylesheet" href="//play.pokemonshowdown.com/style/utilichart.css?0.8627959624976733" />

<!-- Global site tag (gtag.js) - Google Analytics -->
<script async src="https://www.googletagmanager.com/gtag/js?id=UA-26211653-1"></script>
<script>
  window.dataLayer = window.dataLayer || [];
  function gtag(){dataLayer.push(arguments);}
  gtag('js', new Date());

  gtag('config', 'UA-26211653-1');
</script>
<!-- End Google Analytics -->
<!-- Venatus Ad Manager - Install in <HEAD> of page -->
	<script src="https://hb.vntsm.com/v3/live/ad-manager.min.js" type="text/javascript" data-site-id="642aba63ec9a7b11c3c9c1be" data-mode="scan" async></script>
<!-- / Venatus Ad Manager -->

<style>
	@media (max-width:820px) {
		.battle {
			margin: 0 auto;
		}
		.battle-log {
			margin: 7px auto 0;
			max-width: 640px;
			height: 300px;
			position: static;
		}
	}
	.optgroup {
		display: inline-block;
		line-height: 22px;
		font-size: 10pt;
	}
	.optgroup .button {
		height: 25px;
		padding-top: 0;
		padding-bottom: 0;
	}
	.optgroup button.button {
		padding-left: 12px;
		padding-right: 12px;
	}
	.linklist {
		list-style: none;
		margin: 0.5em 0;
		padding: 0;
	}
	.linklist li {
		padding: 2px 0;
	}
	.sidebar {
		float: left;
		width: 320px;
	}
	.bar-wrapper {
		max-width: 1100px;
		margin: 0 auto;
	}
	.bar-wrapper.has-sidebar {
		max-width: 1430px;
	}
	.mainbar {
		margin: 0;
		padding-right: 1px;
	}
	.mainbar.has-sidebar {
		margin-left: 330px;
	}
	@media (min-width: 1511px) {
		.sidebar {
			width: 400px;
		}
		.bar-wrapper.has-sidebar {
			max-width: 1510px;
		}
		.mainbar.has-sidebar {
			margin-left: 410px;
		}
	}
	.section.first-section {
		margin-top: 9px;
	}
	.blocklink small {
		white-space: normal;
	}
	.button {
		vertical-align: middle;
	}
	.replay-controls {
		padding-top: 10px;
	}
	.replay-controls h1 {
		font-size: 16pt;
		font-weight: normal;
		color: #CCC;
	}
	.pagelink {
		text-align: center;
	}
	.pagelink a {
		width: 150px;
	}
	.textbox, .button {
		font-size: 11pt;
		vertical-align: middle;
	}
	@media (max-width: 450px) {
		.button {
			font-size: 9pt;
		}
	}
</style>

<div>

	<header>
		<div class="nav-wrapper"><ul class="nav">
			<li><a class="button nav-first" href="//pokemonshowdown.com/"><img src="//pokemonshowdown.com/images/pokemonshowdownbeta.png" srcset="//pokemonshowdown.com/images/pokemonshowdownbeta.png 1x, //pokemonshowdown.com/images/pokemonshowdownbeta@2x.png 2x" alt="Pok&eacute;mon Showdown" width="146" height="44" /> Home</a></li>
			<li><a class="button" href="//pokemonshowdown.com/dex/">Pok&eacute;dex</a></li>
			<li><a class="button cur" href="/">Replays</a></li>
			<li><a class="button" href="//pokemonshowdown.com/ladder/">Ladder</a></li>
			<li><a class="button nav-last" href="//pokemonshowdown.com/forums/">Forum</a></li>
			<li><a class="button greenbutton nav-first nav-last" href="//play.pokemonshowdown.com/">Play</a></li>
		</ul></div>
	</header>

	<div class="main" id="main">

		<noscript><section class="section">You need to enable JavaScript to use this page; sorry!</section></noscript>

	</div>

</div>

<script defer nomodule src="//play.pokemonshowdown.com/js/lib/ps-polyfill.js"></script>
<script defer src="//play.pokemonshowdown.com/js/lib/preact.min.js"></script>

<script defer src="//play.pokemonshowdown.com/config/config.js?2bddbc15"></script>
<script defer src="//play.pokemonshowdown.com/js/lib/jquery-1.11.0.min.js"></script>
<script defer src="//play.pokemonshowdown.com/js/lib/html-sanitizer-minified.js"></script>
<script defer src="//play.pokemonshowdown.com/js/battle-sound.js"></script>
<script defer src="//play.pokemonshowdown.com/js/battledata.js?0.7209276989879541"></script>
<script defer src="//play.pokemonshowdown.com/data/pokedex-mini.js?0.6111056340867951"></script>
<script defer src="//play.pokemonshowdown.com/data/pokedex-mini-bw.js?0.3532142036491459"></script>
<script defer src="//play.pokemonshowdown.com/data/graphics.js?0.24223875632456182"></script>
<script defer src="//play.pokemonshowdown.com/data/pokedex.js?0.38839984266356864"></script>
<script defer src="//play.pokemonshowdown.com/data/moves.js?0.21866028504024015"></script>
<script defer src="//play.pokemonshowdown.com/data/abilities.js?0.2005157953846628"></script>
<script defer src="//play.pokemonshowdown.com/data/items.js?0.9894211263848525"></script>
<script defer src="//play.pokemonshowdown.com/data/teambuilder-tables.js?0.6008791140282215"></script>
<script defer src="//play.pokemonshowdown.com/js/battle-tooltips.js?0.7580118955022959"></script>
<script defer src="//play.pokemonshowdown.com/js/battle.js?0.6057722274234274"></script>

<script defer src="js/utils.js?e31f9a17"></script>
<script defer src="js/replays-battle.js?7008c182"></script>

<!-- don't scrape this data! just add .json or .log after the URL!
Full API docs: https://github.com/smogon/pokemon-showdown-client/blob/master/WEB-API.md -->
<script type="text/plain" class="log" id="replaylog-smogtours-gen3ou-797050">
|inactive|Battle timer is ON: inactive players will automatically lose when time's up.
|t:|1728598467
|gametype|singles
|player|p1|muk fan|blue|
|player|p2|datguycactus|101|
|teamsize|p1|6
|teamsize|p2|6
|gen|3
|tier|[Gen 3] OU
|rule|Sleep Clause Mod: Limit one foe put to sleep
|rule|Switch Priority Clause Mod: Faster Pokémon switch first
|rule|Species Clause: Limit one of each Pokémon
|rule|OHKO Clause: OHKO moves are banned
|rule|Evasion Items Clause: Evasion items are banned
|rule|Evasion Moves Clause: Evasion moves are banned
|rule|Endless Battle Clause: Forcing endless battles is banned
|rule|HP Percentage Mod: HP is shown in percentages
|rule|One Boost Passer Clause: Limit one Baton Passer that has a way to boost its stats
|rule|Freeze Clause Mod: Limit one foe frozen
|
|t:|1728598467
|start
|switch|p1a: Medicham|Medicham, F, shiny|100/100
|switch|p2a: Tyranitar|Tyranitar, F|100/100
|-weather|Sandstorm|[from] ability: Sand Stream|[of] p2a: Tyranitar
|turn|1
|inactive|muk fan has 270 seconds left.
|
|t:|1728598507
|switch|p2a: Starmie|Starmie|100/100
|move|p1a: Medicham|Brick Break|p2a: Starmie
|-resisted|p2a: Starmie
|-damage|p2a: Starmie|71/100
|
|-weather|Sandstorm|[upkeep]
|-damage|p2a: Starmie|64/100|[from] Sandstorm
|-damage|p1a: Medicham|94/100|[from] Sandstorm
|-heal|p2a: Starmie|71/100|[from] item: Leftovers
|upkeep
|turn|2
|
|t:|1728598527
|switch|p2a: Skarmory|Skarmory, M|100/100
|switch|p1a: Regice|Regice|100/100
|
|-weather|Sandstorm|[upkeep]
|-damage|p1a: Regice|94/100|[from] Sandstorm
|-heal|p1a: Regice|100/100|[from] item: Leftovers
|upkeep
|turn|3
|
|t:|1728598560
|move|p2a: Skarmory|Spikes|p1a: Regice
|-sidestart|p1: muk fan|Spikes
|move|p1a: Regice|Thunderbolt|p2a: Skarmory
|-supereffective|p2a: Skarmory
|-damage|p2a: Skarmory|44/100
|
|-weather|Sandstorm|[upkeep]
|-damage|p1a: Regice|94/100|[from] Sandstorm
|-heal|p2a: Skarmory|50/100|[from] item: Leftovers
|-heal|p1a: Regice|100/100|[from] item: Leftovers
|upkeep
|turn|4
|
|t:|1728598567
|switch|p2a: Blissey|Blissey, F|100/100
|move|p1a: Regice|Thunderbolt|p2a: Blissey
|-damage|p2a: Blissey|88/100
|
|-weather|Sandstorm|[upkeep]
|-damage|p2a: Blissey|82/100|[from] Sandstorm
|-damage|p1a: Regice|94/100|[from] Sandstorm
|-heal|p2a: Blissey|88/100|[from] item: Leftovers
|-heal|p1a: Regice|100/100|[from] item: Leftovers
|upkeep
|turn|5
|
|t:|1728598586
|switch|p2a: Tyranitar|Tyranitar, F|100/100
|move|p1a: Regice|Thunder Wave|p2a: Tyranitar
|-status|p2a: Tyranitar|par
|
|-weather|Sandstorm|[upkeep]
|-damage|p1a: Regice|94/100|[from] Sandstorm
|-heal|p1a: Regice|100/100|[from] item: Leftovers
|upkeep
|turn|6
|
|t:|1728598594
|switch|p1a: Swampert|Swampert, M, shiny|100/100
|-damage|p1a: Swampert|88/100|[from] Spikes
|move|p2a: Tyranitar|Rock Slide|p1a: Swampert
|-resisted|p1a: Swampert
|-damage|p1a: Swampert|68/100
|
|-weather|Sandstorm|[upkeep]
|-heal|p1a: Swampert|74/100|[from] item: Leftovers
|upkeep
|turn|7
|
|t:|1728598602
|switch|p2a: Starmie|Starmie|71/100
|move|p1a: Swampert|Hydro Pump|p2a: Starmie
|-resisted|p2a: Starmie
|-damage|p2a: Starmie|39/100
|
|-weather|Sandstorm|[upkeep]
|-damage|p2a: Starmie|33/100|[from] Sandstorm
|-heal|p2a: Starmie|39/100|[from] item: Leftovers
|-heal|p1a: Swampert|81/100|[from] item: Leftovers
|upkeep
|turn|8
|
|t:|1728598607
|move|p1a: Swampert|Protect|p1a: Swampert
|-singleturn|p1a: Swampert|Protect
|move|p2a: Starmie|Recover|p2a: Starmie
|-heal|p2a: Starmie|89/100
|
|-weather|Sandstorm|[upkeep]
|-damage|p2a: Starmie|83/100|[from] Sandstorm
|-heal|p2a: Starmie|89/100|[from] item: Leftovers
|-heal|p1a: Swampert|87/100|[from] item: Leftovers
|upkeep
|turn|9
|
|t:|1728598611
|switch|p1a: Regice|Regice|100/100
|-damage|p1a: Regice|88/100|[from] Spikes
|move|p2a: Starmie|Surf|p1a: Regice
|-damage|p1a: Regice|69/100
|
|-weather|Sandstorm|[upkeep]
|-damage|p2a: Starmie|83/100|[from] Sandstorm
|-damage|p1a: Regice|63/100|[from] Sandstorm
|-heal|p2a: Starmie|89/100|[from] item: Leftovers
|-heal|p1a: Regice|69/100|[from] item: Leftovers
|upkeep
|turn|10
|
|t:|1728598618
|switch|p2a: Blissey|Blissey, F|88/100
|move|p1a: Regice|Thunder Wave|p2a: Blissey
|-status|p2a: Blissey|par
|
|-weather|Sandstorm|[upkeep]
|-damage|p1a: Regice|63/100|[from] Sandstorm
|-damage|p2a: Blissey|82/100 par|[from] Sandstorm
|-heal|p1a: Regice|69/100|[from] item: Leftovers
|-heal|p2a: Blissey|88/100 par|[from] item: Leftovers
|upkeep
|turn|11
|
|t:|1728598626
|-curestatus|p2a: Blissey|par|[from] ability: Natural Cure
|switch|p2a: Skarmory|Skarmory, M|50/100
|move|p1a: Regice|Ice Beam|p2a: Skarmory
|-damage|p2a: Skarmory|9/100
|
|-weather|Sandstorm|[upkeep]
|-damage|p1a: Regice|63/100|[from] Sandstorm
|-heal|p2a: Skarmory|15/100|[from] item: Leftovers
|-heal|p1a: Regice|69/100|[from] item: Leftovers
|upkeep
|turn|12
|
|t:|1728598631
|move|p2a: Skarmory|Protect|p2a: Skarmory
|-singleturn|p2a: Skarmory|Protect
|move|p1a: Regice|Ice Beam|p2a: Skarmory
|-activate|p2a: Skarmory|Protect
|
|-weather|Sandstorm|[upkeep]
|-damage|p1a: Regice|63/100|[from] Sandstorm
|-heal|p2a: Skarmory|21/100|[from] item: Leftovers
|-heal|p1a: Regice|69/100|[from] item: Leftovers
|upkeep
|turn|13
|
|t:|1728598642
|switch|p2a: Tyranitar|Tyranitar, F|100/100 par
|move|p1a: Regice|Ice Beam|p2a: Tyranitar
|-damage|p2a: Tyranitar|64/100 par
|
|-weather|Sandstorm|[upkeep]
|-damage|p1a: Regice|63/100|[from] Sandstorm
|-heal|p1a: Regice|69/100|[from] item: Leftovers
|-heal|p2a: Tyranitar|70/100 par|[from] item: Leftovers
|upkeep
|turn|14
|
|t:|1728598656
|-singleturn|p2a: Tyranitar|move: Focus Punch
|switch|p1a: Metagross|Metagross, shiny|100/100
|-damage|p1a: Metagross|88/100|[from] Spikes
|cant|p2a: Tyranitar|par
|
|-weather|Sandstorm|[upkeep]
|-heal|p1a: Metagross|94/100|[from] item: Leftovers
|-heal|p2a: Tyranitar|77/100 par|[from] item: Leftovers
|upkeep
|turn|15
|
|t:|1728598666
|switch|p2a: Charizard|Charizard, M|100/100
|move|p1a: Metagross|Meteor Mash|p2a: Charizard
|-resisted|p2a: Charizard
|-damage|p2a: Charizard|61/100
|
|-weather|Sandstorm|[upkeep]
|-damage|p2a: Charizard|55/100|[from] Sandstorm
|-heal|p2a: Charizard|61/100|[from] item: Leftovers
|-heal|p1a: Metagross|99/100|[from] item: Leftovers
|upkeep
|turn|16
|
|t:|1728598682
|switch|p1a: Charizard|Charizard, F, shiny|100/100
|move|p2a: Charizard|Substitute|p2a: Charizard
|-start|p2a: Charizard|Substitute
|-damage|p2a: Charizard|36/100
|
|-weather|Sandstorm|[upkeep]
|-damage|p1a: Charizard|94/100|[from] Sandstorm
|-damage|p2a: Charizard|30/100|[from] Sandstorm
|-heal|p1a: Charizard|100/100|[from] item: Leftovers
|-heal|p2a: Charizard|36/100|[from] item: Leftovers
|upkeep
|turn|17
|
|t:|1728598695
|move|p2a: Charizard|Fire Blast|p1a: Charizard
|-resisted|p1a: Charizard
|-damage|p1a: Charizard|63/100
|move|p1a: Charizard|Dragon Claw|p2a: Charizard
|-end|p2a: Charizard|Substitute
|
|-weather|Sandstorm|[upkeep]
|-damage|p2a: Charizard|30/100|[from] Sandstorm
|-damage|p1a: Charizard|57/100|[from] Sandstorm
|-heal|p1a: Charizard|63/100|[from] item: Leftovers
|-heal|p2a: Charizard|36/100|[from] item: Leftovers
|upkeep
|turn|18
|
|t:|1728598700
|switch|p2a: Starmie|Starmie|89/100
|move|p1a: Charizard|Dragon Claw|p2a: Starmie
|-damage|p2a: Starmie|57/100
|
|-weather|Sandstorm|[upkeep]
|-damage|p2a: Starmie|50/100|[from] Sandstorm
|-damage|p1a: Charizard|57/100|[from] Sandstorm
|-heal|p2a: Starmie|57/100|[from] item: Leftovers
|-heal|p1a: Charizard|63/100|[from] item: Leftovers
|upkeep
|turn|19
|
|t:|1728598714
|switch|p1a: Regice|Regice|69/100
|-damage|p1a: Regice|57/100|[from] Spikes
|move|p2a: Starmie|Recover|p2a: Starmie
|-heal|p2a: Starmie|100/100
|
|-weather|Sandstorm|[upkeep]
|-damage|p2a: Starmie|94/100|[from] Sandstorm
|-damage|p1a: Regice|51/100|[from] Sandstorm
|-heal|p2a: Starmie|100/100|[from] item: Leftovers
|-heal|p1a: Regice|57/100|[from] item: Leftovers
|upkeep
|turn|20
|
|t:|1728598720
|switch|p2a: Blissey|Blissey, F|88/100
|switch|p1a: Metagross|Metagross, shiny|99/100
|-damage|p1a: Metagross|88/100|[from] Spikes
|
|-weather|Sandstorm|[upkeep]
|-damage|p2a: Blissey|82/100|[from] Sandstorm
|-heal|p1a: Metagross|94/100|[from] item: Leftovers
|-heal|p2a: Blissey|88/100|[from] item: Leftovers
|upkeep
|turn|21
|
|t:|1728598728
|switch|p2a: Swampert|Swampert, F|100/100
|move|p1a: Metagross|Meteor Mash|p2a: Swampert
|-resisted|p2a: Swampert
|-damage|p2a: Swampert|80/100
|
|-weather|Sandstorm|[upkeep]
|-heal|p1a: Metagross|99/100|[from] item: Leftovers
|-heal|p2a: Swampert|86/100|[from] item: Leftovers
|upkeep
|turn|22
|
|t:|1728598740
|move|p1a: Metagross|Earthquake|p2a: Swampert
|-damage|p2a: Swampert|58/100
|move|p2a: Swampert|Hydro Pump|p1a: Metagross
|-damage|p1a: Metagross|58/100
|
|-weather|Sandstorm|[upkeep]
|-heal|p1a: Metagross|64/100|[from] item: Leftovers
|-heal|p2a: Swampert|64/100|[from] item: Leftovers
|upkeep
|turn|23
|
|t:|1728598748
|move|p2a: Swampert|Protect|p2a: Swampert
|-singleturn|p2a: Swampert|Protect
|move|p1a: Metagross|Earthquake|p2a: Swampert
|-activate|p2a: Swampert|Protect
|
|-weather|Sandstorm|[upkeep]
|-heal|p1a: Metagross|70/100|[from] item: Leftovers
|-heal|p2a: Swampert|70/100|[from] item: Leftovers
|upkeep
|turn|24
|
|t:|1728598756
|move|p1a: Metagross|Meteor Mash|p2a: Swampert|[miss]
|-miss|p1a: Metagross|p2a: Swampert
|move|p2a: Swampert|Earthquake|p1a: Metagross
|-supereffective|p1a: Metagross
|-damage|p1a: Metagross|15/100
|
|-weather|Sandstorm|[upkeep]
|-heal|p1a: Metagross|21/100|[from] item: Leftovers
|-heal|p2a: Swampert|76/100|[from] item: Leftovers
|upkeep
|turn|25
|
|t:|1728598765
|switch|p1a: Charizard|Charizard, F, shiny|63/100
|move|p2a: Swampert|Protect||[still]
|-fail|p2a: Swampert
|
|-weather|Sandstorm|[upkeep]
|-damage|p1a: Charizard|57/100|[from] Sandstorm
|-heal|p1a: Charizard|63/100|[from] item: Leftovers
|-heal|p2a: Swampert|83/100|[from] item: Leftovers
|upkeep
|turn|26
|
|t:|1728598785
|switch|p2a: Blissey|Blissey, F|88/100
|move|p1a: Charizard|Hidden Power|p2a: Blissey
|-damage|p2a: Blissey|80/100
|
|-weather|Sandstorm|[upkeep]
|-damage|p1a: Charizard|57/100|[from] Sandstorm
|-damage|p2a: Blissey|74/100|[from] Sandstorm
|-heal|p1a: Charizard|63/100|[from] item: Leftovers
|-heal|p2a: Blissey|80/100|[from] item: Leftovers
|upkeep
|turn|27
|
|t:|1728598794
|move|p1a: Charizard|Beat Up|p2a: Blissey
|-damage|p2a: Blissey|69/100
|-damage|p2a: Blissey|55/100
|-damage|p2a: Blissey|48/100
|-damage|p2a: Blissey|42/100
|-damage|p2a: Blissey|25/100
|-damage|p2a: Blissey|8/100
|-hitcount|p2a: Blissey|6
|move|p2a: Blissey|Seismic Toss|p1a: Charizard
|-damage|p1a: Charizard|29/100
|
|-weather|Sandstorm|[upkeep]
|-damage|p1a: Charizard|23/100|[from] Sandstorm
|-damage|p2a: Blissey|2/100|[from] Sandstorm
|-heal|p1a: Charizard|29/100|[from] item: Leftovers
|-heal|p2a: Blissey|8/100|[from] item: Leftovers
|upkeep
|turn|28
|
|t:|1728598801
|switch|p2a: Starmie|Starmie|100/100
|move|p1a: Charizard|Dragon Claw|p2a: Starmie
|-damage|p2a: Starmie|72/100
|
|-weather|Sandstorm|[upkeep]
|-damage|p2a: Starmie|66/100|[from] Sandstorm
|-damage|p1a: Charizard|23/100|[from] Sandstorm
|-heal|p2a: Starmie|72/100|[from] item: Leftovers
|-heal|p1a: Charizard|29/100|[from] item: Leftovers
|upkeep
|turn|29
|
|t:|1728598813
|switch|p1a: Regice|Regice|57/100
|-damage|p1a: Regice|44/100|[from] Spikes
|move|p2a: Starmie|Surf|p1a: Regice
|-damage|p1a: Regice|27/100
|
|-weather|Sandstorm|[upkeep]
|-damage|p2a: Starmie|66/100|[from] Sandstorm
|-damage|p1a: Regice|21/100|[from] Sandstorm
|-heal|p2a: Starmie|72/100|[from] item: Leftovers
|-heal|p1a: Regice|27/100|[from] item: Leftovers
|upkeep
|turn|30
|
|t:|1728598825
|switch|p2a: Blissey|Blissey, F|8/100
|move|p1a: Regice|Thunder Wave|p2a: Blissey
|-status|p2a: Blissey|par
|
|-weather|Sandstorm|[upkeep]
|-damage|p1a: Regice|21/100|[from] Sandstorm
|-damage|p2a: Blissey|2/100 par|[from] Sandstorm
|-heal|p1a: Regice|27/100|[from] item: Leftovers
|-heal|p2a: Blissey|8/100 par|[from] item: Leftovers
|upkeep
|turn|31
|
|t:|1728598842
|move|p1a: Regice|Ice Beam|p2a: Blissey
|-damage|p2a: Blissey|0 fnt
|faint|p2a: Blissey
|
|t:|1728598843
|switch|p2a: Charizard|Charizard, M|36/100
|
|-weather|Sandstorm|[upkeep]
|-damage|p2a: Charizard|30/100|[from] Sandstorm
|-damage|p1a: Regice|21/100|[from] Sandstorm
|-heal|p2a: Charizard|36/100|[from] item: Leftovers
|-heal|p1a: Regice|27/100|[from] item: Leftovers
|upkeep
|turn|32
|
|t:|1728598847
|move|p2a: Charizard|Substitute|p2a: Charizard
|-start|p2a: Charizard|Substitute
|-damage|p2a: Charizard|11/100
|move|p1a: Regice|Ice Beam|p2a: Charizard
|-end|p2a: Charizard|Substitute
|
|-weather|Sandstorm|[upkeep]
|-damage|p2a: Charizard|5/100|[from] Sandstorm
|-damage|p1a: Regice|21/100|[from] Sandstorm
|-heal|p2a: Charizard|11/100|[from] item: Leftovers
|-heal|p1a: Regice|27/100|[from] item: Leftovers
|upkeep
|turn|33
|
|t:|1728598855
|move|p2a: Charizard|Fire Blast|p1a: Regice
|-supereffective|p1a: Regice
|-damage|p1a: Regice|0 fnt
|faint|p1a: Regice
|
|t:|1728598874
|switch|p1a: Tyranitar|Tyranitar, M|100/100
|-damage|p1a: Tyranitar|88/100|[from] Spikes
|
|-weather|Sandstorm|[upkeep]
|-damage|p2a: Charizard|5/100|[from] Sandstorm
|-heal|p2a: Charizard|11/100|[from] item: Leftovers
|upkeep
|turn|34
|
|t:|1728598879
|switch|p2a: Swampert|Swampert, F|83/100
|move|p1a: Tyranitar|Dragon Dance|p1a: Tyranitar
|-boost|p1a: Tyranitar|atk|1
|-boost|p1a: Tyranitar|spe|1
|
|-weather|Sandstorm|[upkeep]
|-heal|p2a: Swampert|89/100|[from] item: Leftovers
|upkeep
|turn|35
|
|t:|1728598892
|move|p1a: Tyranitar|Earthquake|p2a: Swampert
|-damage|p2a: Swampert|55/100
|move|p2a: Swampert|Hydro Pump|p1a: Tyranitar|[miss]
|-miss|p2a: Swampert|p1a: Tyranitar
|
|-weather|Sandstorm|[upkeep]
|-heal|p2a: Swampert|61/100|[from] item: Leftovers
|upkeep
|turn|36
|c|☆muk fan|sry
|c|☆datguycactus|nah i shoulda just earthquaked
|c|☆datguycactus|shouldnt have risked it
|
|t:|1728598920
|move|p1a: Tyranitar|Earthquake|p2a: Swampert
|-damage|p2a: Swampert|29/100
|move|p2a: Swampert|Earthquake|p1a: Tyranitar
|-supereffective|p1a: Tyranitar
|-damage|p1a: Tyranitar|28/100
|
|-weather|Sandstorm|[upkeep]
|-heal|p2a: Swampert|35/100|[from] item: Leftovers
|upkeep
|turn|37
|
|t:|1728598929
|switch|p1a: Charizard|Charizard, F, shiny|29/100
|move|p2a: Swampert|Earthquake|p1a: Charizard
|-immune|p1a: Charizard
|
|-weather|Sandstorm|[upkeep]
|-damage|p1a: Charizard|23/100|[from] Sandstorm
|-heal|p1a: Charizard|29/100|[from] item: Leftovers
|-heal|p2a: Swampert|42/100|[from] item: Leftovers
|upkeep
|turn|38
|
|t:|1728598932
|move|p2a: Swampert|Protect|p2a: Swampert
|-singleturn|p2a: Swampert|Protect
|move|p1a: Charizard|Hidden Power|p2a: Swampert
|-activate|p2a: Swampert|Protect
|
|-weather|Sandstorm|[upkeep]
|-damage|p1a: Charizard|23/100|[from] Sandstorm
|-heal|p1a: Charizard|29/100|[from] item: Leftovers
|-heal|p2a: Swampert|48/100|[from] item: Leftovers
|upkeep
|turn|39
|
|t:|1728598936
|switch|p2a: Skarmory|Skarmory, M|21/100
|move|p1a: Charizard|Hidden Power|p2a: Skarmory
|-resisted|p2a: Skarmory
|-damage|p2a: Skarmory|16/100
|
|-weather|Sandstorm|[upkeep]
|-damage|p1a: Charizard|23/100|[from] Sandstorm
|-heal|p1a: Charizard|29/100|[from] item: Leftovers
|-heal|p2a: Skarmory|22/100|[from] item: Leftovers
|upkeep
|turn|40
|
|t:|1728598940
|move|p2a: Skarmory|Protect|p2a: Skarmory
|-singleturn|p2a: Skarmory|Protect
|move|p1a: Charizard|Fire Blast|p2a: Skarmory
|-activate|p2a: Skarmory|Protect
|
|-weather|Sandstorm|[upkeep]
|-damage|p1a: Charizard|23/100|[from] Sandstorm
|-heal|p1a: Charizard|29/100|[from] item: Leftovers
|-heal|p2a: Skarmory|28/100|[from] item: Leftovers
|upkeep
|turn|41
|
|t:|1728598947
|switch|p2a: Starmie|Starmie|72/100
|move|p1a: Charizard|Fire Blast|p2a: Starmie
|-resisted|p2a: Starmie
|-damage|p2a: Starmie|25/100
|
|-weather|Sandstorm|[upkeep]
|-damage|p2a: Starmie|19/100|[from] Sandstorm
|-damage|p1a: Charizard|23/100|[from] Sandstorm
|-heal|p2a: Starmie|25/100|[from] item: Leftovers
|-heal|p1a: Charizard|29/100|[from] item: Leftovers
|upkeep
|turn|42
|
|t:|1728598955
|switch|p1a: Metagross|Metagross, shiny|21/100
|-damage|p1a: Metagross|8/100|[from] Spikes
|move|p2a: Starmie|Surf|p1a: Metagross
|-damage|p1a: Metagross|0 fnt
|faint|p1a: Metagross
|
|t:|1728598958
|switch|p1a: Swampert|Swampert, M, shiny|87/100
|-damage|p1a: Swampert|74/100|[from] Spikes
|
|-weather|Sandstorm|[upkeep]
|-damage|p2a: Starmie|19/100|[from] Sandstorm
|-heal|p2a: Starmie|25/100|[from] item: Leftovers
|-heal|p1a: Swampert|81/100|[from] item: Leftovers
|upkeep
|turn|43
|
|t:|1728598965
|move|p2a: Starmie|Recover|p2a: Starmie
|-heal|p2a: Starmie|75/100
|move|p1a: Swampert|Hydro Pump|p2a: Starmie
|-resisted|p2a: Starmie
|-damage|p2a: Starmie|46/100
|
|-weather|Sandstorm|[upkeep]
|-damage|p2a: Starmie|40/100|[from] Sandstorm
|-heal|p2a: Starmie|46/100|[from] item: Leftovers
|-heal|p1a: Swampert|87/100|[from] item: Leftovers
|upkeep
|turn|44
|
|t:|1728598971
|switch|p2a: Skarmory|Skarmory, M|28/100
|move|p1a: Swampert|Earthquake|p2a: Skarmory
|-immune|p2a: Skarmory
|
|-weather|Sandstorm|[upkeep]
|-heal|p2a: Skarmory|34/100|[from] item: Leftovers
|-heal|p1a: Swampert|93/100|[from] item: Leftovers
|upkeep
|turn|45
|
|t:|1728598977
|move|p2a: Skarmory|Toxic|p1a: Swampert
|-status|p1a: Swampert|tox
|move|p1a: Swampert|Ice Beam|p2a: Skarmory
|-damage|p2a: Skarmory|9/100
|
|-weather|Sandstorm|[upkeep]
|-heal|p2a: Skarmory|15/100|[from] item: Leftovers
|-heal|p1a: Swampert|99/100 tox|[from] item: Leftovers
|-damage|p1a: Swampert|93/100 tox|[from] psn
|upkeep
|turn|46
|
|t:|1728598981
|move|p2a: Skarmory|Protect|p2a: Skarmory
|-singleturn|p2a: Skarmory|Protect
|move|p1a: Swampert|Ice Beam|p2a: Skarmory
|-activate|p2a: Skarmory|Protect
|
|-weather|Sandstorm|[upkeep]
|-heal|p2a: Skarmory|21/100|[from] item: Leftovers
|-heal|p1a: Swampert|99/100 tox|[from] item: Leftovers
|-damage|p1a: Swampert|87/100 tox|[from] psn
|upkeep
|turn|47
|
|t:|1728598998
|move|p2a: Skarmory|Spikes|p1a: Swampert
|-sidestart|p1: muk fan|Spikes
|move|p1a: Swampert|Ice Beam|p2a: Skarmory
|-damage|p2a: Skarmory|0 fnt
|faint|p2a: Skarmory
|
|t:|1728599002
|switch|p2a: Charizard|Charizard, M|11/100
|
|-weather|Sandstorm|[upkeep]
|-damage|p2a: Charizard|5/100|[from] Sandstorm
|-heal|p2a: Charizard|11/100|[from] item: Leftovers
|-heal|p1a: Swampert|93/100 tox|[from] item: Leftovers
|-damage|p1a: Swampert|74/100 tox|[from] psn
|upkeep
|turn|48
|
|t:|1728599016
|switch|p1a: Tyranitar|Tyranitar, M|28/100
|-damage|p1a: Tyranitar|12/100|[from] Spikes
|move|p2a: Charizard|Hidden Power|p1a: Tyranitar
|-supereffective|p1a: Tyranitar
|-damage|p1a: Tyranitar|0 fnt
|faint|p1a: Tyranitar
|
|t:|1728599017
|switch|p1a: Charizard|Charizard, F, shiny|29/100
|
|-weather|Sandstorm|[upkeep]
|-damage|p1a: Charizard|23/100|[from] Sandstorm
|-damage|p2a: Charizard|5/100|[from] Sandstorm
|-heal|p1a: Charizard|29/100|[from] item: Leftovers
|-heal|p2a: Charizard|11/100|[from] item: Leftovers
|upkeep
|turn|49
|
|t:|1728599030
|switch|p2a: Swampert|Swampert, F|48/100
|move|p1a: Charizard|Dragon Claw|p2a: Swampert
|-crit|p2a: Swampert
|-damage|p2a: Swampert|5/100
|
|-weather|Sandstorm|[upkeep]
|-damage|p1a: Charizard|23/100|[from] Sandstorm
|-heal|p1a: Charizard|29/100|[from] item: Leftovers
|-heal|p2a: Swampert|12/100|[from] item: Leftovers
|upkeep
|turn|50
|
|t:|1728599042
|move|p1a: Charizard|Dragon Claw|p2a: Swampert
|-damage|p2a: Swampert|0 fnt
|faint|p2a: Swampert
|
|t:|1728599045
|switch|p2a: Starmie|Starmie|46/100
|
|-weather|Sandstorm|[upkeep]
|-damage|p2a: Starmie|40/100|[from] Sandstorm
|-damage|p1a: Charizard|23/100|[from] Sandstorm
|-heal|p2a: Starmie|46/100|[from] item: Leftovers
|-heal|p1a: Charizard|29/100|[from] item: Leftovers
|upkeep
|turn|51
|
|t:|1728599073
|switch|p1a: Medicham|Medicham, F, shiny|94/100
|-damage|p1a: Medicham|78/100|[from] Spikes
|move|p2a: Starmie|Surf|p1a: Medicham
|-damage|p1a: Medicham|25/100
|
|-weather|Sandstorm|[upkeep]
|-damage|p2a: Starmie|40/100|[from] Sandstorm
|-damage|p1a: Medicham|19/100|[from] Sandstorm
|-heal|p2a: Starmie|46/100|[from] item: Leftovers
|upkeep
|turn|52
|
|t:|1728599080
|move|p2a: Starmie|Surf|p1a: Medicham
|-damage|p1a: Medicham|0 fnt
|faint|p1a: Medicham
|
|t:|1728599081
|switch|p1a: Swampert|Swampert, M, shiny|74/100 tox
|-damage|p1a: Swampert|58/100 tox|[from] Spikes
|
|-weather|Sandstorm|[upkeep]
|-damage|p2a: Starmie|40/100|[from] Sandstorm
|-heal|p2a: Starmie|46/100|[from] item: Leftovers
|-heal|p1a: Swampert|64/100 tox|[from] item: Leftovers
|-damage|p1a: Swampert|58/100 tox|[from] psn
|upkeep
|turn|53
|
|t:|1728599092
|switch|p2a: Tyranitar|Tyranitar, F|77/100 par
|move|p1a: Swampert|Earthquake|p2a: Tyranitar
|-supereffective|p2a: Tyranitar
|-damage|p2a: Tyranitar|16/100 par
|
|-weather|Sandstorm|[upkeep]
|-heal|p1a: Swampert|64/100 tox|[from] item: Leftovers
|-damage|p1a: Swampert|52/100 tox|[from] psn
|-heal|p2a: Tyranitar|22/100 par|[from] item: Leftovers
|upkeep
|turn|54
|
|t:|1728599098
|move|p1a: Swampert|Hydro Pump|p2a: Tyranitar
|-supereffective|p2a: Tyranitar
|-damage|p2a: Tyranitar|0 fnt
|faint|p2a: Tyranitar
|
|t:|1728599102
|switch|p2a: Charizard|Charizard, M|11/100
|
|-weather|Sandstorm|[upkeep]
|-damage|p2a: Charizard|5/100|[from] Sandstorm
|-heal|p2a: Charizard|11/100|[from] item: Leftovers
|-heal|p1a: Swampert|58/100 tox|[from] item: Leftovers
|-damage|p1a: Swampert|39/100 tox|[from] psn
|upkeep
|turn|55
|
|t:|1728599112
|move|p2a: Charizard|Hidden Power|p1a: Swampert
|-supereffective|p1a: Swampert
|-damage|p1a: Swampert|0 fnt
|faint|p1a: Swampert
|
|t:|1728599113
|switch|p1a: Charizard|Charizard, F, shiny|29/100
|
|-weather|Sandstorm|[upkeep]
|-damage|p1a: Charizard|23/100|[from] Sandstorm
|-damage|p2a: Charizard|5/100|[from] Sandstorm
|-heal|p2a: Charizard|11/100|[from] item: Leftovers
|-heal|p1a: Charizard|29/100|[from] item: Leftovers
|upkeep
|turn|56
|c|☆muk fan|gg
|
|t:|1728599124
|move|p2a: Charizard|Fire Blast|p1a: Charizard
|-resisted|p1a: Charizard
|-damage|p1a: Charizard|0 fnt
|faint|p1a: Charizard
|
|win|datguycactus
|c|☆datguycactus|gg

</script>
<script type="application/json" class="data" id="replaydata-smogtours-gen3ou-797050">
{"id":"smogtours-gen3ou-797050","format":"[Gen 3] OU","players":["muk fan","datguycactus"],"uploadtime":1728599124,"views":109,"formatid":"gen3ou","rating":null,"private":0,"password":null}
</script>

<script defer src="js/replays.js?9d40a366"></script>
