<!DOCTYPE html>
<meta charset="utf-8" />
<meta name="viewport" content="width=device-width" />

<title>[Gen 3] OU: Tasmanian Demon vs. melninja - Replays - Pok&eacute;mon Showdown!</title>

<meta name="description" content="Watch a replay of a Pok&eacute;mon battle between Tasmanian Demon and melninja! Format: [Gen 3] OU; Date: Oct 11, 2024" />
<!--

Hey, you! Looking in the source for the replay log?

You can find them in JSON format, just add `.json` at the end of a replay URL.

https://replay.pokemonshowdown.com/gen7randomdoublesbattle-865046831.json

Or, if you only need the log itself, add `.log` instead:

https://replay.pokemonshowdown.com/gen7randomdoublesbattle-865046831.log

-->

<link rel="stylesheet" href="//pokemonshowdown.com/style/global.css?0.023195364461161105" />
<link rel="stylesheet" href="//play.pokemonshowdown.com/style/font-awesome.css?0.13261647063804238" />
<link rel="stylesheet" href="//play.pokemonshowdown.com/style/battle.css?0.8753245789963631" />
<link rel="stylesheet" href="//play.pokemonshowdown.com/style/utilichart.css?0.8627959624976733" />

<!-- Global site tag (gtag.js) - Google Analytics -->
<script async src="https://www.googletagmanager.com/gtag/js?id=UA-26211653-1"></script>
<script>
  window.dataLayer = window.dataLayer || [];
  function gtag(){dataLayer.push(arguments);}
  gtag('js', new Date());

  gtag('config', 'UA-26211653-1');
</script>
<!-- End Google Analytics -->
<!-- Venatus Ad Manager - Install in <HEAD> of page -->
	<script src="https://hb.vntsm.com/v3/live/ad-manager.min.js" type="text/javascript" data-site-id="642aba63ec9a7b11c3c9c1be" data-mode="scan" async></script>
<!-- / Venatus Ad Manager -->

<style>
	@media (max-width:820px) {
		.battle {
			margin: 0 auto;
		}
		.battle-log {
			margin: 7px auto 0;
			max-width: 640px;
			height: 300px;
			position: static;
		}
	}
	.optgroup {
		display: inline-block;
		line-height: 22px;
		font-size: 10pt;
	}
	.optgroup .button {
		height: 25px;
		padding-top: 0;
		padding-bottom: 0;
	}
	.optgroup button.button {
		padding-left: 12px;
		padding-right: 12px;
	}
	.linklist {
		list-style: none;
		margin: 0.5em 0;
		padding: 0;
	}
	.linklist li {
		padding: 2px 0;
	}
	.sidebar {
		float: left;
		width: 320px;
	}
	.bar-wrapper {
		max-width: 1100px;
		margin: 0 auto;
	}
	.bar-wrapper.has-sidebar {
		max-width: 1430px;
	}
	.mainbar {
		margin: 0;
		padding-right: 1px;
	}
	.mainbar.has-sidebar {
		margin-left: 330px;
	}
	@media (min-width: 1511px) {
		.sidebar {
			width: 400px;
		}
		.bar-wrapper.has-sidebar {
			max-width: 1510px;
		}
		.mainbar.has-sidebar {
			margin-left: 410px;
		}
	}
	.section.first-section {
		margin-top: 9px;
	}
	.blocklink small {
		white-space: normal;
	}
	.button {
		vertical-align: middle;
	}
	.replay-controls {
		padding-top: 10px;
	}
	.replay-controls h1 {
		font-size: 16pt;
		font-weight: normal;
		color: #CCC;
	}
	.pagelink {
		text-align: center;
	}
	.pagelink a {
		width: 150px;
	}
	.textbox, .button {
		font-size: 11pt;
		vertical-align: middle;
	}
	@media (max-width: 450px) {
		.button {
			font-size: 9pt;
		}
	}
</style>

<div>

	<header>
		<div class="nav-wrapper"><ul class="nav">
			<li><a class="button nav-first" href="//pokemonshowdown.com/"><img src="//pokemonshowdown.com/images/pokemonshowdownbeta.png" srcset="//pokemonshowdown.com/images/pokemonshowdownbeta.png 1x, //pokemonshowdown.com/images/pokemonshowdownbeta@2x.png 2x" alt="Pok&eacute;mon Showdown" width="146" height="44" /> Home</a></li>
			<li><a class="button" href="//pokemonshowdown.com/dex/">Pok&eacute;dex</a></li>
			<li><a class="button cur" href="/">Replays</a></li>
			<li><a class="button" href="//pokemonshowdown.com/ladder/">Ladder</a></li>
			<li><a class="button nav-last" href="//pokemonshowdown.com/forums/">Forum</a></li>
			<li><a class="button greenbutton nav-first nav-last" href="//play.pokemonshowdown.com/">Play</a></li>
		</ul></div>
	</header>

	<div class="main" id="main">

		<noscript><section class="section">You need to enable JavaScript to use this page; sorry!</section></noscript>

	</div>

</div>

<script defer nomodule src="//play.pokemonshowdown.com/js/lib/ps-polyfill.js"></script>
<script defer src="//play.pokemonshowdown.com/js/lib/preact.min.js"></script>

<script defer src="//play.pokemonshowdown.com/config/config.js?2bddbc15"></script>
<script defer src="//play.pokemonshowdown.com/js/lib/jquery-1.11.0.min.js"></script>
<script defer src="//play.pokemonshowdown.com/js/lib/html-sanitizer-minified.js"></script>
<script defer src="//play.pokemonshowdown.com/js/battle-sound.js"></script>
<script defer src="//play.pokemonshowdown.com/js/battledata.js?0.7209276989879541"></script>
<script defer src="//play.pokemonshowdown.com/data/pokedex-mini.js?0.6111056340867951"></script>
<script defer src="//play.pokemonshowdown.com/data/pokedex-mini-bw.js?0.3532142036491459"></script>
<script defer src="//play.pokemonshowdown.com/data/graphics.js?0.24223875632456182"></script>
<script defer src="//play.pokemonshowdown.com/data/pokedex.js?0.38839984266356864"></script>
<script defer src="//play.pokemonshowdown.com/data/moves.js?0.21866028504024015"></script>
<script defer src="//play.pokemonshowdown.com/data/abilities.js?0.2005157953846628"></script>
<script defer src="//play.pokemonshowdown.com/data/items.js?0.9894211263848525"></script>
<script defer src="//play.pokemonshowdown.com/data/teambuilder-tables.js?0.6008791140282215"></script>
<script defer src="//play.pokemonshowdown.com/js/battle-tooltips.js?0.7580118955022959"></script>
<script defer src="//play.pokemonshowdown.com/js/battle.js?0.6057722274234274"></script>

<script defer src="js/utils.js?e31f9a17"></script>
<script defer src="js/replays-battle.js?7008c182"></script>

<!-- don't scrape this data! just add .json or .log after the URL!
Full API docs: https://github.com/smogon/pokemon-showdown-client/blob/master/WEB-API.md -->
<script type="text/plain" class="log" id="replaylog-smogtours-gen3ou-797202">
|inactive|Battle timer is ON: inactive players will automatically lose when time's up.
|t:|1728663430
|gametype|singles
|player|p1|Tasmanian Demon|rood|
|player|p2|melninja|colress|
|teamsize|p1|6
|teamsize|p2|6
|gen|3
|tier|[Gen 3] OU
|rule|Sleep Clause Mod: Limit one foe put to sleep
|rule|Switch Priority Clause Mod: Faster Pokémon switch first
|rule|Species Clause: Limit one of each Pokémon
|rule|OHKO Clause: OHKO moves are banned
|rule|Evasion Items Clause: Evasion items are banned
|rule|Evasion Moves Clause: Evasion moves are banned
|rule|Endless Battle Clause: Forcing endless battles is banned
|rule|HP Percentage Mod: HP is shown in percentages
|rule|One Boost Passer Clause: Limit one Baton Passer that has a way to boost its stats
|rule|Freeze Clause Mod: Limit one foe frozen
|
|t:|1728663430
|start
|switch|p1a: Zapdos|Zapdos|100/100
|switch|p2a: Salamence|Salamence, F|100/100
|-ability|p2a: Salamence|Intimidate|boost
|-unboost|p1a: Zapdos|atk|1
|turn|1
|inactive|melninja has 270 seconds left.
|inactive|melninja has 240 seconds left.
|
|t:|1728663495
|switch|p2a: Blissey|Blissey, F|100/100
|move|p1a: Zapdos|Thunderbolt|p2a: Blissey
|-damage|p2a: Blissey|83/100
|
|-heal|p2a: Blissey|90/100|[from] item: Leftovers
|upkeep
|turn|2
|
|t:|1728663505
|move|p1a: Zapdos|Baton Pass|p1a: Zapdos
|
|t:|1728663509
|switch|p1a: Metagross|Metagross|100/100|[from] Baton Pass
|move|p2a: Blissey|Toxic|p1a: Metagross
|-immune|p1a: Metagross
|
|-heal|p2a: Blissey|96/100|[from] item: Leftovers
|upkeep
|turn|3
|
|t:|1728663515
|switch|p2a: Forretress|Forretress, M|100/100
|move|p1a: Metagross|Meteor Mash|p2a: Forretress|[miss]
|-miss|p1a: Metagross|p2a: Forretress
|
|upkeep
|turn|4
|
|t:|1728663521
|switch|p1a: Tyranitar|Tyranitar, M|100/100
|-weather|Sandstorm|[from] ability: Sand Stream|[of] p1a: Tyranitar
|move|p2a: Forretress|Spikes|p1a: Tyranitar
|-sidestart|p1: Tasmanian Demon|Spikes
|
|-weather|Sandstorm|[upkeep]
|upkeep
|turn|5
|
|t:|1728663529
|switch|p2a: Swampert|Swampert, M|100/100
|move|p1a: Tyranitar|Flamethrower|p2a: Swampert
|-resisted|p2a: Swampert
|-damage|p2a: Swampert|88/100
|
|-weather|Sandstorm|[upkeep]
|-heal|p2a: Swampert|95/100|[from] item: Leftovers
|upkeep
|turn|6
|
|t:|1728663538
|switch|p1a: Breloom|Breloom, F|100/100
|-damage|p1a: Breloom|88/100|[from] Spikes
|move|p2a: Swampert|Protect||[still]
|-fail|p2a: Swampert
|
|-weather|Sandstorm|[upkeep]
|-damage|p1a: Breloom|82/100|[from] Sandstorm
|-heal|p1a: Breloom|88/100|[from] item: Leftovers
|-heal|p2a: Swampert|100/100|[from] item: Leftovers
|upkeep
|turn|7
|
|t:|1728663547
|switch|p2a: Tyranitar|Tyranitar, M|100/100
|move|p1a: Breloom|Substitute|p1a: Breloom
|-start|p1a: Breloom|Substitute
|-damage|p1a: Breloom|64/100
|
|-weather|Sandstorm|[upkeep]
|-damage|p1a: Breloom|58/100|[from] Sandstorm
|-heal|p1a: Breloom|64/100|[from] item: Leftovers
|upkeep
|turn|8
|
|t:|1728663552
|switch|p2a: Salamence|Salamence, F|100/100
|move|p1a: Breloom|Spore|p2a: Salamence
|-status|p2a: Salamence|slp|[from] move: Spore
|
|-weather|Sandstorm|[upkeep]
|-damage|p2a: Salamence|94/100 slp|[from] Sandstorm
|-damage|p1a: Breloom|58/100|[from] Sandstorm
|-heal|p2a: Salamence|100/100 slp|[from] item: Leftovers
|-heal|p1a: Breloom|64/100|[from] item: Leftovers
|upkeep
|turn|9
|
|t:|1728663556
|cant|p2a: Salamence|slp
|move|p1a: Breloom|Leech Seed|p2a: Salamence
|-start|p2a: Salamence|move: Leech Seed
|
|-weather|Sandstorm|[upkeep]
|-damage|p2a: Salamence|94/100 slp|[from] Sandstorm
|-damage|p1a: Breloom|58/100|[from] Sandstorm
|-heal|p2a: Salamence|100/100 slp|[from] item: Leftovers
|-damage|p2a: Salamence|88/100 slp|[from] Leech Seed|[of] p1a: Breloom
|-heal|p1a: Breloom|75/100|[silent]
|-heal|p1a: Breloom|81/100|[from] item: Leftovers
|upkeep
|turn|10
|
|t:|1728663568
|-singleturn|p1a: Breloom|move: Focus Punch
|move|p1a: Breloom|Focus Punch|p2a: Salamence
|-resisted|p2a: Salamence
|-damage|p2a: Salamence|40/100 slp
|cant|p2a: Salamence|slp
|
|-weather|Sandstorm|[upkeep]
|-damage|p2a: Salamence|34/100 slp|[from] Sandstorm
|-damage|p1a: Breloom|75/100|[from] Sandstorm
|-heal|p2a: Salamence|40/100 slp|[from] item: Leftovers
|-damage|p2a: Salamence|28/100 slp|[from] Leech Seed|[of] p1a: Breloom
|-heal|p1a: Breloom|93/100|[silent]
|-heal|p1a: Breloom|99/100|[from] item: Leftovers
|upkeep
|turn|11
|
|t:|1728663575
|-singleturn|p1a: Breloom|move: Focus Punch
|move|p1a: Breloom|Focus Punch|p2a: Salamence
|-resisted|p2a: Salamence
|-damage|p2a: Salamence|0 fnt
|faint|p2a: Salamence
|
|t:|1728663582
|switch|p2a: Forretress|Forretress, M|100/100
|
|-weather|Sandstorm|[upkeep]
|-damage|p1a: Breloom|93/100|[from] Sandstorm
|-heal|p1a: Breloom|99/100|[from] item: Leftovers
|upkeep
|turn|12
|
|t:|1728663586
|move|p1a: Breloom|Spore|p2a: Forretress
|-status|p2a: Forretress|slp|[from] move: Spore
|cant|p2a: Forretress|slp
|
|-weather|Sandstorm|[upkeep]
|-damage|p1a: Breloom|93/100|[from] Sandstorm
|-heal|p1a: Breloom|99/100|[from] item: Leftovers
|upkeep
|turn|13
|
|t:|1728663590
|-singleturn|p1a: Breloom|move: Focus Punch
|cant|p2a: Forretress|slp
|move|p1a: Breloom|Focus Punch|p2a: Forretress
|-damage|p2a: Forretress|48/100 slp
|
|-weather|Sandstorm|[upkeep]
|-damage|p1a: Breloom|93/100|[from] Sandstorm
|-heal|p1a: Breloom|99/100|[from] item: Leftovers
|-heal|p2a: Forretress|54/100 slp|[from] item: Leftovers
|upkeep
|turn|14
|
|t:|1728663596
|-singleturn|p1a: Breloom|move: Focus Punch
|-curestatus|p2a: Forretress|slp|[msg]
|move|p2a: Forretress|Hidden Power|p1a: Breloom
|-end|p1a: Breloom|Substitute
|move|p1a: Breloom|Focus Punch|p2a: Forretress
|-damage|p2a: Forretress|0 fnt
|faint|p2a: Forretress
|
|t:|1728663604
|switch|p2a: Hariyama|Hariyama, F|100/100
|
|-weather|Sandstorm|[upkeep]
|-damage|p1a: Breloom|93/100|[from] Sandstorm
|-damage|p2a: Hariyama|94/100|[from] Sandstorm
|-heal|p1a: Breloom|99/100|[from] item: Leftovers
|-heal|p2a: Hariyama|100/100|[from] item: Leftovers
|upkeep
|turn|15
|
|t:|1728663612
|switch|p2a: Tyranitar|Tyranitar, M|100/100
|move|p1a: Breloom|Spore|p2a: Tyranitar
|-status|p2a: Tyranitar|slp|[from] move: Spore
|
|-weather|Sandstorm|[upkeep]
|-damage|p1a: Breloom|93/100|[from] Sandstorm
|-heal|p1a: Breloom|99/100|[from] item: Leftovers
|upkeep
|turn|16
|
|t:|1728663616
|switch|p2a: Hariyama|Hariyama, F|100/100
|move|p1a: Breloom|Substitute|p1a: Breloom
|-start|p1a: Breloom|Substitute
|-damage|p1a: Breloom|75/100
|
|-weather|Sandstorm|[upkeep]
|-damage|p1a: Breloom|68/100|[from] Sandstorm
|-damage|p2a: Hariyama|94/100|[from] Sandstorm
|-heal|p1a: Breloom|75/100|[from] item: Leftovers
|-heal|p2a: Hariyama|100/100|[from] item: Leftovers
|upkeep
|turn|17
|
|t:|1728663622
|move|p1a: Breloom|Leech Seed|p2a: Hariyama
|-start|p2a: Hariyama|move: Leech Seed
|move|p2a: Hariyama|Cross Chop|p1a: Breloom|[miss]
|-miss|p2a: Hariyama|p1a: Breloom
|
|-weather|Sandstorm|[upkeep]
|-damage|p1a: Breloom|68/100|[from] Sandstorm
|-damage|p2a: Hariyama|94/100|[from] Sandstorm
|-heal|p1a: Breloom|75/100|[from] item: Leftovers
|-heal|p2a: Hariyama|100/100|[from] item: Leftovers
|-damage|p2a: Hariyama|88/100|[from] Leech Seed|[of] p1a: Breloom
|-heal|p1a: Breloom|97/100|[silent]
|upkeep
|turn|18
|
|t:|1728663625
|-singleturn|p1a: Breloom|move: Focus Punch
|move|p2a: Hariyama|Cross Chop|p1a: Breloom|[miss]
|-miss|p2a: Hariyama|p1a: Breloom
|move|p1a: Breloom|Focus Punch|p2a: Hariyama
|-damage|p2a: Hariyama|17/100
|
|-weather|Sandstorm|[upkeep]
|-damage|p1a: Breloom|91/100|[from] Sandstorm
|-damage|p2a: Hariyama|11/100|[from] Sandstorm
|-heal|p1a: Breloom|97/100|[from] item: Leftovers
|-heal|p2a: Hariyama|17/100|[from] item: Leftovers
|-damage|p2a: Hariyama|4/100|[from] Leech Seed|[of] p1a: Breloom
|-heal|p1a: Breloom|100/100|[silent]
|upkeep
|turn|19
|
|t:|1728663635
|-singleturn|p1a: Breloom|move: Focus Punch
|move|p2a: Hariyama|Cross Chop|p1a: Breloom
|-end|p1a: Breloom|Substitute
|move|p1a: Breloom|Focus Punch|p2a: Hariyama
|-damage|p2a: Hariyama|0 fnt
|faint|p2a: Hariyama
|
|t:|1728663637
|switch|p2a: Swampert|Swampert, M|100/100
|
|-weather|Sandstorm|[upkeep]
|-damage|p1a: Breloom|94/100|[from] Sandstorm
|-heal|p1a: Breloom|100/100|[from] item: Leftovers
|upkeep
|turn|20
|
|t:|1728663642
|move|p1a: Breloom|Spore|p2a: Swampert
|-message|Sleep Clause Mod activated.
|-hint|Sleep Clause Mod prevents players from putting more than one of their opponent's Pokémon to sleep at a time
|move|p2a: Swampert|Ice Beam|p1a: Breloom
|-supereffective|p1a: Breloom
|-crit|p1a: Breloom
|-damage|p1a: Breloom|0 fnt
|faint|p1a: Breloom
|c|☆Tasmanian Demon|oh whoops
|
|t:|1728663661
|switch|p1a: Snorlax|Snorlax, F, shiny|100/100
|-damage|p1a: Snorlax|88/100|[from] Spikes
|
|-weather|Sandstorm|[upkeep]
|-damage|p1a: Snorlax|82/100|[from] Sandstorm
|-heal|p1a: Snorlax|88/100|[from] item: Leftovers
|upkeep
|turn|21
|
|t:|1728663666
|move|p2a: Swampert|Earthquake|p1a: Snorlax
|-damage|p1a: Snorlax|54/100
|move|p1a: Snorlax|Curse|p1a: Snorlax
|-unboost|p1a: Snorlax|spe|1
|-boost|p1a: Snorlax|atk|1
|-boost|p1a: Snorlax|def|1
|
|-weather|Sandstorm|[upkeep]
|-damage|p1a: Snorlax|48/100|[from] Sandstorm
|-heal|p1a: Snorlax|54/100|[from] item: Leftovers
|upkeep
|turn|22
|
|t:|1728663673
|move|p2a: Swampert|Earthquake|p1a: Snorlax
|-damage|p1a: Snorlax|30/100
|move|p1a: Snorlax|Earthquake|p2a: Swampert
|-damage|p2a: Swampert|68/100
|
|-weather|Sandstorm|[upkeep]
|-damage|p1a: Snorlax|24/100|[from] Sandstorm
|-heal|p2a: Swampert|74/100|[from] item: Leftovers
|-heal|p1a: Snorlax|30/100|[from] item: Leftovers
|upkeep
|turn|23
|
|t:|1728663677
|move|p2a: Swampert|Earthquake|p1a: Snorlax
|-damage|p1a: Snorlax|6/100
|move|p1a: Snorlax|Self-Destruct|p2a: Swampert
|-damage|p2a: Swampert|0 fnt
|faint|p1a: Snorlax
|faint|p2a: Swampert
|
|t:|1728663683
|switch|p2a: Blissey|Blissey, F|96/100
|switch|p1a: Metagross|Metagross|100/100
|-damage|p1a: Metagross|88/100|[from] Spikes
|
|-weather|Sandstorm|[upkeep]
|-damage|p2a: Blissey|90/100|[from] Sandstorm
|-heal|p2a: Blissey|96/100|[from] item: Leftovers
|upkeep
|turn|24
|
|t:|1728663685
|move|p1a: Metagross|Meteor Mash|p2a: Blissey
|-damage|p2a: Blissey|14/100
|move|p2a: Blissey|Flamethrower|p1a: Metagross
|-supereffective|p1a: Metagross
|-damage|p1a: Metagross|46/100
|
|-weather|Sandstorm|[upkeep]
|-damage|p2a: Blissey|8/100|[from] Sandstorm
|-heal|p2a: Blissey|14/100|[from] item: Leftovers
|upkeep
|turn|25
|
|t:|1728663687
|move|p1a: Metagross|Meteor Mash|p2a: Blissey
|-damage|p2a: Blissey|0 fnt
|faint|p2a: Blissey
|
|t:|1728663689
|switch|p2a: Tyranitar|Tyranitar, M|100/100 slp
|
|-weather|Sandstorm|[upkeep]
|upkeep
|turn|26
|
|t:|1728663691
|move|p1a: Metagross|Meteor Mash|p2a: Tyranitar
|-supereffective|p2a: Tyranitar
|-damage|p2a: Tyranitar|0 fnt
|-boost|p1a: Metagross|atk|1
|faint|p2a: Tyranitar
|
|win|Tasmanian Demon

</script>
<script type="application/json" class="data" id="replaydata-smogtours-gen3ou-797202">
{"id":"smogtours-gen3ou-797202","format":"[Gen 3] OU","players":["Tasmanian Demon","melninja"],"uploadtime":1728663691,"views":80,"formatid":"gen3ou","rating":null,"private":0,"password":null}
</script>

<script defer src="js/replays.js?9d40a366"></script>
