<!DOCTYPE html>
<meta charset="utf-8" />
<meta name="viewport" content="width=device-width" />

<title>[Gen 3] OU: Key to life vs. 5darkelves - Replays - Pok&eacute;mon Showdown!</title>

<meta name="description" content="Watch a replay of a Pok&eacute;mon battle between Key to life and 5darkelves! Format: [Gen 3] OU; Date: Oct 11, 2024" />
<!--

Hey, you! Looking in the source for the replay log?

You can find them in JSON format, just add `.json` at the end of a replay URL.

https://replay.pokemonshowdown.com/gen7randomdoublesbattle-865046831.json

Or, if you only need the log itself, add `.log` instead:

https://replay.pokemonshowdown.com/gen7randomdoublesbattle-865046831.log

-->

<link rel="stylesheet" href="//pokemonshowdown.com/style/global.css?0.023195364461161105" />
<link rel="stylesheet" href="//play.pokemonshowdown.com/style/font-awesome.css?0.13261647063804238" />
<link rel="stylesheet" href="//play.pokemonshowdown.com/style/battle.css?0.8753245789963631" />
<link rel="stylesheet" href="//play.pokemonshowdown.com/style/utilichart.css?0.8627959624976733" />

<!-- Global site tag (gtag.js) - Google Analytics -->
<script async src="https://www.googletagmanager.com/gtag/js?id=UA-26211653-1"></script>
<script>
  window.dataLayer = window.dataLayer || [];
  function gtag(){dataLayer.push(arguments);}
  gtag('js', new Date());

  gtag('config', 'UA-26211653-1');
</script>
<!-- End Google Analytics -->
<!-- Venatus Ad Manager - Install in <HEAD> of page -->
	<script src="https://hb.vntsm.com/v3/live/ad-manager.min.js" type="text/javascript" data-site-id="642aba63ec9a7b11c3c9c1be" data-mode="scan" async></script>
<!-- / Venatus Ad Manager -->

<style>
	@media (max-width:820px) {
		.battle {
			margin: 0 auto;
		}
		.battle-log {
			margin: 7px auto 0;
			max-width: 640px;
			height: 300px;
			position: static;
		}
	}
	.optgroup {
		display: inline-block;
		line-height: 22px;
		font-size: 10pt;
	}
	.optgroup .button {
		height: 25px;
		padding-top: 0;
		padding-bottom: 0;
	}
	.optgroup button.button {
		padding-left: 12px;
		padding-right: 12px;
	}
	.linklist {
		list-style: none;
		margin: 0.5em 0;
		padding: 0;
	}
	.linklist li {
		padding: 2px 0;
	}
	.sidebar {
		float: left;
		width: 320px;
	}
	.bar-wrapper {
		max-width: 1100px;
		margin: 0 auto;
	}
	.bar-wrapper.has-sidebar {
		max-width: 1430px;
	}
	.mainbar {
		margin: 0;
		padding-right: 1px;
	}
	.mainbar.has-sidebar {
		margin-left: 330px;
	}
	@media (min-width: 1511px) {
		.sidebar {
			width: 400px;
		}
		.bar-wrapper.has-sidebar {
			max-width: 1510px;
		}
		.mainbar.has-sidebar {
			margin-left: 410px;
		}
	}
	.section.first-section {
		margin-top: 9px;
	}
	.blocklink small {
		white-space: normal;
	}
	.button {
		vertical-align: middle;
	}
	.replay-controls {
		padding-top: 10px;
	}
	.replay-controls h1 {
		font-size: 16pt;
		font-weight: normal;
		color: #CCC;
	}
	.pagelink {
		text-align: center;
	}
	.pagelink a {
		width: 150px;
	}
	.textbox, .button {
		font-size: 11pt;
		vertical-align: middle;
	}
	@media (max-width: 450px) {
		.button {
			font-size: 9pt;
		}
	}
</style>

<div>

	<header>
		<div class="nav-wrapper"><ul class="nav">
			<li><a class="button nav-first" href="//pokemonshowdown.com/"><img src="//pokemonshowdown.com/images/pokemonshowdownbeta.png" srcset="//pokemonshowdown.com/images/pokemonshowdownbeta.png 1x, //pokemonshowdown.com/images/pokemonshowdownbeta@2x.png 2x" alt="Pok&eacute;mon Showdown" width="146" height="44" /> Home</a></li>
			<li><a class="button" href="//pokemonshowdown.com/dex/">Pok&eacute;dex</a></li>
			<li><a class="button cur" href="/">Replays</a></li>
			<li><a class="button" href="//pokemonshowdown.com/ladder/">Ladder</a></li>
			<li><a class="button nav-last" href="//pokemonshowdown.com/forums/">Forum</a></li>
			<li><a class="button greenbutton nav-first nav-last" href="//play.pokemonshowdown.com/">Play</a></li>
		</ul></div>
	</header>

	<div class="main" id="main">

		<noscript><section class="section">You need to enable JavaScript to use this page; sorry!</section></noscript>

	</div>

</div>

<script defer nomodule src="//play.pokemonshowdown.com/js/lib/ps-polyfill.js"></script>
<script defer src="//play.pokemonshowdown.com/js/lib/preact.min.js"></script>

<script defer src="//play.pokemonshowdown.com/config/config.js?2bddbc15"></script>
<script defer src="//play.pokemonshowdown.com/js/lib/jquery-1.11.0.min.js"></script>
<script defer src="//play.pokemonshowdown.com/js/lib/html-sanitizer-minified.js"></script>
<script defer src="//play.pokemonshowdown.com/js/battle-sound.js"></script>
<script defer src="//play.pokemonshowdown.com/js/battledata.js?0.7209276989879541"></script>
<script defer src="//play.pokemonshowdown.com/data/pokedex-mini.js?0.6111056340867951"></script>
<script defer src="//play.pokemonshowdown.com/data/pokedex-mini-bw.js?0.3532142036491459"></script>
<script defer src="//play.pokemonshowdown.com/data/graphics.js?0.24223875632456182"></script>
<script defer src="//play.pokemonshowdown.com/data/pokedex.js?0.38839984266356864"></script>
<script defer src="//play.pokemonshowdown.com/data/moves.js?0.21866028504024015"></script>
<script defer src="//play.pokemonshowdown.com/data/abilities.js?0.2005157953846628"></script>
<script defer src="//play.pokemonshowdown.com/data/items.js?0.9894211263848525"></script>
<script defer src="//play.pokemonshowdown.com/data/teambuilder-tables.js?0.6008791140282215"></script>
<script defer src="//play.pokemonshowdown.com/js/battle-tooltips.js?0.7580118955022959"></script>
<script defer src="//play.pokemonshowdown.com/js/battle.js?0.6057722274234274"></script>

<script defer src="js/utils.js?e31f9a17"></script>
<script defer src="js/replays-battle.js?7008c182"></script>

<!-- don't scrape this data! just add .json or .log after the URL!
Full API docs: https://github.com/smogon/pokemon-showdown-client/blob/master/WEB-API.md -->
<script type="text/plain" class="log" id="replaylog-smogtours-gen3ou-797112">
|inactive|Battle timer is ON: inactive players will automatically lose when time's up.
|t:|1728612570
|gametype|singles
|player|p1|Key to life|2|
|player|p2|5darkelves|medium|
|teamsize|p1|6
|teamsize|p2|6
|gen|3
|tier|[Gen 3] OU
|rule|Sleep Clause Mod: Limit one foe put to sleep
|rule|Switch Priority Clause Mod: Faster Pokémon switch first
|rule|Species Clause: Limit one of each Pokémon
|rule|OHKO Clause: OHKO moves are banned
|rule|Evasion Items Clause: Evasion items are banned
|rule|Evasion Moves Clause: Evasion moves are banned
|rule|Endless Battle Clause: Forcing endless battles is banned
|rule|HP Percentage Mod: HP is shown in percentages
|rule|One Boost Passer Clause: Limit one Baton Passer that has a way to boost its stats
|rule|Freeze Clause Mod: Limit one foe frozen
|
|t:|1728612570
|start
|switch|p1a: Crapbo|Swampert, F|100/100
|switch|p2a: Zapdos|Zapdos|100/100
|turn|1
|
|t:|1728612582
|switch|p1a: Celebi|Celebi|100/100
|move|p2a: Zapdos|Substitute|p2a: Zapdos
|-start|p2a: Zapdos|Substitute
|-damage|p2a: Zapdos|76/100
|
|-heal|p2a: Zapdos|82/100|[from] item: Leftovers
|upkeep
|turn|2
|
|t:|1728612591
|move|p2a: Zapdos|Baton Pass|p2a: Zapdos
|
|t:|1728612595
|switch|p2a: Moltres|Moltres|100/100|[from] Baton Pass
|move|p1a: Celebi|Baton Pass|p1a: Celebi
|
|t:|1728612600
|switch|p1a: Tyranitar|Tyranitar, M|100/100|[from] Baton Pass
|-weather|Sandstorm|[from] ability: Sand Stream|[of] p1a: Tyranitar
|
|-weather|Sandstorm|[upkeep]
|-damage|p2a: Moltres|94/100|[from] Sandstorm
|-heal|p2a: Moltres|100/100|[from] item: Leftovers
|upkeep
|turn|3
|
|t:|1728612604
|move|p2a: Moltres|Will-O-Wisp|p1a: Tyranitar|[miss]
|-miss|p2a: Moltres|p1a: Tyranitar
|move|p1a: Tyranitar|Crunch|p2a: Moltres
|-crit|p2a: Moltres
|-end|p2a: Moltres|Substitute
|
|-weather|Sandstorm|[upkeep]
|-damage|p2a: Moltres|94/100|[from] Sandstorm
|-heal|p2a: Moltres|100/100|[from] item: Leftovers
|upkeep
|turn|4
|
|t:|1728612618
|-activate|p2a: Moltres|move: Pursuit
|move|p1a: Tyranitar|Pursuit|p2a: Moltres|[from]Pursuit
|-damage|p2a: Moltres|61/100
|switch|p2a: Breloom|Breloom, F|100/100
|
|-weather|Sandstorm|[upkeep]
|-damage|p2a: Breloom|94/100|[from] Sandstorm
|-heal|p2a: Breloom|100/100|[from] item: Leftovers
|upkeep
|turn|5
|
|t:|1728612629
|-singleturn|p2a: Breloom|move: Focus Punch
|switch|p1a: Crapbo|Swampert, F|100/100
|move|p2a: Breloom|Focus Punch|p1a: Crapbo
|-damage|p1a: Crapbo|38/100
|
|-weather|Sandstorm|[upkeep]
|-damage|p2a: Breloom|94/100|[from] Sandstorm
|-heal|p2a: Breloom|100/100|[from] item: Leftovers
|-heal|p1a: Crapbo|45/100|[from] item: Leftovers
|upkeep
|turn|6
|
|t:|1728612636
|move|p2a: Breloom|Spore|p1a: Crapbo
|-status|p1a: Crapbo|slp|[from] move: Spore
|cant|p1a: Crapbo|slp
|
|-weather|Sandstorm|[upkeep]
|-damage|p2a: Breloom|94/100|[from] Sandstorm
|-heal|p2a: Breloom|100/100|[from] item: Leftovers
|-heal|p1a: Crapbo|51/100 slp|[from] item: Leftovers
|upkeep
|turn|7
|
|t:|1728612640
|-singleturn|p2a: Breloom|move: Focus Punch
|switch|p1a: Celebi|Celebi|100/100
|move|p2a: Breloom|Focus Punch|p1a: Celebi
|-resisted|p1a: Celebi
|-damage|p1a: Celebi|72/100
|
|-weather|Sandstorm|[upkeep]
|-damage|p2a: Breloom|94/100|[from] Sandstorm
|-damage|p1a: Celebi|66/100|[from] Sandstorm
|-heal|p2a: Breloom|100/100|[from] item: Leftovers
|-heal|p1a: Celebi|72/100|[from] item: Leftovers
|upkeep
|turn|8
|
|t:|1728612652
|switch|p2a: Tyranitar|Tyranitar, M|100/100
|move|p1a: Celebi|Recover|p1a: Celebi
|-heal|p1a: Celebi|100/100
|
|-weather|Sandstorm|[upkeep]
|-damage|p1a: Celebi|94/100|[from] Sandstorm
|-heal|p1a: Celebi|100/100|[from] item: Leftovers
|upkeep
|turn|9
|
|t:|1728612659
|move|p1a: Celebi|Baton Pass|p1a: Celebi
|
|t:|1728612667
|switch|p1a: Flygon|Flygon, F|100/100|[from] Baton Pass
|move|p2a: Tyranitar|Pursuit|p1a: Flygon
|-damage|p1a: Flygon|73/100
|
|-weather|Sandstorm|[upkeep]
|-heal|p1a: Flygon|79/100|[from] item: Leftovers
|upkeep
|turn|10
|
|t:|1728612689
|move|p1a: Flygon|Substitute|p1a: Flygon
|-start|p1a: Flygon|Substitute
|-damage|p1a: Flygon|54/100
|move|p2a: Tyranitar|Hidden Power|p1a: Flygon
|-end|p1a: Flygon|Substitute
|
|-weather|Sandstorm|[upkeep]
|-heal|p1a: Flygon|60/100|[from] item: Leftovers
|upkeep
|turn|11
|
|t:|1728612703
|switch|p2a: Moltres|Moltres|61/100
|move|p1a: Flygon|Earthquake|p2a: Moltres
|-immune|p2a: Moltres
|
|-weather|Sandstorm|[upkeep]
|-damage|p2a: Moltres|55/100|[from] Sandstorm
|-heal|p1a: Flygon|66/100|[from] item: Leftovers
|-heal|p2a: Moltres|61/100|[from] item: Leftovers
|upkeep
|turn|12
|
|t:|1728612716
|move|p1a: Flygon|Substitute|p1a: Flygon
|-start|p1a: Flygon|Substitute
|-damage|p1a: Flygon|41/100
|move|p2a: Moltres|Will-O-Wisp||[still]
|-fail|p2a: Moltres
|
|-weather|Sandstorm|[upkeep]
|-damage|p2a: Moltres|55/100|[from] Sandstorm
|-heal|p1a: Flygon|47/100|[from] item: Leftovers
|-heal|p2a: Moltres|61/100|[from] item: Leftovers
|upkeep
|turn|13
|
|t:|1728612719
|move|p1a: Flygon|Rock Slide|p2a: Moltres
|-supereffective|p2a: Moltres
|-damage|p2a: Moltres|0 fnt
|faint|p2a: Moltres
|
|t:|1728612728
|switch|p2a: Suicune|Suicune|100/100
|
|-weather|Sandstorm|[upkeep]
|-damage|p2a: Suicune|94/100|[from] Sandstorm
|-heal|p1a: Flygon|53/100|[from] item: Leftovers
|-heal|p2a: Suicune|100/100|[from] item: Leftovers
|upkeep
|turn|14
|
|t:|1728612746
|switch|p1a: Celebi|Celebi|100/100
|move|p2a: Suicune|Surf|p1a: Celebi
|-resisted|p1a: Celebi
|-crit|p1a: Celebi
|-damage|p1a: Celebi|79/100
|
|-weather|Sandstorm|[upkeep]
|-damage|p1a: Celebi|73/100|[from] Sandstorm
|-damage|p2a: Suicune|94/100|[from] Sandstorm
|-heal|p1a: Celebi|79/100|[from] item: Leftovers
|-heal|p2a: Suicune|100/100|[from] item: Leftovers
|upkeep
|turn|15
|
|t:|1728612756
|move|p1a: Celebi|Leech Seed|p2a: Suicune
|-start|p2a: Suicune|move: Leech Seed
|move|p2a: Suicune|Calm Mind|p2a: Suicune
|-boost|p2a: Suicune|spa|1
|-boost|p2a: Suicune|spd|1
|
|-weather|Sandstorm|[upkeep]
|-damage|p1a: Celebi|73/100|[from] Sandstorm
|-damage|p2a: Suicune|94/100|[from] Sandstorm
|-heal|p1a: Celebi|79/100|[from] item: Leftovers
|-heal|p2a: Suicune|100/100|[from] item: Leftovers
|-damage|p2a: Suicune|88/100|[from] Leech Seed|[of] p1a: Celebi
|-heal|p1a: Celebi|92/100|[silent]
|upkeep
|turn|16
|
|t:|1728612759
|move|p1a: Celebi|Hidden Power|p2a: Suicune
|-supereffective|p2a: Suicune
|-damage|p2a: Suicune|62/100
|move|p2a: Suicune|Ice Beam|p1a: Celebi
|-supereffective|p1a: Celebi
|-damage|p1a: Celebi|51/100
|
|-weather|Sandstorm|[upkeep]
|-damage|p1a: Celebi|45/100|[from] Sandstorm
|-damage|p2a: Suicune|55/100|[from] Sandstorm
|-heal|p1a: Celebi|51/100|[from] item: Leftovers
|-heal|p2a: Suicune|62/100|[from] item: Leftovers
|-damage|p2a: Suicune|49/100|[from] Leech Seed|[of] p1a: Celebi
|-heal|p1a: Celebi|63/100|[silent]
|upkeep
|turn|17
|
|t:|1728612764
|switch|p2a: Breloom|Breloom, F|100/100
|move|p1a: Celebi|Recover|p1a: Celebi
|-heal|p1a: Celebi|100/100
|
|-weather|Sandstorm|[upkeep]
|-damage|p2a: Breloom|94/100|[from] Sandstorm
|-damage|p1a: Celebi|94/100|[from] Sandstorm
|-heal|p2a: Breloom|100/100|[from] item: Leftovers
|-heal|p1a: Celebi|100/100|[from] item: Leftovers
|upkeep
|turn|18
|
|t:|1728612775
|move|p2a: Breloom|Hidden Power|p1a: Celebi
|-supereffective|p1a: Celebi
|-damage|p1a: Celebi|63/100
|move|p1a: Celebi|Hidden Power|p2a: Breloom
|-resisted|p2a: Breloom
|-damage|p2a: Breloom|75/100
|
|-weather|Sandstorm|[upkeep]
|-damage|p2a: Breloom|69/100|[from] Sandstorm
|-damage|p1a: Celebi|57/100|[from] Sandstorm
|-heal|p2a: Breloom|75/100|[from] item: Leftovers
|-heal|p1a: Celebi|63/100|[from] item: Leftovers
|upkeep
|turn|19
|
|t:|1728612782
|-singleturn|p2a: Breloom|move: Focus Punch
|switch|p1a: Skarmory|Skarmory, F|100/100
|move|p2a: Breloom|Focus Punch|p1a: Skarmory
|-damage|p1a: Skarmory|45/100
|
|-weather|Sandstorm|[upkeep]
|-damage|p2a: Breloom|69/100|[from] Sandstorm
|-heal|p2a: Breloom|75/100|[from] item: Leftovers
|-heal|p1a: Skarmory|51/100|[from] item: Leftovers
|upkeep
|turn|20
|
|t:|1728612792
|-singleturn|p2a: Breloom|move: Focus Punch
|move|p1a: Skarmory|Spikes|p2a: Breloom
|-sidestart|p2: 5darkelves|Spikes
|move|p2a: Breloom|Focus Punch|p1a: Skarmory
|-damage|p1a: Skarmory|0 fnt
|faint|p1a: Skarmory
|inactive|Key to life has 270 seconds left.
|
|t:|1728612840
|switch|p1a: Celebi|Celebi|63/100
|
|-weather|Sandstorm|[upkeep]
|-damage|p2a: Breloom|69/100|[from] Sandstorm
|-damage|p1a: Celebi|57/100|[from] Sandstorm
|-heal|p2a: Breloom|75/100|[from] item: Leftovers
|-heal|p1a: Celebi|63/100|[from] item: Leftovers
|upkeep
|turn|21
|
|t:|1728612846
|move|p2a: Breloom|Hidden Power|p1a: Celebi
|-supereffective|p1a: Celebi
|-damage|p1a: Celebi|28/100
|move|p1a: Celebi|Recover|p1a: Celebi
|-heal|p1a: Celebi|78/100
|
|-weather|Sandstorm|[upkeep]
|-damage|p2a: Breloom|69/100|[from] Sandstorm
|-damage|p1a: Celebi|72/100|[from] Sandstorm
|-heal|p2a: Breloom|75/100|[from] item: Leftovers
|-heal|p1a: Celebi|78/100|[from] item: Leftovers
|upkeep
|turn|22
|
|t:|1728612852
|move|p2a: Breloom|Hidden Power|p1a: Celebi
|-supereffective|p1a: Celebi
|-damage|p1a: Celebi|38/100
|move|p1a: Celebi|Recover|p1a: Celebi
|-heal|p1a: Celebi|88/100
|
|-weather|Sandstorm|[upkeep]
|-damage|p2a: Breloom|69/100|[from] Sandstorm
|-damage|p1a: Celebi|81/100|[from] Sandstorm
|-heal|p2a: Breloom|75/100|[from] item: Leftovers
|-heal|p1a: Celebi|88/100|[from] item: Leftovers
|upkeep
|turn|23
|
|t:|1728612855
|move|p2a: Breloom|Hidden Power|p1a: Celebi
|-supereffective|p1a: Celebi
|-damage|p1a: Celebi|47/100
|move|p1a: Celebi|Hidden Power|p2a: Breloom
|-resisted|p2a: Breloom
|-damage|p2a: Breloom|48/100
|
|-weather|Sandstorm|[upkeep]
|-damage|p2a: Breloom|42/100|[from] Sandstorm
|-damage|p1a: Celebi|40/100|[from] Sandstorm
|-heal|p2a: Breloom|48/100|[from] item: Leftovers
|-heal|p1a: Celebi|47/100|[from] item: Leftovers
|upkeep
|turn|24
|
|t:|1728612859
|move|p2a: Breloom|Hidden Power|p1a: Celebi
|-supereffective|p1a: Celebi
|-damage|p1a: Celebi|11/100
|move|p1a: Celebi|Recover|p1a: Celebi
|-heal|p1a: Celebi|61/100
|
|-weather|Sandstorm|[upkeep]
|-damage|p2a: Breloom|42/100|[from] Sandstorm
|-damage|p1a: Celebi|55/100|[from] Sandstorm
|-heal|p2a: Breloom|48/100|[from] item: Leftovers
|-heal|p1a: Celebi|61/100|[from] item: Leftovers
|upkeep
|turn|25
|
|t:|1728612863
|move|p2a: Breloom|Hidden Power|p1a: Celebi
|-supereffective|p1a: Celebi
|-damage|p1a: Celebi|21/100
|move|p1a: Celebi|Recover|p1a: Celebi
|-heal|p1a: Celebi|71/100
|
|-weather|Sandstorm|[upkeep]
|-damage|p2a: Breloom|42/100|[from] Sandstorm
|-damage|p1a: Celebi|65/100|[from] Sandstorm
|-heal|p2a: Breloom|48/100|[from] item: Leftovers
|-heal|p1a: Celebi|71/100|[from] item: Leftovers
|upkeep
|turn|26
|
|t:|1728612865
|move|p2a: Breloom|Hidden Power|p1a: Celebi
|-supereffective|p1a: Celebi
|-damage|p1a: Celebi|32/100
|move|p1a: Celebi|Recover|p1a: Celebi
|-heal|p1a: Celebi|82/100
|
|-weather|Sandstorm|[upkeep]
|-damage|p2a: Breloom|42/100|[from] Sandstorm
|-damage|p1a: Celebi|76/100|[from] Sandstorm
|-heal|p2a: Breloom|48/100|[from] item: Leftovers
|-heal|p1a: Celebi|82/100|[from] item: Leftovers
|upkeep
|turn|27
|
|t:|1728612869
|move|p2a: Breloom|Hidden Power|p1a: Celebi
|-supereffective|p1a: Celebi
|-crit|p1a: Celebi
|-damage|p1a: Celebi|10/100
|move|p1a: Celebi|Recover|p1a: Celebi
|-heal|p1a: Celebi|60/100
|
|-weather|Sandstorm|[upkeep]
|-damage|p2a: Breloom|42/100|[from] Sandstorm
|-damage|p1a: Celebi|54/100|[from] Sandstorm
|-heal|p2a: Breloom|48/100|[from] item: Leftovers
|-heal|p1a: Celebi|60/100|[from] item: Leftovers
|upkeep
|turn|28
|
|t:|1728612874
|move|p2a: Breloom|Hidden Power|p1a: Celebi
|-supereffective|p1a: Celebi
|-damage|p1a: Celebi|24/100
|move|p1a: Celebi|Recover|p1a: Celebi
|-heal|p1a: Celebi|74/100
|
|-weather|Sandstorm|[upkeep]
|-damage|p2a: Breloom|42/100|[from] Sandstorm
|-damage|p1a: Celebi|67/100|[from] Sandstorm
|-heal|p2a: Breloom|48/100|[from] item: Leftovers
|-heal|p1a: Celebi|74/100|[from] item: Leftovers
|upkeep
|turn|29
|
|t:|1728612877
|move|p2a: Breloom|Hidden Power|p1a: Celebi
|-supereffective|p1a: Celebi
|-damage|p1a: Celebi|37/100
|move|p1a: Celebi|Recover|p1a: Celebi
|-heal|p1a: Celebi|87/100
|
|-weather|Sandstorm|[upkeep]
|-damage|p2a: Breloom|42/100|[from] Sandstorm
|-damage|p1a: Celebi|81/100|[from] Sandstorm
|-heal|p2a: Breloom|48/100|[from] item: Leftovers
|-heal|p1a: Celebi|87/100|[from] item: Leftovers
|upkeep
|turn|30
|
|t:|1728612881
|move|p2a: Breloom|Hidden Power|p1a: Celebi
|-supereffective|p1a: Celebi
|-damage|p1a: Celebi|50/100
|move|p1a: Celebi|Hidden Power|p2a: Breloom
|-resisted|p2a: Breloom
|-damage|p2a: Breloom|22/100
|
|-weather|Sandstorm|[upkeep]
|-damage|p2a: Breloom|15/100|[from] Sandstorm
|-damage|p1a: Celebi|44/100|[from] Sandstorm
|-heal|p2a: Breloom|22/100|[from] item: Leftovers
|-heal|p1a: Celebi|50/100|[from] item: Leftovers
|upkeep
|turn|31
|
|t:|1728612896
|switch|p2a: Zapdos|Zapdos|82/100
|move|p1a: Celebi|Recover|p1a: Celebi
|-heal|p1a: Celebi|99/100
|
|-weather|Sandstorm|[upkeep]
|-damage|p2a: Zapdos|76/100|[from] Sandstorm
|-damage|p1a: Celebi|94/100|[from] Sandstorm
|-heal|p2a: Zapdos|82/100|[from] item: Leftovers
|-heal|p1a: Celebi|99/100|[from] item: Leftovers
|upkeep
|turn|32
|
|t:|1728612901
|move|p2a: Zapdos|Substitute|p2a: Zapdos
|-start|p2a: Zapdos|Substitute
|-damage|p2a: Zapdos|57/100
|move|p1a: Celebi|Baton Pass|p1a: Celebi
|
|t:|1728612906
|switch|p1a: Tyranitar|Tyranitar, M|100/100|[from] Baton Pass
|
|-weather|Sandstorm|[upkeep]
|-damage|p2a: Zapdos|51/100|[from] Sandstorm
|-heal|p2a: Zapdos|57/100|[from] item: Leftovers
|upkeep
|turn|33
|
|t:|1728612930
|move|p2a: Zapdos|Hidden Power|p1a: Tyranitar
|-supereffective|p1a: Tyranitar
|-damage|p1a: Tyranitar|59/100
|move|p1a: Tyranitar|Crunch|p2a: Zapdos
|-end|p2a: Zapdos|Substitute
|
|-weather|Sandstorm|[upkeep]
|-damage|p2a: Zapdos|51/100|[from] Sandstorm
|-heal|p2a: Zapdos|57/100|[from] item: Leftovers
|-heal|p1a: Tyranitar|65/100|[from] item: Leftovers
|upkeep
|turn|34
|
|t:|1728612938
|move|p2a: Zapdos|Baton Pass|p2a: Zapdos
|
|t:|1728612940
|switch|p2a: Tyranitar|Tyranitar, M|100/100|[from] Baton Pass
|-damage|p2a: Tyranitar|88/100|[from] Spikes
|move|p1a: Tyranitar|Ice Beam|p2a: Tyranitar
|-damage|p2a: Tyranitar|62/100
|
|-weather|Sandstorm|[upkeep]
|-heal|p2a: Tyranitar|68/100|[from] item: Leftovers
|-heal|p1a: Tyranitar|71/100|[from] item: Leftovers
|upkeep
|turn|35
|
|t:|1728612947
|move|p2a: Tyranitar|Hidden Power|p1a: Tyranitar
|-supereffective|p1a: Tyranitar
|-damage|p1a: Tyranitar|33/100
|move|p1a: Tyranitar|Earthquake|p2a: Tyranitar
|-supereffective|p2a: Tyranitar
|-damage|p2a: Tyranitar|21/100
|
|-weather|Sandstorm|[upkeep]
|-heal|p2a: Tyranitar|28/100|[from] item: Leftovers
|-heal|p1a: Tyranitar|39/100|[from] item: Leftovers
|upkeep
|turn|36
|
|t:|1728612957
|switch|p1a: Magneton|Magneton|100/100
|move|p2a: Tyranitar|Hidden Power|p1a: Magneton
|-resisted|p1a: Magneton
|-damage|p1a: Magneton|81/100
|
|-weather|Sandstorm|[upkeep]
|-heal|p2a: Tyranitar|34/100|[from] item: Leftovers
|upkeep
|turn|37
|
|t:|1728612969
|move|p1a: Magneton|Thunderbolt|p2a: Tyranitar
|-damage|p2a: Tyranitar|0 fnt
|faint|p2a: Tyranitar
|
|t:|1728612982
|switch|p2a: Zapdos|Zapdos|57/100
|
|-weather|Sandstorm|[upkeep]
|-damage|p2a: Zapdos|51/100|[from] Sandstorm
|-heal|p2a: Zapdos|57/100|[from] item: Leftovers
|upkeep
|turn|38
|
|t:|1728612988
|move|p2a: Zapdos|Thunderbolt|p1a: Magneton
|-resisted|p1a: Magneton
|-damage|p1a: Magneton|30/100
|-status|p1a: Magneton|par
|move|p1a: Magneton|Thunderbolt|p2a: Zapdos
|-damage|p2a: Zapdos|3/100
|
|-weather|Sandstorm|[upkeep]
|-damage|p2a: Zapdos|0 fnt|[from] Sandstorm
|faint|p2a: Zapdos
|upkeep
|
|t:|1728613002
|switch|p2a: Metagross|Metagross|100/100
|-damage|p2a: Metagross|88/100|[from] Spikes
|turn|39
|
|t:|1728613015
|move|p2a: Metagross|Meteor Mash|p1a: Magneton
|-resisted|p1a: Magneton
|-damage|p1a: Magneton|0 fnt
|faint|p1a: Magneton
|
|t:|1728613019
|switch|p1a: Flygon|Flygon, F|53/100
|
|-weather|Sandstorm|[upkeep]
|-heal|p1a: Flygon|59/100|[from] item: Leftovers
|upkeep
|turn|40
|
|t:|1728613024
|switch|p2a: Breloom|Breloom, F|22/100
|-damage|p2a: Breloom|9/100|[from] Spikes
|move|p1a: Flygon|Earthquake|p2a: Breloom
|-resisted|p2a: Breloom
|-damage|p2a: Breloom|0 fnt
|faint|p2a: Breloom
|
|t:|1728613027
|switch|p2a: Suicune|Suicune|49/100
|-damage|p2a: Suicune|37/100|[from] Spikes
|
|-weather|Sandstorm|[upkeep]
|-damage|p2a: Suicune|30/100|[from] Sandstorm
|-heal|p1a: Flygon|65/100|[from] item: Leftovers
|-heal|p2a: Suicune|37/100|[from] item: Leftovers
|upkeep
|turn|41
|
|t:|1728613036
|switch|p1a: Celebi|Celebi|99/100
|move|p2a: Suicune|Ice Beam|p1a: Celebi
|-supereffective|p1a: Celebi
|-damage|p1a: Celebi|73/100
|
|-weather|Sandstorm|[upkeep]
|-damage|p1a: Celebi|67/100|[from] Sandstorm
|-damage|p2a: Suicune|30/100|[from] Sandstorm
|-heal|p1a: Celebi|73/100|[from] item: Leftovers
|-heal|p2a: Suicune|37/100|[from] item: Leftovers
|upkeep
|turn|42
|
|t:|1728613045
|move|p1a: Celebi|Leech Seed|p2a: Suicune
|-start|p2a: Suicune|move: Leech Seed
|move|p2a: Suicune|Calm Mind|p2a: Suicune
|-boost|p2a: Suicune|spa|1
|-boost|p2a: Suicune|spd|1
|
|-weather|Sandstorm|[upkeep]
|-damage|p1a: Celebi|67/100|[from] Sandstorm
|-damage|p2a: Suicune|30/100|[from] Sandstorm
|-heal|p1a: Celebi|73/100|[from] item: Leftovers
|-heal|p2a: Suicune|37/100|[from] item: Leftovers
|-damage|p2a: Suicune|24/100|[from] Leech Seed|[of] p1a: Celebi
|-heal|p1a: Celebi|85/100|[silent]
|upkeep
|turn|43
|
|t:|1728613049
|move|p1a: Celebi|Hidden Power|p2a: Suicune
|-supereffective|p2a: Suicune
|-damage|p2a: Suicune|0 fnt
|faint|p2a: Suicune
|
|t:|1728613052
|switch|p2a: Metagross|Metagross|88/100
|-damage|p2a: Metagross|76/100|[from] Spikes
|
|-weather|Sandstorm|[upkeep]
|-damage|p1a: Celebi|79/100|[from] Sandstorm
|-heal|p1a: Celebi|85/100|[from] item: Leftovers
|upkeep
|turn|44
|
|t:|1728613055
|move|p1a: Celebi|Leech Seed|p2a: Metagross
|-start|p2a: Metagross|move: Leech Seed
|move|p2a: Metagross|Meteor Mash|p1a: Celebi
|-damage|p1a: Celebi|13/100
|
|-weather|Sandstorm|[upkeep]
|-damage|p1a: Celebi|7/100|[from] Sandstorm
|-heal|p1a: Celebi|13/100|[from] item: Leftovers
|-damage|p2a: Metagross|63/100|[from] Leech Seed|[of] p1a: Celebi
|-heal|p1a: Celebi|24/100|[silent]
|upkeep
|turn|45
|
|t:|1728613063
|switch|p1a: Crapbo|Swampert, F|51/100 slp
|move|p2a: Metagross|Meteor Mash|p1a: Crapbo
|-resisted|p1a: Crapbo
|-damage|p1a: Crapbo|14/100 slp
|-boost|p2a: Metagross|atk|1
|
|-weather|Sandstorm|[upkeep]
|-damage|p2a: Metagross|51/100|[from] Leech Seed|[of] p1a: Crapbo
|-heal|p1a: Crapbo|24/100 slp|[silent]
|-heal|p1a: Crapbo|30/100 slp|[from] item: Leftovers
|upkeep
|turn|46
|
|t:|1728613068
|move|p2a: Metagross|Meteor Mash|p1a: Crapbo
|-resisted|p1a: Crapbo
|-damage|p1a: Crapbo|0 fnt
|faint|p1a: Crapbo
|
|t:|1728613070
|switch|p1a: Flygon|Flygon, F|65/100
|
|-weather|Sandstorm|[upkeep]
|-heal|p1a: Flygon|71/100|[from] item: Leftovers
|-damage|p2a: Metagross|39/100|[from] Leech Seed|[of] p1a: Flygon
|-heal|p1a: Flygon|85/100|[silent]
|upkeep
|turn|47
|
|t:|1728613072
|move|p1a: Flygon|Earthquake|p2a: Metagross
|-supereffective|p2a: Metagross
|-damage|p2a: Metagross|0 fnt
|faint|p2a: Metagross
|
|win|Key to life
|c|☆Key to life|gg

</script>
<script type="application/json" class="data" id="replaydata-smogtours-gen3ou-797112">
{"id":"smogtours-gen3ou-797112","format":"[Gen 3] OU","players":["Key to life","5darkelves"],"uploadtime":1728613072,"views":105,"formatid":"gen3ou","rating":null,"private":0,"password":null}
</script>

<script defer src="js/replays.js?9d40a366"></script>
