<!DOCTYPE html>
<meta charset="utf-8" />
<meta name="viewport" content="width=device-width" />

<title>[Gen 3] OU: ShellyYGO vs. Attalyn - Replays - Pok&eacute;mon Showdown!</title>

<meta name="description" content="Watch a replay of a Pok&eacute;mon battle between ShellyYGO and Attalyn! Format: [Gen 3] OU; Date: Oct 3, 2024" />
<!--

Hey, you! Looking in the source for the replay log?

You can find them in JSON format, just add `.json` at the end of a replay URL.

https://replay.pokemonshowdown.com/gen7randomdoublesbattle-865046831.json

Or, if you only need the log itself, add `.log` instead:

https://replay.pokemonshowdown.com/gen7randomdoublesbattle-865046831.log

-->

<link rel="stylesheet" href="//pokemonshowdown.com/style/global.css?0.023195364461161105" />
<link rel="stylesheet" href="//play.pokemonshowdown.com/style/font-awesome.css?0.13261647063804238" />
<link rel="stylesheet" href="//play.pokemonshowdown.com/style/battle.css?0.8753245789963631" />
<link rel="stylesheet" href="//play.pokemonshowdown.com/style/utilichart.css?0.8627959624976733" />

<!-- Global site tag (gtag.js) - Google Analytics -->
<script async src="https://www.googletagmanager.com/gtag/js?id=UA-26211653-1"></script>
<script>
  window.dataLayer = window.dataLayer || [];
  function gtag(){dataLayer.push(arguments);}
  gtag('js', new Date());

  gtag('config', 'UA-26211653-1');
</script>
<!-- End Google Analytics -->
<!-- Venatus Ad Manager - Install in <HEAD> of page -->
	<script src="https://hb.vntsm.com/v3/live/ad-manager.min.js" type="text/javascript" data-site-id="642aba63ec9a7b11c3c9c1be" data-mode="scan" async></script>
<!-- / Venatus Ad Manager -->

<style>
	@media (max-width:820px) {
		.battle {
			margin: 0 auto;
		}
		.battle-log {
			margin: 7px auto 0;
			max-width: 640px;
			height: 300px;
			position: static;
		}
	}
	.optgroup {
		display: inline-block;
		line-height: 22px;
		font-size: 10pt;
	}
	.optgroup .button {
		height: 25px;
		padding-top: 0;
		padding-bottom: 0;
	}
	.optgroup button.button {
		padding-left: 12px;
		padding-right: 12px;
	}
	.linklist {
		list-style: none;
		margin: 0.5em 0;
		padding: 0;
	}
	.linklist li {
		padding: 2px 0;
	}
	.sidebar {
		float: left;
		width: 320px;
	}
	.bar-wrapper {
		max-width: 1100px;
		margin: 0 auto;
	}
	.bar-wrapper.has-sidebar {
		max-width: 1430px;
	}
	.mainbar {
		margin: 0;
		padding-right: 1px;
	}
	.mainbar.has-sidebar {
		margin-left: 330px;
	}
	@media (min-width: 1511px) {
		.sidebar {
			width: 400px;
		}
		.bar-wrapper.has-sidebar {
			max-width: 1510px;
		}
		.mainbar.has-sidebar {
			margin-left: 410px;
		}
	}
	.section.first-section {
		margin-top: 9px;
	}
	.blocklink small {
		white-space: normal;
	}
	.button {
		vertical-align: middle;
	}
	.replay-controls {
		padding-top: 10px;
	}
	.replay-controls h1 {
		font-size: 16pt;
		font-weight: normal;
		color: #CCC;
	}
	.pagelink {
		text-align: center;
	}
	.pagelink a {
		width: 150px;
	}
	.textbox, .button {
		font-size: 11pt;
		vertical-align: middle;
	}
	@media (max-width: 450px) {
		.button {
			font-size: 9pt;
		}
	}
</style>

<div>

	<header>
		<div class="nav-wrapper"><ul class="nav">
			<li><a class="button nav-first" href="//pokemonshowdown.com/"><img src="//pokemonshowdown.com/images/pokemonshowdownbeta.png" srcset="//pokemonshowdown.com/images/pokemonshowdownbeta.png 1x, //pokemonshowdown.com/images/pokemonshowdownbeta@2x.png 2x" alt="Pok&eacute;mon Showdown" width="146" height="44" /> Home</a></li>
			<li><a class="button" href="//pokemonshowdown.com/dex/">Pok&eacute;dex</a></li>
			<li><a class="button cur" href="/">Replays</a></li>
			<li><a class="button" href="//pokemonshowdown.com/ladder/">Ladder</a></li>
			<li><a class="button nav-last" href="//pokemonshowdown.com/forums/">Forum</a></li>
			<li><a class="button greenbutton nav-first nav-last" href="//play.pokemonshowdown.com/">Play</a></li>
		</ul></div>
	</header>

	<div class="main" id="main">

		<noscript><section class="section">You need to enable JavaScript to use this page; sorry!</section></noscript>

	</div>

</div>

<script defer nomodule src="//play.pokemonshowdown.com/js/lib/ps-polyfill.js"></script>
<script defer src="//play.pokemonshowdown.com/js/lib/preact.min.js"></script>

<script defer src="//play.pokemonshowdown.com/config/config.js?2bddbc15"></script>
<script defer src="//play.pokemonshowdown.com/js/lib/jquery-1.11.0.min.js"></script>
<script defer src="//play.pokemonshowdown.com/js/lib/html-sanitizer-minified.js"></script>
<script defer src="//play.pokemonshowdown.com/js/battle-sound.js"></script>
<script defer src="//play.pokemonshowdown.com/js/battledata.js?0.7209276989879541"></script>
<script defer src="//play.pokemonshowdown.com/data/pokedex-mini.js?0.6111056340867951"></script>
<script defer src="//play.pokemonshowdown.com/data/pokedex-mini-bw.js?0.3532142036491459"></script>
<script defer src="//play.pokemonshowdown.com/data/graphics.js?0.24223875632456182"></script>
<script defer src="//play.pokemonshowdown.com/data/pokedex.js?0.38839984266356864"></script>
<script defer src="//play.pokemonshowdown.com/data/moves.js?0.21866028504024015"></script>
<script defer src="//play.pokemonshowdown.com/data/abilities.js?0.2005157953846628"></script>
<script defer src="//play.pokemonshowdown.com/data/items.js?0.9894211263848525"></script>
<script defer src="//play.pokemonshowdown.com/data/teambuilder-tables.js?0.6008791140282215"></script>
<script defer src="//play.pokemonshowdown.com/js/battle-tooltips.js?0.7580118955022959"></script>
<script defer src="//play.pokemonshowdown.com/js/battle.js?0.6057722274234274"></script>

<script defer src="js/utils.js?e31f9a17"></script>
<script defer src="js/replays-battle.js?7008c182"></script>

<!-- don't scrape this data! just add .json or .log after the URL!
Full API docs: https://github.com/smogon/pokemon-showdown-client/blob/master/WEB-API.md -->
<script type="text/plain" class="log" id="replaylog-smogtours-gen3ou-794163">
|inactive|Battle timer is ON: inactive players will automatically lose when time's up.
|t:|1727922018
|gametype|singles
|player|p1|ShellyYGO|hugh|
|player|p2|Attalyn|1|
|teamsize|p1|6
|teamsize|p2|6
|gen|3
|tier|[Gen 3] OU
|rule|Sleep Clause Mod: Limit one foe put to sleep
|rule|Switch Priority Clause Mod: Faster Pokémon switch first
|rule|Species Clause: Limit one of each Pokémon
|rule|OHKO Clause: OHKO moves are banned
|rule|Evasion Items Clause: Evasion items are banned
|rule|Evasion Moves Clause: Evasion moves are banned
|rule|Endless Battle Clause: Forcing endless battles is banned
|rule|HP Percentage Mod: HP is shown in percentages
|rule|One Boost Passer Clause: Limit one Baton Passer that has a way to boost its stats
|rule|Freeze Clause Mod: Limit one foe frozen
|
|t:|1727922018
|start
|switch|p1a: Domain Expansion|Tyranitar, M|100/100
|switch|p2a: Tyranitar|Tyranitar, F|100/100
|-weather|Sandstorm|[from] ability: Sand Stream|[of] p1a: Domain Expansion
|turn|1
|
|t:|1727922033
|switch|p2a: Dusclops|Dusclops, M|100/100
|move|p1a: Domain Expansion|Brick Break|p2a: Dusclops
|-immune|p2a: Dusclops
|
|-weather|Sandstorm|[upkeep]
|-damage|p2a: Dusclops|95/100|[from] Sandstorm
|-heal|p2a: Dusclops|100/100|[from] item: Leftovers
|upkeep
|turn|2
|
|t:|1727922042
|switch|p1a: EggBig|Blissey, F|100/100
|move|p2a: Dusclops|Will-O-Wisp|p1a: EggBig|[miss]
|-miss|p2a: Dusclops|p1a: EggBig
|
|-weather|Sandstorm|[upkeep]
|-damage|p1a: EggBig|94/100|[from] Sandstorm
|-damage|p2a: Dusclops|95/100|[from] Sandstorm
|-heal|p1a: EggBig|100/100|[from] item: Leftovers
|-heal|p2a: Dusclops|100/100|[from] item: Leftovers
|upkeep
|turn|3
|
|t:|1727922050
|switch|p2a: Skarmory|Skarmory, M|100/100
|move|p1a: EggBig|Thunder Wave|p2a: Skarmory
|-status|p2a: Skarmory|par
|
|-weather|Sandstorm|[upkeep]
|-damage|p1a: EggBig|94/100|[from] Sandstorm
|-heal|p1a: EggBig|100/100|[from] item: Leftovers
|upkeep
|turn|4
|
|t:|1727922060
|switch|p1a: Domain Expansion|Tyranitar, M|100/100
|move|p2a: Skarmory|Spikes|p1a: Domain Expansion
|-sidestart|p1: ShellyYGO|Spikes
|
|-weather|Sandstorm|[upkeep]
|upkeep
|turn|5
|
|t:|1727922068
|move|p1a: Domain Expansion|Dragon Dance|p1a: Domain Expansion
|-boost|p1a: Domain Expansion|atk|1
|-boost|p1a: Domain Expansion|spe|1
|move|p2a: Skarmory|Roar|p1a: Domain Expansion
|drag|p1a: EggBig|Blissey, F|100/100
|-damage|p1a: EggBig|88/100|[from] Spikes
|
|-weather|Sandstorm|[upkeep]
|-damage|p1a: EggBig|82/100|[from] Sandstorm
|-heal|p1a: EggBig|88/100|[from] item: Leftovers
|upkeep
|turn|6
|
|t:|1727922080
|move|p1a: EggBig|Seismic Toss|p2a: Skarmory
|-damage|p2a: Skarmory|71/100 par
|move|p2a: Skarmory|Toxic|p1a: EggBig
|-status|p1a: EggBig|tox
|
|-weather|Sandstorm|[upkeep]
|-damage|p1a: EggBig|82/100 tox|[from] Sandstorm
|-heal|p1a: EggBig|88/100 tox|[from] item: Leftovers
|-damage|p1a: EggBig|82/100 tox|[from] psn
|-heal|p2a: Skarmory|77/100 par|[from] item: Leftovers
|upkeep
|turn|7
|
|t:|1727922103
|-curestatus|p1a: EggBig|tox|[from] ability: Natural Cure
|switch|p1a: Boogie Woogie|Zapdos|100/100
|switch|p2a: Dusclops|Dusclops, M|100/100
|
|-weather|Sandstorm|[upkeep]
|-damage|p1a: Boogie Woogie|94/100|[from] Sandstorm
|-damage|p2a: Dusclops|95/100|[from] Sandstorm
|-heal|p1a: Boogie Woogie|100/100|[from] item: Leftovers
|-heal|p2a: Dusclops|100/100|[from] item: Leftovers
|upkeep
|turn|8
|
|t:|1727922115
|move|p1a: Boogie Woogie|Protect|p1a: Boogie Woogie
|-singleturn|p1a: Boogie Woogie|Protect
|move|p2a: Dusclops|Calm Mind|p2a: Dusclops
|-boost|p2a: Dusclops|spa|1
|-boost|p2a: Dusclops|spd|1
|
|-weather|Sandstorm|[upkeep]
|-damage|p1a: Boogie Woogie|94/100|[from] Sandstorm
|-damage|p2a: Dusclops|95/100|[from] Sandstorm
|-heal|p1a: Boogie Woogie|100/100|[from] item: Leftovers
|-heal|p2a: Dusclops|100/100|[from] item: Leftovers
|upkeep
|turn|9
|
|t:|1727922124
|move|p1a: Boogie Woogie|Thunderbolt|p2a: Dusclops
|-damage|p2a: Dusclops|70/100
|move|p2a: Dusclops|Will-O-Wisp|p1a: Boogie Woogie
|-status|p1a: Boogie Woogie|brn
|
|-weather|Sandstorm|[upkeep]
|-damage|p1a: Boogie Woogie|94/100 brn|[from] Sandstorm
|-damage|p2a: Dusclops|64/100|[from] Sandstorm
|-heal|p1a: Boogie Woogie|100/100 brn|[from] item: Leftovers
|-damage|p1a: Boogie Woogie|88/100 brn|[from] brn
|-heal|p2a: Dusclops|70/100|[from] item: Leftovers
|upkeep
|turn|10
|
|t:|1727922136
|move|p1a: Boogie Woogie|Thunderbolt|p2a: Dusclops
|-damage|p2a: Dusclops|38/100
|move|p2a: Dusclops|Pain Split|p1a: Boogie Woogie
|-sethp|p1a: Boogie Woogie|61/100 brn|[from] move: Pain Split|[silent]
|-sethp|p2a: Dusclops|69/100|[from] move: Pain Split
|
|-weather|Sandstorm|[upkeep]
|-damage|p1a: Boogie Woogie|55/100 brn|[from] Sandstorm
|-damage|p2a: Dusclops|63/100|[from] Sandstorm
|-heal|p1a: Boogie Woogie|61/100 brn|[from] item: Leftovers
|-damage|p1a: Boogie Woogie|48/100 brn|[from] brn
|-heal|p2a: Dusclops|69/100|[from] item: Leftovers
|upkeep
|turn|11
|
|t:|1727922156
|switch|p1a: EggBig|Blissey, F|82/100
|-damage|p1a: EggBig|69/100|[from] Spikes
|switch|p2a: Flygon|Flygon, M|100/100
|
|-weather|Sandstorm|[upkeep]
|-damage|p1a: EggBig|63/100|[from] Sandstorm
|-heal|p1a: EggBig|69/100|[from] item: Leftovers
|upkeep
|turn|12
|
|t:|1727922178
|switch|p2a: Dusclops|Dusclops, M|69/100
|move|p1a: EggBig|Soft-Boiled|p1a: EggBig
|-heal|p1a: EggBig|100/100
|
|-weather|Sandstorm|[upkeep]
|-damage|p1a: EggBig|94/100|[from] Sandstorm
|-damage|p2a: Dusclops|63/100|[from] Sandstorm
|-heal|p1a: EggBig|100/100|[from] item: Leftovers
|-heal|p2a: Dusclops|69/100|[from] item: Leftovers
|upkeep
|turn|13
|inactive|Attalyn has 270 seconds left.
|
|t:|1727922194
|switch|p1a: Honored One|Sceptile, M|100/100
|-damage|p1a: Honored One|88/100|[from] Spikes
|move|p2a: Dusclops|Pain Split|p1a: Honored One
|-sethp|p1a: Honored One|73/100|[from] move: Pain Split|[silent]
|-sethp|p2a: Dusclops|87/100|[from] move: Pain Split
|
|-weather|Sandstorm|[upkeep]
|-damage|p1a: Honored One|66/100|[from] Sandstorm
|-damage|p2a: Dusclops|81/100|[from] Sandstorm
|-heal|p1a: Honored One|73/100|[from] item: Leftovers
|-heal|p2a: Dusclops|87/100|[from] item: Leftovers
|upkeep
|turn|14
|inactive|Attalyn has 270 seconds left.
|
|t:|1727922207
|move|p1a: Honored One|Substitute|p1a: Honored One
|-start|p1a: Honored One|Substitute
|-damage|p1a: Honored One|48/100
|move|p2a: Dusclops|Ice Beam|p1a: Honored One
|-supereffective|p1a: Honored One
|-end|p1a: Honored One|Substitute
|
|-weather|Sandstorm|[upkeep]
|-damage|p1a: Honored One|42/100|[from] Sandstorm
|-damage|p2a: Dusclops|81/100|[from] Sandstorm
|-heal|p1a: Honored One|48/100|[from] item: Leftovers
|-heal|p2a: Dusclops|87/100|[from] item: Leftovers
|upkeep
|turn|15
|inactive|Attalyn has 270 seconds left.
|
|t:|1727922219
|switch|p1a: StillSwampin|Swampert, F|100/100
|-damage|p1a: StillSwampin|88/100|[from] Spikes
|move|p2a: Dusclops|Ice Beam|p1a: StillSwampin
|-damage|p1a: StillSwampin|78/100
|
|-weather|Sandstorm|[upkeep]
|-damage|p2a: Dusclops|81/100|[from] Sandstorm
|-heal|p1a: StillSwampin|84/100|[from] item: Leftovers
|-heal|p2a: Dusclops|87/100|[from] item: Leftovers
|upkeep
|turn|16
|inactive|Attalyn has 270 seconds left.
|
|t:|1727922232
|move|p1a: StillSwampin|Hydro Pump|p2a: Dusclops
|-damage|p2a: Dusclops|55/100
|move|p2a: Dusclops|Will-O-Wisp|p1a: StillSwampin
|-status|p1a: StillSwampin|brn
|
|-weather|Sandstorm|[upkeep]
|-damage|p2a: Dusclops|49/100|[from] Sandstorm
|-heal|p1a: StillSwampin|91/100 brn|[from] item: Leftovers
|-damage|p1a: StillSwampin|78/100 brn|[from] brn
|-heal|p2a: Dusclops|55/100|[from] item: Leftovers
|upkeep
|turn|17
|inactive|Attalyn has 270 seconds left.
|
|t:|1727922243
|move|p1a: StillSwampin|Hydro Pump|p2a: Dusclops|[miss]
|-miss|p1a: StillSwampin|p2a: Dusclops
|move|p2a: Dusclops|Pain Split|p1a: StillSwampin
|-sethp|p1a: StillSwampin|58/100 brn|[from] move: Pain Split|[silent]
|-sethp|p2a: Dusclops|83/100|[from] move: Pain Split
|
|-weather|Sandstorm|[upkeep]
|-damage|p2a: Dusclops|77/100|[from] Sandstorm
|-heal|p1a: StillSwampin|65/100 brn|[from] item: Leftovers
|-damage|p1a: StillSwampin|52/100 brn|[from] brn
|-heal|p2a: Dusclops|83/100|[from] item: Leftovers
|upkeep
|turn|18
|inactive|Attalyn has 270 seconds left.
|c|☆ShellyYGO|Damn
|
|t:|1727922262
|move|p1a: StillSwampin|Ice Beam|p2a: Dusclops
|-damage|p2a: Dusclops|65/100
|move|p2a: Dusclops|Calm Mind|p2a: Dusclops
|-boost|p2a: Dusclops|spa|1
|-boost|p2a: Dusclops|spd|1
|
|-weather|Sandstorm|[upkeep]
|-damage|p2a: Dusclops|59/100|[from] Sandstorm
|-heal|p1a: StillSwampin|58/100 brn|[from] item: Leftovers
|-damage|p1a: StillSwampin|46/100 brn|[from] brn
|-heal|p2a: Dusclops|65/100|[from] item: Leftovers
|upkeep
|turn|19
|inactive|Attalyn has 270 seconds left.
|
|t:|1727922275
|move|p1a: StillSwampin|Ice Beam|p2a: Dusclops
|-damage|p2a: Dusclops|53/100
|move|p2a: Dusclops|Ice Beam|p1a: StillSwampin
|-damage|p1a: StillSwampin|29/100 brn
|
|-weather|Sandstorm|[upkeep]
|-damage|p2a: Dusclops|47/100|[from] Sandstorm
|-heal|p1a: StillSwampin|35/100 brn|[from] item: Leftovers
|-damage|p1a: StillSwampin|23/100 brn|[from] brn
|-heal|p2a: Dusclops|53/100|[from] item: Leftovers
|upkeep
|turn|20
|inactive|Attalyn has 270 seconds left.
|
|t:|1727922286
|move|p1a: StillSwampin|Ice Beam|p2a: Dusclops
|-damage|p2a: Dusclops|40/100
|move|p2a: Dusclops|Ice Beam|p1a: StillSwampin
|-damage|p1a: StillSwampin|9/100 brn
|
|-weather|Sandstorm|[upkeep]
|-damage|p2a: Dusclops|34/100|[from] Sandstorm
|-heal|p1a: StillSwampin|15/100 brn|[from] item: Leftovers
|-damage|p1a: StillSwampin|3/100 brn|[from] brn
|-heal|p2a: Dusclops|40/100|[from] item: Leftovers
|upkeep
|turn|21
|inactive|Attalyn has 270 seconds left.
|
|t:|1727922315
|move|p1a: StillSwampin|Ice Beam|p2a: Dusclops
|-damage|p2a: Dusclops|28/100
|move|p2a: Dusclops|Calm Mind|p2a: Dusclops
|-boost|p2a: Dusclops|spa|1
|-boost|p2a: Dusclops|spd|1
|
|-weather|Sandstorm|[upkeep]
|-damage|p2a: Dusclops|22/100|[from] Sandstorm
|-heal|p1a: StillSwampin|9/100 brn|[from] item: Leftovers
|-damage|p1a: StillSwampin|0 fnt|[from] brn
|faint|p1a: StillSwampin
|-heal|p2a: Dusclops|28/100|[from] item: Leftovers
|upkeep
|
|t:|1727922327
|switch|p1a: Honored One|Sceptile, M|48/100
|-damage|p1a: Honored One|35/100|[from] Spikes
|turn|22
|
|t:|1727922334
|move|p1a: Honored One|Leaf Blade|p2a: Dusclops
|-crit|p2a: Dusclops
|-damage|p2a: Dusclops|0 fnt
|faint|p2a: Dusclops
|
|t:|1727922361
|switch|p2a: Skarmory|Skarmory, M|77/100 par
|
|-weather|Sandstorm|[upkeep]
|-damage|p1a: Honored One|29/100|[from] Sandstorm
|-heal|p1a: Honored One|35/100|[from] item: Leftovers
|-heal|p2a: Skarmory|83/100 par|[from] item: Leftovers
|upkeep
|turn|23
|
|t:|1727922372
|move|p1a: Honored One|Substitute|p1a: Honored One
|-start|p1a: Honored One|Substitute
|-damage|p1a: Honored One|11/100
|move|p2a: Skarmory|Spikes|p1a: Honored One
|-sidestart|p1: ShellyYGO|Spikes
|
|-weather|Sandstorm|[upkeep]
|-damage|p1a: Honored One|5/100|[from] Sandstorm
|-heal|p1a: Honored One|11/100|[from] item: Leftovers
|-heal|p2a: Skarmory|89/100 par|[from] item: Leftovers
|upkeep
|turn|24
|
|t:|1727922381
|move|p1a: Honored One|Leech Seed|p2a: Skarmory
|-start|p2a: Skarmory|move: Leech Seed
|move|p2a: Skarmory|Roar|p1a: Honored One
|drag|p1a: Hey*spikes*|Skarmory, M, shiny|100/100
|
|-weather|Sandstorm|[upkeep]
|-heal|p2a: Skarmory|95/100 par|[from] item: Leftovers
|-damage|p2a: Skarmory|82/100 par|[from] Leech Seed|[of] p1a: Hey*spikes*
|upkeep
|turn|25
|
|t:|1727922393
|switch|p2a: Moltres|Moltres|100/100
|move|p1a: Hey*spikes*|Spikes|p2a: Moltres
|-sidestart|p2: Attalyn|Spikes
|
|-weather|Sandstorm|[upkeep]
|-damage|p2a: Moltres|94/100|[from] Sandstorm
|-heal|p2a: Moltres|100/100|[from] item: Leftovers
|upkeep
|turn|26
|
|t:|1727922421
|switch|p1a: EggBig|Blissey, F|100/100
|-damage|p1a: EggBig|84/100|[from] Spikes
|move|p2a: Moltres|Flamethrower|p1a: EggBig
|-damage|p1a: EggBig|64/100
|
|-weather|Sandstorm|[upkeep]
|-damage|p2a: Moltres|94/100|[from] Sandstorm
|-damage|p1a: EggBig|58/100|[from] Sandstorm
|-heal|p2a: Moltres|100/100|[from] item: Leftovers
|-heal|p1a: EggBig|64/100|[from] item: Leftovers
|upkeep
|turn|27
|
|t:|1727922435
|switch|p2a: Skarmory|Skarmory, M|82/100 par
|move|p1a: EggBig|Thunder Wave|p2a: Skarmory
|-fail|p2a: Skarmory|par
|
|-weather|Sandstorm|[upkeep]
|-damage|p1a: EggBig|58/100|[from] Sandstorm
|-heal|p1a: EggBig|64/100|[from] item: Leftovers
|-heal|p2a: Skarmory|88/100 par|[from] item: Leftovers
|upkeep
|turn|28
|
|t:|1727922445
|move|p1a: EggBig|Soft-Boiled|p1a: EggBig
|-heal|p1a: EggBig|100/100
|move|p2a: Skarmory|Roar|p1a: EggBig
|drag|p1a: Domain Expansion|Tyranitar, M|100/100
|-damage|p1a: Domain Expansion|84/100|[from] Spikes
|
|-weather|Sandstorm|[upkeep]
|-heal|p2a: Skarmory|94/100 par|[from] item: Leftovers
|upkeep
|turn|29
|
|t:|1727922454
|move|p1a: Domain Expansion|Rock Slide|p2a: Skarmory|[miss]
|-miss|p1a: Domain Expansion|p2a: Skarmory
|move|p2a: Skarmory|Roar|p1a: Domain Expansion
|drag|p1a: Honored One|Sceptile, M|11/100
|-damage|p1a: Honored One|0 fnt|[from] Spikes
|faint|p1a: Honored One
|
|t:|1727922462
|switch|p1a: Boogie Woogie|Zapdos|48/100 brn
|
|-weather|Sandstorm|[upkeep]
|-damage|p1a: Boogie Woogie|42/100 brn|[from] Sandstorm
|-heal|p1a: Boogie Woogie|48/100 brn|[from] item: Leftovers
|-damage|p1a: Boogie Woogie|36/100 brn|[from] brn
|-heal|p2a: Skarmory|99/100 par|[from] item: Leftovers
|upkeep
|turn|30
|inactive|Attalyn has 270 seconds left.
|
|t:|1727922475
|switch|p2a: Zapdos|Zapdos|100/100
|move|p1a: Boogie Woogie|Thunderbolt|p2a: Zapdos
|-damage|p2a: Zapdos|55/100
|
|-weather|Sandstorm|[upkeep]
|-damage|p1a: Boogie Woogie|30/100 brn|[from] Sandstorm
|-damage|p2a: Zapdos|49/100|[from] Sandstorm
|-heal|p1a: Boogie Woogie|36/100 brn|[from] item: Leftovers
|-damage|p1a: Boogie Woogie|24/100 brn|[from] brn
|-heal|p2a: Zapdos|55/100|[from] item: Leftovers
|upkeep
|turn|31
|inactive|Attalyn has 270 seconds left.
|
|t:|1727922485
|move|p1a: Boogie Woogie|Thunderbolt|p2a: Zapdos
|-damage|p2a: Zapdos|10/100
|move|p2a: Zapdos|Rest|p2a: Zapdos
|-status|p2a: Zapdos|slp|[from] move: Rest
|-heal|p2a: Zapdos|100/100 slp|[silent]
|
|-weather|Sandstorm|[upkeep]
|-damage|p1a: Boogie Woogie|17/100 brn|[from] Sandstorm
|-damage|p2a: Zapdos|94/100 slp|[from] Sandstorm
|-heal|p1a: Boogie Woogie|24/100 brn|[from] item: Leftovers
|-damage|p1a: Boogie Woogie|11/100 brn|[from] brn
|-heal|p2a: Zapdos|100/100 slp|[from] item: Leftovers
|upkeep
|turn|32
|inactive|Attalyn has 270 seconds left.
|
|t:|1727922496
|switch|p1a: Domain Expansion|Tyranitar, M|84/100
|-damage|p1a: Domain Expansion|68/100|[from] Spikes
|cant|p2a: Zapdos|slp
|move|p2a: Zapdos|Sleep Talk|p2a: Zapdos
|move|p2a: Zapdos|Thunderbolt|p1a: Domain Expansion|[from]Sleep Talk
|-damage|p1a: Domain Expansion|10/100
|
|-weather|Sandstorm|[upkeep]
|-damage|p2a: Zapdos|94/100 slp|[from] Sandstorm
|-heal|p2a: Zapdos|100/100 slp|[from] item: Leftovers
|upkeep
|turn|33
|inactive|Attalyn has 270 seconds left.
|
|t:|1727922507
|cant|p2a: Zapdos|slp
|move|p2a: Zapdos|Sleep Talk|p2a: Zapdos
|move|p2a: Zapdos|Roar|p1a: Domain Expansion|[from]Sleep Talk
|drag|p1a: EggBig|Blissey, F|100/100
|-damage|p1a: EggBig|84/100|[from] Spikes
|
|-weather|Sandstorm|[upkeep]
|-damage|p2a: Zapdos|94/100 slp|[from] Sandstorm
|-damage|p1a: EggBig|78/100|[from] Sandstorm
|-heal|p2a: Zapdos|100/100 slp|[from] item: Leftovers
|-heal|p1a: EggBig|84/100|[from] item: Leftovers
|upkeep
|turn|34
|inactive|Attalyn has 270 seconds left.
|c|☆ShellyYGO|GG ive got to go but you won this anyways lol
|-message|ShellyYGO forfeited.
|
|win|Attalyn
|c|☆Attalyn|gg
|c|☆Attalyn|that skarm caught me off guard tho
|c|☆Attalyn|got a chuckle out of me
|player|p1|

</script>
<script type="application/json" class="data" id="replaydata-smogtours-gen3ou-794163">
{"id":"smogtours-gen3ou-794163","format":"[Gen 3] OU","players":["ShellyYGO","Attalyn"],"uploadtime":1727922534,"views":95,"formatid":"gen3ou","rating":null,"private":0,"password":null}
</script>

<script defer src="js/replays.js?9d40a366"></script>
