<!DOCTYPE html>
<meta charset="utf-8" />
<meta name="viewport" content="width=device-width" />

<title>[Gen 3] OU: KTheMathematician vs. AfroFaust - Replays - Pok&eacute;mon Showdown!</title>

<meta name="description" content="Watch a replay of a Pok&eacute;mon battle between KTheMathematician and AfroFaust! Format: [Gen 3] OU; Date: Oct 18, 2024" />
<!--

Hey, you! Looking in the source for the replay log?

You can find them in JSON format, just add `.json` at the end of a replay URL.

https://replay.pokemonshowdown.com/gen7randomdoublesbattle-865046831.json

Or, if you only need the log itself, add `.log` instead:

https://replay.pokemonshowdown.com/gen7randomdoublesbattle-865046831.log

-->

<link rel="stylesheet" href="//pokemonshowdown.com/style/global.css?0.023195364461161105" />
<link rel="stylesheet" href="//play.pokemonshowdown.com/style/font-awesome.css?0.13261647063804238" />
<link rel="stylesheet" href="//play.pokemonshowdown.com/style/battle.css?0.8753245789963631" />
<link rel="stylesheet" href="//play.pokemonshowdown.com/style/utilichart.css?0.8627959624976733" />

<!-- Global site tag (gtag.js) - Google Analytics -->
<script async src="https://www.googletagmanager.com/gtag/js?id=UA-26211653-1"></script>
<script>
  window.dataLayer = window.dataLayer || [];
  function gtag(){dataLayer.push(arguments);}
  gtag('js', new Date());

  gtag('config', 'UA-26211653-1');
</script>
<!-- End Google Analytics -->
<!-- Venatus Ad Manager - Install in <HEAD> of page -->
	<script src="https://hb.vntsm.com/v3/live/ad-manager.min.js" type="text/javascript" data-site-id="642aba63ec9a7b11c3c9c1be" data-mode="scan" async></script>
<!-- / Venatus Ad Manager -->

<style>
	@media (max-width:820px) {
		.battle {
			margin: 0 auto;
		}
		.battle-log {
			margin: 7px auto 0;
			max-width: 640px;
			height: 300px;
			position: static;
		}
	}
	.optgroup {
		display: inline-block;
		line-height: 22px;
		font-size: 10pt;
	}
	.optgroup .button {
		height: 25px;
		padding-top: 0;
		padding-bottom: 0;
	}
	.optgroup button.button {
		padding-left: 12px;
		padding-right: 12px;
	}
	.linklist {
		list-style: none;
		margin: 0.5em 0;
		padding: 0;
	}
	.linklist li {
		padding: 2px 0;
	}
	.sidebar {
		float: left;
		width: 320px;
	}
	.bar-wrapper {
		max-width: 1100px;
		margin: 0 auto;
	}
	.bar-wrapper.has-sidebar {
		max-width: 1430px;
	}
	.mainbar {
		margin: 0;
		padding-right: 1px;
	}
	.mainbar.has-sidebar {
		margin-left: 330px;
	}
	@media (min-width: 1511px) {
		.sidebar {
			width: 400px;
		}
		.bar-wrapper.has-sidebar {
			max-width: 1510px;
		}
		.mainbar.has-sidebar {
			margin-left: 410px;
		}
	}
	.section.first-section {
		margin-top: 9px;
	}
	.blocklink small {
		white-space: normal;
	}
	.button {
		vertical-align: middle;
	}
	.replay-controls {
		padding-top: 10px;
	}
	.replay-controls h1 {
		font-size: 16pt;
		font-weight: normal;
		color: #CCC;
	}
	.pagelink {
		text-align: center;
	}
	.pagelink a {
		width: 150px;
	}
	.textbox, .button {
		font-size: 11pt;
		vertical-align: middle;
	}
	@media (max-width: 450px) {
		.button {
			font-size: 9pt;
		}
	}
</style>

<div>

	<header>
		<div class="nav-wrapper"><ul class="nav">
			<li><a class="button nav-first" href="//pokemonshowdown.com/"><img src="//pokemonshowdown.com/images/pokemonshowdownbeta.png" srcset="//pokemonshowdown.com/images/pokemonshowdownbeta.png 1x, //pokemonshowdown.com/images/pokemonshowdownbeta@2x.png 2x" alt="Pok&eacute;mon Showdown" width="146" height="44" /> Home</a></li>
			<li><a class="button" href="//pokemonshowdown.com/dex/">Pok&eacute;dex</a></li>
			<li><a class="button cur" href="/">Replays</a></li>
			<li><a class="button" href="//pokemonshowdown.com/ladder/">Ladder</a></li>
			<li><a class="button nav-last" href="//pokemonshowdown.com/forums/">Forum</a></li>
			<li><a class="button greenbutton nav-first nav-last" href="//play.pokemonshowdown.com/">Play</a></li>
		</ul></div>
	</header>

	<div class="main" id="main">

		<noscript><section class="section">You need to enable JavaScript to use this page; sorry!</section></noscript>

	</div>

</div>

<script defer nomodule src="//play.pokemonshowdown.com/js/lib/ps-polyfill.js"></script>
<script defer src="//play.pokemonshowdown.com/js/lib/preact.min.js"></script>

<script defer src="//play.pokemonshowdown.com/config/config.js?2bddbc15"></script>
<script defer src="//play.pokemonshowdown.com/js/lib/jquery-1.11.0.min.js"></script>
<script defer src="//play.pokemonshowdown.com/js/lib/html-sanitizer-minified.js"></script>
<script defer src="//play.pokemonshowdown.com/js/battle-sound.js"></script>
<script defer src="//play.pokemonshowdown.com/js/battledata.js?0.7209276989879541"></script>
<script defer src="//play.pokemonshowdown.com/data/pokedex-mini.js?0.6111056340867951"></script>
<script defer src="//play.pokemonshowdown.com/data/pokedex-mini-bw.js?0.3532142036491459"></script>
<script defer src="//play.pokemonshowdown.com/data/graphics.js?0.24223875632456182"></script>
<script defer src="//play.pokemonshowdown.com/data/pokedex.js?0.38839984266356864"></script>
<script defer src="//play.pokemonshowdown.com/data/moves.js?0.21866028504024015"></script>
<script defer src="//play.pokemonshowdown.com/data/abilities.js?0.2005157953846628"></script>
<script defer src="//play.pokemonshowdown.com/data/items.js?0.9894211263848525"></script>
<script defer src="//play.pokemonshowdown.com/data/teambuilder-tables.js?0.6008791140282215"></script>
<script defer src="//play.pokemonshowdown.com/js/battle-tooltips.js?0.7580118955022959"></script>
<script defer src="//play.pokemonshowdown.com/js/battle.js?0.6057722274234274"></script>

<script defer src="js/utils.js?e31f9a17"></script>
<script defer src="js/replays-battle.js?7008c182"></script>

<!-- don't scrape this data! just add .json or .log after the URL!
Full API docs: https://github.com/smogon/pokemon-showdown-client/blob/master/WEB-API.md -->
<script type="text/plain" class="log" id="replaylog-smogtours-gen3ou-799702">
|inactive|Battle timer is ON: inactive players will automatically lose when time's up.
|t:|1729285563
|gametype|singles
|player|p1|KTheMathematician|170|
|player|p2|AfroFaust|2|
|teamsize|p1|6
|teamsize|p2|6
|gen|3
|tier|[Gen 3] OU
|rule|Sleep Clause Mod: Limit one foe put to sleep
|rule|Switch Priority Clause Mod: Faster Pokémon switch first
|rule|Species Clause: Limit one of each Pokémon
|rule|OHKO Clause: OHKO moves are banned
|rule|Evasion Items Clause: Evasion items are banned
|rule|Evasion Moves Clause: Evasion moves are banned
|rule|Endless Battle Clause: Forcing endless battles is banned
|rule|HP Percentage Mod: HP is shown in percentages
|rule|One Boost Passer Clause: Limit one Baton Passer that has a way to boost its stats
|rule|Freeze Clause Mod: Limit one foe frozen
|
|t:|1729285563
|start
|switch|p1a: Starmie|Starmie|100/100
|switch|p2a: Salamence|Salamence, F|100/100
|-ability|p2a: Salamence|Intimidate|boost
|-unboost|p1a: Starmie|atk|1
|turn|1
|
|t:|1729285571
|switch|p2a: Umbreon|Umbreon, M|100/100
|move|p1a: Starmie|Ice Beam|p2a: Umbreon
|-damage|p2a: Umbreon|82/100
|
|-heal|p2a: Umbreon|89/100|[from] item: Leftovers
|upkeep
|turn|2
|
|t:|1729285578
|switch|p1a: Metagross|Metagross, shiny|100/100
|move|p2a: Umbreon|Toxic|p1a: Metagross
|-immune|p1a: Metagross
|
|-heal|p2a: Umbreon|95/100|[from] item: Leftovers
|upkeep
|turn|3
|
|t:|1729285589
|switch|p2a: Swampert|Swampert, M|100/100
|move|p1a: Metagross|Meteor Mash|p2a: Swampert
|-resisted|p2a: Swampert
|-damage|p2a: Swampert|80/100
|
|-heal|p2a: Swampert|87/100|[from] item: Leftovers
|upkeep
|turn|4
|
|t:|1729285596
|switch|p1a: Celebi|Celebi|100/100
|move|p2a: Swampert|Protect||[still]
|-fail|p2a: Swampert
|
|-heal|p2a: Swampert|93/100|[from] item: Leftovers
|upkeep
|turn|5
|
|t:|1729285605
|switch|p2a: Umbreon|Umbreon, M|95/100
|move|p1a: Celebi|Toxic|p2a: Umbreon
|-status|p2a: Umbreon|tox
|-status|p1a: Celebi|psn|[from] ability: Synchronize|[of] p2a: Umbreon
|
|-damage|p1a: Celebi|88/100 psn|[from] psn
|-heal|p2a: Umbreon|100/100 tox|[from] item: Leftovers
|-damage|p2a: Umbreon|94/100 tox|[from] psn
|upkeep
|turn|6
|
|t:|1729285615
|-activate|p1a: Celebi|move: Pursuit
|move|p2a: Umbreon|Pursuit|p1a: Celebi|[from]Pursuit
|-supereffective|p1a: Celebi
|-damage|p1a: Celebi|59/100 psn
|-curestatus|p1a: Celebi|psn|[from] ability: Natural Cure
|switch|p1a: Metagross|Metagross, shiny|100/100
|
|-heal|p2a: Umbreon|100/100 tox|[from] item: Leftovers
|-damage|p2a: Umbreon|88/100 tox|[from] psn
|upkeep
|turn|7
|
|t:|1729285624
|switch|p1a: Celebi|Celebi|59/100
|switch|p2a: Weezing|Weezing, M|100/100
|
|-heal|p1a: Celebi|66/100|[from] item: Leftovers
|upkeep
|turn|8
|
|t:|1729285637
|switch|p1a: Metagross|Metagross, shiny|100/100
|switch|p2a: Umbreon|Umbreon, M|88/100 tox
|
|-heal|p2a: Umbreon|94/100 tox|[from] item: Leftovers
|-damage|p2a: Umbreon|88/100 tox|[from] psn
|upkeep
|turn|9
|
|t:|1729285648
|switch|p2a: Swampert|Swampert, M|93/100
|move|p1a: Metagross|Meteor Mash|p2a: Swampert
|-resisted|p2a: Swampert
|-damage|p2a: Swampert|73/100
|
|-heal|p2a: Swampert|79/100|[from] item: Leftovers
|upkeep
|turn|10
|
|t:|1729285654
|switch|p1a: Starmie|Starmie|100/100
|move|p2a: Swampert|Ice Beam|p1a: Starmie
|-resisted|p1a: Starmie
|-damage|p1a: Starmie|86/100
|
|-heal|p1a: Starmie|92/100|[from] item: Leftovers
|-heal|p2a: Swampert|85/100|[from] item: Leftovers
|upkeep
|turn|11
|
|t:|1729285666
|switch|p2a: Umbreon|Umbreon, M|88/100 tox
|move|p1a: Starmie|Hydro Pump|p2a: Umbreon|[miss]
|-miss|p1a: Starmie|p2a: Umbreon
|
|-heal|p1a: Starmie|98/100|[from] item: Leftovers
|-heal|p2a: Umbreon|94/100 tox|[from] item: Leftovers
|-damage|p2a: Umbreon|88/100 tox|[from] psn
|upkeep
|turn|12
|
|t:|1729285674
|-activate|p1a: Starmie|move: Pursuit
|move|p2a: Umbreon|Pursuit|p1a: Starmie|[from]Pursuit
|-supereffective|p1a: Starmie
|-crit|p1a: Starmie
|-damage|p1a: Starmie|0 fnt
|faint|p1a: Starmie
|-hint|Previously chosen switches continue in Gen 2-4 after a Pursuit target faints.
|switch|p1a: Metagross|Metagross, shiny|100/100
|
|-heal|p2a: Umbreon|94/100 tox|[from] item: Leftovers
|-damage|p2a: Umbreon|82/100 tox|[from] psn
|upkeep
|turn|13
|
|t:|1729285682
|switch|p2a: Forretress|Forretress, F|100/100
|move|p1a: Metagross|Meteor Mash|p2a: Forretress
|-resisted|p2a: Forretress
|-damage|p2a: Forretress|79/100
|
|-heal|p2a: Forretress|86/100|[from] item: Leftovers
|upkeep
|turn|14
|
|t:|1729285690
|switch|p1a: Claydol|Claydol|100/100
|move|p2a: Forretress|Spikes|p1a: Claydol
|-sidestart|p1: KTheMathematician|Spikes
|
|-heal|p2a: Forretress|92/100|[from] item: Leftovers
|upkeep
|turn|15
|
|t:|1729285704
|switch|p2a: Weezing|Weezing, M|100/100
|move|p1a: Claydol|Rapid Spin|p2a: Weezing
|-damage|p2a: Weezing|98/100
|-sideend|p1: KTheMathematician|Spikes|[from] move: Rapid Spin|[of] p1a: Claydol
|
|-heal|p2a: Weezing|100/100|[from] item: Leftovers
|upkeep
|turn|16
|
|t:|1729285708
|move|p1a: Claydol|Psychic|p2a: Weezing
|-supereffective|p2a: Weezing
|-damage|p2a: Weezing|39/100
|move|p2a: Weezing|Will-O-Wisp|p1a: Claydol|[miss]
|-miss|p2a: Weezing|p1a: Claydol
|
|-heal|p2a: Weezing|45/100|[from] item: Leftovers
|upkeep
|turn|17
|
|t:|1729285721
|switch|p1a: Metagross|Metagross, shiny|100/100
|switch|p2a: Swampert|Swampert, M|85/100
|
|-heal|p2a: Swampert|92/100|[from] item: Leftovers
|upkeep
|turn|18
|
|t:|1729285727
|switch|p1a: Celebi|Celebi|66/100
|move|p2a: Swampert|Earthquake|p1a: Celebi
|-resisted|p1a: Celebi
|-damage|p1a: Celebi|53/100
|
|-heal|p1a: Celebi|60/100|[from] item: Leftovers
|-heal|p2a: Swampert|98/100|[from] item: Leftovers
|upkeep
|turn|19
|
|t:|1729285734
|switch|p2a: Weezing|Weezing, M|45/100
|move|p1a: Celebi|Recover|p1a: Celebi
|-heal|p1a: Celebi|100/100
|
|-heal|p2a: Weezing|51/100|[from] item: Leftovers
|upkeep
|turn|20
|
|t:|1729285739
|move|p1a: Celebi|Leech Seed|p2a: Weezing
|-start|p2a: Weezing|move: Leech Seed
|move|p2a: Weezing|Pain Split|p1a: Celebi
|-sethp|p1a: Celebi|71/100|[from] move: Pain Split|[silent]
|-sethp|p2a: Weezing|86/100|[from] move: Pain Split
|
|-heal|p1a: Celebi|78/100|[from] item: Leftovers
|-heal|p2a: Weezing|92/100|[from] item: Leftovers
|-damage|p2a: Weezing|80/100|[from] Leech Seed|[of] p1a: Celebi
|-heal|p1a: Celebi|88/100|[silent]
|upkeep
|turn|21
|
|t:|1729285750
|switch|p1a: Claydol|Claydol|100/100
|switch|p2a: Forretress|Forretress, F|92/100
|
|-heal|p2a: Forretress|98/100|[from] item: Leftovers
|upkeep
|turn|22
|
|t:|1729285765
|move|p1a: Claydol|Psychic|p2a: Forretress
|-resisted|p2a: Forretress
|-damage|p2a: Forretress|86/100
|move|p2a: Forretress|Spikes|p1a: Claydol
|-sidestart|p1: KTheMathematician|Spikes
|
|-heal|p2a: Forretress|93/100|[from] item: Leftovers
|upkeep
|turn|23
|
|t:|1729285771
|switch|p2a: Swampert|Swampert, M|98/100
|move|p1a: Claydol|Rapid Spin|p2a: Swampert
|-damage|p2a: Swampert|95/100
|-sideend|p1: KTheMathematician|Spikes|[from] move: Rapid Spin|[of] p1a: Claydol
|
|-heal|p2a: Swampert|100/100|[from] item: Leftovers
|upkeep
|turn|24
|
|t:|1729285779
|switch|p1a: Jirachi|Jirachi|100/100
|move|p2a: Swampert|Ice Beam|p1a: Jirachi
|-resisted|p1a: Jirachi
|-damage|p1a: Jirachi|92/100
|
|-heal|p1a: Jirachi|98/100|[from] item: Leftovers
|upkeep
|turn|25
|
|t:|1729285787
|move|p1a: Jirachi|Body Slam|p2a: Swampert
|-damage|p2a: Swampert|87/100
|move|p2a: Swampert|Hydro Pump|p1a: Jirachi
|-damage|p1a: Jirachi|68/100
|
|-heal|p1a: Jirachi|74/100|[from] item: Leftovers
|-heal|p2a: Swampert|93/100|[from] item: Leftovers
|upkeep
|turn|26
|
|t:|1729285792
|switch|p2a: Forretress|Forretress, F|93/100
|move|p1a: Jirachi|Dynamic Punch|p2a: Forretress|[miss]
|-miss|p1a: Jirachi|p2a: Forretress
|
|-heal|p1a: Jirachi|80/100|[from] item: Leftovers
|-heal|p2a: Forretress|99/100|[from] item: Leftovers
|upkeep
|turn|27
|
|t:|1729285798
|move|p1a: Jirachi|Dynamic Punch|p2a: Forretress
|-damage|p2a: Forretress|79/100
|-start|p2a: Forretress|confusion
|-activate|p2a: Forretress|confusion
|-damage|p2a: Forretress|73/100|[from] confusion
|
|-heal|p1a: Jirachi|86/100|[from] item: Leftovers
|-heal|p2a: Forretress|79/100|[from] item: Leftovers
|upkeep
|turn|28
|
|t:|1729285804
|move|p1a: Jirachi|Body Slam|p2a: Forretress
|-resisted|p2a: Forretress
|-damage|p2a: Forretress|71/100
|-status|p2a: Forretress|par
|-activate|p2a: Forretress|confusion
|move|p2a: Forretress|Spikes|p1a: Jirachi
|-sidestart|p1: KTheMathematician|Spikes
|
|-heal|p1a: Jirachi|92/100|[from] item: Leftovers
|-heal|p2a: Forretress|78/100 par|[from] item: Leftovers
|upkeep
|turn|29
|
|t:|1729285807
|switch|p1a: Claydol|Claydol|100/100
|-activate|p2a: Forretress|confusion
|move|p2a: Forretress|Earthquake|p1a: Claydol
|-immune|p1a: Claydol
|
|-heal|p2a: Forretress|84/100 par|[from] item: Leftovers
|upkeep
|turn|30
|
|t:|1729285829
|switch|p2a: Salamence|Salamence, F|100/100
|-ability|p2a: Salamence|Intimidate|boost
|-unboost|p1a: Claydol|atk|1
|move|p1a: Claydol|Rapid Spin|p2a: Salamence
|-damage|p2a: Salamence|97/100
|-sideend|p1: KTheMathematician|Spikes|[from] move: Rapid Spin|[of] p1a: Claydol
|
|upkeep
|turn|31
|
|t:|1729285848
|switch|p2a: Forretress|Forretress, F|84/100 par
|move|p1a: Claydol|Explosion|p2a: Forretress
|-resisted|p2a: Forretress
|-damage|p2a: Forretress|60/100 par
|faint|p1a: Claydol
|
|t:|1729285854
|switch|p1a: Alakazam|Alakazam, M, shiny|100/100
|
|-heal|p2a: Forretress|67/100 par|[from] item: Leftovers
|upkeep
|turn|32
|
|t:|1729285864
|switch|p2a: Umbreon|Umbreon, M|82/100 tox
|move|p1a: Alakazam|Fire Punch|p2a: Umbreon
|-damage|p2a: Umbreon|66/100 tox
|
|-heal|p2a: Umbreon|73/100 tox|[from] item: Leftovers
|-damage|p2a: Umbreon|66/100 tox|[from] psn
|upkeep
|turn|33
|
|t:|1729285875
|move|p1a: Alakazam|Calm Mind|p1a: Alakazam
|-boost|p1a: Alakazam|spa|1
|-boost|p1a: Alakazam|spd|1
|move|p2a: Umbreon|Pursuit|p1a: Alakazam
|-supereffective|p1a: Alakazam
|-damage|p1a: Alakazam|81/100
|
|-heal|p2a: Umbreon|73/100 tox|[from] item: Leftovers
|-damage|p2a: Umbreon|60/100 tox|[from] psn
|upkeep
|turn|34
|
|t:|1729285885
|move|p1a: Alakazam|Fire Punch|p2a: Umbreon
|-damage|p2a: Umbreon|35/100 tox
|move|p2a: Umbreon|Toxic|p1a: Alakazam|[miss]
|-miss|p2a: Umbreon|p1a: Alakazam
|
|-heal|p2a: Umbreon|41/100 tox|[from] item: Leftovers
|-damage|p2a: Umbreon|23/100 tox|[from] psn
|upkeep
|turn|35
|
|t:|1729285890
|move|p1a: Alakazam|Fire Punch|p2a: Umbreon
|-damage|p2a: Umbreon|0 fnt
|faint|p2a: Umbreon
|
|t:|1729285899
|switch|p2a: Salamence|Salamence, F|97/100
|-ability|p2a: Salamence|Intimidate|boost
|-unboost|p1a: Alakazam|atk|1
|
|upkeep
|turn|36
|inactive|KTheMathematician has 270 seconds left.
|
|t:|1729285931
|move|p1a: Alakazam|Psychic|p2a: Salamence
|-damage|p2a: Salamence|0 fnt
|faint|p2a: Salamence
|
|t:|1729285940
|switch|p2a: Swampert|Swampert, M|93/100
|
|-heal|p2a: Swampert|99/100|[from] item: Leftovers
|upkeep
|turn|37
|
|t:|1729285946
|move|p1a: Alakazam|Hidden Power|p2a: Swampert
|-supereffective|p2a: Swampert
|-crit|p2a: Swampert
|-damage|p2a: Swampert|0 fnt
|faint|p2a: Swampert
|
|t:|1729285950
|switch|p2a: Weezing|Weezing, M|80/100
|
|-heal|p2a: Weezing|86/100|[from] item: Leftovers
|upkeep
|turn|38
|
|t:|1729285954
|move|p1a: Alakazam|Psychic|p2a: Weezing
|-supereffective|p2a: Weezing
|-damage|p2a: Weezing|0 fnt
|faint|p2a: Weezing
|
|t:|1729285957
|switch|p2a: Forretress|Forretress, F|67/100 par
|
|-heal|p2a: Forretress|73/100 par|[from] item: Leftovers
|upkeep
|turn|39
|
|t:|1729285959
|move|p1a: Alakazam|Fire Punch|p2a: Forretress
|-supereffective|p2a: Forretress
|-damage|p2a: Forretress|0 fnt
|faint|p2a: Forretress
|
|t:|1729285960
|switch|p2a: Scizor|Scizor, M|100/100
|
|upkeep
|turn|40
|
|t:|1729285964
|move|p1a: Alakazam|Fire Punch|p2a: Scizor
|-supereffective|p2a: Scizor
|-damage|p2a: Scizor|0 fnt
|faint|p2a: Scizor
|
|win|KTheMathematician
|c|☆AfroFaust|gg
|c|☆KTheMathematician|gg

</script>
<script type="application/json" class="data" id="replaydata-smogtours-gen3ou-799702">
{"id":"smogtours-gen3ou-799702","format":"[Gen 3] OU","players":["KTheMathematician","AfroFaust"],"uploadtime":1729285964,"views":99,"formatid":"gen3ou","rating":null,"private":0,"password":null}
</script>

<script defer src="js/replays.js?9d40a366"></script>
