<!DOCTYPE html>
<meta charset="utf-8" />
<meta name="viewport" content="width=device-width" />

<title>[Gen 3] OU: philiposophical vs. OneWhoRants - Replays - Pok&eacute;mon Showdown!</title>

<meta name="description" content="Watch a replay of a Pok&eacute;mon battle between philiposophical and OneWhoRants! Format: [Gen 3] OU; Date: Oct 11, 2024" />
<!--

Hey, you! Looking in the source for the replay log?

You can find them in JSON format, just add `.json` at the end of a replay URL.

https://replay.pokemonshowdown.com/gen7randomdoublesbattle-865046831.json

Or, if you only need the log itself, add `.log` instead:

https://replay.pokemonshowdown.com/gen7randomdoublesbattle-865046831.log

-->

<link rel="stylesheet" href="//pokemonshowdown.com/style/global.css?0.023195364461161105" />
<link rel="stylesheet" href="//play.pokemonshowdown.com/style/font-awesome.css?0.13261647063804238" />
<link rel="stylesheet" href="//play.pokemonshowdown.com/style/battle.css?0.8753245789963631" />
<link rel="stylesheet" href="//play.pokemonshowdown.com/style/utilichart.css?0.8627959624976733" />

<!-- Global site tag (gtag.js) - Google Analytics -->
<script async src="https://www.googletagmanager.com/gtag/js?id=UA-26211653-1"></script>
<script>
  window.dataLayer = window.dataLayer || [];
  function gtag(){dataLayer.push(arguments);}
  gtag('js', new Date());

  gtag('config', 'UA-26211653-1');
</script>
<!-- End Google Analytics -->
<!-- Venatus Ad Manager - Install in <HEAD> of page -->
	<script src="https://hb.vntsm.com/v3/live/ad-manager.min.js" type="text/javascript" data-site-id="642aba63ec9a7b11c3c9c1be" data-mode="scan" async></script>
<!-- / Venatus Ad Manager -->

<style>
	@media (max-width:820px) {
		.battle {
			margin: 0 auto;
		}
		.battle-log {
			margin: 7px auto 0;
			max-width: 640px;
			height: 300px;
			position: static;
		}
	}
	.optgroup {
		display: inline-block;
		line-height: 22px;
		font-size: 10pt;
	}
	.optgroup .button {
		height: 25px;
		padding-top: 0;
		padding-bottom: 0;
	}
	.optgroup button.button {
		padding-left: 12px;
		padding-right: 12px;
	}
	.linklist {
		list-style: none;
		margin: 0.5em 0;
		padding: 0;
	}
	.linklist li {
		padding: 2px 0;
	}
	.sidebar {
		float: left;
		width: 320px;
	}
	.bar-wrapper {
		max-width: 1100px;
		margin: 0 auto;
	}
	.bar-wrapper.has-sidebar {
		max-width: 1430px;
	}
	.mainbar {
		margin: 0;
		padding-right: 1px;
	}
	.mainbar.has-sidebar {
		margin-left: 330px;
	}
	@media (min-width: 1511px) {
		.sidebar {
			width: 400px;
		}
		.bar-wrapper.has-sidebar {
			max-width: 1510px;
		}
		.mainbar.has-sidebar {
			margin-left: 410px;
		}
	}
	.section.first-section {
		margin-top: 9px;
	}
	.blocklink small {
		white-space: normal;
	}
	.button {
		vertical-align: middle;
	}
	.replay-controls {
		padding-top: 10px;
	}
	.replay-controls h1 {
		font-size: 16pt;
		font-weight: normal;
		color: #CCC;
	}
	.pagelink {
		text-align: center;
	}
	.pagelink a {
		width: 150px;
	}
	.textbox, .button {
		font-size: 11pt;
		vertical-align: middle;
	}
	@media (max-width: 450px) {
		.button {
			font-size: 9pt;
		}
	}
</style>

<div>

	<header>
		<div class="nav-wrapper"><ul class="nav">
			<li><a class="button nav-first" href="//pokemonshowdown.com/"><img src="//pokemonshowdown.com/images/pokemonshowdownbeta.png" srcset="//pokemonshowdown.com/images/pokemonshowdownbeta.png 1x, //pokemonshowdown.com/images/pokemonshowdownbeta@2x.png 2x" alt="Pok&eacute;mon Showdown" width="146" height="44" /> Home</a></li>
			<li><a class="button" href="//pokemonshowdown.com/dex/">Pok&eacute;dex</a></li>
			<li><a class="button cur" href="/">Replays</a></li>
			<li><a class="button" href="//pokemonshowdown.com/ladder/">Ladder</a></li>
			<li><a class="button nav-last" href="//pokemonshowdown.com/forums/">Forum</a></li>
			<li><a class="button greenbutton nav-first nav-last" href="//play.pokemonshowdown.com/">Play</a></li>
		</ul></div>
	</header>

	<div class="main" id="main">

		<noscript><section class="section">You need to enable JavaScript to use this page; sorry!</section></noscript>

	</div>

</div>

<script defer nomodule src="//play.pokemonshowdown.com/js/lib/ps-polyfill.js"></script>
<script defer src="//play.pokemonshowdown.com/js/lib/preact.min.js"></script>

<script defer src="//play.pokemonshowdown.com/config/config.js?2bddbc15"></script>
<script defer src="//play.pokemonshowdown.com/js/lib/jquery-1.11.0.min.js"></script>
<script defer src="//play.pokemonshowdown.com/js/lib/html-sanitizer-minified.js"></script>
<script defer src="//play.pokemonshowdown.com/js/battle-sound.js"></script>
<script defer src="//play.pokemonshowdown.com/js/battledata.js?0.7209276989879541"></script>
<script defer src="//play.pokemonshowdown.com/data/pokedex-mini.js?0.6111056340867951"></script>
<script defer src="//play.pokemonshowdown.com/data/pokedex-mini-bw.js?0.3532142036491459"></script>
<script defer src="//play.pokemonshowdown.com/data/graphics.js?0.24223875632456182"></script>
<script defer src="//play.pokemonshowdown.com/data/pokedex.js?0.38839984266356864"></script>
<script defer src="//play.pokemonshowdown.com/data/moves.js?0.21866028504024015"></script>
<script defer src="//play.pokemonshowdown.com/data/abilities.js?0.2005157953846628"></script>
<script defer src="//play.pokemonshowdown.com/data/items.js?0.9894211263848525"></script>
<script defer src="//play.pokemonshowdown.com/data/teambuilder-tables.js?0.6008791140282215"></script>
<script defer src="//play.pokemonshowdown.com/js/battle-tooltips.js?0.7580118955022959"></script>
<script defer src="//play.pokemonshowdown.com/js/battle.js?0.6057722274234274"></script>

<script defer src="js/utils.js?e31f9a17"></script>
<script defer src="js/replays-battle.js?7008c182"></script>

<!-- don't scrape this data! just add .json or .log after the URL!
Full API docs: https://github.com/smogon/pokemon-showdown-client/blob/master/WEB-API.md -->
<script type="text/plain" class="log" id="replaylog-smogtours-gen3ou-797110">
|inactive|Battle timer is ON: inactive players will automatically lose when time's up.
|t:|1728611380
|gametype|singles
|player|p1|philiposophical|nurseryaide|
|player|p2|OneWhoRants|1|
|teamsize|p1|6
|teamsize|p2|6
|gen|3
|tier|[Gen 3] OU
|rule|Sleep Clause Mod: Limit one foe put to sleep
|rule|Switch Priority Clause Mod: Faster Pokémon switch first
|rule|Species Clause: Limit one of each Pokémon
|rule|OHKO Clause: OHKO moves are banned
|rule|Evasion Items Clause: Evasion items are banned
|rule|Evasion Moves Clause: Evasion moves are banned
|rule|Endless Battle Clause: Forcing endless battles is banned
|rule|HP Percentage Mod: HP is shown in percentages
|rule|One Boost Passer Clause: Limit one Baton Passer that has a way to boost its stats
|rule|Freeze Clause Mod: Limit one foe frozen
|
|t:|1728611380
|start
|switch|p1a: Salamence|Salamence, F|100/100
|switch|p2a: Skarmory|Skarmory, F|100/100
|-ability|p1a: Salamence|Intimidate|boost
|-unboost|p2a: Skarmory|atk|1
|turn|1
|
|t:|1728611388
|move|p1a: Salamence|Fire Blast|p2a: Skarmory
|-supereffective|p2a: Skarmory
|-damage|p2a: Skarmory|27/100
|move|p2a: Skarmory|Spikes|p1a: Salamence
|-sidestart|p1: philiposophical|Spikes
|
|-heal|p2a: Skarmory|33/100|[from] item: Leftovers
|upkeep
|turn|2
|
|t:|1728611397
|move|p2a: Skarmory|Protect|p2a: Skarmory
|-singleturn|p2a: Skarmory|Protect
|move|p1a: Salamence|Brick Break|p2a: Skarmory
|-activate|p2a: Skarmory|Protect
|
|-heal|p2a: Skarmory|39/100|[from] item: Leftovers
|upkeep
|turn|3
|inactive|OneWhoRants has 270 seconds left.
|
|t:|1728611428
|switch|p2a: Starmie|Starmie|100/100
|move|p1a: Salamence|Roar|p2a: Starmie
|drag|p2a: Gengar|Gengar, F|100/100
|
|upkeep
|turn|4
|inactive|OneWhoRants has 270 seconds left.
|
|t:|1728611448
|switch|p1a: Blissey|Blissey, F|100/100
|-damage|p1a: Blissey|88/100|[from] Spikes
|move|p2a: Gengar|Will-O-Wisp|p1a: Blissey|[miss]
|-miss|p2a: Gengar|p1a: Blissey
|
|-heal|p1a: Blissey|94/100|[from] item: Leftovers
|upkeep
|turn|5
|inactive|OneWhoRants has 240 seconds left.
|
|t:|1728611490
|switch|p2a: Metagross|Metagross|100/100
|move|p1a: Blissey|Thunder Wave|p2a: Metagross
|-status|p2a: Metagross|par
|
|-heal|p1a: Blissey|99/100|[from] item: Leftovers
|upkeep
|turn|6
|
|t:|1728611502
|switch|p1a: Jirachi|Jirachi|100/100
|-damage|p1a: Jirachi|88/100|[from] Spikes
|move|p2a: Metagross|Meteor Mash|p1a: Jirachi
|-resisted|p1a: Jirachi
|-damage|p1a: Jirachi|60/100
|
|-heal|p1a: Jirachi|66/100|[from] item: Leftovers
|upkeep
|turn|7
|inactive|OneWhoRants has 240 seconds left.
|inactive|OneWhoRants has 210 seconds left.
|
|t:|1728611562
|switch|p2a: Suicune|Suicune|100/100
|move|p1a: Jirachi|Wish|p1a: Jirachi
|
|-heal|p1a: Jirachi|72/100|[from] item: Leftovers
|upkeep
|turn|8
|
|t:|1728611582
|move|p1a: Jirachi|Toxic|p2a: Suicune
|-status|p2a: Suicune|tox
|move|p2a: Suicune|Roar|p1a: Jirachi
|drag|p1a: Forretress|Forretress, F|100/100
|-damage|p1a: Forretress|88/100|[from] Spikes
|
|-heal|p1a: Forretress|100/100|[from] move: Wish|[wisher] Jirachi
|-damage|p2a: Suicune|94/100 tox|[from] psn
|upkeep
|turn|9
|inactive|OneWhoRants has 180 seconds left.
|
|t:|1728611620
|switch|p2a: Skarmory|Skarmory, F|39/100
|move|p1a: Forretress|Spikes|p2a: Skarmory
|-sidestart|p2: OneWhoRants|Spikes
|
|-heal|p2a: Skarmory|45/100|[from] item: Leftovers
|upkeep
|turn|10
|
|t:|1728611628
|move|p2a: Skarmory|Spikes|p1a: Forretress
|-sidestart|p1: philiposophical|Spikes
|move|p1a: Forretress|Rapid Spin|p2a: Skarmory
|-resisted|p2a: Skarmory
|-damage|p2a: Skarmory|43/100
|-sideend|p1: philiposophical|Spikes|[from] move: Rapid Spin|[of] p1a: Forretress
|
|-heal|p2a: Skarmory|49/100|[from] item: Leftovers
|upkeep
|turn|11
|
|t:|1728611641
|switch|p1a: Tyranitar|Tyranitar, M|100/100
|-weather|Sandstorm|[from] ability: Sand Stream|[of] p1a: Tyranitar
|move|p2a: Skarmory|Spikes|p1a: Tyranitar
|-sidestart|p1: philiposophical|Spikes
|
|-weather|Sandstorm|[upkeep]
|-heal|p2a: Skarmory|55/100|[from] item: Leftovers
|upkeep
|turn|12
|inactive|OneWhoRants has 180 seconds left.
|
|t:|1728611677
|move|p1a: Tyranitar|Crunch|p2a: Skarmory
|-resisted|p2a: Skarmory
|-damage|p2a: Skarmory|39/100
|move|p2a: Skarmory|Roar|p1a: Tyranitar
|drag|p1a: Jirachi|Jirachi|72/100
|-damage|p1a: Jirachi|60/100|[from] Spikes
|
|-weather|Sandstorm|[upkeep]
|-heal|p1a: Jirachi|66/100|[from] item: Leftovers
|-heal|p2a: Skarmory|45/100|[from] item: Leftovers
|upkeep
|turn|13
|inactive|OneWhoRants has 150 seconds left.
|
|t:|1728611711
|switch|p2a: Metagross|Metagross|100/100 par
|-damage|p2a: Metagross|88/100 par|[from] Spikes
|move|p1a: Jirachi|Wish|p1a: Jirachi
|
|-weather|Sandstorm|[upkeep]
|-heal|p1a: Jirachi|72/100|[from] item: Leftovers
|upkeep
|turn|14
|
|t:|1728611723
|move|p1a: Jirachi|Protect|p1a: Jirachi
|-singleturn|p1a: Jirachi|Protect
|move|p2a: Metagross|Meteor Mash|p1a: Jirachi
|-activate|p1a: Jirachi|Protect
|
|-heal|p1a: Jirachi|100/100|[from] move: Wish|[wisher] Jirachi
|-weather|Sandstorm|[upkeep]
|upkeep
|turn|15
|inactive|OneWhoRants has 120 seconds left.
|
|t:|1728611760
|switch|p2a: Starmie|Starmie|100/100
|-damage|p2a: Starmie|88/100|[from] Spikes
|move|p1a: Jirachi|Fire Punch|p2a: Starmie
|-resisted|p2a: Starmie
|-damage|p2a: Starmie|75/100
|
|-weather|Sandstorm|[upkeep]
|-damage|p2a: Starmie|69/100|[from] Sandstorm
|-heal|p2a: Starmie|75/100|[from] item: Leftovers
|upkeep
|turn|16
|
|t:|1728611780
|switch|p1a: Blissey|Blissey, F|99/100
|-damage|p1a: Blissey|88/100|[from] Spikes
|move|p2a: Starmie|Rapid Spin|p1a: Blissey
|-damage|p1a: Blissey|85/100
|-sideend|p2: OneWhoRants|Spikes|[from] move: Rapid Spin|[of] p2a: Starmie
|
|-weather|Sandstorm|[upkeep]
|-damage|p2a: Starmie|69/100|[from] Sandstorm
|-damage|p1a: Blissey|79/100|[from] Sandstorm
|-heal|p2a: Starmie|75/100|[from] item: Leftovers
|-heal|p1a: Blissey|85/100|[from] item: Leftovers
|upkeep
|turn|17
|inactive|OneWhoRants has 90 seconds left.
|
|t:|1728611812
|switch|p2a: Metagross|Metagross|88/100 par
|move|p1a: Blissey|Seismic Toss|p2a: Metagross
|-damage|p2a: Metagross|58/100 par
|
|-weather|Sandstorm|[upkeep]
|-damage|p1a: Blissey|79/100|[from] Sandstorm
|-heal|p1a: Blissey|85/100|[from] item: Leftovers
|upkeep
|turn|18
|inactive|OneWhoRants has 90 seconds left.
|
|t:|1728611827
|move|p1a: Blissey|Seismic Toss|p2a: Metagross
|-damage|p2a: Metagross|28/100 par
|cant|p2a: Metagross|par
|
|-weather|Sandstorm|[upkeep]
|-damage|p1a: Blissey|79/100|[from] Sandstorm
|-heal|p1a: Blissey|85/100|[from] item: Leftovers
|upkeep
|turn|19
|
|t:|1728611860
|switch|p1a: Tyranitar|Tyranitar, M|100/100
|-damage|p1a: Tyranitar|88/100|[from] Spikes
|switch|p2a: Suicune|Suicune|94/100 tox
|
|-weather|Sandstorm|[upkeep]
|-damage|p2a: Suicune|88/100 tox|[from] Sandstorm
|-heal|p2a: Suicune|94/100 tox|[from] item: Leftovers
|-damage|p2a: Suicune|88/100 tox|[from] psn
|-heal|p1a: Tyranitar|94/100|[from] item: Leftovers
|upkeep
|turn|20
|inactive|OneWhoRants has 60 seconds left.
|
|t:|1728611894
|switch|p1a: Blissey|Blissey, F|85/100
|-damage|p1a: Blissey|72/100|[from] Spikes
|move|p2a: Suicune|Calm Mind|p2a: Suicune
|-boost|p2a: Suicune|spa|1
|-boost|p2a: Suicune|spd|1
|
|-weather|Sandstorm|[upkeep]
|-damage|p2a: Suicune|82/100 tox|[from] Sandstorm
|-damage|p1a: Blissey|66/100|[from] Sandstorm
|-heal|p2a: Suicune|88/100 tox|[from] item: Leftovers
|-damage|p2a: Suicune|76/100 tox|[from] psn
|-heal|p1a: Blissey|72/100|[from] item: Leftovers
|upkeep
|turn|21
|
|t:|1728611919
|move|p2a: Suicune|Rest|p2a: Suicune
|-status|p2a: Suicune|slp|[from] move: Rest
|-heal|p2a: Suicune|100/100 slp|[silent]
|move|p1a: Blissey|Seismic Toss|p2a: Suicune
|-damage|p2a: Suicune|76/100 slp
|
|-weather|Sandstorm|[upkeep]
|-damage|p2a: Suicune|69/100 slp|[from] Sandstorm
|-damage|p1a: Blissey|66/100|[from] Sandstorm
|-heal|p2a: Suicune|76/100 slp|[from] item: Leftovers
|-heal|p1a: Blissey|72/100|[from] item: Leftovers
|upkeep
|turn|22
|c|☆philiposophical|So sick of this damn dog..
|inactive|OneWhoRants has 30 seconds left.
|inactive|OneWhoRants has 20 seconds left.
|inactive|OneWhoRants has 15 seconds left.
|inactive|OneWhoRants has 10 seconds left.
|
|t:|1728611956
|switch|p1a: Forretress|Forretress, F|100/100
|-damage|p1a: Forretress|88/100|[from] Spikes
|cant|p2a: Suicune|slp
|
|-weather|Sandstorm|[upkeep]
|-damage|p2a: Suicune|69/100 slp|[from] Sandstorm
|-heal|p2a: Suicune|76/100 slp|[from] item: Leftovers
|-heal|p1a: Forretress|94/100|[from] item: Leftovers
|upkeep
|turn|23
|inactive|OneWhoRants has 20 seconds left this turn.
|inactive|OneWhoRants has 15 seconds left.
|inactive|OneWhoRants has 10 seconds left.
|
|t:|1728611971
|switch|p2a: Metagross|Metagross|28/100 par
|move|p1a: Forretress|Spikes|p2a: Metagross
|-sidestart|p2: OneWhoRants|Spikes
|
|-weather|Sandstorm|[upkeep]
|-heal|p1a: Forretress|100/100|[from] item: Leftovers
|upkeep
|turn|24
|inactive|OneWhoRants has 20 seconds left this turn.
|
|t:|1728611978
|move|p1a: Forretress|Earthquake|p2a: Metagross
|-supereffective|p2a: Metagross
|-damage|p2a: Metagross|0 fnt
|faint|p2a: Metagross
|inactive|OneWhoRants has 25 seconds left this turn.
|inactive|OneWhoRants has 20 seconds left.
|
|t:|1728611986
|switch|p2a: Gengar|Gengar, F|100/100
|
|-weather|Sandstorm|[upkeep]
|-damage|p2a: Gengar|95/100|[from] Sandstorm
|-heal|p2a: Gengar|100/100|[from] item: Leftovers
|upkeep
|turn|25
|inactive|OneWhoRants has 30 seconds left this turn.
|inactive|OneWhoRants has 20 seconds left.
|inactive|OneWhoRants has 15 seconds left.
|inactive|OneWhoRants has 10 seconds left.
|inactive|OneWhoRants has 5 seconds left.
|
|t:|1728612011
|switch|p2a: Starmie|Starmie|75/100
|-damage|p2a: Starmie|63/100|[from] Spikes
|switch|p1a: Jirachi|Jirachi|100/100
|-damage|p1a: Jirachi|88/100|[from] Spikes
|
|-weather|Sandstorm|[upkeep]
|-damage|p2a: Starmie|57/100|[from] Sandstorm
|-heal|p2a: Starmie|63/100|[from] item: Leftovers
|-heal|p1a: Jirachi|94/100|[from] item: Leftovers
|upkeep
|turn|26
|inactive|OneWhoRants has 15 seconds left this turn.
|inactive|OneWhoRants has 10 seconds left.
|
|t:|1728612026
|move|p2a: Starmie|Rapid Spin|p1a: Jirachi
|-resisted|p1a: Jirachi
|-damage|p1a: Jirachi|93/100
|-sideend|p2: OneWhoRants|Spikes|[from] move: Rapid Spin|[of] p2a: Starmie
|move|p1a: Jirachi|Wish|p1a: Jirachi
|
|-weather|Sandstorm|[upkeep]
|-damage|p2a: Starmie|57/100|[from] Sandstorm
|-heal|p2a: Starmie|63/100|[from] item: Leftovers
|-heal|p1a: Jirachi|99/100|[from] item: Leftovers
|upkeep
|turn|27
|inactive|OneWhoRants has 20 seconds left this turn.
|inactive|OneWhoRants has 15 seconds left.
|inactive|philiposophical has 270 seconds left.
|inactive|OneWhoRants has 10 seconds left.
|
|t:|1728612049
|switch|p1a: Forretress|Forretress, F|100/100
|-damage|p1a: Forretress|88/100|[from] Spikes
|move|p2a: Starmie|Hydro Pump|p1a: Forretress
|-damage|p1a: Forretress|37/100
|
|-heal|p1a: Forretress|87/100|[from] move: Wish|[wisher] Jirachi
|-weather|Sandstorm|[upkeep]
|-damage|p2a: Starmie|57/100|[from] Sandstorm
|-heal|p2a: Starmie|63/100|[from] item: Leftovers
|-heal|p1a: Forretress|93/100|[from] item: Leftovers
|upkeep
|turn|28
|inactive|OneWhoRants has 20 seconds left this turn.
|inactive|philiposophical has 270 seconds left.
|inactive|OneWhoRants has 15 seconds left.
|inactive|OneWhoRants has 10 seconds left.
|inactive|OneWhoRants has 5 seconds left.
|
|t:|1728612067
|switch|p2a: Skarmory|Skarmory, F|45/100
|move|p1a: Forretress|Spikes|p2a: Skarmory
|-sidestart|p2: OneWhoRants|Spikes
|
|-weather|Sandstorm|[upkeep]
|-heal|p2a: Skarmory|51/100|[from] item: Leftovers
|-heal|p1a: Forretress|99/100|[from] item: Leftovers
|upkeep
|turn|29
|inactive|OneWhoRants has 15 seconds left this turn.
|inactive|philiposophical has 270 seconds left.
|inactive|OneWhoRants has 10 seconds left.
|
|t:|1728612076
|move|p2a: Skarmory|Spikes|p1a: Forretress
|-sidestart|p1: philiposophical|Spikes
|move|p1a: Forretress|Rapid Spin|p2a: Skarmory
|-resisted|p2a: Skarmory
|-damage|p2a: Skarmory|50/100
|-sideend|p1: philiposophical|Spikes|[from] move: Rapid Spin|[of] p1a: Forretress
|
|-weather|Sandstorm|[upkeep]
|-heal|p2a: Skarmory|56/100|[from] item: Leftovers
|-heal|p1a: Forretress|100/100|[from] item: Leftovers
|upkeep
|turn|30
|inactive|OneWhoRants has 20 seconds left this turn.
|inactive|philiposophical has 270 seconds left.
|
|t:|1728612087
|switch|p1a: Salamence|Salamence, F|100/100
|-ability|p1a: Salamence|Intimidate|boost
|-unboost|p2a: Skarmory|atk|1
|move|p2a: Skarmory|Spikes|p1a: Salamence
|-sidestart|p1: philiposophical|Spikes
|
|-weather|Sandstorm|[upkeep]
|-damage|p1a: Salamence|95/100|[from] Sandstorm
|-heal|p1a: Salamence|100/100|[from] item: Leftovers
|-heal|p2a: Skarmory|62/100|[from] item: Leftovers
|upkeep
|turn|31
|inactive|OneWhoRants has 30 seconds left this turn.
|inactive|philiposophical has 270 seconds left.
|inactive|OneWhoRants has 20 seconds left.
|
|t:|1728612102
|move|p2a: Skarmory|Protect|p2a: Skarmory
|-singleturn|p2a: Skarmory|Protect
|move|p1a: Salamence|Dragon Claw|p2a: Skarmory
|-activate|p2a: Skarmory|Protect
|
|-weather|Sandstorm|[upkeep]
|-damage|p1a: Salamence|95/100|[from] Sandstorm
|-heal|p1a: Salamence|100/100|[from] item: Leftovers
|-heal|p2a: Skarmory|68/100|[from] item: Leftovers
|upkeep
|turn|32
|inactive|OneWhoRants has 30 seconds left this turn.
|inactive|philiposophical has 270 seconds left.
|inactive|OneWhoRants has 20 seconds left.
|inactive|OneWhoRants has 15 seconds left.
|inactive|OneWhoRants has 10 seconds left.
|
|t:|1728612127
|move|p1a: Salamence|Dragon Claw|p2a: Skarmory
|-resisted|p2a: Skarmory
|-damage|p2a: Skarmory|50/100
|move|p2a: Skarmory|Roar|p1a: Salamence
|drag|p1a: Aerodactyl|Aerodactyl, F|100/100
|
|-weather|Sandstorm|[upkeep]
|-heal|p2a: Skarmory|56/100|[from] item: Leftovers
|upkeep
|turn|33
|inactive|OneWhoRants has 20 seconds left this turn.
|inactive|OneWhoRants has 15 seconds left.
|inactive|philiposophical has 270 seconds left.
|
|t:|1728612141
|switch|p2a: Flygon|Flygon, F|100/100
|move|p1a: Aerodactyl|Rock Slide|p2a: Flygon
|-resisted|p2a: Flygon
|-damage|p2a: Flygon|80/100
|
|-weather|Sandstorm|[upkeep]
|-heal|p2a: Flygon|86/100|[from] item: Leftovers
|upkeep
|turn|34
|inactive|OneWhoRants has 25 seconds left this turn.
|inactive|OneWhoRants has 20 seconds left.
|inactive|OneWhoRants has 15 seconds left.
|
|t:|1728612154
|switch|p1a: Salamence|Salamence, F|100/100
|-ability|p1a: Salamence|Intimidate|boost
|-unboost|p2a: Flygon|atk|1
|move|p2a: Flygon|Earthquake|p1a: Salamence
|-immune|p1a: Salamence
|
|-weather|Sandstorm|[upkeep]
|-damage|p1a: Salamence|95/100|[from] Sandstorm
|-heal|p1a: Salamence|100/100|[from] item: Leftovers
|-heal|p2a: Flygon|93/100|[from] item: Leftovers
|upkeep
|turn|35
|inactive|OneWhoRants has 25 seconds left this turn.
|inactive|OneWhoRants has 20 seconds left.
|inactive|OneWhoRants has 15 seconds left.
|inactive|OneWhoRants has 10 seconds left.
|inactive|philiposophical has 270 seconds left.
|
|t:|1728612174
|move|p1a: Salamence|Fire Blast|p2a: Flygon
|-resisted|p2a: Flygon
|-damage|p2a: Flygon|72/100
|move|p2a: Flygon|Toxic|p1a: Salamence|[miss]
|-miss|p2a: Flygon|p1a: Salamence
|
|-weather|Sandstorm|[upkeep]
|-damage|p1a: Salamence|95/100|[from] Sandstorm
|-heal|p1a: Salamence|100/100|[from] item: Leftovers
|-heal|p2a: Flygon|78/100|[from] item: Leftovers
|upkeep
|turn|36
|inactive|OneWhoRants has 20 seconds left this turn.
|inactive|OneWhoRants has 15 seconds left.
|c|☆OneWhoRants|kms
|inactive|philiposophical has 270 seconds left.
|inactive|OneWhoRants has 10 seconds left.
|
|t:|1728612187
|move|p2a: Flygon|Protect|p2a: Flygon
|-singleturn|p2a: Flygon|Protect
|move|p1a: Salamence|Dragon Claw|p2a: Flygon
|-activate|p2a: Flygon|Protect
|
|-weather|Sandstorm|[upkeep]
|-damage|p1a: Salamence|95/100|[from] Sandstorm
|-heal|p1a: Salamence|100/100|[from] item: Leftovers
|-heal|p2a: Flygon|84/100|[from] item: Leftovers
|upkeep
|turn|37
|inactive|OneWhoRants has 20 seconds left this turn.
|inactive|OneWhoRants has 15 seconds left.
|c|☆philiposophical|Yeah sorry rough miss
|inactive|philiposophical has 270 seconds left.
|inactive|OneWhoRants has 10 seconds left.
|
|t:|1728612198
|switch|p2a: Suicune|Suicune|76/100 slp
|-damage|p2a: Suicune|63/100 slp|[from] Spikes
|move|p1a: Salamence|Fire Blast|p2a: Suicune|[miss]
|-miss|p1a: Salamence|p2a: Suicune
|
|-weather|Sandstorm|[upkeep]
|-damage|p1a: Salamence|95/100|[from] Sandstorm
|-damage|p2a: Suicune|57/100 slp|[from] Sandstorm
|-heal|p1a: Salamence|100/100|[from] item: Leftovers
|-heal|p2a: Suicune|63/100 slp|[from] item: Leftovers
|upkeep
|turn|38
|inactive|OneWhoRants has 20 seconds left this turn.
|inactive|philiposophical has 270 seconds left.
|
|t:|1728612211
|move|p1a: Salamence|Dragon Claw|p2a: Suicune
|-damage|p2a: Suicune|34/100 slp
|cant|p2a: Suicune|slp
|
|-weather|Sandstorm|[upkeep]
|-damage|p1a: Salamence|95/100|[from] Sandstorm
|-damage|p2a: Suicune|28/100 slp|[from] Sandstorm
|-heal|p1a: Salamence|100/100|[from] item: Leftovers
|-heal|p2a: Suicune|34/100 slp|[from] item: Leftovers
|upkeep
|turn|39
|inactive|OneWhoRants has 30 seconds left this turn.
|inactive|philiposophical has 270 seconds left.
|inactive|OneWhoRants has 20 seconds left.
|inactive|OneWhoRants has 15 seconds left.
|
|t:|1728612229
|move|p1a: Salamence|Fire Blast|p2a: Suicune
|-resisted|p2a: Suicune
|-damage|p2a: Suicune|18/100 slp
|-curestatus|p2a: Suicune|slp|[msg]
|move|p2a: Suicune|Rest|p2a: Suicune
|-status|p2a: Suicune|slp|[from] move: Rest
|-heal|p2a: Suicune|100/100 slp|[silent]
|
|-weather|Sandstorm|[upkeep]
|-damage|p1a: Salamence|95/100|[from] Sandstorm
|-damage|p2a: Suicune|94/100 slp|[from] Sandstorm
|-heal|p1a: Salamence|100/100|[from] item: Leftovers
|-heal|p2a: Suicune|100/100 slp|[from] item: Leftovers
|upkeep
|turn|40
|inactive|OneWhoRants has 25 seconds left this turn.
|inactive|OneWhoRants has 20 seconds left.
|inactive|philiposophical has 270 seconds left.
|inactive|OneWhoRants has 15 seconds left.
|inactive|OneWhoRants has 10 seconds left.
|
|t:|1728612248
|switch|p2a: Skarmory|Skarmory, F|56/100
|move|p1a: Salamence|Dragon Claw|p2a: Skarmory
|-resisted|p2a: Skarmory
|-damage|p2a: Skarmory|39/100
|
|-weather|Sandstorm|[upkeep]
|-damage|p1a: Salamence|95/100|[from] Sandstorm
|-heal|p1a: Salamence|100/100|[from] item: Leftovers
|-heal|p2a: Skarmory|45/100|[from] item: Leftovers
|upkeep
|turn|41
|inactive|OneWhoRants has 20 seconds left this turn.
|inactive|philiposophical has 270 seconds left.
|
|t:|1728612260
|switch|p2a: Suicune|Suicune|100/100 slp
|-damage|p2a: Suicune|88/100 slp|[from] Spikes
|move|p1a: Salamence|Brick Break|p2a: Suicune
|-damage|p2a: Suicune|76/100 slp
|
|-weather|Sandstorm|[upkeep]
|-damage|p1a: Salamence|95/100|[from] Sandstorm
|-damage|p2a: Suicune|69/100 slp|[from] Sandstorm
|-heal|p1a: Salamence|100/100|[from] item: Leftovers
|-heal|p2a: Suicune|76/100 slp|[from] item: Leftovers
|upkeep
|turn|42
|inactive|OneWhoRants has 30 seconds left this turn.
|inactive|philiposophical has 270 seconds left.
|inactive|OneWhoRants has 20 seconds left.
|
|t:|1728612272
|move|p1a: Salamence|Dragon Claw|p2a: Suicune
|-damage|p2a: Suicune|47/100 slp
|cant|p2a: Suicune|slp
|
|-weather|Sandstorm|[upkeep]
|-damage|p1a: Salamence|95/100|[from] Sandstorm
|-damage|p2a: Suicune|40/100 slp|[from] Sandstorm
|-heal|p1a: Salamence|100/100|[from] item: Leftovers
|-heal|p2a: Suicune|47/100 slp|[from] item: Leftovers
|upkeep
|turn|43
|inactive|OneWhoRants has 30 seconds left this turn.
|inactive|philiposophical has 270 seconds left.
|inactive|OneWhoRants has 20 seconds left.
|inactive|OneWhoRants has 15 seconds left.
|inactive|OneWhoRants has 10 seconds left.
|
|t:|1728612293
|switch|p2a: Skarmory|Skarmory, F|45/100
|move|p1a: Salamence|Dragon Claw|p2a: Skarmory
|-resisted|p2a: Skarmory
|-damage|p2a: Skarmory|26/100
|
|-weather|Sandstorm|[upkeep]
|-damage|p1a: Salamence|95/100|[from] Sandstorm
|-heal|p1a: Salamence|100/100|[from] item: Leftovers
|-heal|p2a: Skarmory|32/100|[from] item: Leftovers
|upkeep
|turn|44
|inactive|OneWhoRants has 20 seconds left this turn.
|inactive|philiposophical has 270 seconds left.
|
|t:|1728612305
|move|p2a: Skarmory|Protect|p2a: Skarmory
|-singleturn|p2a: Skarmory|Protect
|move|p1a: Salamence|Brick Break|p2a: Skarmory
|-activate|p2a: Skarmory|Protect
|
|-weather|Sandstorm|[upkeep]
|-damage|p1a: Salamence|95/100|[from] Sandstorm
|-heal|p1a: Salamence|100/100|[from] item: Leftovers
|-heal|p2a: Skarmory|38/100|[from] item: Leftovers
|upkeep
|turn|45
|inactive|OneWhoRants has 30 seconds left this turn.
|inactive|philiposophical has 270 seconds left.
|
|t:|1728612315
|move|p1a: Salamence|Fire Blast|p2a: Skarmory|[miss]
|-miss|p1a: Salamence|p2a: Skarmory
|move|p2a: Skarmory|Toxic|p1a: Salamence
|-status|p1a: Salamence|tox
|
|-weather|Sandstorm|[upkeep]
|-damage|p1a: Salamence|95/100 tox|[from] Sandstorm
|-heal|p1a: Salamence|100/100 tox|[from] item: Leftovers
|-damage|p1a: Salamence|95/100 tox|[from] psn
|-heal|p2a: Skarmory|44/100|[from] item: Leftovers
|upkeep
|turn|46
|inactive|OneWhoRants has 30 seconds left.
|inactive|philiposophical has 270 seconds left.
|inactive|OneWhoRants has 20 seconds left.
|inactive|OneWhoRants has 15 seconds left.
|
|t:|1728612339
|switch|p1a: Tyranitar|Tyranitar, M|94/100
|-damage|p1a: Tyranitar|82/100|[from] Spikes
|move|p2a: Skarmory|Spikes|p1a: Tyranitar
|-sidestart|p1: philiposophical|Spikes
|
|-weather|Sandstorm|[upkeep]
|-heal|p2a: Skarmory|50/100|[from] item: Leftovers
|-heal|p1a: Tyranitar|88/100|[from] item: Leftovers
|upkeep
|turn|47
|inactive|OneWhoRants has 25 seconds left this turn.
|inactive|OneWhoRants has 20 seconds left.
|inactive|philiposophical has 270 seconds left.
|inactive|OneWhoRants has 15 seconds left.
|inactive|OneWhoRants has 10 seconds left.
|
|t:|1728612358
|move|p2a: Skarmory|Toxic|p1a: Tyranitar
|-status|p1a: Tyranitar|tox
|move|p1a: Tyranitar|Fire Blast|p2a: Skarmory
|-supereffective|p2a: Skarmory
|-crit|p2a: Skarmory
|-damage|p2a: Skarmory|0 fnt
|faint|p2a: Skarmory
|inactive|OneWhoRants has 15 seconds left this turn.
|inactive|OneWhoRants has 10 seconds left.
|inactive|OneWhoRants has 5 seconds left.
|
|t:|1728612368
|switch|p2a: Flygon|Flygon, F|84/100
|
|-weather|Sandstorm|[upkeep]
|-heal|p2a: Flygon|90/100|[from] item: Leftovers
|-heal|p1a: Tyranitar|94/100 tox|[from] item: Leftovers
|-damage|p1a: Tyranitar|88/100 tox|[from] psn
|upkeep
|turn|48
|inactive|OneWhoRants has 15 seconds left this turn.
|inactive|OneWhoRants has 10 seconds left.
|inactive|OneWhoRants has 5 seconds left.
|
|t:|1728612380
|switch|p1a: Salamence|Salamence, F|95/100 tox
|-ability|p1a: Salamence|Intimidate|boost
|-unboost|p2a: Flygon|atk|1
|move|p2a: Flygon|Rock Slide|p1a: Salamence
|-supereffective|p1a: Salamence
|-damage|p1a: Salamence|69/100 tox
|
|-weather|Sandstorm|[upkeep]
|-damage|p1a: Salamence|63/100 tox|[from] Sandstorm
|-heal|p1a: Salamence|69/100 tox|[from] item: Leftovers
|-damage|p1a: Salamence|63/100 tox|[from] psn
|-heal|p2a: Flygon|96/100|[from] item: Leftovers
|upkeep
|turn|49
|inactive|OneWhoRants has 15 seconds left this turn.
|inactive|OneWhoRants has 10 seconds left.
|
|t:|1728612393
|move|p2a: Flygon|Protect|p2a: Flygon
|-singleturn|p2a: Flygon|Protect
|move|p1a: Salamence|Roar|p2a: Flygon
|-activate|p2a: Flygon|Protect
|
|-weather|Sandstorm|[upkeep]
|-damage|p1a: Salamence|58/100 tox|[from] Sandstorm
|-heal|p1a: Salamence|63/100 tox|[from] item: Leftovers
|-damage|p1a: Salamence|52/100 tox|[from] psn
|-heal|p2a: Flygon|100/100|[from] item: Leftovers
|upkeep
|turn|50
|inactive|OneWhoRants has 20 seconds left this turn.
|inactive|OneWhoRants has 15 seconds left.
|inactive|OneWhoRants has 10 seconds left.
|inactive|OneWhoRants has 5 seconds left.
|
|t:|1728612410
|switch|p2a: Suicune|Suicune|47/100 slp
|-damage|p2a: Suicune|34/100 slp|[from] Spikes
|move|p1a: Salamence|Dragon Claw|p2a: Suicune
|-damage|p2a: Suicune|4/100 slp
|
|-weather|Sandstorm|[upkeep]
|-damage|p1a: Salamence|46/100 tox|[from] Sandstorm
|-damage|p2a: Suicune|0 fnt|[from] Sandstorm
|faint|p2a: Suicune
|-heal|p1a: Salamence|52/100 tox|[from] item: Leftovers
|-damage|p1a: Salamence|34/100 tox|[from] psn
|upkeep
|inactive|OneWhoRants has 10 seconds left this turn.
|inactive|OneWhoRants has 5 seconds left.
|
|t:|1728612417
|switch|p2a: Gengar|Gengar, F|100/100
|turn|51
|inactive|OneWhoRants has 15 seconds left this turn.
|inactive|OneWhoRants has 10 seconds left.
|inactive|OneWhoRants has 5 seconds left.
|
|t:|1728612428
|move|p2a: Gengar|Thunderbolt|p1a: Salamence
|-damage|p1a: Salamence|0 fnt
|faint|p1a: Salamence
|inactive|OneWhoRants has 10 seconds left this turn.
|
|t:|1728612436
|switch|p1a: Jirachi|Jirachi|99/100
|-damage|p1a: Jirachi|83/100|[from] Spikes
|
|-weather|Sandstorm|[upkeep]
|-damage|p2a: Gengar|95/100|[from] Sandstorm
|-heal|p2a: Gengar|100/100|[from] item: Leftovers
|-heal|p1a: Jirachi|89/100|[from] item: Leftovers
|upkeep
|turn|52
|inactive|OneWhoRants has 20 seconds left this turn.
|inactive|OneWhoRants has 15 seconds left.
|
|t:|1728612446
|move|p2a: Gengar|Will-O-Wisp|p1a: Jirachi
|-status|p1a: Jirachi|brn
|move|p1a: Jirachi|Wish|p1a: Jirachi
|
|-weather|Sandstorm|[upkeep]
|-damage|p2a: Gengar|95/100|[from] Sandstorm
|-heal|p2a: Gengar|100/100|[from] item: Leftovers
|-heal|p1a: Jirachi|95/100 brn|[from] item: Leftovers
|-damage|p1a: Jirachi|83/100 brn|[from] brn
|upkeep
|turn|53
|inactive|OneWhoRants has 25 seconds left this turn.
|inactive|OneWhoRants has 20 seconds left.
|inactive|OneWhoRants has 15 seconds left.
|inactive|OneWhoRants has 10 seconds left.
|inactive|OneWhoRants has 5 seconds left.
|
|t:|1728612469
|switch|p2a: Flygon|Flygon, F|100/100
|move|p1a: Jirachi|Fire Punch|p2a: Flygon
|-resisted|p2a: Flygon
|-damage|p2a: Flygon|91/100
|-status|p2a: Flygon|brn
|
|-heal|p1a: Jirachi|100/100 brn|[from] move: Wish|[wisher] Jirachi
|-weather|Sandstorm|[upkeep]
|-heal|p2a: Flygon|97/100 brn|[from] item: Leftovers
|-damage|p2a: Flygon|85/100 brn|[from] brn
|-damage|p1a: Jirachi|88/100 brn|[from] brn
|upkeep
|turn|54
|inactive|OneWhoRants has 15 seconds left this turn.
|inactive|OneWhoRants has 10 seconds left.
|
|t:|1728612483
|switch|p1a: Forretress|Forretress, F|100/100
|-damage|p1a: Forretress|84/100|[from] Spikes
|move|p2a: Flygon|Earthquake|p1a: Forretress
|-damage|p1a: Forretress|71/100
|
|-weather|Sandstorm|[upkeep]
|-heal|p2a: Flygon|91/100 brn|[from] item: Leftovers
|-damage|p2a: Flygon|78/100 brn|[from] brn
|-heal|p1a: Forretress|77/100|[from] item: Leftovers
|upkeep
|turn|55
|inactive|OneWhoRants has 20 seconds left this turn.
|
|t:|1728612494
|switch|p2a: Gengar|Gengar, F|100/100
|move|p1a: Forretress|Spikes|p2a: Gengar
|-sidestart|p2: OneWhoRants|Spikes
|
|-weather|Sandstorm|[upkeep]
|-damage|p2a: Gengar|95/100|[from] Sandstorm
|-heal|p2a: Gengar|100/100|[from] item: Leftovers
|-heal|p1a: Forretress|84/100|[from] item: Leftovers
|upkeep
|turn|56
|inactive|OneWhoRants has 30 seconds left this turn.
|inactive|OneWhoRants has 20 seconds left.
|
|t:|1728612508
|switch|p2a: Flygon|Flygon, F|78/100 brn
|switch|p1a: Tyranitar|Tyranitar, M|88/100 tox
|-damage|p1a: Tyranitar|71/100 tox|[from] Spikes
|
|-weather|Sandstorm|[upkeep]
|-heal|p2a: Flygon|84/100 brn|[from] item: Leftovers
|-damage|p2a: Flygon|72/100 brn|[from] brn
|-heal|p1a: Tyranitar|77/100 tox|[from] item: Leftovers
|-damage|p1a: Tyranitar|71/100 tox|[from] psn
|upkeep
|turn|57
|inactive|OneWhoRants has 30 seconds left this turn.
|inactive|OneWhoRants has 20 seconds left.
|inactive|OneWhoRants has 15 seconds left.
|inactive|OneWhoRants has 10 seconds left.
|
|t:|1728612532
|switch|p1a: Forretress|Forretress, F|84/100
|-damage|p1a: Forretress|67/100|[from] Spikes
|move|p2a: Flygon|Earthquake|p1a: Forretress
|-damage|p1a: Forretress|53/100
|
|-weather|Sandstorm|[upkeep]
|-heal|p2a: Flygon|78/100 brn|[from] item: Leftovers
|-damage|p2a: Flygon|66/100 brn|[from] brn
|-heal|p1a: Forretress|59/100|[from] item: Leftovers
|upkeep
|turn|58
|inactive|OneWhoRants has 20 seconds left this turn.
|inactive|OneWhoRants has 15 seconds left.
|
|t:|1728612543
|switch|p2a: Gengar|Gengar, F|100/100
|move|p1a: Forretress|Rapid Spin|p2a: Gengar
|-immune|p2a: Gengar
|
|-weather|Sandstorm|[upkeep]
|-damage|p2a: Gengar|95/100|[from] Sandstorm
|-heal|p2a: Gengar|100/100|[from] item: Leftovers
|-heal|p1a: Forretress|65/100|[from] item: Leftovers
|upkeep
|turn|59
|inactive|OneWhoRants has 25 seconds left this turn.
|inactive|OneWhoRants has 20 seconds left.
|inactive|OneWhoRants has 15 seconds left.
|inactive|OneWhoRants has 10 seconds left.
|
|t:|1728612564
|switch|p1a: Aerodactyl|Aerodactyl, F|100/100
|move|p2a: Gengar|Thunderbolt|p1a: Aerodactyl
|-supereffective|p1a: Aerodactyl
|-crit|p1a: Aerodactyl
|-damage|p1a: Aerodactyl|0 fnt
|faint|p1a: Aerodactyl
|inactive|OneWhoRants has 15 seconds left this turn.
|c|☆philiposophical|Why..?
|
|t:|1728612576
|switch|p1a: Tyranitar|Tyranitar, M|71/100 tox
|-damage|p1a: Tyranitar|55/100 tox|[from] Spikes
|
|-weather|Sandstorm|[upkeep]
|-damage|p2a: Gengar|95/100|[from] Sandstorm
|-heal|p2a: Gengar|100/100|[from] item: Leftovers
|-heal|p1a: Tyranitar|61/100 tox|[from] item: Leftovers
|-damage|p1a: Tyranitar|55/100 tox|[from] psn
|upkeep
|turn|60
|inactive|OneWhoRants has 25 seconds left this turn.
|c|☆OneWhoRants|deny tar
|inactive|OneWhoRants has 20 seconds left.
|inactive|OneWhoRants has 15 seconds left.
|
|t:|1728612589
|-activate|p2a: Gengar|move: Pursuit
|move|p1a: Tyranitar|Pursuit|p2a: Gengar|[from]Pursuit
|-supereffective|p2a: Gengar
|-damage|p2a: Gengar|13/100
|switch|p2a: Flygon|Flygon, F|66/100 brn
|
|-weather|Sandstorm|[upkeep]
|-heal|p2a: Flygon|72/100 brn|[from] item: Leftovers
|-damage|p2a: Flygon|59/100 brn|[from] brn
|-heal|p1a: Tyranitar|61/100 tox|[from] item: Leftovers
|-damage|p1a: Tyranitar|49/100 tox|[from] psn
|upkeep
|turn|61
|inactive|OneWhoRants has 25 seconds left this turn.
|inactive|OneWhoRants has 20 seconds left.
|inactive|OneWhoRants has 15 seconds left.
|inactive|OneWhoRants has 10 seconds left.
|
|t:|1728612606
|move|p2a: Flygon|Earthquake|p1a: Tyranitar
|-supereffective|p1a: Tyranitar
|-damage|p1a: Tyranitar|22/100 tox
|move|p1a: Tyranitar|Crunch|p2a: Flygon
|-damage|p2a: Flygon|20/100 brn
|-unboost|p2a: Flygon|spd|1
|
|-weather|Sandstorm|[upkeep]
|-heal|p2a: Flygon|26/100 brn|[from] item: Leftovers
|-damage|p2a: Flygon|13/100 brn|[from] brn
|-heal|p1a: Tyranitar|28/100 tox|[from] item: Leftovers
|-damage|p1a: Tyranitar|10/100 tox|[from] psn
|upkeep
|turn|62
|inactive|OneWhoRants has 20 seconds left this turn.
|inactive|OneWhoRants has 15 seconds left.
|
|t:|1728612623
|move|p2a: Flygon|Protect|p2a: Flygon
|-singleturn|p2a: Flygon|Protect
|move|p1a: Tyranitar|Crunch|p2a: Flygon
|-activate|p2a: Flygon|Protect
|
|-weather|Sandstorm|[upkeep]
|-heal|p2a: Flygon|19/100 brn|[from] item: Leftovers
|-damage|p2a: Flygon|7/100 brn|[from] brn
|-heal|p1a: Tyranitar|16/100 tox|[from] item: Leftovers
|-damage|p1a: Tyranitar|0 fnt|[from] psn
|faint|p1a: Tyranitar
|upkeep
|inactive|OneWhoRants has 20 seconds left this turn.
|inactive|philiposophical has 270 seconds left.
|
|t:|1728612637
|switch|p1a: Jirachi|Jirachi|88/100 brn
|-damage|p1a: Jirachi|72/100 brn|[from] Spikes
|turn|63
|inactive|OneWhoRants has 30 seconds left this turn.
|inactive|OneWhoRants has 20 seconds left.
|inactive|OneWhoRants has 15 seconds left.
|inactive|OneWhoRants has 10 seconds left.
|
|t:|1728612661
|move|p1a: Jirachi|Fire Punch|p2a: Flygon
|-resisted|p2a: Flygon
|-damage|p2a: Flygon|0 fnt
|faint|p2a: Flygon
|inactive|OneWhoRants has 15 seconds left this turn.
|inactive|OneWhoRants has 10 seconds left.
|inactive|OneWhoRants has 5 seconds left.
|
|t:|1728612674
|switch|p2a: Starmie|Starmie|63/100
|-damage|p2a: Starmie|46/100|[from] Spikes
|
|-weather|Sandstorm|[upkeep]
|-damage|p2a: Starmie|40/100|[from] Sandstorm
|-heal|p2a: Starmie|46/100|[from] item: Leftovers
|-heal|p1a: Jirachi|78/100 brn|[from] item: Leftovers
|-damage|p1a: Jirachi|65/100 brn|[from] brn
|upkeep
|turn|64
|inactive|OneWhoRants has 15 seconds left this turn.
|inactive|OneWhoRants has 10 seconds left.
|
|t:|1728612684
|move|p2a: Starmie|Rapid Spin|p1a: Jirachi
|-resisted|p1a: Jirachi
|-damage|p1a: Jirachi|64/100 brn
|-sideend|p2: OneWhoRants|Spikes|[from] move: Rapid Spin|[of] p2a: Starmie
|move|p1a: Jirachi|Toxic|p2a: Starmie
|-status|p2a: Starmie|tox
|
|-weather|Sandstorm|[upkeep]
|-damage|p2a: Starmie|40/100 tox|[from] Sandstorm
|-heal|p2a: Starmie|46/100 tox|[from] item: Leftovers
|-damage|p2a: Starmie|40/100 tox|[from] psn
|-heal|p1a: Jirachi|71/100 brn|[from] item: Leftovers
|-damage|p1a: Jirachi|58/100 brn|[from] brn
|upkeep
|turn|65
|inactive|OneWhoRants has 20 seconds left this turn.
|inactive|OneWhoRants has 15 seconds left.
|inactive|OneWhoRants has 10 seconds left.
|
|t:|1728612698
|-curestatus|p2a: Starmie|tox|[from] ability: Natural Cure
|switch|p2a: Gengar|Gengar, F|13/100
|move|p1a: Jirachi|Wish|p1a: Jirachi
|
|-weather|Sandstorm|[upkeep]
|-damage|p2a: Gengar|7/100|[from] Sandstorm
|-heal|p2a: Gengar|13/100|[from] item: Leftovers
|-heal|p1a: Jirachi|64/100 brn|[from] item: Leftovers
|-damage|p1a: Jirachi|52/100 brn|[from] brn
|upkeep
|turn|66
|inactive|OneWhoRants has 20 seconds left this turn.
|inactive|OneWhoRants has 15 seconds left.
|inactive|OneWhoRants has 10 seconds left.
|inactive|OneWhoRants has 5 seconds left.
|
|t:|1728612715
|switch|p2a: Starmie|Starmie|40/100
|move|p1a: Jirachi|Fire Punch|p2a: Starmie
|-resisted|p2a: Starmie
|-damage|p2a: Starmie|28/100
|
|-heal|p1a: Jirachi|100/100 brn|[from] move: Wish|[wisher] Jirachi
|-weather|Sandstorm|[upkeep]
|-damage|p2a: Starmie|22/100|[from] Sandstorm
|-heal|p2a: Starmie|28/100|[from] item: Leftovers
|-damage|p1a: Jirachi|88/100 brn|[from] brn
|upkeep
|turn|67
|inactive|OneWhoRants has 15 seconds left this turn.
|inactive|OneWhoRants has 10 seconds left.
|
|t:|1728612727
|move|p2a: Starmie|Hydro Pump|p1a: Jirachi|[miss]
|-miss|p2a: Starmie|p1a: Jirachi
|move|p1a: Jirachi|Fire Punch|p2a: Starmie
|-resisted|p2a: Starmie
|-damage|p2a: Starmie|16/100
|
|-weather|Sandstorm|[upkeep]
|-damage|p2a: Starmie|10/100|[from] Sandstorm
|-heal|p2a: Starmie|16/100|[from] item: Leftovers
|-heal|p1a: Jirachi|94/100 brn|[from] item: Leftovers
|-damage|p1a: Jirachi|82/100 brn|[from] brn
|upkeep
|turn|68
|inactive|OneWhoRants has 20 seconds left this turn.
|
|t:|1728612739
|move|p2a: Starmie|Hydro Pump|p1a: Jirachi
|-damage|p1a: Jirachi|35/100 brn
|move|p1a: Jirachi|Toxic|p2a: Starmie
|-status|p2a: Starmie|tox
|
|-weather|Sandstorm|[upkeep]
|-damage|p2a: Starmie|10/100 tox|[from] Sandstorm
|-heal|p2a: Starmie|16/100 tox|[from] item: Leftovers
|-damage|p2a: Starmie|10/100 tox|[from] psn
|-heal|p1a: Jirachi|41/100 brn|[from] item: Leftovers
|-damage|p1a: Jirachi|28/100 brn|[from] brn
|upkeep
|turn|69
|inactive|OneWhoRants has 30 seconds left this turn.
|
|t:|1728612752
|-curestatus|p2a: Starmie|tox|[from] ability: Natural Cure
|switch|p2a: Gengar|Gengar, F|13/100
|move|p1a: Jirachi|Protect||[still]
|-fail|p1a: Jirachi
|
|-weather|Sandstorm|[upkeep]
|-damage|p2a: Gengar|7/100|[from] Sandstorm
|-heal|p2a: Gengar|13/100|[from] item: Leftovers
|-heal|p1a: Jirachi|35/100 brn|[from] item: Leftovers
|-damage|p1a: Jirachi|22/100 brn|[from] brn
|upkeep
|turn|70
|
|t:|1728612765
|move|p2a: Gengar|Fire Punch|p1a: Jirachi
|-supereffective|p1a: Jirachi
|-damage|p1a: Jirachi|0 fnt
|faint|p1a: Jirachi
|
|t:|1728612771
|switch|p1a: Blissey|Blissey, F|72/100
|-damage|p1a: Blissey|56/100|[from] Spikes
|
|-weather|Sandstorm|[upkeep]
|-damage|p2a: Gengar|7/100|[from] Sandstorm
|-damage|p1a: Blissey|50/100|[from] Sandstorm
|-heal|p2a: Gengar|13/100|[from] item: Leftovers
|-heal|p1a: Blissey|56/100|[from] item: Leftovers
|upkeep
|turn|71
|c|☆philiposophical|Well gg
|c|☆philiposophical|These 2 cant hit it
|inactive|OneWhoRants has 30 seconds left.
|
|t:|1728612800
|move|p2a: Gengar|Fire Punch|p1a: Blissey
|-damage|p1a: Blissey|48/100
|move|p1a: Blissey|Seismic Toss|p2a: Gengar
|-immune|p2a: Gengar
|
|-weather|Sandstorm|[upkeep]
|-damage|p2a: Gengar|7/100|[from] Sandstorm
|-damage|p1a: Blissey|41/100|[from] Sandstorm
|-heal|p2a: Gengar|13/100|[from] item: Leftovers
|-heal|p1a: Blissey|48/100|[from] item: Leftovers
|upkeep
|turn|72
|c|☆OneWhoRants|gg
|
|t:|1728612812
|move|p2a: Gengar|Fire Punch|p1a: Blissey
|-damage|p1a: Blissey|39/100
|move|p1a: Blissey|Thunder Wave|p2a: Gengar
|-status|p2a: Gengar|par
|
|-weather|Sandstorm|[upkeep]
|-damage|p1a: Blissey|33/100|[from] Sandstorm
|-damage|p2a: Gengar|7/100 par|[from] Sandstorm
|-heal|p1a: Blissey|39/100|[from] item: Leftovers
|-heal|p2a: Gengar|13/100 par|[from] item: Leftovers
|upkeep
|turn|73
|
|t:|1728612823
|move|p1a: Blissey|Soft-Boiled|p1a: Blissey
|-heal|p1a: Blissey|89/100
|move|p2a: Gengar|Fire Punch|p1a: Blissey
|-damage|p1a: Blissey|81/100
|
|-weather|Sandstorm|[upkeep]
|-damage|p1a: Blissey|75/100|[from] Sandstorm
|-damage|p2a: Gengar|7/100 par|[from] Sandstorm
|-heal|p1a: Blissey|81/100|[from] item: Leftovers
|-heal|p2a: Gengar|13/100 par|[from] item: Leftovers
|upkeep
|turn|74
|c|☆philiposophical|Lol habit 
|inactive|philiposophical has 270 seconds left.
|c|☆philiposophical|Should prob forfeit 
|
|t:|1728612848
|move|p2a: Gengar|Fire Punch|p1a: Blissey
|-crit|p1a: Blissey
|-damage|p1a: Blissey|64/100
|move|p1a: Blissey|Counter|p2a: Gengar
|
|-weather|Sandstorm|[upkeep]
|-damage|p1a: Blissey|58/100|[from] Sandstorm
|-damage|p2a: Gengar|7/100 par|[from] Sandstorm
|-heal|p1a: Blissey|64/100|[from] item: Leftovers
|-heal|p2a: Gengar|13/100 par|[from] item: Leftovers
|upkeep
|turn|75
|c|☆OneWhoRants|fair
|inactive|philiposophical has 270 seconds left.
|c|☆OneWhoRants|funny blissey
|
|t:|1728612860
|move|p1a: Blissey|Seismic Toss|p2a: Gengar
|-immune|p2a: Gengar
|move|p2a: Gengar|Fire Punch|p1a: Blissey
|-damage|p1a: Blissey|56/100
|
|-weather|Sandstorm|[upkeep]
|-damage|p1a: Blissey|50/100|[from] Sandstorm
|-damage|p2a: Gengar|7/100 par|[from] Sandstorm
|-heal|p1a: Blissey|56/100|[from] item: Leftovers
|-heal|p2a: Gengar|13/100 par|[from] item: Leftovers
|upkeep
|turn|76
|inactive|philiposophical has 270 seconds left.
|
|t:|1728612872
|move|p1a: Blissey|Seismic Toss|p2a: Gengar
|-immune|p2a: Gengar
|move|p2a: Gengar|Fire Punch|p1a: Blissey
|-damage|p1a: Blissey|49/100
|
|-weather|Sandstorm|[upkeep]
|-damage|p1a: Blissey|42/100|[from] Sandstorm
|-damage|p2a: Gengar|7/100 par|[from] Sandstorm
|-heal|p1a: Blissey|49/100|[from] item: Leftovers
|-heal|p2a: Gengar|13/100 par|[from] item: Leftovers
|upkeep
|turn|77
|inactive|philiposophical has 270 seconds left.
|
|t:|1728612885
|move|p1a: Blissey|Seismic Toss|p2a: Gengar
|-immune|p2a: Gengar
|move|p2a: Gengar|Thunderbolt|p1a: Blissey
|-damage|p1a: Blissey|39/100
|
|-weather|Sandstorm|[upkeep]
|-damage|p1a: Blissey|32/100|[from] Sandstorm
|-damage|p2a: Gengar|7/100 par|[from] Sandstorm
|-heal|p1a: Blissey|39/100|[from] item: Leftovers
|-heal|p2a: Gengar|13/100 par|[from] item: Leftovers
|upkeep
|turn|78
|inactive|philiposophical has 270 seconds left.
|
|t:|1728612896
|move|p1a: Blissey|Seismic Toss|p2a: Gengar
|-immune|p2a: Gengar
|move|p2a: Gengar|Will-O-Wisp|p1a: Blissey
|-status|p1a: Blissey|brn
|
|-weather|Sandstorm|[upkeep]
|-damage|p1a: Blissey|32/100 brn|[from] Sandstorm
|-damage|p2a: Gengar|7/100 par|[from] Sandstorm
|-heal|p1a: Blissey|39/100 brn|[from] item: Leftovers
|-damage|p1a: Blissey|26/100 brn|[from] brn
|-heal|p2a: Gengar|13/100 par|[from] item: Leftovers
|upkeep
|turn|79
|inactive|philiposophical has 270 seconds left.
|
|t:|1728612909
|-curestatus|p1a: Blissey|brn|[from] ability: Natural Cure
|switch|p1a: Forretress|Forretress, F|65/100
|-damage|p1a: Forretress|49/100|[from] Spikes
|move|p2a: Gengar|Thunderbolt|p1a: Forretress
|-damage|p1a: Forretress|24/100
|
|-weather|Sandstorm|[upkeep]
|-damage|p2a: Gengar|7/100 par|[from] Sandstorm
|-heal|p1a: Forretress|30/100|[from] item: Leftovers
|-heal|p2a: Gengar|13/100 par|[from] item: Leftovers
|upkeep
|turn|80
|inactive|philiposophical has 270 seconds left.
|inactive|OneWhoRants has 90 seconds left.
|
|t:|1728612921
|move|p1a: Forretress|Explosion|p2a: Gengar
|-immune|p2a: Gengar
|faint|p1a: Forretress
|c|☆philiposophical|Who are we to deny him his glory
|c|☆philiposophical|GH
|c|☆philiposophical|GG
|c|☆OneWhoRants|real
|c|☆OneWhoRants|let him boom
|c|☆OneWhoRants|gg
|-message|philiposophical forfeited.
|
|win|OneWhoRants

</script>
<script type="application/json" class="data" id="replaydata-smogtours-gen3ou-797110">
{"id":"smogtours-gen3ou-797110","format":"[Gen 3] OU","players":["philiposophical","OneWhoRants"],"uploadtime":1728612941,"views":97,"formatid":"gen3ou","rating":null,"private":0,"password":null}
</script>

<script defer src="js/replays.js?9d40a366"></script>
