<!DOCTYPE html>
<meta charset="utf-8" />
<meta name="viewport" content="width=device-width" />

<title>[Gen 3] OU: Big Nut Bill vs. dicerat8 - Replays - Pok&eacute;mon Showdown!</title>

<meta name="description" content="Watch a replay of a Pok&eacute;mon battle between Big Nut Bill and dicerat8! Format: [Gen 3] OU; Date: Oct 4, 2024" />
<!--

Hey, you! Looking in the source for the replay log?

You can find them in JSON format, just add `.json` at the end of a replay URL.

https://replay.pokemonshowdown.com/gen7randomdoublesbattle-865046831.json

Or, if you only need the log itself, add `.log` instead:

https://replay.pokemonshowdown.com/gen7randomdoublesbattle-865046831.log

-->

<link rel="stylesheet" href="//pokemonshowdown.com/style/global.css?0.023195364461161105" />
<link rel="stylesheet" href="//play.pokemonshowdown.com/style/font-awesome.css?0.13261647063804238" />
<link rel="stylesheet" href="//play.pokemonshowdown.com/style/battle.css?0.8753245789963631" />
<link rel="stylesheet" href="//play.pokemonshowdown.com/style/utilichart.css?0.8627959624976733" />

<!-- Global site tag (gtag.js) - Google Analytics -->
<script async src="https://www.googletagmanager.com/gtag/js?id=UA-26211653-1"></script>
<script>
  window.dataLayer = window.dataLayer || [];
  function gtag(){dataLayer.push(arguments);}
  gtag('js', new Date());

  gtag('config', 'UA-26211653-1');
</script>
<!-- End Google Analytics -->
<!-- Venatus Ad Manager - Install in <HEAD> of page -->
	<script src="https://hb.vntsm.com/v3/live/ad-manager.min.js" type="text/javascript" data-site-id="642aba63ec9a7b11c3c9c1be" data-mode="scan" async></script>
<!-- / Venatus Ad Manager -->

<style>
	@media (max-width:820px) {
		.battle {
			margin: 0 auto;
		}
		.battle-log {
			margin: 7px auto 0;
			max-width: 640px;
			height: 300px;
			position: static;
		}
	}
	.optgroup {
		display: inline-block;
		line-height: 22px;
		font-size: 10pt;
	}
	.optgroup .button {
		height: 25px;
		padding-top: 0;
		padding-bottom: 0;
	}
	.optgroup button.button {
		padding-left: 12px;
		padding-right: 12px;
	}
	.linklist {
		list-style: none;
		margin: 0.5em 0;
		padding: 0;
	}
	.linklist li {
		padding: 2px 0;
	}
	.sidebar {
		float: left;
		width: 320px;
	}
	.bar-wrapper {
		max-width: 1100px;
		margin: 0 auto;
	}
	.bar-wrapper.has-sidebar {
		max-width: 1430px;
	}
	.mainbar {
		margin: 0;
		padding-right: 1px;
	}
	.mainbar.has-sidebar {
		margin-left: 330px;
	}
	@media (min-width: 1511px) {
		.sidebar {
			width: 400px;
		}
		.bar-wrapper.has-sidebar {
			max-width: 1510px;
		}
		.mainbar.has-sidebar {
			margin-left: 410px;
		}
	}
	.section.first-section {
		margin-top: 9px;
	}
	.blocklink small {
		white-space: normal;
	}
	.button {
		vertical-align: middle;
	}
	.replay-controls {
		padding-top: 10px;
	}
	.replay-controls h1 {
		font-size: 16pt;
		font-weight: normal;
		color: #CCC;
	}
	.pagelink {
		text-align: center;
	}
	.pagelink a {
		width: 150px;
	}
	.textbox, .button {
		font-size: 11pt;
		vertical-align: middle;
	}
	@media (max-width: 450px) {
		.button {
			font-size: 9pt;
		}
	}
</style>

<div>

	<header>
		<div class="nav-wrapper"><ul class="nav">
			<li><a class="button nav-first" href="//pokemonshowdown.com/"><img src="//pokemonshowdown.com/images/pokemonshowdownbeta.png" srcset="//pokemonshowdown.com/images/pokemonshowdownbeta.png 1x, //pokemonshowdown.com/images/pokemonshowdownbeta@2x.png 2x" alt="Pok&eacute;mon Showdown" width="146" height="44" /> Home</a></li>
			<li><a class="button" href="//pokemonshowdown.com/dex/">Pok&eacute;dex</a></li>
			<li><a class="button cur" href="/">Replays</a></li>
			<li><a class="button" href="//pokemonshowdown.com/ladder/">Ladder</a></li>
			<li><a class="button nav-last" href="//pokemonshowdown.com/forums/">Forum</a></li>
			<li><a class="button greenbutton nav-first nav-last" href="//play.pokemonshowdown.com/">Play</a></li>
		</ul></div>
	</header>

	<div class="main" id="main">

		<noscript><section class="section">You need to enable JavaScript to use this page; sorry!</section></noscript>

	</div>

</div>

<script defer nomodule src="//play.pokemonshowdown.com/js/lib/ps-polyfill.js"></script>
<script defer src="//play.pokemonshowdown.com/js/lib/preact.min.js"></script>

<script defer src="//play.pokemonshowdown.com/config/config.js?2bddbc15"></script>
<script defer src="//play.pokemonshowdown.com/js/lib/jquery-1.11.0.min.js"></script>
<script defer src="//play.pokemonshowdown.com/js/lib/html-sanitizer-minified.js"></script>
<script defer src="//play.pokemonshowdown.com/js/battle-sound.js"></script>
<script defer src="//play.pokemonshowdown.com/js/battledata.js?0.7209276989879541"></script>
<script defer src="//play.pokemonshowdown.com/data/pokedex-mini.js?0.6111056340867951"></script>
<script defer src="//play.pokemonshowdown.com/data/pokedex-mini-bw.js?0.3532142036491459"></script>
<script defer src="//play.pokemonshowdown.com/data/graphics.js?0.24223875632456182"></script>
<script defer src="//play.pokemonshowdown.com/data/pokedex.js?0.38839984266356864"></script>
<script defer src="//play.pokemonshowdown.com/data/moves.js?0.21866028504024015"></script>
<script defer src="//play.pokemonshowdown.com/data/abilities.js?0.2005157953846628"></script>
<script defer src="//play.pokemonshowdown.com/data/items.js?0.9894211263848525"></script>
<script defer src="//play.pokemonshowdown.com/data/teambuilder-tables.js?0.6008791140282215"></script>
<script defer src="//play.pokemonshowdown.com/js/battle-tooltips.js?0.7580118955022959"></script>
<script defer src="//play.pokemonshowdown.com/js/battle.js?0.6057722274234274"></script>

<script defer src="js/utils.js?e31f9a17"></script>
<script defer src="js/replays-battle.js?7008c182"></script>

<!-- don't scrape this data! just add .json or .log after the URL!
Full API docs: https://github.com/smogon/pokemon-showdown-client/blob/master/WEB-API.md -->
<script type="text/plain" class="log" id="replaylog-gen3ou-2215853948">
|j|☆Big Nut Bill
|j|☆dicerat8
|t:|1728056462
|gametype|singles
|player|p1|Big Nut Bill|medium|
|player|p2|dicerat8|eusine|
|teamsize|p1|6
|teamsize|p2|6
|gen|3
|tier|[Gen 3] OU
|rule|Sleep Clause Mod: Limit one foe put to sleep
|rule|Switch Priority Clause Mod: Faster Pokémon switch first
|rule|Species Clause: Limit one of each Pokémon
|rule|OHKO Clause: OHKO moves are banned
|rule|Evasion Items Clause: Evasion items are banned
|rule|Evasion Moves Clause: Evasion moves are banned
|rule|Endless Battle Clause: Forcing endless battles is banned
|rule|HP Percentage Mod: HP is shown in percentages
|rule|One Boost Passer Clause: Limit one Baton Passer that has a way to boost its stats
|rule|Freeze Clause Mod: Limit one foe frozen
|
|t:|1728056462
|start
|switch|p1a: Salamence|Salamence, M|100/100
|switch|p2a: 56 Miles|Gengar, M|100/100
|-ability|p1a: Salamence|Intimidate|boost
|-unboost|p2a: 56 Miles|atk|1
|turn|1
|inactive|Battle timer is ON: inactive players will automatically lose when time's up. (requested by dicerat8)
|c|☆dicerat8|gl
|c|☆Big Nut Bill|gl
|
|t:|1728056483
|switch|p1a: Hariyama|Hariyama, F|100/100
|move|p2a: 56 Miles|Will-O-Wisp|p1a: Hariyama|[miss]
|-miss|p2a: 56 Miles|p1a: Hariyama
|
|upkeep
|turn|2
|
|t:|1728056493
|switch|p2a: Celebi|Celebi|100/100
|move|p1a: Hariyama|Knock Off|p2a: Celebi
|-supereffective|p2a: Celebi
|-damage|p2a: Celebi|96/100
|-enditem|p2a: Celebi|Leftovers|[from] move: Knock Off|[of] p1a: Hariyama
|-hint|In Gens 3-4, Knock Off only makes the target's item unusable; it cannot obtain a new item.
|
|upkeep
|turn|3
|
|t:|1728056504
|move|p2a: Celebi|Psychic|p1a: Hariyama
|-supereffective|p1a: Hariyama
|-damage|p1a: Hariyama|13/100
|move|p1a: Hariyama|Hidden Power|p2a: Celebi
|-supereffective|p2a: Celebi
|-crit|p2a: Celebi
|-damage|p2a: Celebi|0 fnt
|faint|p2a: Celebi
|
|t:|1728056507
|switch|p2a: 56 Miles|Gengar, M|100/100
|
|-heal|p1a: Hariyama|19/100|[from] item: Leftovers
|upkeep
|turn|4
|
|t:|1728056518
|switch|p1a: Jirachi|Jirachi|100/100
|move|p2a: 56 Miles|Substitute|p2a: 56 Miles
|-start|p2a: 56 Miles|Substitute
|-damage|p2a: 56 Miles|76/100
|
|-heal|p2a: 56 Miles|82/100|[from] item: Leftovers
|upkeep
|turn|5
|
|t:|1728056530
|move|p2a: 56 Miles|Will-O-Wisp|p1a: Jirachi
|-status|p1a: Jirachi|brn
|move|p1a: Jirachi|Wish|p1a: Jirachi
|
|-heal|p2a: 56 Miles|88/100|[from] item: Leftovers
|-damage|p1a: Jirachi|88/100 brn|[from] brn
|upkeep
|turn|6
|
|t:|1728056550
|switch|p1a: Claydol|Claydol|100/100
|move|p2a: 56 Miles|Shadow Ball|p1a: Claydol
|-supereffective|p1a: Claydol
|-damage|p1a: Claydol|45/100
|
|-heal|p1a: Claydol|95/100|[from] move: Wish|[wisher] Jirachi
|-heal|p2a: 56 Miles|94/100|[from] item: Leftovers
|-heal|p1a: Claydol|100/100|[from] item: Leftovers
|upkeep
|turn|7
|inactive|Big Nut Bill has 270 seconds left.
|
|t:|1728056573
|move|p2a: 56 Miles|Shadow Ball|p1a: Claydol
|-supereffective|p1a: Claydol
|-damage|p1a: Claydol|36/100
|move|p1a: Claydol|Shadow Ball|p2a: 56 Miles
|-supereffective|p2a: 56 Miles
|-end|p2a: 56 Miles|Substitute
|
|-heal|p2a: 56 Miles|99/100|[from] item: Leftovers
|-heal|p1a: Claydol|42/100|[from] item: Leftovers
|upkeep
|turn|8
|inactive|Big Nut Bill has 270 seconds left.
|
|t:|1728056589
|switch|p1a: Jirachi|Jirachi|88/100 brn
|move|p2a: 56 Miles|Shadow Ball|p1a: Jirachi
|-damage|p1a: Jirachi|69/100 brn
|
|-heal|p2a: 56 Miles|100/100|[from] item: Leftovers
|-heal|p1a: Jirachi|76/100 brn|[from] item: Leftovers
|-damage|p1a: Jirachi|63/100 brn|[from] brn
|upkeep
|turn|9
|
|t:|1728056599
|move|p2a: 56 Miles|Substitute|p2a: 56 Miles
|-start|p2a: 56 Miles|Substitute
|-damage|p2a: 56 Miles|76/100
|move|p1a: Jirachi|Wish|p1a: Jirachi
|
|-heal|p2a: 56 Miles|82/100|[from] item: Leftovers
|-heal|p1a: Jirachi|69/100 brn|[from] item: Leftovers
|-damage|p1a: Jirachi|57/100 brn|[from] brn
|upkeep
|turn|10
|inactive|Big Nut Bill has 270 seconds left.
|
|t:|1728056627
|switch|p1a: Hariyama|Hariyama, F|19/100
|move|p2a: 56 Miles|Shadow Ball|p1a: Hariyama
|-damage|p1a: Hariyama|0 fnt
|faint|p1a: Hariyama
|
|t:|1728056636
|switch|p1a: Blissey|Blissey, F|100/100
|
|-heal|p2a: 56 Miles|88/100|[from] item: Leftovers
|upkeep
|turn|11
|
|t:|1728056649
|-singleturn|p2a: 56 Miles|move: Focus Punch
|move|p1a: Blissey|Aromatherapy|p1a: Blissey
|-cureteam|p1a: Blissey|[from] move: Aromatherapy
|move|p2a: 56 Miles|Focus Punch|p1a: Blissey
|-supereffective|p1a: Blissey
|-damage|p1a: Blissey|36/100
|
|-heal|p2a: 56 Miles|94/100|[from] item: Leftovers
|-heal|p1a: Blissey|42/100|[from] item: Leftovers
|upkeep
|turn|12
|
|t:|1728056672
|-singleturn|p2a: 56 Miles|move: Focus Punch
|switch|p1a: Suicune|Suicune|100/100
|move|p2a: 56 Miles|Focus Punch|p1a: Suicune
|-damage|p1a: Suicune|79/100
|
|-heal|p2a: 56 Miles|99/100|[from] item: Leftovers
|-heal|p1a: Suicune|85/100|[from] item: Leftovers
|upkeep
|turn|13
|
|t:|1728056682
|move|p2a: 56 Miles|Will-O-Wisp|p1a: Suicune
|-status|p1a: Suicune|brn
|move|p1a: Suicune|Calm Mind|p1a: Suicune
|-boost|p1a: Suicune|spa|1
|-boost|p1a: Suicune|spd|1
|
|-heal|p2a: 56 Miles|100/100|[from] item: Leftovers
|-heal|p1a: Suicune|92/100 brn|[from] item: Leftovers
|-damage|p1a: Suicune|79/100 brn|[from] brn
|upkeep
|turn|14
|
|t:|1728056685
|-singleturn|p2a: 56 Miles|move: Focus Punch
|move|p1a: Suicune|Surf|p2a: 56 Miles
|-end|p2a: 56 Miles|Substitute
|move|p2a: 56 Miles|Focus Punch|p1a: Suicune
|-damage|p1a: Suicune|60/100 brn
|
|-heal|p1a: Suicune|66/100 brn|[from] item: Leftovers
|-damage|p1a: Suicune|53/100 brn|[from] brn
|upkeep
|turn|15
|inactive|Big Nut Bill has 270 seconds left.
|
|t:|1728056690
|move|p2a: 56 Miles|Shadow Ball|p1a: Suicune
|-damage|p1a: Suicune|37/100 brn
|move|p1a: Suicune|Surf|p2a: 56 Miles
|-crit|p2a: 56 Miles
|-damage|p2a: 56 Miles|0 fnt
|faint|p2a: 56 Miles
|
|t:|1728056698
|switch|p2a: Skarmory|Skarmory, M|100/100
|
|-heal|p1a: Suicune|44/100 brn|[from] item: Leftovers
|-damage|p1a: Suicune|31/100 brn|[from] brn
|upkeep
|turn|16
|
|t:|1728056704
|move|p1a: Suicune|Surf|p2a: Skarmory
|-damage|p2a: Skarmory|61/100
|move|p2a: Skarmory|Spikes|p1a: Suicune
|-sidestart|p1: Big Nut Bill|Spikes
|
|-heal|p1a: Suicune|37/100 brn|[from] item: Leftovers
|-damage|p1a: Suicune|25/100 brn|[from] brn
|-heal|p2a: Skarmory|67/100|[from] item: Leftovers
|upkeep
|turn|17
|
|t:|1728056708
|move|p1a: Suicune|Surf|p2a: Skarmory
|-damage|p2a: Skarmory|24/100
|move|p2a: Skarmory|Roar|p1a: Suicune
|drag|p1a: Jirachi|Jirachi|57/100
|-damage|p1a: Jirachi|45/100|[from] Spikes
|
|-heal|p1a: Jirachi|51/100|[from] item: Leftovers
|-heal|p2a: Skarmory|30/100|[from] item: Leftovers
|upkeep
|turn|18
|
|t:|1728056714
|move|p1a: Jirachi|Fire Punch|p2a: Skarmory
|-supereffective|p2a: Skarmory
|-damage|p2a: Skarmory|0 fnt
|faint|p2a: Skarmory
|
|t:|1728056716
|switch|p2a: Tyranitar|Tyranitar, M|100/100
|-weather|Sandstorm|[from] ability: Sand Stream|[of] p2a: Tyranitar
|
|-weather|Sandstorm|[upkeep]
|-heal|p1a: Jirachi|57/100|[from] item: Leftovers
|upkeep
|turn|19
|
|t:|1728056727
|move|p1a: Jirachi|Wish|p1a: Jirachi
|move|p2a: Tyranitar|Substitute|p2a: Tyranitar
|-start|p2a: Tyranitar|Substitute
|-damage|p2a: Tyranitar|75/100
|
|-weather|Sandstorm|[upkeep]
|-heal|p1a: Jirachi|63/100|[from] item: Leftovers
|-heal|p2a: Tyranitar|82/100|[from] item: Leftovers
|upkeep
|turn|20
|
|t:|1728056735
|-singleturn|p2a: Tyranitar|move: Focus Punch
|switch|p1a: Claydol|Claydol|42/100
|move|p2a: Tyranitar|Focus Punch|p1a: Claydol
|-resisted|p1a: Claydol
|-damage|p1a: Claydol|12/100
|
|-heal|p1a: Claydol|62/100|[from] move: Wish|[wisher] Jirachi
|-weather|Sandstorm|[upkeep]
|-heal|p1a: Claydol|68/100|[from] item: Leftovers
|-heal|p2a: Tyranitar|88/100|[from] item: Leftovers
|upkeep
|turn|21
|
|t:|1728056751
|move|p1a: Claydol|Earthquake|p2a: Tyranitar
|-supereffective|p2a: Tyranitar
|-end|p2a: Tyranitar|Substitute
|move|p2a: Tyranitar|Hidden Power|p1a: Claydol
|-supereffective|p1a: Claydol
|-crit|p1a: Claydol
|-damage|p1a: Claydol|3/100
|
|-weather|Sandstorm|[upkeep]
|-heal|p1a: Claydol|9/100|[from] item: Leftovers
|-heal|p2a: Tyranitar|94/100|[from] item: Leftovers
|upkeep
|turn|22
|
|t:|1728056762
|move|p1a: Claydol|Explosion|p2a: Tyranitar
|-resisted|p2a: Tyranitar
|-damage|p2a: Tyranitar|43/100
|faint|p1a: Claydol
|
|t:|1728056772
|switch|p1a: Salamence|Salamence, M|100/100
|-ability|p1a: Salamence|Intimidate|boost
|-unboost|p2a: Tyranitar|atk|1
|
|-weather|Sandstorm|[upkeep]
|-damage|p1a: Salamence|94/100|[from] Sandstorm
|-heal|p2a: Tyranitar|50/100|[from] item: Leftovers
|upkeep
|turn|23
|
|t:|1728056785
|switch|p2a: Swampert|Swampert, M|100/100
|move|p1a: Salamence|Earthquake|p2a: Swampert
|-crit|p2a: Swampert
|-damage|p2a: Swampert|0 fnt
|faint|p2a: Swampert
|
|t:|1728056788
|switch|p2a: Aerodactyl|Aerodactyl, F|100/100
|
|-weather|Sandstorm|[upkeep]
|-damage|p1a: Salamence|88/100|[from] Sandstorm
|upkeep
|turn|24
|
|t:|1728056803
|switch|p1a: Jirachi|Jirachi|63/100
|-damage|p1a: Jirachi|51/100|[from] Spikes
|move|p2a: Aerodactyl|Rock Slide|p1a: Jirachi
|-resisted|p1a: Jirachi
|-damage|p1a: Jirachi|34/100
|
|-weather|Sandstorm|[upkeep]
|-heal|p1a: Jirachi|41/100|[from] item: Leftovers
|upkeep
|turn|25
|
|t:|1728056812
|switch|p2a: Tyranitar|Tyranitar, M|50/100
|move|p1a: Jirachi|Toxic|p2a: Tyranitar
|-status|p2a: Tyranitar|tox
|
|-weather|Sandstorm|[upkeep]
|-heal|p1a: Jirachi|47/100|[from] item: Leftovers
|-heal|p2a: Tyranitar|56/100 tox|[from] item: Leftovers
|-damage|p2a: Tyranitar|50/100 tox|[from] psn
|upkeep
|turn|26
|
|t:|1728056826
|move|p1a: Jirachi|Wish|p1a: Jirachi
|move|p2a: Tyranitar|Substitute|p2a: Tyranitar
|-start|p2a: Tyranitar|Substitute
|-damage|p2a: Tyranitar|25/100 tox
|
|-weather|Sandstorm|[upkeep]
|-heal|p1a: Jirachi|53/100|[from] item: Leftovers
|-heal|p2a: Tyranitar|31/100 tox|[from] item: Leftovers
|-damage|p2a: Tyranitar|18/100 tox|[from] psn
|upkeep
|turn|27
|
|t:|1728056836
|-singleturn|p2a: Tyranitar|move: Focus Punch
|move|p1a: Jirachi|Protect|p1a: Jirachi
|-singleturn|p1a: Jirachi|Protect
|move|p2a: Tyranitar|Focus Punch|p1a: Jirachi
|-activate|p1a: Jirachi|Protect
|
|-heal|p1a: Jirachi|100/100|[from] move: Wish|[wisher] Jirachi
|-weather|Sandstorm|[upkeep]
|-heal|p2a: Tyranitar|25/100 tox|[from] item: Leftovers
|-damage|p2a: Tyranitar|6/100 tox|[from] psn
|upkeep
|turn|28
|inactive|Big Nut Bill has 270 seconds left.
|
|t:|1728056867
|switch|p1a: Suicune|Suicune|25/100 brn
|-damage|p1a: Suicune|13/100 brn|[from] Spikes
|move|p2a: Tyranitar|Rock Slide|p1a: Suicune
|-damage|p1a: Suicune|0 fnt
|faint|p1a: Suicune
|
|t:|1728056871
|switch|p1a: Jirachi|Jirachi|100/100
|-damage|p1a: Jirachi|88/100|[from] Spikes
|
|-weather|Sandstorm|[upkeep]
|-heal|p1a: Jirachi|94/100|[from] item: Leftovers
|-heal|p2a: Tyranitar|12/100 tox|[from] item: Leftovers
|-damage|p2a: Tyranitar|0 fnt|[from] psn
|faint|p2a: Tyranitar
|upkeep
|
|t:|1728056873
|switch|p2a: Aerodactyl|Aerodactyl, F|100/100
|turn|29
|c|☆dicerat8|ggwp
|
|t:|1728056883
|move|p2a: Aerodactyl|Rock Slide|p1a: Jirachi
|-resisted|p1a: Jirachi
|-damage|p1a: Jirachi|79/100
|move|p1a: Jirachi|Toxic|p2a: Aerodactyl
|-status|p2a: Aerodactyl|tox
|
|-weather|Sandstorm|[upkeep]
|-damage|p2a: Aerodactyl|95/100 tox|[from] psn
|-heal|p1a: Jirachi|85/100|[from] item: Leftovers
|upkeep
|turn|30
|
|t:|1728056893
|move|p2a: Aerodactyl|Rock Slide|p1a: Jirachi
|-resisted|p1a: Jirachi
|-damage|p1a: Jirachi|69/100
|move|p1a: Jirachi|Wish|p1a: Jirachi
|
|-weather|Sandstorm|[upkeep]
|-damage|p2a: Aerodactyl|83/100 tox|[from] psn
|-heal|p1a: Jirachi|75/100|[from] item: Leftovers
|upkeep
|turn|31
|
|t:|1728056900
|move|p2a: Aerodactyl|Rock Slide|p1a: Jirachi
|-resisted|p1a: Jirachi
|-damage|p1a: Jirachi|59/100
|cant|p1a: Jirachi|flinch
|
|-heal|p1a: Jirachi|100/100|[from] move: Wish|[wisher] Jirachi
|-weather|Sandstorm|[upkeep]
|-damage|p2a: Aerodactyl|65/100 tox|[from] psn
|upkeep
|turn|32
|
|t:|1728056909
|move|p2a: Aerodactyl|Rock Slide|p1a: Jirachi
|-resisted|p1a: Jirachi
|-damage|p1a: Jirachi|85/100
|cant|p1a: Jirachi|flinch
|
|-weather|Sandstorm|[upkeep]
|-damage|p2a: Aerodactyl|41/100 tox|[from] psn
|-heal|p1a: Jirachi|91/100|[from] item: Leftovers
|upkeep
|turn|33
|c|☆Big Nut Bill|lol
|
|t:|1728056921
|move|p2a: Aerodactyl|Rock Slide|p1a: Jirachi
|-resisted|p1a: Jirachi
|-damage|p1a: Jirachi|76/100
|move|p1a: Jirachi|Fire Punch|p2a: Aerodactyl
|-resisted|p2a: Aerodactyl
|-damage|p2a: Aerodactyl|27/100 tox
|
|-weather|Sandstorm|[upkeep]
|-damage|p2a: Aerodactyl|0 fnt|[from] psn
|faint|p2a: Aerodactyl
|
|win|Big Nut Bill
|upkeep
|c|☆Big Nut Bill|ggwp
|c|☆dicerat8|gg
|c|☆dicerat8|tell me when you are ready
|c|☆Big Nut Bill|i got some lucky crits there
|c|☆Big Nut Bill|did you put our first replay in the chat
|c|☆dicerat8|yes
|c|☆Big Nut Bill|i dont see it
|c|☆dicerat8|oh wait
|c|☆dicerat8|there i put it in

</script>
<script type="application/json" class="data" id="replaydata-gen3ou-2215853948">
{"id":"gen3ou-2215853948","format":"[Gen 3] OU","players":["Big Nut Bill","dicerat8"],"uploadtime":1728056964,"views":182,"formatid":"gen3ou","rating":null,"private":0,"password":null}
</script>

<script defer src="js/replays.js?9d40a366"></script>
