<!DOCTYPE html>
<meta charset="utf-8" />
<meta name="viewport" content="width=device-width" />

<title>[Gen 3] OU: I&#039;m the Dome Ace vs. monchooo - Replays - Pok&eacute;mon Showdown!</title>

<meta name="description" content="Watch a replay of a Pok&eacute;mon battle between I&#039;m the Dome Ace and monchooo! Format: [Gen 3] OU; Date: Oct 30, 2024" />
<!--

Hey, you! Looking in the source for the replay log?

You can find them in JSON format, just add `.json` at the end of a replay URL.

https://replay.pokemonshowdown.com/gen7randomdoublesbattle-865046831.json

Or, if you only need the log itself, add `.log` instead:

https://replay.pokemonshowdown.com/gen7randomdoublesbattle-865046831.log

-->

<link rel="stylesheet" href="//pokemonshowdown.com/style/global.css?0.023195364461161105" />
<link rel="stylesheet" href="//play.pokemonshowdown.com/style/font-awesome.css?0.13261647063804238" />
<link rel="stylesheet" href="//play.pokemonshowdown.com/style/battle.css?0.8753245789963631" />
<link rel="stylesheet" href="//play.pokemonshowdown.com/style/utilichart.css?0.8627959624976733" />

<!-- Global site tag (gtag.js) - Google Analytics -->
<script async src="https://www.googletagmanager.com/gtag/js?id=UA-26211653-1"></script>
<script>
  window.dataLayer = window.dataLayer || [];
  function gtag(){dataLayer.push(arguments);}
  gtag('js', new Date());

  gtag('config', 'UA-26211653-1');
</script>
<!-- End Google Analytics -->
<!-- Venatus Ad Manager - Install in <HEAD> of page -->
	<script src="https://hb.vntsm.com/v3/live/ad-manager.min.js" type="text/javascript" data-site-id="642aba63ec9a7b11c3c9c1be" data-mode="scan" async></script>
<!-- / Venatus Ad Manager -->

<style>
	@media (max-width:820px) {
		.battle {
			margin: 0 auto;
		}
		.battle-log {
			margin: 7px auto 0;
			max-width: 640px;
			height: 300px;
			position: static;
		}
	}
	.optgroup {
		display: inline-block;
		line-height: 22px;
		font-size: 10pt;
	}
	.optgroup .button {
		height: 25px;
		padding-top: 0;
		padding-bottom: 0;
	}
	.optgroup button.button {
		padding-left: 12px;
		padding-right: 12px;
	}
	.linklist {
		list-style: none;
		margin: 0.5em 0;
		padding: 0;
	}
	.linklist li {
		padding: 2px 0;
	}
	.sidebar {
		float: left;
		width: 320px;
	}
	.bar-wrapper {
		max-width: 1100px;
		margin: 0 auto;
	}
	.bar-wrapper.has-sidebar {
		max-width: 1430px;
	}
	.mainbar {
		margin: 0;
		padding-right: 1px;
	}
	.mainbar.has-sidebar {
		margin-left: 330px;
	}
	@media (min-width: 1511px) {
		.sidebar {
			width: 400px;
		}
		.bar-wrapper.has-sidebar {
			max-width: 1510px;
		}
		.mainbar.has-sidebar {
			margin-left: 410px;
		}
	}
	.section.first-section {
		margin-top: 9px;
	}
	.blocklink small {
		white-space: normal;
	}
	.button {
		vertical-align: middle;
	}
	.replay-controls {
		padding-top: 10px;
	}
	.replay-controls h1 {
		font-size: 16pt;
		font-weight: normal;
		color: #CCC;
	}
	.pagelink {
		text-align: center;
	}
	.pagelink a {
		width: 150px;
	}
	.textbox, .button {
		font-size: 11pt;
		vertical-align: middle;
	}
	@media (max-width: 450px) {
		.button {
			font-size: 9pt;
		}
	}
</style>

<div>

	<header>
		<div class="nav-wrapper"><ul class="nav">
			<li><a class="button nav-first" href="//pokemonshowdown.com/"><img src="//pokemonshowdown.com/images/pokemonshowdownbeta.png" srcset="//pokemonshowdown.com/images/pokemonshowdownbeta.png 1x, //pokemonshowdown.com/images/pokemonshowdownbeta@2x.png 2x" alt="Pok&eacute;mon Showdown" width="146" height="44" /> Home</a></li>
			<li><a class="button" href="//pokemonshowdown.com/dex/">Pok&eacute;dex</a></li>
			<li><a class="button cur" href="/">Replays</a></li>
			<li><a class="button" href="//pokemonshowdown.com/ladder/">Ladder</a></li>
			<li><a class="button nav-last" href="//pokemonshowdown.com/forums/">Forum</a></li>
			<li><a class="button greenbutton nav-first nav-last" href="//play.pokemonshowdown.com/">Play</a></li>
		</ul></div>
	</header>

	<div class="main" id="main">

		<noscript><section class="section">You need to enable JavaScript to use this page; sorry!</section></noscript>

	</div>

</div>

<script defer nomodule src="//play.pokemonshowdown.com/js/lib/ps-polyfill.js"></script>
<script defer src="//play.pokemonshowdown.com/js/lib/preact.min.js"></script>

<script defer src="//play.pokemonshowdown.com/config/config.js?2bddbc15"></script>
<script defer src="//play.pokemonshowdown.com/js/lib/jquery-1.11.0.min.js"></script>
<script defer src="//play.pokemonshowdown.com/js/lib/html-sanitizer-minified.js"></script>
<script defer src="//play.pokemonshowdown.com/js/battle-sound.js"></script>
<script defer src="//play.pokemonshowdown.com/js/battledata.js?0.7209276989879541"></script>
<script defer src="//play.pokemonshowdown.com/data/pokedex-mini.js?0.6111056340867951"></script>
<script defer src="//play.pokemonshowdown.com/data/pokedex-mini-bw.js?0.3532142036491459"></script>
<script defer src="//play.pokemonshowdown.com/data/graphics.js?0.24223875632456182"></script>
<script defer src="//play.pokemonshowdown.com/data/pokedex.js?0.38839984266356864"></script>
<script defer src="//play.pokemonshowdown.com/data/moves.js?0.21866028504024015"></script>
<script defer src="//play.pokemonshowdown.com/data/abilities.js?0.2005157953846628"></script>
<script defer src="//play.pokemonshowdown.com/data/items.js?0.9894211263848525"></script>
<script defer src="//play.pokemonshowdown.com/data/teambuilder-tables.js?0.6008791140282215"></script>
<script defer src="//play.pokemonshowdown.com/js/battle-tooltips.js?0.7580118955022959"></script>
<script defer src="//play.pokemonshowdown.com/js/battle.js?0.6057722274234274"></script>

<script defer src="js/utils.js?e31f9a17"></script>
<script defer src="js/replays-battle.js?7008c182"></script>

<!-- don't scrape this data! just add .json or .log after the URL!
Full API docs: https://github.com/smogon/pokemon-showdown-client/blob/master/WEB-API.md -->
<script type="text/plain" class="log" id="replaylog-smogtours-gen3ou-803419">
|inactive|Battle timer is ON: inactive players will automatically lose when time's up.
|t:|1730293459
|gametype|singles
|player|p1|I'm the Dome Ace|265|
|player|p2|monchooo|pryce-gen2|
|teamsize|p1|6
|teamsize|p2|6
|gen|3
|tier|[Gen 3] OU
|rule|Sleep Clause Mod: Limit one foe put to sleep
|rule|Switch Priority Clause Mod: Faster Pokémon switch first
|rule|Species Clause: Limit one of each Pokémon
|rule|OHKO Clause: OHKO moves are banned
|rule|Evasion Items Clause: Evasion items are banned
|rule|Evasion Moves Clause: Evasion moves are banned
|rule|Endless Battle Clause: Forcing endless battles is banned
|rule|HP Percentage Mod: HP is shown in percentages
|rule|One Boost Passer Clause: Limit one Baton Passer that has a way to boost its stats
|rule|Freeze Clause Mod: Limit one foe frozen
|
|t:|1730293459
|start
|switch|p1a: Tyranitar|Tyranitar, M|100/100
|switch|p2a: Salamence|Salamence, F|100/100
|-ability|p2a: Salamence|Intimidate|boost
|-unboost|p1a: Tyranitar|atk|1
|-weather|Sandstorm|[from] ability: Sand Stream|[of] p1a: Tyranitar
|turn|1
|c|☆monchooo|hf
|c|☆I'm the Dome Ace|u2
|inactive|monchooo has 270 seconds left.
|
|t:|1730293513
|switch|p1a: Milotic|Milotic, M|100/100
|move|p2a: Salamence|Brick Break|p1a: Milotic
|-damage|p1a: Milotic|68/100
|
|-weather|Sandstorm|[upkeep]
|-damage|p2a: Salamence|94/100|[from] Sandstorm
|-damage|p1a: Milotic|61/100|[from] Sandstorm
|-heal|p1a: Milotic|68/100|[from] item: Leftovers
|upkeep
|turn|2
|
|t:|1730293543
|switch|p2a: Blissey|Blissey, F|100/100
|move|p1a: Milotic|Recover|p1a: Milotic
|-heal|p1a: Milotic|100/100
|
|-weather|Sandstorm|[upkeep]
|-damage|p1a: Milotic|94/100|[from] Sandstorm
|-damage|p2a: Blissey|94/100|[from] Sandstorm
|-heal|p1a: Milotic|100/100|[from] item: Leftovers
|-heal|p2a: Blissey|100/100|[from] item: Leftovers
|upkeep
|turn|3
|
|t:|1730293553
|move|p1a: Milotic|Toxic|p2a: Blissey
|-status|p2a: Blissey|tox
|move|p2a: Blissey|Seismic Toss|p1a: Milotic
|-damage|p1a: Milotic|75/100
|
|-weather|Sandstorm|[upkeep]
|-damage|p1a: Milotic|69/100|[from] Sandstorm
|-damage|p2a: Blissey|94/100 tox|[from] Sandstorm
|-heal|p1a: Milotic|75/100|[from] item: Leftovers
|-heal|p2a: Blissey|100/100 tox|[from] item: Leftovers
|-damage|p2a: Blissey|94/100 tox|[from] psn
|upkeep
|turn|4
|
|t:|1730293562
|move|p1a: Milotic|Recover|p1a: Milotic
|-heal|p1a: Milotic|100/100
|move|p2a: Blissey|Wish|p2a: Blissey
|
|-weather|Sandstorm|[upkeep]
|-damage|p1a: Milotic|94/100|[from] Sandstorm
|-damage|p2a: Blissey|88/100 tox|[from] Sandstorm
|-heal|p1a: Milotic|100/100|[from] item: Leftovers
|-heal|p2a: Blissey|94/100 tox|[from] item: Leftovers
|-damage|p2a: Blissey|82/100 tox|[from] psn
|upkeep
|turn|5
|
|t:|1730293571
|switch|p1a: Tyranitar|Tyranitar, M|100/100
|-curestatus|p2a: Blissey|tox|[from] ability: Natural Cure
|switch|p2a: Skarmory|Skarmory, F|100/100
|
|-weather|Sandstorm|[upkeep]
|upkeep
|turn|6
|
|t:|1730293581
|switch|p1a: Jirachi|Jirachi|100/100
|move|p2a: Skarmory|Spikes|p1a: Jirachi
|-sidestart|p1: I'm the Dome Ace|Spikes
|
|-weather|Sandstorm|[upkeep]
|upkeep
|turn|7
|
|t:|1730293588
|switch|p2a: Moltres|Moltres|100/100
|move|p1a: Jirachi|Fire Punch|p2a: Moltres
|-resisted|p2a: Moltres
|-damage|p2a: Moltres|91/100
|
|-weather|Sandstorm|[upkeep]
|-damage|p2a: Moltres|84/100|[from] Sandstorm
|-heal|p2a: Moltres|91/100|[from] item: Leftovers
|upkeep
|turn|8
|
|t:|1730293603
|switch|p1a: Blissey|Blissey, F|100/100
|-damage|p1a: Blissey|88/100|[from] Spikes
|move|p2a: Moltres|Will-O-Wisp|p1a: Blissey
|-status|p1a: Blissey|brn
|
|-weather|Sandstorm|[upkeep]
|-damage|p2a: Moltres|84/100|[from] Sandstorm
|-damage|p1a: Blissey|82/100 brn|[from] Sandstorm
|-heal|p2a: Moltres|91/100|[from] item: Leftovers
|-heal|p1a: Blissey|88/100 brn|[from] item: Leftovers
|-damage|p1a: Blissey|76/100 brn|[from] brn
|upkeep
|turn|9
|
|t:|1730293615
|switch|p2a: Skarmory|Skarmory, F|100/100
|move|p1a: Blissey|Thunderbolt|p2a: Skarmory
|-supereffective|p2a: Skarmory
|-damage|p2a: Skarmory|57/100
|
|-weather|Sandstorm|[upkeep]
|-damage|p1a: Blissey|69/100 brn|[from] Sandstorm
|-heal|p2a: Skarmory|63/100|[from] item: Leftovers
|-heal|p1a: Blissey|76/100 brn|[from] item: Leftovers
|-damage|p1a: Blissey|63/100 brn|[from] brn
|upkeep
|turn|10
|
|t:|1730293628
|move|p2a: Skarmory|Protect|p2a: Skarmory
|-singleturn|p2a: Skarmory|Protect
|move|p1a: Blissey|Soft-Boiled|p1a: Blissey
|-heal|p1a: Blissey|100/100 brn
|
|-weather|Sandstorm|[upkeep]
|-damage|p1a: Blissey|94/100 brn|[from] Sandstorm
|-heal|p2a: Skarmory|69/100|[from] item: Leftovers
|-heal|p1a: Blissey|100/100 brn|[from] item: Leftovers
|-damage|p1a: Blissey|88/100 brn|[from] brn
|upkeep
|turn|11
|
|t:|1730293651
|switch|p2a: Blissey|Blissey, F|82/100
|-curestatus|p1a: Blissey|brn|[from] ability: Natural Cure
|switch|p1a: Jirachi|Jirachi|100/100
|-damage|p1a: Jirachi|88/100|[from] Spikes
|
|-weather|Sandstorm|[upkeep]
|-damage|p2a: Blissey|76/100|[from] Sandstorm
|-heal|p1a: Jirachi|94/100|[from] item: Leftovers
|-heal|p2a: Blissey|82/100|[from] item: Leftovers
|upkeep
|turn|12
|
|t:|1730293657
|switch|p1a: Tyranitar|Tyranitar, M|100/100
|-damage|p1a: Tyranitar|88/100|[from] Spikes
|move|p2a: Blissey|Seismic Toss|p1a: Tyranitar
|-damage|p1a: Tyranitar|63/100
|
|-weather|Sandstorm|[upkeep]
|-damage|p2a: Blissey|76/100|[from] Sandstorm
|-heal|p1a: Tyranitar|69/100|[from] item: Leftovers
|-heal|p2a: Blissey|82/100|[from] item: Leftovers
|upkeep
|turn|13
|inactive|monchooo has 270 seconds left.
|inactive|monchooo has 240 seconds left.
|
|t:|1730293724
|-singleturn|p1a: Tyranitar|move: Focus Punch
|switch|p2a: Skarmory|Skarmory, F|69/100
|move|p1a: Tyranitar|Focus Punch|p2a: Skarmory
|-damage|p2a: Skarmory|22/100
|
|-weather|Sandstorm|[upkeep]
|-heal|p2a: Skarmory|28/100|[from] item: Leftovers
|-heal|p1a: Tyranitar|76/100|[from] item: Leftovers
|upkeep
|turn|14
|
|t:|1730293741
|switch|p1a: Jirachi|Jirachi|94/100
|-damage|p1a: Jirachi|82/100|[from] Spikes
|move|p2a: Skarmory|Protect||[still]
|-fail|p2a: Skarmory
|
|-weather|Sandstorm|[upkeep]
|-heal|p1a: Jirachi|88/100|[from] item: Leftovers
|-heal|p2a: Skarmory|34/100|[from] item: Leftovers
|upkeep
|turn|15
|
|t:|1730293745
|move|p2a: Skarmory|Protect|p2a: Skarmory
|-singleturn|p2a: Skarmory|Protect
|move|p1a: Jirachi|Wish|p1a: Jirachi
|
|-weather|Sandstorm|[upkeep]
|-heal|p1a: Jirachi|94/100|[from] item: Leftovers
|-heal|p2a: Skarmory|40/100|[from] item: Leftovers
|upkeep
|turn|16
|
|t:|1730293756
|switch|p2a: Blissey|Blissey, F|82/100
|move|p1a: Jirachi|Toxic|p2a: Blissey
|-status|p2a: Blissey|tox
|
|-heal|p1a: Jirachi|100/100|[from] move: Wish|[wisher] Jirachi
|-weather|Sandstorm|[upkeep]
|-damage|p2a: Blissey|76/100 tox|[from] Sandstorm
|-heal|p2a: Blissey|82/100 tox|[from] item: Leftovers
|-damage|p2a: Blissey|76/100 tox|[from] psn
|upkeep
|turn|17
|
|t:|1730293760
|move|p1a: Jirachi|Wish|p1a: Jirachi
|move|p2a: Blissey|Wish|p2a: Blissey
|
|-weather|Sandstorm|[upkeep]
|-damage|p2a: Blissey|70/100 tox|[from] Sandstorm
|-heal|p2a: Blissey|76/100 tox|[from] item: Leftovers
|-damage|p2a: Blissey|63/100 tox|[from] psn
|upkeep
|turn|18
|
|t:|1730293763
|-curestatus|p2a: Blissey|tox|[from] ability: Natural Cure
|switch|p2a: Metagross|Metagross|100/100
|move|p1a: Jirachi|Fire Punch|p2a: Metagross
|-supereffective|p2a: Metagross
|-damage|p2a: Metagross|65/100
|
|-heal|p2a: Metagross|100/100|[from] move: Wish|[wisher] Blissey
|-weather|Sandstorm|[upkeep]
|upkeep
|turn|19
|
|t:|1730293771
|move|p2a: Metagross|Protect|p2a: Metagross
|-singleturn|p2a: Metagross|Protect
|move|p1a: Jirachi|Fire Punch|p2a: Metagross
|-activate|p2a: Metagross|Protect
|
|-weather|Sandstorm|[upkeep]
|upkeep
|turn|20
|
|t:|1730293778
|move|p1a: Jirachi|Wish|p1a: Jirachi
|move|p2a: Metagross|Earthquake|p1a: Jirachi
|-supereffective|p1a: Jirachi
|-damage|p1a: Jirachi|55/100
|
|-weather|Sandstorm|[upkeep]
|-heal|p1a: Jirachi|61/100|[from] item: Leftovers
|upkeep
|turn|21
|inactive|monchooo has 270 seconds left.
|
|t:|1730293809
|switch|p2a: Moltres|Moltres|91/100
|move|p1a: Jirachi|Toxic|p2a: Moltres
|-status|p2a: Moltres|tox
|
|-heal|p1a: Jirachi|100/100|[from] move: Wish|[wisher] Jirachi
|-weather|Sandstorm|[upkeep]
|-damage|p2a: Moltres|84/100 tox|[from] Sandstorm
|-heal|p2a: Moltres|91/100 tox|[from] item: Leftovers
|-damage|p2a: Moltres|84/100 tox|[from] psn
|upkeep
|turn|22
|inactive|monchooo has 270 seconds left.
|
|t:|1730293822
|switch|p2a: Salamence|Salamence, F|94/100
|-ability|p2a: Salamence|Intimidate|boost
|-unboost|p1a: Jirachi|atk|1
|move|p1a: Jirachi|Protect||[still]
|-fail|p1a: Jirachi
|
|-weather|Sandstorm|[upkeep]
|-damage|p2a: Salamence|88/100|[from] Sandstorm
|upkeep
|turn|23
|inactive|monchooo has 270 seconds left.
|
|t:|1730293837
|move|p1a: Jirachi|Protect|p1a: Jirachi
|-singleturn|p1a: Jirachi|Protect
|move|p2a: Salamence|Earthquake|p1a: Jirachi
|-activate|p1a: Jirachi|Protect
|
|-weather|Sandstorm|[upkeep]
|-damage|p2a: Salamence|82/100|[from] Sandstorm
|upkeep
|turn|24
|
|t:|1730293842
|switch|p2a: Magneton|Magneton|100/100
|switch|p1a: Claydol|Claydol|100/100
|
|-weather|Sandstorm|[upkeep]
|upkeep
|turn|25
|c|☆I'm the Dome Ace|Nah.
|
|t:|1730293852
|move|p2a: Magneton|Toxic|p1a: Claydol
|-status|p1a: Claydol|tox
|move|p1a: Claydol|Rapid Spin|p2a: Magneton
|-resisted|p2a: Magneton
|-damage|p2a: Magneton|97/100
|-sideend|p1: I'm the Dome Ace|Spikes|[from] move: Rapid Spin|[of] p1a: Claydol
|
|-weather|Sandstorm|[upkeep]
|-damage|p1a: Claydol|94/100 tox|[from] psn
|upkeep
|turn|26
|
|t:|1730293861
|switch|p2a: Skarmory|Skarmory, F|40/100
|switch|p1a: Jirachi|Jirachi|100/100
|
|-weather|Sandstorm|[upkeep]
|-heal|p2a: Skarmory|46/100|[from] item: Leftovers
|upkeep
|turn|27
|
|t:|1730293870
|switch|p2a: Blissey|Blissey, F|63/100
|move|p1a: Jirachi|Fire Punch|p2a: Blissey
|-damage|p2a: Blissey|56/100
|-status|p2a: Blissey|brn
|
|-weather|Sandstorm|[upkeep]
|-damage|p2a: Blissey|50/100 brn|[from] Sandstorm
|-heal|p2a: Blissey|56/100 brn|[from] item: Leftovers
|-damage|p2a: Blissey|44/100 brn|[from] brn
|upkeep
|turn|28
|
|t:|1730293874
|switch|p1a: Tyranitar|Tyranitar, M|76/100
|move|p2a: Blissey|Soft-Boiled|p2a: Blissey
|-heal|p2a: Blissey|94/100 brn
|
|-weather|Sandstorm|[upkeep]
|-damage|p2a: Blissey|88/100 brn|[from] Sandstorm
|-heal|p1a: Tyranitar|82/100|[from] item: Leftovers
|-heal|p2a: Blissey|94/100 brn|[from] item: Leftovers
|-damage|p2a: Blissey|82/100 brn|[from] brn
|upkeep
|turn|29
|
|t:|1730293880
|-singleturn|p1a: Tyranitar|move: Focus Punch
|-curestatus|p2a: Blissey|brn|[from] ability: Natural Cure
|switch|p2a: Metagross|Metagross|100/100
|move|p1a: Tyranitar|Focus Punch|p2a: Metagross
|-damage|p2a: Metagross|59/100
|
|-weather|Sandstorm|[upkeep]
|-heal|p2a: Metagross|65/100|[from] item: Leftovers
|-heal|p1a: Tyranitar|88/100|[from] item: Leftovers
|upkeep
|turn|30
|
|t:|1730293898
|switch|p1a: Jirachi|Jirachi|100/100
|move|p2a: Metagross|Toxic|p1a: Jirachi
|-immune|p1a: Jirachi
|
|-weather|Sandstorm|[upkeep]
|-heal|p2a: Metagross|71/100|[from] item: Leftovers
|upkeep
|turn|31
|
|t:|1730293906
|move|p2a: Metagross|Protect|p2a: Metagross
|-singleturn|p2a: Metagross|Protect
|move|p1a: Jirachi|Fire Punch|p2a: Metagross
|-activate|p2a: Metagross|Protect
|
|-weather|Sandstorm|[upkeep]
|-heal|p2a: Metagross|77/100|[from] item: Leftovers
|upkeep
|turn|32
|
|t:|1730293909
|switch|p2a: Blissey|Blissey, F|82/100
|move|p1a: Jirachi|Fire Punch|p2a: Blissey
|-damage|p2a: Blissey|75/100
|
|-weather|Sandstorm|[upkeep]
|-damage|p2a: Blissey|68/100|[from] Sandstorm
|-heal|p2a: Blissey|75/100|[from] item: Leftovers
|upkeep
|turn|33
|
|t:|1730293912
|switch|p1a: Tyranitar|Tyranitar, M|88/100
|move|p2a: Blissey|Wish|p2a: Blissey
|
|-weather|Sandstorm|[upkeep]
|-damage|p2a: Blissey|68/100|[from] Sandstorm
|-heal|p1a: Tyranitar|94/100|[from] item: Leftovers
|-heal|p2a: Blissey|75/100|[from] item: Leftovers
|upkeep
|turn|34
|
|t:|1730293916
|-singleturn|p1a: Tyranitar|move: Focus Punch
|switch|p2a: Metagross|Metagross|77/100
|move|p1a: Tyranitar|Focus Punch|p2a: Metagross
|-damage|p2a: Metagross|38/100
|
|-heal|p2a: Metagross|88/100|[from] move: Wish|[wisher] Blissey
|-weather|Sandstorm|[upkeep]
|-heal|p2a: Metagross|94/100|[from] item: Leftovers
|-heal|p1a: Tyranitar|100/100|[from] item: Leftovers
|upkeep
|turn|35
|
|t:|1730293922
|switch|p1a: Milotic|Milotic, M|100/100
|move|p2a: Metagross|Earthquake|p1a: Milotic
|-damage|p1a: Milotic|75/100
|
|-weather|Sandstorm|[upkeep]
|-damage|p1a: Milotic|69/100|[from] Sandstorm
|-heal|p1a: Milotic|75/100|[from] item: Leftovers
|-heal|p2a: Metagross|99/100|[from] item: Leftovers
|upkeep
|turn|36
|
|t:|1730293930
|move|p1a: Milotic|Surf|p2a: Metagross
|-damage|p2a: Metagross|65/100
|move|p2a: Metagross|Toxic|p1a: Milotic
|-status|p1a: Milotic|tox
|
|-weather|Sandstorm|[upkeep]
|-damage|p1a: Milotic|69/100 tox|[from] Sandstorm
|-heal|p1a: Milotic|75/100 tox|[from] item: Leftovers
|-damage|p1a: Milotic|69/100 tox|[from] psn
|-heal|p2a: Metagross|71/100|[from] item: Leftovers
|upkeep
|turn|37
|
|t:|1730293940
|move|p1a: Milotic|Refresh|p1a: Milotic
|-curestatus|p1a: Milotic|tox|[msg]
|move|p2a: Metagross|Meteor Mash|p1a: Milotic
|-resisted|p1a: Milotic
|-damage|p1a: Milotic|47/100
|-boost|p2a: Metagross|atk|1
|
|-weather|Sandstorm|[upkeep]
|-damage|p1a: Milotic|41/100|[from] Sandstorm
|-heal|p1a: Milotic|47/100|[from] item: Leftovers
|-heal|p2a: Metagross|77/100|[from] item: Leftovers
|upkeep
|turn|38
|
|t:|1730293947
|switch|p1a: Skarmory|Skarmory, M|100/100
|move|p2a: Metagross|Toxic|p1a: Skarmory
|-immune|p1a: Skarmory
|
|-weather|Sandstorm|[upkeep]
|-heal|p2a: Metagross|83/100|[from] item: Leftovers
|upkeep
|turn|39
|
|t:|1730293953
|switch|p2a: Magneton|Magneton|97/100
|move|p1a: Skarmory|Roar|p2a: Magneton
|drag|p2a: Skarmory|Skarmory, F|46/100
|
|-weather|Sandstorm|[upkeep]
|-heal|p2a: Skarmory|52/100|[from] item: Leftovers
|upkeep
|turn|40
|
|t:|1730293961
|switch|p2a: Magneton|Magneton|97/100
|switch|p1a: Milotic|Milotic, M|47/100
|
|-weather|Sandstorm|[upkeep]
|-damage|p1a: Milotic|41/100|[from] Sandstorm
|-heal|p1a: Milotic|47/100|[from] item: Leftovers
|upkeep
|turn|41
|
|t:|1730293968
|switch|p1a: Blissey|Blissey, F|88/100
|move|p2a: Magneton|Toxic|p1a: Blissey|[miss]
|-miss|p2a: Magneton|p1a: Blissey
|
|-weather|Sandstorm|[upkeep]
|-damage|p1a: Blissey|82/100|[from] Sandstorm
|-heal|p1a: Blissey|88/100|[from] item: Leftovers
|upkeep
|turn|42
|
|t:|1730293976
|switch|p2a: Metagross|Metagross|83/100
|switch|p1a: Jirachi|Jirachi|100/100
|
|-weather|Sandstorm|[upkeep]
|-heal|p2a: Metagross|89/100|[from] item: Leftovers
|upkeep
|turn|43
|
|t:|1730293982
|switch|p2a: Blissey|Blissey, F|75/100
|move|p1a: Jirachi|Wish|p1a: Jirachi
|
|-weather|Sandstorm|[upkeep]
|-damage|p2a: Blissey|68/100|[from] Sandstorm
|-heal|p2a: Blissey|75/100|[from] item: Leftovers
|upkeep
|turn|44
|
|t:|1730293986
|switch|p1a: Milotic|Milotic, M|47/100
|move|p2a: Blissey|Wish|p2a: Blissey
|
|-heal|p1a: Milotic|97/100|[from] move: Wish|[wisher] Jirachi
|-weather|Sandstorm|[upkeep]
|-damage|p1a: Milotic|91/100|[from] Sandstorm
|-damage|p2a: Blissey|68/100|[from] Sandstorm
|-heal|p1a: Milotic|97/100|[from] item: Leftovers
|-heal|p2a: Blissey|75/100|[from] item: Leftovers
|upkeep
|turn|45
|
|t:|1730293999
|switch|p1a: Blissey|Blissey, F|88/100
|switch|p2a: Skarmory|Skarmory, F|52/100
|
|-heal|p2a: Skarmory|100/100|[from] move: Wish|[wisher] Blissey
|-weather|Sandstorm|[upkeep]
|-damage|p1a: Blissey|82/100|[from] Sandstorm
|-heal|p1a: Blissey|88/100|[from] item: Leftovers
|upkeep
|turn|46
|
|t:|1730294005
|move|p2a: Skarmory|Spikes|p1a: Blissey
|-sidestart|p1: I'm the Dome Ace|Spikes
|move|p1a: Blissey|Calm Mind|p1a: Blissey
|-boost|p1a: Blissey|spa|1
|-boost|p1a: Blissey|spd|1
|
|-weather|Sandstorm|[upkeep]
|-damage|p1a: Blissey|82/100|[from] Sandstorm
|-heal|p1a: Blissey|88/100|[from] item: Leftovers
|upkeep
|turn|47
|
|t:|1730294025
|move|p1a: Blissey|Thunderbolt|p2a: Skarmory
|-supereffective|p2a: Skarmory
|-damage|p2a: Skarmory|29/100
|move|p2a: Skarmory|Whirlwind|p1a: Blissey
|drag|p1a: Tyranitar|Tyranitar, M|100/100
|-damage|p1a: Tyranitar|88/100|[from] Spikes
|
|-weather|Sandstorm|[upkeep]
|-heal|p2a: Skarmory|35/100|[from] item: Leftovers
|-heal|p1a: Tyranitar|94/100|[from] item: Leftovers
|upkeep
|turn|48
|c|☆I'm the Dome Ace|whirlwind :eyes:
|
|t:|1730294040
|-singleturn|p1a: Tyranitar|move: Focus Punch
|move|p2a: Skarmory|Protect|p2a: Skarmory
|-singleturn|p2a: Skarmory|Protect
|move|p1a: Tyranitar|Focus Punch|p2a: Skarmory
|-activate|p2a: Skarmory|Protect
|
|-weather|Sandstorm|[upkeep]
|-heal|p2a: Skarmory|41/100|[from] item: Leftovers
|-heal|p1a: Tyranitar|100/100|[from] item: Leftovers
|upkeep
|turn|49
|
|t:|1730294061
|-singleturn|p1a: Tyranitar|move: Focus Punch
|switch|p2a: Metagross|Metagross|89/100
|move|p1a: Tyranitar|Focus Punch|p2a: Metagross
|-damage|p2a: Metagross|46/100
|
|-weather|Sandstorm|[upkeep]
|-heal|p2a: Metagross|52/100|[from] item: Leftovers
|upkeep
|turn|50
|
|t:|1730294071
|move|p2a: Metagross|Meteor Mash|p1a: Tyranitar
|-supereffective|p1a: Tyranitar
|-damage|p1a: Tyranitar|18/100
|move|p1a: Tyranitar|Earthquake|p2a: Metagross
|-supereffective|p2a: Metagross
|-damage|p2a: Metagross|0 fnt
|faint|p2a: Metagross
|
|t:|1730294080
|switch|p2a: Salamence|Salamence, F|82/100
|-ability|p2a: Salamence|Intimidate|boost
|-unboost|p1a: Tyranitar|atk|1
|
|-weather|Sandstorm|[upkeep]
|-damage|p2a: Salamence|76/100|[from] Sandstorm
|-heal|p1a: Tyranitar|24/100|[from] item: Leftovers
|upkeep
|turn|51
|
|t:|1730294090
|switch|p1a: Skarmory|Skarmory, M|100/100
|move|p2a: Salamence|Brick Break|p1a: Skarmory
|-damage|p1a: Skarmory|69/100
|
|-weather|Sandstorm|[upkeep]
|-damage|p2a: Salamence|70/100|[from] Sandstorm
|-heal|p1a: Skarmory|75/100|[from] item: Leftovers
|upkeep
|turn|52
|
|t:|1730294095
|switch|p2a: Magneton|Magneton|97/100
|switch|p1a: Claydol|Claydol|94/100 tox
|
|-weather|Sandstorm|[upkeep]
|-heal|p1a: Claydol|100/100 tox|[from] item: Leftovers
|-damage|p1a: Claydol|94/100 tox|[from] psn
|upkeep
|turn|53
|
|t:|1730294101
|switch|p2a: Skarmory|Skarmory, F|41/100
|move|p1a: Claydol|Rapid Spin|p2a: Skarmory
|-resisted|p2a: Skarmory
|-damage|p2a: Skarmory|39/100
|-sideend|p1: I'm the Dome Ace|Spikes|[from] move: Rapid Spin|[of] p1a: Claydol
|
|-weather|Sandstorm|[upkeep]
|-heal|p1a: Claydol|100/100 tox|[from] item: Leftovers
|-damage|p1a: Claydol|88/100 tox|[from] psn
|-heal|p2a: Skarmory|45/100|[from] item: Leftovers
|upkeep
|turn|54
|
|t:|1730294109
|switch|p1a: Jirachi|Jirachi|100/100
|move|p2a: Skarmory|Spikes|p1a: Jirachi
|-sidestart|p1: I'm the Dome Ace|Spikes
|
|-weather|Sandstorm|[upkeep]
|-heal|p2a: Skarmory|51/100|[from] item: Leftovers
|upkeep
|turn|55
|
|t:|1730294116
|switch|p2a: Blissey|Blissey, F|75/100
|move|p1a: Jirachi|Fire Punch|p2a: Blissey
|-damage|p2a: Blissey|68/100
|
|-weather|Sandstorm|[upkeep]
|-damage|p2a: Blissey|61/100|[from] Sandstorm
|-heal|p2a: Blissey|68/100|[from] item: Leftovers
|upkeep
|turn|56
|
|t:|1730294120
|move|p1a: Jirachi|Toxic|p2a: Blissey
|-status|p2a: Blissey|tox
|move|p2a: Blissey|Wish|p2a: Blissey
|
|-weather|Sandstorm|[upkeep]
|-damage|p2a: Blissey|61/100 tox|[from] Sandstorm
|-heal|p2a: Blissey|68/100 tox|[from] item: Leftovers
|-damage|p2a: Blissey|61/100 tox|[from] psn
|upkeep
|turn|57
|
|t:|1730294125
|-curestatus|p2a: Blissey|tox|[from] ability: Natural Cure
|switch|p2a: Moltres|Moltres|84/100 tox
|move|p1a: Jirachi|Fire Punch|p2a: Moltres
|-resisted|p2a: Moltres
|-damage|p2a: Moltres|75/100 tox
|
|-heal|p2a: Moltres|100/100 tox|[from] move: Wish|[wisher] Blissey
|-weather|Sandstorm|[upkeep]
|-damage|p2a: Moltres|94/100 tox|[from] Sandstorm
|-heal|p2a: Moltres|100/100 tox|[from] item: Leftovers
|-damage|p2a: Moltres|94/100 tox|[from] psn
|upkeep
|turn|58
|
|t:|1730294135
|move|p1a: Jirachi|Protect|p1a: Jirachi
|-singleturn|p1a: Jirachi|Protect
|move|p2a: Moltres|Flamethrower|p1a: Jirachi
|-activate|p1a: Jirachi|Protect
|
|-weather|Sandstorm|[upkeep]
|-damage|p2a: Moltres|88/100 tox|[from] Sandstorm
|-heal|p2a: Moltres|94/100 tox|[from] item: Leftovers
|-damage|p2a: Moltres|82/100 tox|[from] psn
|upkeep
|turn|59
|
|t:|1730294139
|switch|p1a: Milotic|Milotic, M|97/100
|-damage|p1a: Milotic|85/100|[from] Spikes
|move|p2a: Moltres|Will-O-Wisp|p1a: Milotic
|-status|p1a: Milotic|brn
|
|-weather|Sandstorm|[upkeep]
|-damage|p2a: Moltres|76/100 tox|[from] Sandstorm
|-damage|p1a: Milotic|79/100 brn|[from] Sandstorm
|-heal|p2a: Moltres|82/100 tox|[from] item: Leftovers
|-damage|p2a: Moltres|63/100 tox|[from] psn
|-heal|p1a: Milotic|85/100 brn|[from] item: Leftovers
|-damage|p1a: Milotic|73/100 brn|[from] brn
|upkeep
|turn|60
|
|t:|1730294147
|switch|p2a: Magneton|Magneton|97/100
|move|p1a: Milotic|Recover|p1a: Milotic
|-heal|p1a: Milotic|100/100 brn
|
|-weather|Sandstorm|[upkeep]
|-damage|p1a: Milotic|94/100 brn|[from] Sandstorm
|-heal|p1a: Milotic|100/100 brn|[from] item: Leftovers
|-damage|p1a: Milotic|88/100 brn|[from] brn
|upkeep
|turn|61
|
|t:|1730294157
|switch|p1a: Claydol|Claydol|88/100 tox
|move|p2a: Magneton|Toxic|p1a: Claydol
|-fail|p1a: Claydol|tox
|
|-weather|Sandstorm|[upkeep]
|-heal|p1a: Claydol|94/100 tox|[from] item: Leftovers
|-damage|p1a: Claydol|88/100 tox|[from] psn
|upkeep
|turn|62
|
|t:|1730294168
|switch|p1a: Jirachi|Jirachi|100/100
|-damage|p1a: Jirachi|88/100|[from] Spikes
|move|p2a: Magneton|Protect||[still]
|-fail|p2a: Magneton
|
|-weather|Sandstorm|[upkeep]
|-heal|p1a: Jirachi|94/100|[from] item: Leftovers
|upkeep
|turn|63
|
|t:|1730294174
|switch|p2a: Blissey|Blissey, F|61/100
|move|p1a: Jirachi|Fire Punch|p2a: Blissey
|-damage|p2a: Blissey|54/100
|
|-weather|Sandstorm|[upkeep]
|-damage|p2a: Blissey|48/100|[from] Sandstorm
|-heal|p1a: Jirachi|100/100|[from] item: Leftovers
|-heal|p2a: Blissey|54/100|[from] item: Leftovers
|upkeep
|turn|64
|
|t:|1730294181
|switch|p1a: Blissey|Blissey, F|88/100
|-damage|p1a: Blissey|76/100|[from] Spikes
|move|p2a: Blissey|Soft-Boiled|p2a: Blissey
|-heal|p2a: Blissey|100/100
|
|-weather|Sandstorm|[upkeep]
|-damage|p1a: Blissey|69/100|[from] Sandstorm
|-damage|p2a: Blissey|94/100|[from] Sandstorm
|-heal|p1a: Blissey|76/100|[from] item: Leftovers
|-heal|p2a: Blissey|100/100|[from] item: Leftovers
|upkeep
|turn|65
|
|t:|1730294190
|move|p1a: Blissey|Calm Mind|p1a: Blissey
|-boost|p1a: Blissey|spa|1
|-boost|p1a: Blissey|spd|1
|move|p2a: Blissey|Wish|p2a: Blissey
|
|-weather|Sandstorm|[upkeep]
|-damage|p1a: Blissey|69/100|[from] Sandstorm
|-damage|p2a: Blissey|94/100|[from] Sandstorm
|-heal|p1a: Blissey|76/100|[from] item: Leftovers
|-heal|p2a: Blissey|100/100|[from] item: Leftovers
|upkeep
|turn|66
|
|t:|1730294196
|switch|p2a: Magneton|Magneton|97/100
|move|p1a: Blissey|Calm Mind|p1a: Blissey
|-boost|p1a: Blissey|spa|1
|-boost|p1a: Blissey|spd|1
|
|-heal|p2a: Magneton|100/100|[from] move: Wish|[wisher] Blissey
|-weather|Sandstorm|[upkeep]
|-damage|p1a: Blissey|69/100|[from] Sandstorm
|-heal|p1a: Blissey|76/100|[from] item: Leftovers
|upkeep
|turn|67
|
|t:|1730294200
|move|p2a: Magneton|Toxic|p1a: Blissey|[miss]
|-miss|p2a: Magneton|p1a: Blissey
|move|p1a: Blissey|Ice Beam|p2a: Magneton
|-resisted|p2a: Magneton
|-damage|p2a: Magneton|55/100
|
|-weather|Sandstorm|[upkeep]
|-damage|p1a: Blissey|69/100|[from] Sandstorm
|-heal|p1a: Blissey|76/100|[from] item: Leftovers
|upkeep
|turn|68
|
|t:|1730294203
|move|p2a: Magneton|Toxic|p1a: Blissey
|-status|p1a: Blissey|tox
|move|p1a: Blissey|Ice Beam|p2a: Magneton
|-resisted|p2a: Magneton
|-damage|p2a: Magneton|11/100
|-status|p2a: Magneton|frz
|
|-weather|Sandstorm|[upkeep]
|-damage|p1a: Blissey|69/100 tox|[from] Sandstorm
|-heal|p1a: Blissey|76/100 tox|[from] item: Leftovers
|-damage|p1a: Blissey|69/100 tox|[from] psn
|upkeep
|turn|69
|
|t:|1730294210
|switch|p2a: Blissey|Blissey, F|100/100
|move|p1a: Blissey|Thunderbolt|p2a: Blissey
|-damage|p2a: Blissey|82/100
|
|-weather|Sandstorm|[upkeep]
|-damage|p1a: Blissey|63/100 tox|[from] Sandstorm
|-damage|p2a: Blissey|76/100|[from] Sandstorm
|-heal|p1a: Blissey|69/100 tox|[from] item: Leftovers
|-damage|p1a: Blissey|57/100 tox|[from] psn
|-heal|p2a: Blissey|82/100|[from] item: Leftovers
|upkeep
|turn|70
|
|t:|1730294219
|-curestatus|p1a: Blissey|tox|[from] ability: Natural Cure
|switch|p1a: Skarmory|Skarmory, M|75/100
|switch|p2a: Salamence|Salamence, F|70/100
|-ability|p2a: Salamence|Intimidate|boost
|-unboost|p1a: Skarmory|atk|1
|
|-weather|Sandstorm|[upkeep]
|-damage|p2a: Salamence|64/100|[from] Sandstorm
|-heal|p1a: Skarmory|81/100|[from] item: Leftovers
|upkeep
|turn|71
|
|t:|1730294224
|switch|p2a: Magneton|Magneton|11/100 frz
|move|p1a: Skarmory|Spikes|p2a: Magneton
|-sidestart|p2: monchooo|Spikes
|
|-weather|Sandstorm|[upkeep]
|-heal|p1a: Skarmory|87/100|[from] item: Leftovers
|upkeep
|turn|72
|
|t:|1730294225
|cant|p2a: Magneton|frz
|move|p1a: Skarmory|Roar|p2a: Magneton
|drag|p2a: Moltres|Moltres|63/100 tox
|
|-weather|Sandstorm|[upkeep]
|-damage|p2a: Moltres|57/100 tox|[from] Sandstorm
|-heal|p2a: Moltres|63/100 tox|[from] item: Leftovers
|-damage|p2a: Moltres|57/100 tox|[from] psn
|-heal|p1a: Skarmory|93/100|[from] item: Leftovers
|upkeep
|turn|73
|
|t:|1730294235
|switch|p2a: Salamence|Salamence, F|64/100
|-ability|p2a: Salamence|Intimidate|boost
|-unboost|p1a: Skarmory|atk|1
|move|p1a: Skarmory|Protect||[still]
|-fail|p1a: Skarmory
|
|-weather|Sandstorm|[upkeep]
|-damage|p2a: Salamence|58/100|[from] Sandstorm
|-heal|p1a: Skarmory|99/100|[from] item: Leftovers
|upkeep
|turn|74
|
|t:|1730294249
|switch|p2a: Blissey|Blissey, F|82/100
|-damage|p2a: Blissey|70/100|[from] Spikes
|move|p1a: Skarmory|Drill Peck|p2a: Blissey
|-damage|p2a: Blissey|59/100
|
|-weather|Sandstorm|[upkeep]
|-damage|p2a: Blissey|52/100|[from] Sandstorm
|-heal|p1a: Skarmory|100/100|[from] item: Leftovers
|-heal|p2a: Blissey|59/100|[from] item: Leftovers
|upkeep
|turn|75
|
|t:|1730294265
|switch|p1a: Blissey|Blissey, F|57/100
|-damage|p1a: Blissey|45/100|[from] Spikes
|move|p2a: Blissey|Wish|p2a: Blissey
|
|-weather|Sandstorm|[upkeep]
|-damage|p1a: Blissey|39/100|[from] Sandstorm
|-damage|p2a: Blissey|52/100|[from] Sandstorm
|-heal|p1a: Blissey|45/100|[from] item: Leftovers
|-heal|p2a: Blissey|59/100|[from] item: Leftovers
|upkeep
|turn|76
|
|t:|1730294268
|switch|p2a: Salamence|Salamence, F|58/100
|-ability|p2a: Salamence|Intimidate|boost
|-unboost|p1a: Blissey|atk|1
|move|p1a: Blissey|Soft-Boiled|p1a: Blissey
|-heal|p1a: Blissey|95/100
|
|-heal|p2a: Salamence|100/100|[from] move: Wish|[wisher] Blissey
|-weather|Sandstorm|[upkeep]
|-damage|p2a: Salamence|94/100|[from] Sandstorm
|-damage|p1a: Blissey|89/100|[from] Sandstorm
|-heal|p1a: Blissey|95/100|[from] item: Leftovers
|upkeep
|turn|77
|
|t:|1730294271
|switch|p1a: Skarmory|Skarmory, M|100/100
|move|p2a: Salamence|Brick Break|p1a: Skarmory
|-damage|p1a: Skarmory|68/100
|
|-weather|Sandstorm|[upkeep]
|-damage|p2a: Salamence|88/100|[from] Sandstorm
|-heal|p1a: Skarmory|74/100|[from] item: Leftovers
|upkeep
|turn|78
|
|t:|1730294278
|switch|p2a: Blissey|Blissey, F|59/100
|-damage|p2a: Blissey|46/100|[from] Spikes
|move|p1a: Skarmory|Drill Peck|p2a: Blissey
|-damage|p2a: Blissey|26/100
|
|-weather|Sandstorm|[upkeep]
|-damage|p2a: Blissey|19/100|[from] Sandstorm
|-heal|p1a: Skarmory|80/100|[from] item: Leftovers
|-heal|p2a: Blissey|26/100|[from] item: Leftovers
|upkeep
|turn|79
|
|t:|1730294285
|move|p1a: Skarmory|Spikes|p2a: Blissey
|-sidestart|p2: monchooo|Spikes
|move|p2a: Blissey|Soft-Boiled|p2a: Blissey
|-heal|p2a: Blissey|76/100
|
|-weather|Sandstorm|[upkeep]
|-damage|p2a: Blissey|69/100|[from] Sandstorm
|-heal|p1a: Skarmory|86/100|[from] item: Leftovers
|-heal|p2a: Blissey|76/100|[from] item: Leftovers
|upkeep
|turn|80
|
|t:|1730294292
|move|p1a: Skarmory|Spikes|p2a: Blissey
|-sidestart|p2: monchooo|Spikes
|move|p2a: Blissey|Wish|p2a: Blissey
|
|-weather|Sandstorm|[upkeep]
|-damage|p2a: Blissey|69/100|[from] Sandstorm
|-heal|p1a: Skarmory|92/100|[from] item: Leftovers
|-heal|p2a: Blissey|76/100|[from] item: Leftovers
|upkeep
|turn|81
|
|t:|1730294300
|move|p2a: Blissey|Seismic Toss|p1a: Skarmory
|-damage|p1a: Skarmory|62/100
|move|p1a: Skarmory|Roar|p2a: Blissey
|drag|p2a: Skarmory|Skarmory, F|51/100
|
|-heal|p2a: Skarmory|100/100|[from] move: Wish|[wisher] Blissey
|-weather|Sandstorm|[upkeep]
|-heal|p1a: Skarmory|68/100|[from] item: Leftovers
|upkeep
|turn|82
|
|t:|1730294311
|move|p1a: Skarmory|Roar|p2a: Skarmory
|drag|p2a: Magneton|Magneton|11/100 frz
|-damage|p2a: Magneton|0 fnt|[from] Spikes
|faint|p2a: Magneton
|
|t:|1730294314
|switch|p2a: Moltres|Moltres|57/100 tox
|
|-weather|Sandstorm|[upkeep]
|-damage|p2a: Moltres|51/100 tox|[from] Sandstorm
|-heal|p2a: Moltres|57/100 tox|[from] item: Leftovers
|-damage|p2a: Moltres|51/100 tox|[from] psn
|-heal|p1a: Skarmory|74/100|[from] item: Leftovers
|upkeep
|turn|83
|
|t:|1730294316
|move|p1a: Skarmory|Protect|p1a: Skarmory
|-singleturn|p1a: Skarmory|Protect
|move|p2a: Moltres|Flamethrower|p1a: Skarmory
|-activate|p1a: Skarmory|Protect
|
|-weather|Sandstorm|[upkeep]
|-damage|p2a: Moltres|44/100 tox|[from] Sandstorm
|-heal|p2a: Moltres|51/100 tox|[from] item: Leftovers
|-damage|p2a: Moltres|38/100 tox|[from] psn
|-heal|p1a: Skarmory|80/100|[from] item: Leftovers
|upkeep
|turn|84
|
|t:|1730294326
|switch|p2a: Salamence|Salamence, F|88/100
|-ability|p2a: Salamence|Intimidate|boost
|-unboost|p1a: Skarmory|atk|1
|switch|p1a: Blissey|Blissey, F|95/100
|-damage|p1a: Blissey|82/100|[from] Spikes
|
|-weather|Sandstorm|[upkeep]
|-damage|p2a: Salamence|82/100|[from] Sandstorm
|-damage|p1a: Blissey|76/100|[from] Sandstorm
|-heal|p1a: Blissey|82/100|[from] item: Leftovers
|upkeep
|turn|85
|
|t:|1730294334
|switch|p1a: Skarmory|Skarmory, M|80/100
|move|p2a: Salamence|Brick Break|p1a: Skarmory
|-damage|p1a: Skarmory|45/100
|
|-weather|Sandstorm|[upkeep]
|-damage|p2a: Salamence|76/100|[from] Sandstorm
|-heal|p1a: Skarmory|50/100|[from] item: Leftovers
|upkeep
|turn|86
|
|t:|1730294344
|move|p2a: Salamence|Brick Break|p1a: Skarmory
|-damage|p1a: Skarmory|17/100
|move|p1a: Skarmory|Drill Peck|p2a: Salamence
|-damage|p2a: Salamence|49/100
|
|-weather|Sandstorm|[upkeep]
|-damage|p2a: Salamence|43/100|[from] Sandstorm
|-heal|p1a: Skarmory|23/100|[from] item: Leftovers
|upkeep
|turn|87
|
|t:|1730294348
|move|p1a: Skarmory|Protect|p1a: Skarmory
|-singleturn|p1a: Skarmory|Protect
|move|p2a: Salamence|Brick Break|p1a: Skarmory
|-activate|p1a: Skarmory|Protect
|
|-weather|Sandstorm|[upkeep]
|-damage|p2a: Salamence|37/100|[from] Sandstorm
|-heal|p1a: Skarmory|29/100|[from] item: Leftovers
|upkeep
|turn|88
|
|t:|1730294369
|move|p1a: Skarmory|Protect||[still]
|-fail|p1a: Skarmory
|move|p2a: Salamence|Brick Break|p1a: Skarmory
|-damage|p1a: Skarmory|0 fnt
|faint|p1a: Skarmory
|inactive|I'm the Dome Ace disconnected and has 300 seconds to reconnect!
|player|p1|
|inactive|I'm the Dome Ace has 270 seconds to reconnect!
|inactive|I'm the Dome Ace has 240 seconds to reconnect!
|inactive|I'm the Dome Ace reconnected and has 285 seconds left.
|player|p1|I'm the Dome Ace|265|
|inactive|I'm the Dome Ace has 270 seconds left.
|c|☆I'm the Dome Ace|Ah fuck
|c|☆monchooo|all good?
|c|☆I'm the Dome Ace|yeah i got trolled by stours
|c|☆I'm the Dome Ace|it showed my move on turn 87 as canceled
|c|☆I'm the Dome Ace|so i clicked protect again
|inactive|I'm the Dome Ace has 240 seconds left.
|c|☆I'm the Dome Ace|that wasnt meant to happen
|c|☆I'm the Dome Ace|im on mobile now
|c|☆monchooo|We can take a break after g1 if needed
|c|☆I'm the Dome Ace|if that costs me the game imma be tilted fortunately dont think it will
|c|☆monchooo|cant stop timer for this one
|inactive|I'm the Dome Ace has 210 seconds left.
|
|t:|1730294506
|switch|p1a: Jirachi|Jirachi|100/100
|-damage|p1a: Jirachi|88/100|[from] Spikes
|
|-weather|Sandstorm|[upkeep]
|-damage|p2a: Salamence|31/100|[from] Sandstorm
|-heal|p1a: Jirachi|94/100|[from] item: Leftovers
|upkeep
|turn|89
|c|☆monchooo|but this game is won already for you
|inactive|I'm the Dome Ace has 210 seconds left.
|c|☆monchooo|should be fine to click wish protect on mobile
|
|t:|1730294525
|switch|p2a: Skarmory|Skarmory, F|100/100
|move|p1a: Jirachi|Wish|p1a: Jirachi
|
|-weather|Sandstorm|[upkeep]
|-heal|p1a: Jirachi|100/100|[from] item: Leftovers
|upkeep
|turn|90
|inactive|I'm the Dome Ace has 210 seconds left.
|inactive|monchooo disconnected and has 300 seconds to reconnect!
|player|p2|
|inactive|monchooo has 270 seconds to reconnect!
|inactive|I'm the Dome Ace has 180 seconds left.
|inactive|monchooo has 240 seconds to reconnect!
|inactive|monchooo has 210 seconds to reconnect!
|inactive|monchooo has 180 seconds to reconnect!
|inactive|monchooo has 150 seconds to reconnect!
|inactive|monchooo has 120 seconds to reconnect!
|inactive|I'm the Dome Ace disconnected and has 240 seconds to reconnect!
|player|p1|
|inactive|monchooo has 90 seconds to reconnect!
|inactive|monchooo has 60 seconds to reconnect!
|inactive|monchooo has 30 seconds to reconnect!
|inactive|monchooo has 20 seconds to reconnect!
|inactive|monchooo has 15 seconds to reconnect!
|inactive|monchooo has 10 seconds to reconnect!
|inactive|monchooo has 5 seconds to reconnect!
|-message|monchooo lost due to inactivity.
|
|win|I'm the Dome Ace

</script>
<script type="application/json" class="data" id="replaydata-smogtours-gen3ou-803419">
{"id":"smogtours-gen3ou-803419","format":"[Gen 3] OU","players":["I'm the Dome Ace","monchooo"],"uploadtime":1730294830,"views":172,"formatid":"gen3ou","rating":null,"private":0,"password":null}
</script>

<script defer src="js/replays.js?9d40a366"></script>
