<!DOCTYPE html>
<meta charset="utf-8" />
<meta name="viewport" content="width=device-width" />

<title>[Gen 3] OU: AverageWalrus vs. RaskaPork - Replays - Pok&eacute;mon Showdown!</title>

<meta name="description" content="Watch a replay of a Pok&eacute;mon battle between AverageWalrus and RaskaPork! Format: [Gen 3] OU; Date: Oct 13, 2024" />
<!--

Hey, you! Looking in the source for the replay log?

You can find them in JSON format, just add `.json` at the end of a replay URL.

https://replay.pokemonshowdown.com/gen7randomdoublesbattle-865046831.json

Or, if you only need the log itself, add `.log` instead:

https://replay.pokemonshowdown.com/gen7randomdoublesbattle-865046831.log

-->

<link rel="stylesheet" href="//pokemonshowdown.com/style/global.css?0.023195364461161105" />
<link rel="stylesheet" href="//play.pokemonshowdown.com/style/font-awesome.css?0.13261647063804238" />
<link rel="stylesheet" href="//play.pokemonshowdown.com/style/battle.css?0.8753245789963631" />
<link rel="stylesheet" href="//play.pokemonshowdown.com/style/utilichart.css?0.8627959624976733" />

<!-- Global site tag (gtag.js) - Google Analytics -->
<script async src="https://www.googletagmanager.com/gtag/js?id=UA-26211653-1"></script>
<script>
  window.dataLayer = window.dataLayer || [];
  function gtag(){dataLayer.push(arguments);}
  gtag('js', new Date());

  gtag('config', 'UA-26211653-1');
</script>
<!-- End Google Analytics -->
<!-- Venatus Ad Manager - Install in <HEAD> of page -->
	<script src="https://hb.vntsm.com/v3/live/ad-manager.min.js" type="text/javascript" data-site-id="642aba63ec9a7b11c3c9c1be" data-mode="scan" async></script>
<!-- / Venatus Ad Manager -->

<style>
	@media (max-width:820px) {
		.battle {
			margin: 0 auto;
		}
		.battle-log {
			margin: 7px auto 0;
			max-width: 640px;
			height: 300px;
			position: static;
		}
	}
	.optgroup {
		display: inline-block;
		line-height: 22px;
		font-size: 10pt;
	}
	.optgroup .button {
		height: 25px;
		padding-top: 0;
		padding-bottom: 0;
	}
	.optgroup button.button {
		padding-left: 12px;
		padding-right: 12px;
	}
	.linklist {
		list-style: none;
		margin: 0.5em 0;
		padding: 0;
	}
	.linklist li {
		padding: 2px 0;
	}
	.sidebar {
		float: left;
		width: 320px;
	}
	.bar-wrapper {
		max-width: 1100px;
		margin: 0 auto;
	}
	.bar-wrapper.has-sidebar {
		max-width: 1430px;
	}
	.mainbar {
		margin: 0;
		padding-right: 1px;
	}
	.mainbar.has-sidebar {
		margin-left: 330px;
	}
	@media (min-width: 1511px) {
		.sidebar {
			width: 400px;
		}
		.bar-wrapper.has-sidebar {
			max-width: 1510px;
		}
		.mainbar.has-sidebar {
			margin-left: 410px;
		}
	}
	.section.first-section {
		margin-top: 9px;
	}
	.blocklink small {
		white-space: normal;
	}
	.button {
		vertical-align: middle;
	}
	.replay-controls {
		padding-top: 10px;
	}
	.replay-controls h1 {
		font-size: 16pt;
		font-weight: normal;
		color: #CCC;
	}
	.pagelink {
		text-align: center;
	}
	.pagelink a {
		width: 150px;
	}
	.textbox, .button {
		font-size: 11pt;
		vertical-align: middle;
	}
	@media (max-width: 450px) {
		.button {
			font-size: 9pt;
		}
	}
</style>

<div>

	<header>
		<div class="nav-wrapper"><ul class="nav">
			<li><a class="button nav-first" href="//pokemonshowdown.com/"><img src="//pokemonshowdown.com/images/pokemonshowdownbeta.png" srcset="//pokemonshowdown.com/images/pokemonshowdownbeta.png 1x, //pokemonshowdown.com/images/pokemonshowdownbeta@2x.png 2x" alt="Pok&eacute;mon Showdown" width="146" height="44" /> Home</a></li>
			<li><a class="button" href="//pokemonshowdown.com/dex/">Pok&eacute;dex</a></li>
			<li><a class="button cur" href="/">Replays</a></li>
			<li><a class="button" href="//pokemonshowdown.com/ladder/">Ladder</a></li>
			<li><a class="button nav-last" href="//pokemonshowdown.com/forums/">Forum</a></li>
			<li><a class="button greenbutton nav-first nav-last" href="//play.pokemonshowdown.com/">Play</a></li>
		</ul></div>
	</header>

	<div class="main" id="main">

		<noscript><section class="section">You need to enable JavaScript to use this page; sorry!</section></noscript>

	</div>

</div>

<script defer nomodule src="//play.pokemonshowdown.com/js/lib/ps-polyfill.js"></script>
<script defer src="//play.pokemonshowdown.com/js/lib/preact.min.js"></script>

<script defer src="//play.pokemonshowdown.com/config/config.js?2bddbc15"></script>
<script defer src="//play.pokemonshowdown.com/js/lib/jquery-1.11.0.min.js"></script>
<script defer src="//play.pokemonshowdown.com/js/lib/html-sanitizer-minified.js"></script>
<script defer src="//play.pokemonshowdown.com/js/battle-sound.js"></script>
<script defer src="//play.pokemonshowdown.com/js/battledata.js?0.7209276989879541"></script>
<script defer src="//play.pokemonshowdown.com/data/pokedex-mini.js?0.6111056340867951"></script>
<script defer src="//play.pokemonshowdown.com/data/pokedex-mini-bw.js?0.3532142036491459"></script>
<script defer src="//play.pokemonshowdown.com/data/graphics.js?0.24223875632456182"></script>
<script defer src="//play.pokemonshowdown.com/data/pokedex.js?0.38839984266356864"></script>
<script defer src="//play.pokemonshowdown.com/data/moves.js?0.21866028504024015"></script>
<script defer src="//play.pokemonshowdown.com/data/abilities.js?0.2005157953846628"></script>
<script defer src="//play.pokemonshowdown.com/data/items.js?0.9894211263848525"></script>
<script defer src="//play.pokemonshowdown.com/data/teambuilder-tables.js?0.6008791140282215"></script>
<script defer src="//play.pokemonshowdown.com/js/battle-tooltips.js?0.7580118955022959"></script>
<script defer src="//play.pokemonshowdown.com/js/battle.js?0.6057722274234274"></script>

<script defer src="js/utils.js?e31f9a17"></script>
<script defer src="js/replays-battle.js?7008c182"></script>

<!-- don't scrape this data! just add .json or .log after the URL!
Full API docs: https://github.com/smogon/pokemon-showdown-client/blob/master/WEB-API.md -->
<script type="text/plain" class="log" id="replaylog-smogtours-gen3ou-798477">
|inactive|Battle timer is ON: inactive players will automatically lose when time's up.
|t:|1728858105
|gametype|singles
|player|p1|AverageWalrus|bugsy|
|player|p2|RaskaPork|ingo|
|teamsize|p1|6
|teamsize|p2|6
|gen|3
|tier|[Gen 3] OU
|rule|Sleep Clause Mod: Limit one foe put to sleep
|rule|Switch Priority Clause Mod: Faster Pokémon switch first
|rule|Species Clause: Limit one of each Pokémon
|rule|OHKO Clause: OHKO moves are banned
|rule|Evasion Items Clause: Evasion items are banned
|rule|Evasion Moves Clause: Evasion moves are banned
|rule|Endless Battle Clause: Forcing endless battles is banned
|rule|HP Percentage Mod: HP is shown in percentages
|rule|One Boost Passer Clause: Limit one Baton Passer that has a way to boost its stats
|rule|Freeze Clause Mod: Limit one foe frozen
|
|t:|1728858105
|start
|switch|p1a: Jynx|Jynx, F|100/100
|switch|p2a: Tyranitar|Tyranitar, F|100/100
|-weather|Sandstorm|[from] ability: Sand Stream|[of] p2a: Tyranitar
|turn|1
|
|t:|1728858127
|move|p1a: Jynx|Ice Beam|p2a: Tyranitar
|-damage|p2a: Tyranitar|55/100
|move|p2a: Tyranitar|Rock Slide|p1a: Jynx|[miss]
|-miss|p2a: Tyranitar|p1a: Jynx
|
|-weather|Sandstorm|[upkeep]
|-damage|p1a: Jynx|95/100|[from] Sandstorm
|-heal|p2a: Tyranitar|61/100|[from] item: Leftovers
|upkeep
|turn|2
|
|t:|1728858133
|move|p1a: Jynx|Ice Beam|p2a: Tyranitar
|-damage|p2a: Tyranitar|12/100
|move|p2a: Tyranitar|Rock Slide|p1a: Jynx
|-supereffective|p1a: Jynx
|-damage|p1a: Jynx|0 fnt
|faint|p1a: Jynx
|
|t:|1728858135
|switch|p1a: Dugtrio|Dugtrio, M|100/100
|
|-weather|Sandstorm|[upkeep]
|-heal|p2a: Tyranitar|18/100|[from] item: Leftovers
|upkeep
|turn|3
|
|t:|1728858137
|move|p1a: Dugtrio|Earthquake|p2a: Tyranitar
|-supereffective|p2a: Tyranitar
|-crit|p2a: Tyranitar
|-damage|p2a: Tyranitar|0 fnt
|faint|p2a: Tyranitar
|inactive|RaskaPork has 270 seconds left.
|
|t:|1728858175
|switch|p2a: Celebi|Celebi|100/100
|
|-weather|Sandstorm|[upkeep]
|-damage|p2a: Celebi|94/100|[from] Sandstorm
|-heal|p2a: Celebi|100/100|[from] item: Leftovers
|upkeep
|turn|4
|
|t:|1728858182
|switch|p1a: Heracross|Heracross, F|100/100
|move|p2a: Celebi|Leech Seed|p1a: Heracross
|-start|p1a: Heracross|move: Leech Seed
|
|-weather|Sandstorm|[upkeep]
|-damage|p1a: Heracross|94/100|[from] Sandstorm
|-damage|p2a: Celebi|94/100|[from] Sandstorm
|-damage|p1a: Heracross|82/100|[from] Leech Seed|[of] p2a: Celebi
|-heal|p2a: Celebi|100/100|[silent]
|upkeep
|turn|5
|
|t:|1728858196
|switch|p1a: Starmie|Starmie|100/100
|move|p2a: Celebi|Psychic|p1a: Starmie
|-resisted|p1a: Starmie
|-crit|p1a: Starmie
|-damage|p1a: Starmie|53/100
|
|-weather|Sandstorm|[upkeep]
|-damage|p1a: Starmie|46/100|[from] Sandstorm
|-damage|p2a: Celebi|94/100|[from] Sandstorm
|-heal|p1a: Starmie|53/100|[from] item: Leftovers
|-heal|p2a: Celebi|100/100|[from] item: Leftovers
|upkeep
|turn|6
|inactive|RaskaPork has 270 seconds left.
|
|t:|1728858212
|switch|p1a: Snorlax|Snorlax, M|100/100
|move|p2a: Celebi|Giga Drain|p1a: Snorlax
|-damage|p1a: Snorlax|87/100
|
|-weather|Sandstorm|[upkeep]
|-damage|p2a: Celebi|94/100|[from] Sandstorm
|-damage|p1a: Snorlax|80/100|[from] Sandstorm
|-heal|p2a: Celebi|100/100|[from] item: Leftovers
|-heal|p1a: Snorlax|87/100|[from] item: Leftovers
|upkeep
|turn|7
|
|t:|1728858217
|switch|p2a: Skarmory|Skarmory, M|100/100
|move|p1a: Snorlax|Body Slam|p2a: Skarmory
|-resisted|p2a: Skarmory
|-damage|p2a: Skarmory|88/100
|
|-weather|Sandstorm|[upkeep]
|-damage|p1a: Snorlax|80/100|[from] Sandstorm
|-heal|p2a: Skarmory|94/100|[from] item: Leftovers
|-heal|p1a: Snorlax|87/100|[from] item: Leftovers
|upkeep
|turn|8
|
|t:|1728858229
|switch|p1a: Starmie|Starmie|53/100
|move|p2a: Skarmory|Roar|p1a: Starmie
|drag|p1a: Dugtrio|Dugtrio, M|100/100
|
|-weather|Sandstorm|[upkeep]
|-heal|p2a: Skarmory|99/100|[from] item: Leftovers
|upkeep
|turn|9
|
|t:|1728858233
|move|p1a: Dugtrio|Rock Slide|p2a: Skarmory
|-damage|p2a: Skarmory|76/100
|cant|p2a: Skarmory|flinch
|
|-weather|Sandstorm|[upkeep]
|-heal|p2a: Skarmory|82/100|[from] item: Leftovers
|upkeep
|turn|10
|
|t:|1728858240
|move|p1a: Dugtrio|Rock Slide|p2a: Skarmory
|-damage|p2a: Skarmory|62/100
|move|p2a: Skarmory|Drill Peck|p1a: Dugtrio
|-damage|p1a: Dugtrio|35/100
|
|-weather|Sandstorm|[upkeep]
|-heal|p2a: Skarmory|68/100|[from] item: Leftovers
|upkeep
|turn|11
|
|t:|1728858250
|switch|p1a: Metagross|Metagross|100/100
|switch|p2a: Celebi|Celebi|100/100
|
|-weather|Sandstorm|[upkeep]
|-damage|p2a: Celebi|94/100|[from] Sandstorm
|-heal|p2a: Celebi|100/100|[from] item: Leftovers
|upkeep
|turn|12
|inactive|RaskaPork has 270 seconds left.
|
|t:|1728858291
|switch|p2a: Metagross|Metagross|100/100
|move|p1a: Metagross|Explosion|p2a: Metagross
|-resisted|p2a: Metagross
|-damage|p2a: Metagross|0 fnt
|faint|p1a: Metagross
|faint|p2a: Metagross
|inactive|RaskaPork has 240 seconds left.
|
|t:|1728858322
|switch|p1a: Dugtrio|Dugtrio, M|35/100
|switch|p2a: Skarmory|Skarmory, M|68/100
|
|-weather|Sandstorm|[upkeep]
|-heal|p2a: Skarmory|74/100|[from] item: Leftovers
|upkeep
|turn|13
|inactive|RaskaPork has 240 seconds left.
|
|t:|1728858353
|switch|p1a: Snorlax|Snorlax, M|87/100
|move|p2a: Skarmory|Drill Peck|p1a: Snorlax
|-damage|p1a: Snorlax|67/100
|
|-weather|Sandstorm|[upkeep]
|-damage|p1a: Snorlax|61/100|[from] Sandstorm
|-heal|p2a: Skarmory|80/100|[from] item: Leftovers
|-heal|p1a: Snorlax|67/100|[from] item: Leftovers
|upkeep
|turn|14
|
|t:|1728858364
|move|p1a: Snorlax|Body Slam|p2a: Skarmory
|-resisted|p2a: Skarmory
|-damage|p2a: Skarmory|66/100
|move|p2a: Skarmory|Roar|p1a: Snorlax
|drag|p1a: Dugtrio|Dugtrio, M|35/100
|
|-weather|Sandstorm|[upkeep]
|-heal|p2a: Skarmory|72/100|[from] item: Leftovers
|upkeep
|turn|15
|
|t:|1728858390
|move|p1a: Dugtrio|Rock Slide|p2a: Skarmory
|-damage|p2a: Skarmory|49/100
|move|p2a: Skarmory|Spikes|p1a: Dugtrio
|-sidestart|p1: AverageWalrus|Spikes
|
|-weather|Sandstorm|[upkeep]
|-heal|p2a: Skarmory|55/100|[from] item: Leftovers
|upkeep
|turn|16
|
|t:|1728858397
|switch|p2a: Celebi|Celebi|100/100
|move|p1a: Dugtrio|Rock Slide|p2a: Celebi
|-damage|p2a: Celebi|74/100
|
|-weather|Sandstorm|[upkeep]
|-damage|p2a: Celebi|68/100|[from] Sandstorm
|-heal|p2a: Celebi|74/100|[from] item: Leftovers
|upkeep
|turn|17
|inactive|AverageWalrus has 270 seconds left.
|
|t:|1728858423
|switch|p1a: Snorlax|Snorlax, M|67/100
|-damage|p1a: Snorlax|55/100|[from] Spikes
|move|p2a: Celebi|Leech Seed|p1a: Snorlax
|-start|p1a: Snorlax|move: Leech Seed
|
|-weather|Sandstorm|[upkeep]
|-damage|p2a: Celebi|68/100|[from] Sandstorm
|-damage|p1a: Snorlax|48/100|[from] Sandstorm
|-heal|p2a: Celebi|74/100|[from] item: Leftovers
|-heal|p1a: Snorlax|55/100|[from] item: Leftovers
|-damage|p1a: Snorlax|42/100|[from] Leech Seed|[of] p2a: Celebi
|-heal|p2a: Celebi|90/100|[silent]
|upkeep
|turn|18
|inactive|AverageWalrus has 270 seconds left.
|
|t:|1728858443
|switch|p2a: Skarmory|Skarmory, M|55/100
|move|p1a: Snorlax|Shadow Ball|p2a: Skarmory
|-resisted|p2a: Skarmory
|-damage|p2a: Skarmory|46/100
|
|-weather|Sandstorm|[upkeep]
|-damage|p1a: Snorlax|36/100|[from] Sandstorm
|-heal|p2a: Skarmory|52/100|[from] item: Leftovers
|-heal|p1a: Snorlax|42/100|[from] item: Leftovers
|-damage|p1a: Snorlax|30/100|[from] Leech Seed|[of] p2a: Skarmory
|-heal|p2a: Skarmory|70/100|[silent]
|upkeep
|turn|19
|
|t:|1728858455
|move|p2a: Skarmory|Drill Peck|p1a: Snorlax
|-damage|p1a: Snorlax|11/100
|move|p1a: Snorlax|Rest|p1a: Snorlax
|-status|p1a: Snorlax|slp|[from] move: Rest
|-heal|p1a: Snorlax|100/100 slp|[silent]
|
|-weather|Sandstorm|[upkeep]
|-damage|p1a: Snorlax|94/100 slp|[from] Sandstorm
|-heal|p2a: Skarmory|76/100|[from] item: Leftovers
|-heal|p1a: Snorlax|100/100 slp|[from] item: Leftovers
|-damage|p1a: Snorlax|88/100 slp|[from] Leech Seed|[of] p2a: Skarmory
|-heal|p2a: Skarmory|95/100|[silent]
|upkeep
|turn|20
|
|t:|1728858468
|switch|p1a: Starmie|Starmie|53/100
|-damage|p1a: Starmie|40/100|[from] Spikes
|move|p2a: Skarmory|Drill Peck|p1a: Starmie
|-damage|p1a: Starmie|10/100
|
|-weather|Sandstorm|[upkeep]
|-damage|p1a: Starmie|4/100|[from] Sandstorm
|-heal|p1a: Starmie|10/100|[from] item: Leftovers
|-heal|p2a: Skarmory|100/100|[from] item: Leftovers
|upkeep
|turn|21
|
|t:|1728858473
|move|p1a: Starmie|Rain Dance|p1a: Starmie
|-weather|RainDance
|move|p2a: Skarmory|Drill Peck|p1a: Starmie
|-damage|p1a: Starmie|0 fnt
|faint|p1a: Starmie
|inactive|AverageWalrus has 270 seconds left.
|
|t:|1728858497
|switch|p1a: Snorlax|Snorlax, M|88/100 slp
|-damage|p1a: Snorlax|76/100 slp|[from] Spikes
|
|-weather|RainDance|[upkeep]
|-heal|p1a: Snorlax|82/100 slp|[from] item: Leftovers
|upkeep
|turn|22
|inactive|RaskaPork has 240 seconds left.
|
|t:|1728858509
|switch|p2a: Salamence|Salamence, M|100/100
|-ability|p2a: Salamence|Intimidate|boost
|-unboost|p1a: Snorlax|atk|1
|switch|p1a: Dugtrio|Dugtrio, M|35/100
|-damage|p1a: Dugtrio|22/100|[from] Spikes
|
|-weather|RainDance|[upkeep]
|upkeep
|turn|23
|
|t:|1728858514
|switch|p2a: Skarmory|Skarmory, M|100/100
|move|p1a: Dugtrio|Rock Slide|p2a: Skarmory
|-damage|p2a: Skarmory|77/100
|
|-weather|RainDance|[upkeep]
|-heal|p2a: Skarmory|83/100|[from] item: Leftovers
|upkeep
|turn|24
|
|t:|1728858520
|move|p1a: Dugtrio|Rock Slide|p2a: Skarmory|[miss]
|-miss|p1a: Dugtrio|p2a: Skarmory
|move|p2a: Skarmory|Spikes|p1a: Dugtrio
|-sidestart|p1: AverageWalrus|Spikes
|
|-weather|RainDance|[upkeep]
|-heal|p2a: Skarmory|89/100|[from] item: Leftovers
|upkeep
|turn|25
|
|t:|1728858523
|move|p1a: Dugtrio|Rock Slide|p2a: Skarmory
|-damage|p2a: Skarmory|69/100
|cant|p2a: Skarmory|flinch
|
|-weather|none
|-heal|p2a: Skarmory|75/100|[from] item: Leftovers
|upkeep
|turn|26
|
|t:|1728858528
|move|p1a: Dugtrio|Rock Slide|p2a: Skarmory
|-damage|p2a: Skarmory|53/100
|move|p2a: Skarmory|Spikes|p1a: Dugtrio
|-sidestart|p1: AverageWalrus|Spikes
|
|-heal|p2a: Skarmory|59/100|[from] item: Leftovers
|upkeep
|turn|27
|
|t:|1728858543
|switch|p2a: Celebi|Celebi|90/100
|move|p1a: Dugtrio|Rock Slide|p2a: Celebi
|-damage|p2a: Celebi|66/100
|
|-heal|p2a: Celebi|72/100|[from] item: Leftovers
|upkeep
|turn|28
|
|t:|1728858548
|move|p1a: Dugtrio|Rock Slide|p2a: Celebi
|-damage|p2a: Celebi|47/100
|cant|p2a: Celebi|flinch
|
|-heal|p2a: Celebi|53/100|[from] item: Leftovers
|upkeep
|turn|29
|
|t:|1728858554
|move|p1a: Dugtrio|Rock Slide|p2a: Celebi
|-damage|p2a: Celebi|30/100
|move|p2a: Celebi|Giga Drain|p1a: Dugtrio
|-supereffective|p1a: Dugtrio
|-damage|p1a: Dugtrio|0 fnt
|-heal|p2a: Celebi|36/100|[from] drain|[of] p1a: Dugtrio
|faint|p1a: Dugtrio
|
|t:|1728858573
|switch|p1a: Heracross|Heracross, F|82/100
|-damage|p1a: Heracross|57/100|[from] Spikes
|
|-heal|p2a: Celebi|42/100|[from] item: Leftovers
|upkeep
|turn|30
|inactive|RaskaPork has 270 seconds left.
|
|t:|1728858636
|switch|p2a: Skarmory|Skarmory, M|59/100
|move|p1a: Heracross|Substitute|p1a: Heracross
|-start|p1a: Heracross|Substitute
|-damage|p1a: Heracross|32/100
|
|-heal|p2a: Skarmory|65/100|[from] item: Leftovers
|upkeep
|turn|31
|
|t:|1728858643
|move|p1a: Heracross|Reversal|p2a: Skarmory
|-damage|p2a: Skarmory|32/100
|move|p2a: Skarmory|Roar|p1a: Heracross
|drag|p1a: Snorlax|Snorlax, M|82/100 slp
|-damage|p1a: Snorlax|57/100 slp|[from] Spikes
|
|-heal|p2a: Skarmory|38/100|[from] item: Leftovers
|-heal|p1a: Snorlax|63/100 slp|[from] item: Leftovers
|upkeep
|turn|32
|
|t:|1728858653
|switch|p2a: Salamence|Salamence, M|100/100
|-ability|p2a: Salamence|Intimidate|boost
|-unboost|p1a: Snorlax|atk|1
|cant|p1a: Snorlax|slp
|
|-heal|p1a: Snorlax|69/100 slp|[from] item: Leftovers
|upkeep
|turn|33
|
|t:|1728858658
|move|p2a: Salamence|Brick Break|p1a: Snorlax
|-supereffective|p1a: Snorlax
|-damage|p1a: Snorlax|35/100 slp
|cant|p1a: Snorlax|slp
|
|-heal|p1a: Snorlax|41/100 slp|[from] item: Leftovers
|upkeep
|turn|34
|inactive|RaskaPork has 270 seconds left.
|inactive|RaskaPork has 240 seconds left.
|
|t:|1728858721
|move|p2a: Salamence|Brick Break|p1a: Snorlax
|-supereffective|p1a: Snorlax
|-damage|p1a: Snorlax|4/100 slp
|-curestatus|p1a: Snorlax|slp|[msg]
|move|p1a: Snorlax|Body Slam|p2a: Salamence
|-damage|p2a: Salamence|71/100
|
|-heal|p2a: Salamence|77/100|[from] item: Leftovers
|-heal|p1a: Snorlax|11/100|[from] item: Leftovers
|upkeep
|turn|35
|
|t:|1728858729
|move|p2a: Salamence|Brick Break|p1a: Snorlax
|-supereffective|p1a: Snorlax
|-crit|p1a: Snorlax
|-damage|p1a: Snorlax|0 fnt
|faint|p1a: Snorlax
|
|t:|1728858731
|switch|p1a: Heracross|Heracross, F|32/100
|-damage|p1a: Heracross|7/100|[from] Spikes
|
|-heal|p2a: Salamence|83/100|[from] item: Leftovers
|-enditem|p1a: Heracross|Salac Berry|[eat]
|-boost|p1a: Heracross|spe|1|[from] item: Salac Berry
|upkeep
|turn|36
|
|t:|1728858756
|switch|p2a: Celebi|Celebi|42/100
|move|p1a: Heracross|Megahorn|p2a: Celebi|[miss]
|-miss|p1a: Heracross|p2a: Celebi
|
|-heal|p2a: Celebi|48/100|[from] item: Leftovers
|upkeep
|turn|37
|
|t:|1728858762
|move|p1a: Heracross|Megahorn|p2a: Celebi
|-supereffective|p2a: Celebi
|-damage|p2a: Celebi|0 fnt
|faint|p2a: Celebi
|
|t:|1728858765
|switch|p2a: Salamence|Salamence, M|83/100
|-ability|p2a: Salamence|Intimidate|boost
|-unboost|p1a: Heracross|atk|1
|
|-heal|p2a: Salamence|89/100|[from] item: Leftovers
|upkeep
|turn|38
|
|t:|1728858771
|move|p1a: Heracross|Megahorn|p2a: Salamence
|-resisted|p2a: Salamence
|-damage|p2a: Salamence|51/100
|move|p2a: Salamence|Dragon Claw|p1a: Heracross
|-damage|p1a: Heracross|0 fnt
|faint|p1a: Heracross
|
|win|RaskaPork
|c|☆RaskaPork|gg
|c|☆AverageWalrus|gg
|player|p1|

</script>
<script type="application/json" class="data" id="replaydata-smogtours-gen3ou-798477">
{"id":"smogtours-gen3ou-798477","format":"[Gen 3] OU","players":["AverageWalrus","RaskaPork"],"uploadtime":1728858771,"views":85,"formatid":"gen3ou","rating":null,"private":0,"password":null}
</script>

<script defer src="js/replays.js?9d40a366"></script>
