<!DOCTYPE html>
<meta charset="utf-8" />
<meta name="viewport" content="width=device-width" />

<title>[Gen 3] OU: elale0803 vs. Colteor - Replays - Pok&eacute;mon Showdown!</title>

<meta name="description" content="Watch a replay of a Pok&eacute;mon battle between elale0803 and Colteor! Format: [Gen 3] OU; Date: Oct 2, 2024" />
<!--

Hey, you! Looking in the source for the replay log?

You can find them in JSON format, just add `.json` at the end of a replay URL.

https://replay.pokemonshowdown.com/gen7randomdoublesbattle-865046831.json

Or, if you only need the log itself, add `.log` instead:

https://replay.pokemonshowdown.com/gen7randomdoublesbattle-865046831.log

-->

<link rel="stylesheet" href="//pokemonshowdown.com/style/global.css?0.023195364461161105" />
<link rel="stylesheet" href="//play.pokemonshowdown.com/style/font-awesome.css?0.13261647063804238" />
<link rel="stylesheet" href="//play.pokemonshowdown.com/style/battle.css?0.8753245789963631" />
<link rel="stylesheet" href="//play.pokemonshowdown.com/style/utilichart.css?0.8627959624976733" />

<!-- Global site tag (gtag.js) - Google Analytics -->
<script async src="https://www.googletagmanager.com/gtag/js?id=UA-26211653-1"></script>
<script>
  window.dataLayer = window.dataLayer || [];
  function gtag(){dataLayer.push(arguments);}
  gtag('js', new Date());

  gtag('config', 'UA-26211653-1');
</script>
<!-- End Google Analytics -->
<!-- Venatus Ad Manager - Install in <HEAD> of page -->
	<script src="https://hb.vntsm.com/v3/live/ad-manager.min.js" type="text/javascript" data-site-id="642aba63ec9a7b11c3c9c1be" data-mode="scan" async></script>
<!-- / Venatus Ad Manager -->

<style>
	@media (max-width:820px) {
		.battle {
			margin: 0 auto;
		}
		.battle-log {
			margin: 7px auto 0;
			max-width: 640px;
			height: 300px;
			position: static;
		}
	}
	.optgroup {
		display: inline-block;
		line-height: 22px;
		font-size: 10pt;
	}
	.optgroup .button {
		height: 25px;
		padding-top: 0;
		padding-bottom: 0;
	}
	.optgroup button.button {
		padding-left: 12px;
		padding-right: 12px;
	}
	.linklist {
		list-style: none;
		margin: 0.5em 0;
		padding: 0;
	}
	.linklist li {
		padding: 2px 0;
	}
	.sidebar {
		float: left;
		width: 320px;
	}
	.bar-wrapper {
		max-width: 1100px;
		margin: 0 auto;
	}
	.bar-wrapper.has-sidebar {
		max-width: 1430px;
	}
	.mainbar {
		margin: 0;
		padding-right: 1px;
	}
	.mainbar.has-sidebar {
		margin-left: 330px;
	}
	@media (min-width: 1511px) {
		.sidebar {
			width: 400px;
		}
		.bar-wrapper.has-sidebar {
			max-width: 1510px;
		}
		.mainbar.has-sidebar {
			margin-left: 410px;
		}
	}
	.section.first-section {
		margin-top: 9px;
	}
	.blocklink small {
		white-space: normal;
	}
	.button {
		vertical-align: middle;
	}
	.replay-controls {
		padding-top: 10px;
	}
	.replay-controls h1 {
		font-size: 16pt;
		font-weight: normal;
		color: #CCC;
	}
	.pagelink {
		text-align: center;
	}
	.pagelink a {
		width: 150px;
	}
	.textbox, .button {
		font-size: 11pt;
		vertical-align: middle;
	}
	@media (max-width: 450px) {
		.button {
			font-size: 9pt;
		}
	}
</style>

<div>

	<header>
		<div class="nav-wrapper"><ul class="nav">
			<li><a class="button nav-first" href="//pokemonshowdown.com/"><img src="//pokemonshowdown.com/images/pokemonshowdownbeta.png" srcset="//pokemonshowdown.com/images/pokemonshowdownbeta.png 1x, //pokemonshowdown.com/images/pokemonshowdownbeta@2x.png 2x" alt="Pok&eacute;mon Showdown" width="146" height="44" /> Home</a></li>
			<li><a class="button" href="//pokemonshowdown.com/dex/">Pok&eacute;dex</a></li>
			<li><a class="button cur" href="/">Replays</a></li>
			<li><a class="button" href="//pokemonshowdown.com/ladder/">Ladder</a></li>
			<li><a class="button nav-last" href="//pokemonshowdown.com/forums/">Forum</a></li>
			<li><a class="button greenbutton nav-first nav-last" href="//play.pokemonshowdown.com/">Play</a></li>
		</ul></div>
	</header>

	<div class="main" id="main">

		<noscript><section class="section">You need to enable JavaScript to use this page; sorry!</section></noscript>

	</div>

</div>

<script defer nomodule src="//play.pokemonshowdown.com/js/lib/ps-polyfill.js"></script>
<script defer src="//play.pokemonshowdown.com/js/lib/preact.min.js"></script>

<script defer src="//play.pokemonshowdown.com/config/config.js?2bddbc15"></script>
<script defer src="//play.pokemonshowdown.com/js/lib/jquery-1.11.0.min.js"></script>
<script defer src="//play.pokemonshowdown.com/js/lib/html-sanitizer-minified.js"></script>
<script defer src="//play.pokemonshowdown.com/js/battle-sound.js"></script>
<script defer src="//play.pokemonshowdown.com/js/battledata.js?0.7209276989879541"></script>
<script defer src="//play.pokemonshowdown.com/data/pokedex-mini.js?0.6111056340867951"></script>
<script defer src="//play.pokemonshowdown.com/data/pokedex-mini-bw.js?0.3532142036491459"></script>
<script defer src="//play.pokemonshowdown.com/data/graphics.js?0.24223875632456182"></script>
<script defer src="//play.pokemonshowdown.com/data/pokedex.js?0.38839984266356864"></script>
<script defer src="//play.pokemonshowdown.com/data/moves.js?0.21866028504024015"></script>
<script defer src="//play.pokemonshowdown.com/data/abilities.js?0.2005157953846628"></script>
<script defer src="//play.pokemonshowdown.com/data/items.js?0.9894211263848525"></script>
<script defer src="//play.pokemonshowdown.com/data/teambuilder-tables.js?0.6008791140282215"></script>
<script defer src="//play.pokemonshowdown.com/js/battle-tooltips.js?0.7580118955022959"></script>
<script defer src="//play.pokemonshowdown.com/js/battle.js?0.6057722274234274"></script>

<script defer src="js/utils.js?e31f9a17"></script>
<script defer src="js/replays-battle.js?7008c182"></script>

<!-- don't scrape this data! just add .json or .log after the URL!
Full API docs: https://github.com/smogon/pokemon-showdown-client/blob/master/WEB-API.md -->
<script type="text/plain" class="log" id="replaylog-smogtours-gen3ou-794101">
|inactive|Battle timer is ON: inactive players will automatically lose when time's up.
|t:|1727906918
|gametype|singles
|player|p1|elale0803|266|
|player|p2|Colteor|#roaplixmauvillemagnetons|
|teamsize|p1|6
|teamsize|p2|6
|gen|3
|tier|[Gen 3] OU
|rule|Sleep Clause Mod: Limit one foe put to sleep
|rule|Switch Priority Clause Mod: Faster Pokémon switch first
|rule|Species Clause: Limit one of each Pokémon
|rule|OHKO Clause: OHKO moves are banned
|rule|Evasion Items Clause: Evasion items are banned
|rule|Evasion Moves Clause: Evasion moves are banned
|rule|Endless Battle Clause: Forcing endless battles is banned
|rule|HP Percentage Mod: HP is shown in percentages
|rule|One Boost Passer Clause: Limit one Baton Passer that has a way to boost its stats
|rule|Freeze Clause Mod: Limit one foe frozen
|
|t:|1727906918
|start
|switch|p1a: Quagsire Showdown|Tyranitar, M|100/100
|switch|p2a: Blaziken|Blaziken, M|100/100
|-weather|Sandstorm|[from] ability: Sand Stream|[of] p1a: Quagsire Showdown
|turn|1
|c|☆Colteor|gl hf
|c|☆elale0803|gl hf
|
|t:|1727906938
|switch|p1a: ウインディ|Arcanine, M|100/100
|-ability|p1a: ウインディ|Intimidate|boost
|-unboost|p2a: Blaziken|atk|1
|move|p2a: Blaziken|Sky Uppercut|p1a: ウインディ
|-damage|p1a: ウインディ|74/100
|
|-weather|Sandstorm|[upkeep]
|-damage|p1a: ウインディ|68/100|[from] Sandstorm
|-damage|p2a: Blaziken|95/100|[from] Sandstorm
|-heal|p1a: ウインディ|74/100|[from] item: Leftovers
|upkeep
|turn|2
|
|t:|1727906947
|move|p2a: Blaziken|Toxic|p1a: ウインディ
|-status|p1a: ウインディ|tox
|move|p1a: ウインディ|Roar|p2a: Blaziken
|drag|p2a: Salamence|Salamence, F|100/100
|-ability|p2a: Salamence|Intimidate|boost
|-unboost|p1a: ウインディ|atk|1
|
|-weather|Sandstorm|[upkeep]
|-damage|p1a: ウインディ|68/100 tox|[from] Sandstorm
|-damage|p2a: Salamence|94/100|[from] Sandstorm
|-heal|p1a: ウインディ|74/100 tox|[from] item: Leftovers
|-damage|p1a: ウインディ|68/100 tox|[from] psn
|-heal|p2a: Salamence|100/100|[from] item: Leftovers
|upkeep
|turn|3
|
|t:|1727906968
|switch|p1a: ヌオー (My Fav)|Quagsire, M|100/100
|move|p2a: Salamence|Earthquake|p1a: ヌオー (My Fav)
|-damage|p1a: ヌオー (My Fav)|74/100
|
|-weather|Sandstorm|[upkeep]
|-damage|p2a: Salamence|94/100|[from] Sandstorm
|-heal|p2a: Salamence|100/100|[from] item: Leftovers
|-heal|p1a: ヌオー (My Fav)|80/100|[from] item: Leftovers
|upkeep
|turn|4
|
|t:|1727906976
|switch|p2a: Celebi|Celebi|100/100
|move|p1a: ヌオー (My Fav)|Protect||[still]
|-fail|p1a: ヌオー (My Fav)
|
|-weather|Sandstorm|[upkeep]
|-damage|p2a: Celebi|94/100|[from] Sandstorm
|-heal|p2a: Celebi|100/100|[from] item: Leftovers
|-heal|p1a: ヌオー (My Fav)|86/100|[from] item: Leftovers
|upkeep
|turn|5
|
|t:|1727906986
|switch|p1a: Quagsire Showdown|Tyranitar, M|100/100
|move|p2a: Celebi|Giga Drain|p1a: Quagsire Showdown
|-supereffective|p1a: Quagsire Showdown
|-damage|p1a: Quagsire Showdown|65/100
|
|-weather|Sandstorm|[upkeep]
|-damage|p2a: Celebi|94/100|[from] Sandstorm
|-heal|p2a: Celebi|100/100|[from] item: Leftovers
|-heal|p1a: Quagsire Showdown|71/100|[from] item: Leftovers
|upkeep
|turn|6
|
|t:|1727906993
|switch|p2a: Swampert|Swampert, F|100/100
|move|p1a: Quagsire Showdown|Earthquake|p2a: Swampert
|-damage|p2a: Swampert|62/100
|
|-weather|Sandstorm|[upkeep]
|-heal|p2a: Swampert|68/100|[from] item: Leftovers
|-heal|p1a: Quagsire Showdown|77/100|[from] item: Leftovers
|upkeep
|turn|7
|
|t:|1727907004
|switch|p1a: ムウマ|Misdreavus, M|100/100
|move|p2a: Swampert|Hydro Pump|p1a: ムウマ|[miss]
|-miss|p2a: Swampert|p1a: ムウマ
|
|-weather|Sandstorm|[upkeep]
|-damage|p1a: ムウマ|94/100|[from] Sandstorm
|-heal|p1a: ムウマ|100/100|[from] item: Leftovers
|-heal|p2a: Swampert|74/100|[from] item: Leftovers
|upkeep
|turn|8
|
|t:|1727907016
|move|p1a: ムウマ|Mean Look|p2a: Swampert
|-activate|p2a: Swampert|trapped
|move|p2a: Swampert|Hydro Pump|p1a: ムウマ
|-damage|p1a: ムウマ|55/100
|
|-weather|Sandstorm|[upkeep]
|-damage|p1a: ムウマ|49/100|[from] Sandstorm
|-heal|p1a: ムウマ|55/100|[from] item: Leftovers
|-heal|p2a: Swampert|81/100|[from] item: Leftovers
|upkeep
|turn|9
|
|t:|1727907026
|move|p1a: ムウマ|Perish Song|p1a: ムウマ
|-start|p1a: ムウマ|perish3|[silent]
|-start|p2a: Swampert|perish3|[silent]
|-fieldactivate|move: Perish Song
|move|p2a: Swampert|Ice Beam|p1a: ムウマ
|-damage|p1a: ムウマ|32/100
|
|-weather|Sandstorm|[upkeep]
|-damage|p1a: ムウマ|26/100|[from] Sandstorm
|-heal|p1a: ムウマ|32/100|[from] item: Leftovers
|-heal|p2a: Swampert|87/100|[from] item: Leftovers
|-start|p1a: ムウマ|perish3
|-start|p2a: Swampert|perish3
|upkeep
|turn|10
|
|t:|1727907030
|move|p1a: ムウマ|Protect|p1a: ムウマ
|-singleturn|p1a: ムウマ|Protect
|move|p2a: Swampert|Hydro Pump|p1a: ムウマ
|-activate|p1a: ムウマ|Protect
|
|-weather|Sandstorm|[upkeep]
|-damage|p1a: ムウマ|26/100|[from] Sandstorm
|-heal|p1a: ムウマ|32/100|[from] item: Leftovers
|-heal|p2a: Swampert|93/100|[from] item: Leftovers
|-start|p1a: ムウマ|perish2
|-start|p2a: Swampert|perish2
|upkeep
|turn|11
|
|t:|1727907034
|move|p1a: ムウマ|Rest|p1a: ムウマ
|-status|p1a: ムウマ|slp|[from] move: Rest
|-heal|p1a: ムウマ|100/100 slp|[silent]
|move|p2a: Swampert|Hydro Pump|p1a: ムウマ|[miss]
|-miss|p2a: Swampert|p1a: ムウマ
|
|-weather|Sandstorm|[upkeep]
|-damage|p1a: ムウマ|94/100 slp|[from] Sandstorm
|-heal|p1a: ムウマ|100/100 slp|[from] item: Leftovers
|-heal|p2a: Swampert|99/100|[from] item: Leftovers
|-start|p1a: ムウマ|perish1
|-start|p2a: Swampert|perish1
|upkeep
|turn|12
|
|t:|1727907044
|-singleturn|p2a: Swampert|move: Focus Punch
|switch|p1a: ヌオー (My Fav)|Quagsire, M|86/100
|move|p2a: Swampert|Focus Punch|p1a: ヌオー (My Fav)
|-damage|p1a: ヌオー (My Fav)|59/100
|
|-weather|Sandstorm|[upkeep]
|-heal|p2a: Swampert|100/100|[from] item: Leftovers
|-heal|p1a: ヌオー (My Fav)|65/100|[from] item: Leftovers
|-start|p2a: Swampert|perish0
|upkeep
|faint|p2a: Swampert
|
|t:|1727907062
|switch|p2a: Celebi|Celebi|100/100
|turn|13
|
|t:|1727907067
|switch|p1a: ハピナス|Blissey, F|100/100
|move|p2a: Celebi|Giga Drain|p1a: ハピナス
|-damage|p1a: ハピナス|92/100
|
|-weather|Sandstorm|[upkeep]
|-damage|p2a: Celebi|94/100|[from] Sandstorm
|-damage|p1a: ハピナス|85/100|[from] Sandstorm
|-heal|p2a: Celebi|100/100|[from] item: Leftovers
|-heal|p1a: ハピナス|92/100|[from] item: Leftovers
|upkeep
|turn|14
|
|t:|1727907075
|switch|p2a: Metagross|Metagross|100/100
|move|p1a: ハピナス|Toxic|p2a: Metagross
|-immune|p2a: Metagross
|
|-weather|Sandstorm|[upkeep]
|-damage|p1a: ハピナス|85/100|[from] Sandstorm
|-heal|p1a: ハピナス|92/100|[from] item: Leftovers
|upkeep
|turn|15
|
|t:|1727907081
|switch|p1a: エアームド|Skarmory, F|100/100
|move|p2a: Metagross|Earthquake|p1a: エアームド
|-immune|p1a: エアームド
|
|-weather|Sandstorm|[upkeep]
|upkeep
|turn|16
|
|t:|1727907095
|switch|p2a: Blaziken|Blaziken, M|95/100
|move|p1a: エアームド|Spikes|p2a: Blaziken
|-sidestart|p2: Colteor|Spikes
|
|-weather|Sandstorm|[upkeep]
|-damage|p2a: Blaziken|89/100|[from] Sandstorm
|upkeep
|turn|17
|
|t:|1727907107
|switch|p1a: ムウマ|Misdreavus, M|100/100 slp
|move|p2a: Blaziken|Fire Blast|p1a: ムウマ|[miss]
|-miss|p2a: Blaziken|p1a: ムウマ
|
|-weather|Sandstorm|[upkeep]
|-damage|p2a: Blaziken|83/100|[from] Sandstorm
|-damage|p1a: ムウマ|94/100 slp|[from] Sandstorm
|-heal|p1a: ムウマ|100/100 slp|[from] item: Leftovers
|upkeep
|turn|18
|
|t:|1727907113
|move|p2a: Blaziken|Fire Blast|p1a: ムウマ|[miss]
|-miss|p2a: Blaziken|p1a: ムウマ
|cant|p1a: ムウマ|slp
|
|-weather|Sandstorm|[upkeep]
|-damage|p2a: Blaziken|77/100|[from] Sandstorm
|-damage|p1a: ムウマ|94/100 slp|[from] Sandstorm
|-heal|p1a: ムウマ|100/100 slp|[from] item: Leftovers
|upkeep
|turn|19
|
|t:|1727907122
|move|p2a: Blaziken|Fire Blast|p1a: ムウマ
|-damage|p1a: ムウマ|53/100 slp
|cant|p1a: ムウマ|slp
|
|-weather|Sandstorm|[upkeep]
|-damage|p2a: Blaziken|71/100|[from] Sandstorm
|-damage|p1a: ムウマ|47/100 slp|[from] Sandstorm
|-heal|p1a: ムウマ|53/100 slp|[from] item: Leftovers
|upkeep
|turn|20
|
|t:|1727907132
|move|p2a: Blaziken|Fire Blast|p1a: ムウマ|[miss]
|-miss|p2a: Blaziken|p1a: ムウマ
|-curestatus|p1a: ムウマ|slp|[msg]
|move|p1a: ムウマ|Mean Look|p2a: Blaziken
|-activate|p2a: Blaziken|trapped
|
|-weather|Sandstorm|[upkeep]
|-damage|p2a: Blaziken|65/100|[from] Sandstorm
|-damage|p1a: ムウマ|47/100|[from] Sandstorm
|-heal|p1a: ムウマ|53/100|[from] item: Leftovers
|upkeep
|turn|21
|
|t:|1727907149
|move|p1a: ムウマ|Protect|p1a: ムウマ
|-singleturn|p1a: ムウマ|Protect
|move|p2a: Blaziken|Fire Blast|p1a: ムウマ
|-activate|p1a: ムウマ|Protect
|
|-weather|Sandstorm|[upkeep]
|-damage|p2a: Blaziken|59/100|[from] Sandstorm
|-damage|p1a: ムウマ|47/100|[from] Sandstorm
|-heal|p1a: ムウマ|53/100|[from] item: Leftovers
|upkeep
|turn|22
|
|t:|1727907156
|move|p2a: Blaziken|Fire Blast|p1a: ムウマ|[miss]
|-miss|p2a: Blaziken|p1a: ムウマ
|move|p1a: ムウマ|Perish Song|p1a: ムウマ
|-start|p1a: ムウマ|perish3|[silent]
|-start|p2a: Blaziken|perish3|[silent]
|-fieldactivate|move: Perish Song
|
|-weather|Sandstorm|[upkeep]
|-damage|p2a: Blaziken|53/100|[from] Sandstorm
|-damage|p1a: ムウマ|47/100|[from] Sandstorm
|-heal|p1a: ムウマ|53/100|[from] item: Leftovers
|-start|p2a: Blaziken|perish3
|-start|p1a: ムウマ|perish3
|upkeep
|turn|23
|
|t:|1727907159
|move|p1a: ムウマ|Protect|p1a: ムウマ
|-singleturn|p1a: ムウマ|Protect
|move|p2a: Blaziken|Hidden Power|p1a: ムウマ
|-activate|p1a: ムウマ|Protect
|
|-weather|Sandstorm|[upkeep]
|-damage|p2a: Blaziken|47/100|[from] Sandstorm
|-damage|p1a: ムウマ|47/100|[from] Sandstorm
|-heal|p1a: ムウマ|53/100|[from] item: Leftovers
|-start|p2a: Blaziken|perish2
|-start|p1a: ムウマ|perish2
|upkeep
|turn|24
|
|t:|1727907167
|move|p2a: Blaziken|Fire Blast|p1a: ムウマ
|-damage|p1a: ムウマ|9/100
|move|p1a: ムウマ|Rest|p1a: ムウマ
|-status|p1a: ムウマ|slp|[from] move: Rest
|-heal|p1a: ムウマ|100/100 slp|[silent]
|
|-weather|Sandstorm|[upkeep]
|-damage|p2a: Blaziken|41/100|[from] Sandstorm
|-damage|p1a: ムウマ|94/100 slp|[from] Sandstorm
|-heal|p1a: ムウマ|100/100 slp|[from] item: Leftovers
|-start|p2a: Blaziken|perish1
|-start|p1a: ムウマ|perish1
|upkeep
|turn|25
|
|t:|1727907175
|switch|p1a: ウインディ|Arcanine, M|68/100 tox
|-ability|p1a: ウインディ|Intimidate|boost
|-unboost|p2a: Blaziken|atk|1
|move|p2a: Blaziken|Sky Uppercut|p1a: ウインディ
|-damage|p1a: ウインディ|44/100 tox
|
|-weather|Sandstorm|[upkeep]
|-damage|p1a: ウインディ|38/100 tox|[from] Sandstorm
|-damage|p2a: Blaziken|35/100|[from] Sandstorm
|-heal|p1a: ウインディ|44/100 tox|[from] item: Leftovers
|-damage|p1a: ウインディ|38/100 tox|[from] psn
|-start|p2a: Blaziken|perish0
|upkeep
|faint|p2a: Blaziken
|
|t:|1727907187
|switch|p2a: Salamence|Salamence, F|100/100
|-ability|p2a: Salamence|Intimidate|boost
|-unboost|p1a: ウインディ|atk|1
|turn|26
|
|t:|1727907203
|switch|p1a: エアームド|Skarmory, F|100/100
|move|p2a: Salamence|Hidden Power|p1a: エアームド
|-resisted|p1a: エアームド
|-damage|p1a: エアームド|85/100
|
|-weather|Sandstorm|[upkeep]
|-damage|p2a: Salamence|94/100|[from] Sandstorm
|-heal|p2a: Salamence|100/100|[from] item: Leftovers
|-heal|p1a: エアームド|91/100|[from] item: Leftovers
|upkeep
|turn|27
|
|t:|1727907214
|switch|p2a: Gengar|Gengar, M|100/100
|move|p1a: エアームド|Spikes|p2a: Gengar
|-sidestart|p2: Colteor|Spikes
|
|-weather|Sandstorm|[upkeep]
|-damage|p2a: Gengar|94/100|[from] Sandstorm
|-heal|p2a: Gengar|100/100|[from] item: Leftovers
|-heal|p1a: エアームド|97/100|[from] item: Leftovers
|upkeep
|turn|28
|
|t:|1727907221
|move|p1a: エアームド|Protect|p1a: エアームド
|-singleturn|p1a: エアームド|Protect
|move|p2a: Gengar|Fire Punch|p1a: エアームド
|-activate|p1a: エアームド|Protect
|
|-weather|Sandstorm|[upkeep]
|-damage|p2a: Gengar|94/100|[from] Sandstorm
|-heal|p2a: Gengar|100/100|[from] item: Leftovers
|-heal|p1a: エアームド|100/100|[from] item: Leftovers
|upkeep
|turn|29
|c|+siglut|The misdreavus blaziken interaction goes on the highlight reel for sure
|c|+SuperEpicAmpharos|im sayin dude
|
|t:|1727907235
|switch|p1a: ハピナス|Blissey, F|92/100
|move|p2a: Gengar|Fire Punch|p1a: ハピナス
|-damage|p1a: ハピナス|80/100
|
|-weather|Sandstorm|[upkeep]
|-damage|p2a: Gengar|94/100|[from] Sandstorm
|-damage|p1a: ハピナス|74/100|[from] Sandstorm
|-heal|p2a: Gengar|100/100|[from] item: Leftovers
|-heal|p1a: ハピナス|80/100|[from] item: Leftovers
|upkeep
|turn|30
|c|+zacpz|I am 10000% commentating this
|
|t:|1727907252
|switch|p1a: エアームド|Skarmory, F|100/100
|move|p2a: Gengar|Explosion|p1a: エアームド
|-resisted|p1a: エアームド
|-damage|p1a: エアームド|74/100
|faint|p2a: Gengar
|inactive|Colteor has 270 seconds left.
|
|t:|1727907293
|switch|p2a: Celebi|Celebi|100/100
|-damage|p2a: Celebi|84/100|[from] Spikes
|
|-weather|Sandstorm|[upkeep]
|-damage|p2a: Celebi|78/100|[from] Sandstorm
|-heal|p2a: Celebi|84/100|[from] item: Leftovers
|-heal|p1a: エアームド|80/100|[from] item: Leftovers
|upkeep
|turn|31
|
|t:|1727907300
|move|p2a: Celebi|Hidden Power|p1a: エアームド
|-supereffective|p1a: エアームド
|-damage|p1a: エアームド|46/100
|move|p1a: エアームド|Roar|p2a: Celebi
|drag|p2a: Metagross|Metagross|100/100
|-damage|p2a: Metagross|84/100|[from] Spikes
|
|-weather|Sandstorm|[upkeep]
|-heal|p1a: エアームド|52/100|[from] item: Leftovers
|upkeep
|turn|32
|
|t:|1727907306
|move|p2a: Metagross|Meteor Mash|p1a: エアームド
|-resisted|p1a: エアームド
|-damage|p1a: エアームド|29/100
|move|p1a: エアームド|Spikes|p2a: Metagross
|-sidestart|p2: Colteor|Spikes
|
|-weather|Sandstorm|[upkeep]
|-heal|p1a: エアームド|35/100|[from] item: Leftovers
|upkeep
|turn|33
|
|t:|1727907313
|move|p1a: エアームド|Protect|p1a: エアームド
|-singleturn|p1a: エアームド|Protect
|move|p2a: Metagross|Meteor Mash|p1a: エアームド
|-activate|p1a: エアームド|Protect
|
|-weather|Sandstorm|[upkeep]
|-heal|p1a: エアームド|41/100|[from] item: Leftovers
|upkeep
|turn|34
|
|t:|1727907322
|move|p2a: Metagross|Meteor Mash|p1a: エアームド
|-resisted|p1a: エアームド
|-damage|p1a: エアームド|20/100
|-boost|p2a: Metagross|atk|1
|move|p1a: エアームド|Roar|p2a: Metagross
|drag|p2a: Celebi|Celebi|84/100
|-damage|p2a: Celebi|59/100|[from] Spikes
|
|-weather|Sandstorm|[upkeep]
|-damage|p2a: Celebi|53/100|[from] Sandstorm
|-heal|p2a: Celebi|59/100|[from] item: Leftovers
|-heal|p1a: エアームド|26/100|[from] item: Leftovers
|upkeep
|turn|35
|
|t:|1727907331
|move|p2a: Celebi|Calm Mind|p2a: Celebi
|-boost|p2a: Celebi|spa|1
|-boost|p2a: Celebi|spd|1
|move|p1a: エアームド|Toxic|p2a: Celebi
|-status|p2a: Celebi|tox
|
|-weather|Sandstorm|[upkeep]
|-damage|p2a: Celebi|53/100 tox|[from] Sandstorm
|-heal|p2a: Celebi|59/100 tox|[from] item: Leftovers
|-damage|p2a: Celebi|53/100 tox|[from] psn
|-heal|p1a: エアームド|32/100|[from] item: Leftovers
|upkeep
|turn|36
|
|t:|1727907335
|move|p1a: エアームド|Protect|p1a: エアームド
|-singleturn|p1a: エアームド|Protect
|move|p2a: Celebi|Hidden Power|p1a: エアームド
|-activate|p1a: エアームド|Protect
|
|-weather|Sandstorm|[upkeep]
|-damage|p2a: Celebi|47/100 tox|[from] Sandstorm
|-heal|p2a: Celebi|53/100 tox|[from] item: Leftovers
|-damage|p2a: Celebi|40/100 tox|[from] psn
|-heal|p1a: エアームド|38/100|[from] item: Leftovers
|upkeep
|turn|37
|
|t:|1727907342
|-curestatus|p2a: Celebi|tox|[from] ability: Natural Cure
|switch|p2a: Metagross|Metagross|84/100
|-damage|p2a: Metagross|59/100|[from] Spikes
|switch|p1a: ハピナス|Blissey, F|80/100
|
|-weather|Sandstorm|[upkeep]
|-damage|p1a: ハピナス|74/100|[from] Sandstorm
|-heal|p1a: ハピナス|80/100|[from] item: Leftovers
|upkeep
|turn|38
|
|t:|1727907357
|switch|p1a: エアームド|Skarmory, F|38/100
|move|p2a: Metagross|Meteor Mash|p1a: エアームド
|-resisted|p1a: エアームド
|-damage|p1a: エアームド|14/100
|
|-weather|Sandstorm|[upkeep]
|-heal|p1a: エアームド|20/100|[from] item: Leftovers
|upkeep
|turn|39
|
|t:|1727907367
|move|p2a: Metagross|Meteor Mash|p1a: エアームド
|-resisted|p1a: エアームド
|-damage|p1a: エアームド|0 fnt
|faint|p1a: エアームド
|
|t:|1727907375
|switch|p1a: ヌオー (My Fav)|Quagsire, M|65/100
|
|-weather|Sandstorm|[upkeep]
|-heal|p1a: ヌオー (My Fav)|71/100|[from] item: Leftovers
|upkeep
|turn|40
|inactive|Colteor has 270 seconds left.
|
|t:|1727907419
|move|p2a: Metagross|Explosion|p1a: ヌオー (My Fav)
|-damage|p1a: ヌオー (My Fav)|0 fnt
|faint|p2a: Metagross
|faint|p1a: ヌオー (My Fav)
|
|t:|1727907438
|switch|p2a: Celebi|Celebi|40/100
|switch|p1a: Quagsire Showdown|Tyranitar, M|77/100
|-damage|p2a: Celebi|15/100|[from] Spikes
|
|-weather|Sandstorm|[upkeep]
|-damage|p2a: Celebi|9/100|[from] Sandstorm
|-heal|p2a: Celebi|15/100|[from] item: Leftovers
|-heal|p1a: Quagsire Showdown|83/100|[from] item: Leftovers
|upkeep
|turn|41
|
|t:|1727907442
|move|p2a: Celebi|Giga Drain|p1a: Quagsire Showdown
|-supereffective|p1a: Quagsire Showdown
|-damage|p1a: Quagsire Showdown|42/100
|-heal|p2a: Celebi|36/100|[from] drain|[of] p1a: Quagsire Showdown
|move|p1a: Quagsire Showdown|Rock Slide|p2a: Celebi
|-damage|p2a: Celebi|5/100
|
|-weather|Sandstorm|[upkeep]
|-damage|p2a: Celebi|0 fnt|[from] Sandstorm
|faint|p2a: Celebi
|-heal|p1a: Quagsire Showdown|48/100|[from] item: Leftovers
|upkeep
|
|t:|1727907444
|switch|p2a: Salamence|Salamence, F|100/100
|-ability|p2a: Salamence|Intimidate|boost
|-unboost|p1a: Quagsire Showdown|atk|1
|turn|42
|
|t:|1727907451
|switch|p1a: ウインディ|Arcanine, M|38/100 tox
|-ability|p1a: ウインディ|Intimidate|boost
|-unboost|p2a: Salamence|atk|1
|move|p2a: Salamence|Dragon Dance|p2a: Salamence
|-boost|p2a: Salamence|atk|1
|-boost|p2a: Salamence|spe|1
|
|-weather|Sandstorm|[upkeep]
|-damage|p2a: Salamence|94/100|[from] Sandstorm
|-damage|p1a: ウインディ|31/100 tox|[from] Sandstorm
|-heal|p2a: Salamence|100/100|[from] item: Leftovers
|-heal|p1a: ウインディ|38/100 tox|[from] item: Leftovers
|-damage|p1a: ウインディ|31/100 tox|[from] psn
|upkeep
|turn|43
|
|t:|1727907461
|move|p2a: Salamence|Dragon Dance|p2a: Salamence
|-boost|p2a: Salamence|atk|1
|-boost|p2a: Salamence|spe|1
|move|p1a: ウインディ|Toxic|p2a: Salamence
|-status|p2a: Salamence|tox
|
|-weather|Sandstorm|[upkeep]
|-damage|p2a: Salamence|94/100 tox|[from] Sandstorm
|-damage|p1a: ウインディ|25/100 tox|[from] Sandstorm
|-heal|p2a: Salamence|100/100 tox|[from] item: Leftovers
|-damage|p2a: Salamence|94/100 tox|[from] psn
|-heal|p1a: ウインディ|31/100 tox|[from] item: Leftovers
|-damage|p1a: ウインディ|19/100 tox|[from] psn
|upkeep
|turn|44
|inactive|Colteor has 270 seconds left.
|
|t:|1727907492
|switch|p1a: ハピナス|Blissey, F|80/100
|move|p2a: Salamence|Dragon Dance|p2a: Salamence
|-boost|p2a: Salamence|atk|1
|-boost|p2a: Salamence|spe|1
|
|-weather|Sandstorm|[upkeep]
|-damage|p2a: Salamence|88/100 tox|[from] Sandstorm
|-damage|p1a: ハピナス|74/100|[from] Sandstorm
|-heal|p2a: Salamence|94/100 tox|[from] item: Leftovers
|-damage|p2a: Salamence|82/100 tox|[from] psn
|-heal|p1a: ハピナス|80/100|[from] item: Leftovers
|upkeep
|turn|45
|
|t:|1727907507
|move|p2a: Salamence|Hidden Power|p1a: ハピナス
|-damage|p1a: ハピナス|0 fnt
|faint|p1a: ハピナス
|
|t:|1727907511
|switch|p1a: ウインディ|Arcanine, M|19/100 tox
|-ability|p1a: ウインディ|Intimidate|boost
|-unboost|p2a: Salamence|atk|1
|
|-weather|Sandstorm|[upkeep]
|-damage|p2a: Salamence|76/100 tox|[from] Sandstorm
|-damage|p1a: ウインディ|13/100 tox|[from] Sandstorm
|-heal|p2a: Salamence|82/100 tox|[from] item: Leftovers
|-damage|p2a: Salamence|64/100 tox|[from] psn
|-heal|p1a: ウインディ|19/100 tox|[from] item: Leftovers
|-damage|p1a: ウインディ|13/100 tox|[from] psn
|upkeep
|turn|46
|
|t:|1727907522
|switch|p1a: Quagsire Showdown|Tyranitar, M|48/100
|move|p2a: Salamence|Earthquake|p1a: Quagsire Showdown
|-supereffective|p1a: Quagsire Showdown
|-damage|p1a: Quagsire Showdown|0 fnt
|faint|p1a: Quagsire Showdown
|
|t:|1727907528
|switch|p1a: ウインディ|Arcanine, M|13/100 tox
|-ability|p1a: ウインディ|Intimidate|boost
|-unboost|p2a: Salamence|atk|1
|
|-weather|Sandstorm|[upkeep]
|-damage|p2a: Salamence|58/100 tox|[from] Sandstorm
|-damage|p1a: ウインディ|6/100 tox|[from] Sandstorm
|-heal|p2a: Salamence|64/100 tox|[from] item: Leftovers
|-damage|p2a: Salamence|40/100 tox|[from] psn
|-heal|p1a: ウインディ|13/100 tox|[from] item: Leftovers
|-damage|p1a: ウインディ|6/100 tox|[from] psn
|upkeep
|turn|47
|
|t:|1727907538
|move|p2a: Salamence|Hidden Power|p1a: ウインディ
|-damage|p1a: ウインディ|0 fnt
|faint|p1a: ウインディ
|
|t:|1727907540
|switch|p1a: ムウマ|Misdreavus, M|100/100 slp
|
|-weather|Sandstorm|[upkeep]
|-damage|p2a: Salamence|34/100 tox|[from] Sandstorm
|-damage|p1a: ムウマ|94/100 slp|[from] Sandstorm
|-heal|p2a: Salamence|40/100 tox|[from] item: Leftovers
|-damage|p2a: Salamence|10/100 tox|[from] psn
|-heal|p1a: ムウマ|100/100 slp|[from] item: Leftovers
|upkeep
|turn|48
|
|t:|1727907544
|cant|p1a: ムウマ|slp
|move|p2a: Salamence|Hidden Power|p1a: ムウマ
|-damage|p1a: ムウマ|40/100 slp
|
|-weather|Sandstorm|[upkeep]
|-damage|p2a: Salamence|4/100 tox|[from] Sandstorm
|-damage|p1a: ムウマ|34/100 slp|[from] Sandstorm
|-heal|p2a: Salamence|10/100 tox|[from] item: Leftovers
|-damage|p2a: Salamence|0 fnt|[from] psn
|faint|p2a: Salamence
|
|win|elale0803
|upkeep
|c|☆Colteor|gg
|c|☆elale0803|gg
|player|p1|

</script>
<script type="application/json" class="data" id="replaydata-smogtours-gen3ou-794101">
{"id":"smogtours-gen3ou-794101","format":"[Gen 3] OU","players":["elale0803","Colteor"],"uploadtime":1727907544,"views":241,"formatid":"gen3ou","rating":null,"private":0,"password":null}
</script>

<script defer src="js/replays.js?9d40a366"></script>
