<!DOCTYPE html>
<meta charset="utf-8" />
<meta name="viewport" content="width=device-width" />

<title>[Gen 3] OU: VZR vs. zacpz - Replays - Pok&eacute;mon Showdown!</title>

<meta name="description" content="Watch a replay of a Pok&eacute;mon battle between VZR and zacpz! Format: [Gen 3] OU; Date: Oct 13, 2024" />
<!--

Hey, you! Looking in the source for the replay log?

You can find them in JSON format, just add `.json` at the end of a replay URL.

https://replay.pokemonshowdown.com/gen7randomdoublesbattle-865046831.json

Or, if you only need the log itself, add `.log` instead:

https://replay.pokemonshowdown.com/gen7randomdoublesbattle-865046831.log

-->

<link rel="stylesheet" href="//pokemonshowdown.com/style/global.css?0.767286132409787" />
<link rel="stylesheet" href="//play.pokemonshowdown.com/style/font-awesome.css?0.9266228007934947" />
<link rel="stylesheet" href="//play.pokemonshowdown.com/style/battle.css?0.7924700842790926" />
<link rel="stylesheet" href="//play.pokemonshowdown.com/style/utilichart.css?0.8777417872839479" />

<!-- Global site tag (gtag.js) - Google Analytics -->
<script async src="https://www.googletagmanager.com/gtag/js?id=UA-26211653-1"></script>
<script>
  window.dataLayer = window.dataLayer || [];
  function gtag(){dataLayer.push(arguments);}
  gtag('js', new Date());

  gtag('config', 'UA-26211653-1');
</script>
<!-- End Google Analytics -->
<!-- Venatus Ad Manager - Install in <HEAD> of page -->
	<script src="https://hb.vntsm.com/v3/live/ad-manager.min.js" type="text/javascript" data-site-id="642aba63ec9a7b11c3c9c1be" data-mode="scan" async></script>
<!-- / Venatus Ad Manager -->

<style>
	@media (max-width:820px) {
		.battle {
			margin: 0 auto;
		}
		.battle-log {
			margin: 7px auto 0;
			max-width: 640px;
			height: 300px;
			position: static;
		}
	}
	.optgroup {
		display: inline-block;
		line-height: 22px;
		font-size: 10pt;
	}
	.optgroup .button {
		height: 25px;
		padding-top: 0;
		padding-bottom: 0;
	}
	.optgroup button.button {
		padding-left: 12px;
		padding-right: 12px;
	}
	.linklist {
		list-style: none;
		margin: 0.5em 0;
		padding: 0;
	}
	.linklist li {
		padding: 2px 0;
	}
	.sidebar {
		float: left;
		width: 320px;
	}
	.bar-wrapper {
		max-width: 1100px;
		margin: 0 auto;
	}
	.bar-wrapper.has-sidebar {
		max-width: 1430px;
	}
	.mainbar {
		margin: 0;
		padding-right: 1px;
	}
	.mainbar.has-sidebar {
		margin-left: 330px;
	}
	@media (min-width: 1511px) {
		.sidebar {
			width: 400px;
		}
		.bar-wrapper.has-sidebar {
			max-width: 1510px;
		}
		.mainbar.has-sidebar {
			margin-left: 410px;
		}
	}
	.section.first-section {
		margin-top: 9px;
	}
	.blocklink small {
		white-space: normal;
	}
	.button {
		vertical-align: middle;
	}
	.replay-controls {
		padding-top: 10px;
	}
	.replay-controls h1 {
		font-size: 16pt;
		font-weight: normal;
		color: #CCC;
	}
	.pagelink {
		text-align: center;
	}
	.pagelink a {
		width: 150px;
	}
	.textbox, .button {
		font-size: 11pt;
		vertical-align: middle;
	}
	@media (max-width: 450px) {
		.button {
			font-size: 9pt;
		}
	}
</style>

<div>

	<header>
		<div class="nav-wrapper"><ul class="nav">
			<li><a class="button nav-first" href="//pokemonshowdown.com/"><img src="//pokemonshowdown.com/images/pokemonshowdownbeta.png" srcset="//pokemonshowdown.com/images/pokemonshowdownbeta.png 1x, //pokemonshowdown.com/images/pokemonshowdownbeta@2x.png 2x" alt="Pok&eacute;mon Showdown" width="146" height="44" /> Home</a></li>
			<li><a class="button" href="//pokemonshowdown.com/dex/">Pok&eacute;dex</a></li>
			<li><a class="button cur" href="/">Replays</a></li>
			<li><a class="button" href="//pokemonshowdown.com/ladder/">Ladder</a></li>
			<li><a class="button nav-last" href="//pokemonshowdown.com/forums/">Forum</a></li>
			<li><a class="button greenbutton nav-first nav-last" href="//play.pokemonshowdown.com/">Play</a></li>
		</ul></div>
	</header>

	<div class="main" id="main">

		<noscript><section class="section">You need to enable JavaScript to use this page; sorry!</section></noscript>

	</div>

</div>

<script defer nomodule src="//play.pokemonshowdown.com/js/lib/ps-polyfill.js"></script>
<script defer src="//play.pokemonshowdown.com/js/lib/preact.min.js"></script>

<script defer src="//play.pokemonshowdown.com/config/config.js?6dec07f6"></script>
<script defer src="//play.pokemonshowdown.com/js/lib/jquery-1.11.0.min.js"></script>
<script defer src="//play.pokemonshowdown.com/js/lib/html-sanitizer-minified.js"></script>
<script defer src="//play.pokemonshowdown.com/js/battle-sound.js"></script>
<script defer src="//play.pokemonshowdown.com/js/battledata.js?0.6315294753075389"></script>
<script defer src="//play.pokemonshowdown.com/data/pokedex-mini.js?0.7603743185311358"></script>
<script defer src="//play.pokemonshowdown.com/data/pokedex-mini-bw.js?0.030888842834281283"></script>
<script defer src="//play.pokemonshowdown.com/data/graphics.js?0.05593094747507488"></script>
<script defer src="//play.pokemonshowdown.com/data/pokedex.js?0.47064822249611904"></script>
<script defer src="//play.pokemonshowdown.com/data/moves.js?0.8583693120512459"></script>
<script defer src="//play.pokemonshowdown.com/data/abilities.js?0.16017181182386842"></script>
<script defer src="//play.pokemonshowdown.com/data/items.js?0.4163379185673943"></script>
<script defer src="//play.pokemonshowdown.com/data/teambuilder-tables.js?0.31075597372830477"></script>
<script defer src="//play.pokemonshowdown.com/js/battle-tooltips.js?0.6536193500708172"></script>
<script defer src="//play.pokemonshowdown.com/js/battle.js?0.1916591943277901"></script>

<script defer src="js/utils.js?e31f9a17"></script>
<script defer src="js/replays-battle.js?7008c182"></script>

<!-- don't scrape this data! just add .json or .log after the URL!
Full API docs: https://github.com/smogon/pokemon-showdown-client/blob/master/WEB-API.md -->
<script type="text/plain" class="log" id="replaylog-smogtours-gen3ou-798191">
|inactive|Battle timer is ON: inactive players will automatically lose when time's up.
|t:|1728840094
|gametype|singles
|player|p1|VZR|veteran|
|player|p2|zacpz|#roaplxyorknewyanma|
|teamsize|p1|6
|teamsize|p2|6
|gen|3
|tier|[Gen 3] OU
|rule|Sleep Clause Mod: Limit one foe put to sleep
|rule|Switch Priority Clause Mod: Faster Pokémon switch first
|rule|Species Clause: Limit one of each Pokémon
|rule|OHKO Clause: OHKO moves are banned
|rule|Evasion Items Clause: Evasion items are banned
|rule|Evasion Moves Clause: Evasion moves are banned
|rule|Endless Battle Clause: Forcing endless battles is banned
|rule|HP Percentage Mod: HP is shown in percentages
|rule|One Boost Passer Clause: Limit one Baton Passer that has a way to boost its stats
|rule|Freeze Clause Mod: Limit one foe frozen
|
|t:|1728840094
|start
|switch|p1a: 보만다|Salamence, M|100/100
|switch|p2a: Swampert|Swampert, M|100/100
|-ability|p1a: 보만다|Intimidate|boost
|-unboost|p2a: Swampert|atk|1
|turn|1
|c|☆zacpz|hf
|c|☆VZR|u2!
|
|t:|1728840121
|switch|p1a: 메타그로스|Metagross|100/100
|switch|p2a: Zapdos|Zapdos|100/100
|
|upkeep
|turn|2
|
|t:|1728840139
|move|p2a: Zapdos|Thunderbolt|p1a: 메타그로스
|-damage|p1a: 메타그로스|53/100
|move|p1a: 메타그로스|Rock Slide|p2a: Zapdos
|-supereffective|p2a: Zapdos
|-damage|p2a: Zapdos|3/100
|
|-heal|p2a: Zapdos|9/100|[from] item: Leftovers
|upkeep
|turn|3
|
|t:|1728840154
|switch|p2a: Swampert|Swampert, M|100/100
|switch|p1a: 세레비|Celebi|100/100
|
|upkeep
|turn|4
|
|t:|1728840164
|switch|p2a: Umbreon|Umbreon, M|100/100
|move|p1a: 세레비|Hidden Power|p2a: Umbreon
|-damage|p2a: Umbreon|85/100
|
|-heal|p2a: Umbreon|91/100|[from] item: Leftovers
|upkeep
|turn|5
|
|t:|1728840175
|switch|p1a: 메타그로스|Metagross|53/100
|switch|p2a: Forretress|Forretress, F|100/100
|
|upkeep
|turn|6
|
|t:|1728840183
|move|p1a: 메타그로스|Explosion|p2a: Forretress
|-resisted|p2a: Forretress
|-damage|p2a: Forretress|0 fnt
|faint|p1a: 메타그로스
|faint|p2a: Forretress
|
|t:|1728840195
|switch|p1a: 마기라스|Tyranitar, M|100/100
|switch|p2a: Salamence|Salamence, F|100/100
|-ability|p2a: Salamence|Intimidate|boost
|-unboost|p1a: 마기라스|atk|1
|-weather|Sandstorm|[from] ability: Sand Stream|[of] p1a: 마기라스
|
|-weather|Sandstorm|[upkeep]
|-damage|p2a: Salamence|94/100|[from] Sandstorm
|-heal|p2a: Salamence|100/100|[from] item: Leftovers
|upkeep
|turn|7
|
|t:|1728840202
|switch|p2a: Swampert|Swampert, M|100/100
|switch|p1a: 보만다|Salamence, M|100/100
|-ability|p1a: 보만다|Intimidate|boost
|-unboost|p2a: Swampert|atk|1
|
|-weather|Sandstorm|[upkeep]
|-damage|p1a: 보만다|94/100|[from] Sandstorm
|-heal|p1a: 보만다|100/100|[from] item: Leftovers
|upkeep
|turn|8
|
|t:|1728840229
|switch|p2a: Umbreon|Umbreon, M|91/100
|move|p1a: 보만다|Hidden Power|p2a: Umbreon
|-crit|p2a: Umbreon
|-damage|p2a: Umbreon|63/100
|
|-weather|Sandstorm|[upkeep]
|-damage|p1a: 보만다|94/100|[from] Sandstorm
|-damage|p2a: Umbreon|57/100|[from] Sandstorm
|-heal|p1a: 보만다|100/100|[from] item: Leftovers
|-heal|p2a: Umbreon|63/100|[from] item: Leftovers
|upkeep
|turn|9
|
|t:|1728840243
|move|p1a: 보만다|Brick Break|p2a: Umbreon
|-supereffective|p2a: Umbreon
|-damage|p2a: Umbreon|27/100
|move|p2a: Umbreon|Toxic|p1a: 보만다
|-status|p1a: 보만다|tox
|
|-weather|Sandstorm|[upkeep]
|-damage|p1a: 보만다|94/100 tox|[from] Sandstorm
|-damage|p2a: Umbreon|21/100|[from] Sandstorm
|-heal|p1a: 보만다|100/100 tox|[from] item: Leftovers
|-damage|p1a: 보만다|94/100 tox|[from] psn
|-heal|p2a: Umbreon|27/100|[from] item: Leftovers
|upkeep
|turn|10
|
|t:|1728840251
|move|p2a: Umbreon|Protect|p2a: Umbreon
|-singleturn|p2a: Umbreon|Protect
|move|p1a: 보만다|Brick Break|p2a: Umbreon
|-activate|p2a: Umbreon|Protect
|
|-weather|Sandstorm|[upkeep]
|-damage|p1a: 보만다|88/100 tox|[from] Sandstorm
|-damage|p2a: Umbreon|21/100|[from] Sandstorm
|-heal|p1a: 보만다|94/100 tox|[from] item: Leftovers
|-damage|p1a: 보만다|82/100 tox|[from] psn
|-heal|p2a: Umbreon|27/100|[from] item: Leftovers
|upkeep
|turn|11
|
|t:|1728840257
|switch|p2a: Swampert|Swampert, M|100/100
|move|p1a: 보만다|Brick Break|p2a: Swampert
|-damage|p2a: Swampert|86/100
|
|-weather|Sandstorm|[upkeep]
|-damage|p1a: 보만다|76/100 tox|[from] Sandstorm
|-heal|p1a: 보만다|82/100 tox|[from] item: Leftovers
|-damage|p1a: 보만다|64/100 tox|[from] psn
|-heal|p2a: Swampert|92/100|[from] item: Leftovers
|upkeep
|turn|12
|
|t:|1728840262
|switch|p1a: 썬더|Zapdos|100/100
|switch|p2a: Salamence|Salamence, F|100/100
|-ability|p2a: Salamence|Intimidate|boost
|-unboost|p1a: 썬더|atk|1
|
|-weather|Sandstorm|[upkeep]
|-damage|p1a: 썬더|94/100|[from] Sandstorm
|-damage|p2a: Salamence|94/100|[from] Sandstorm
|-heal|p1a: 썬더|100/100|[from] item: Leftovers
|-heal|p2a: Salamence|100/100|[from] item: Leftovers
|upkeep
|turn|13
|
|t:|1728840268
|switch|p1a: 대짱이|Swampert, F|100/100
|switch|p2a: Tyranitar|Tyranitar, F|100/100
|
|-weather|Sandstorm|[upkeep]
|upkeep
|turn|14
|
|t:|1728840275
|switch|p2a: Swampert|Swampert, M|92/100
|move|p1a: 대짱이|Surf|p2a: Swampert
|-damage|p2a: Swampert|68/100
|
|-weather|Sandstorm|[upkeep]
|-heal|p2a: Swampert|74/100|[from] item: Leftovers
|upkeep
|turn|15
|
|t:|1728840284
|switch|p1a: 세레비|Celebi|100/100
|move|p2a: Swampert|Surf|p1a: 세레비
|-resisted|p1a: 세레비
|-damage|p1a: 세레비|91/100
|
|-weather|Sandstorm|[upkeep]
|-damage|p1a: 세레비|85/100|[from] Sandstorm
|-heal|p1a: 세레비|91/100|[from] item: Leftovers
|-heal|p2a: Swampert|80/100|[from] item: Leftovers
|upkeep
|turn|16
|
|t:|1728840288
|switch|p2a: Salamence|Salamence, F|100/100
|-ability|p2a: Salamence|Intimidate|boost
|-unboost|p1a: 세레비|atk|1
|move|p1a: 세레비|Leech Seed|p2a: Salamence
|-start|p2a: Salamence|move: Leech Seed
|
|-weather|Sandstorm|[upkeep]
|-damage|p2a: Salamence|94/100|[from] Sandstorm
|-damage|p1a: 세레비|85/100|[from] Sandstorm
|-heal|p2a: Salamence|100/100|[from] item: Leftovers
|-damage|p2a: Salamence|88/100|[from] Leech Seed|[of] p1a: 세레비
|-heal|p1a: 세레비|95/100|[silent]
|-heal|p1a: 세레비|100/100|[from] item: Leftovers
|upkeep
|turn|17
|
|t:|1728840296
|move|p2a: Salamence|Dragon Claw|p1a: 세레비
|-damage|p1a: 세레비|74/100
|move|p1a: 세레비|Psychic|p2a: Salamence
|-damage|p2a: Salamence|50/100
|
|-weather|Sandstorm|[upkeep]
|-damage|p2a: Salamence|44/100|[from] Sandstorm
|-damage|p1a: 세레비|68/100|[from] Sandstorm
|-heal|p2a: Salamence|50/100|[from] item: Leftovers
|-damage|p2a: Salamence|38/100|[from] Leech Seed|[of] p1a: 세레비
|-heal|p1a: 세레비|78/100|[silent]
|-heal|p1a: 세레비|84/100|[from] item: Leftovers
|upkeep
|turn|18
|
|t:|1728840306
|switch|p2a: Umbreon|Umbreon, M|27/100
|move|p1a: 세레비|Leech Seed|p2a: Umbreon
|-start|p2a: Umbreon|move: Leech Seed
|
|-weather|Sandstorm|[upkeep]
|-damage|p1a: 세레비|78/100|[from] Sandstorm
|-damage|p2a: Umbreon|21/100|[from] Sandstorm
|-heal|p1a: 세레비|84/100|[from] item: Leftovers
|-heal|p2a: Umbreon|27/100|[from] item: Leftovers
|-damage|p2a: Umbreon|14/100|[from] Leech Seed|[of] p1a: 세레비
|-heal|p1a: 세레비|96/100|[silent]
|upkeep
|turn|19
|
|t:|1728840309
|move|p1a: 세레비|Hidden Power|p2a: Umbreon
|-damage|p2a: Umbreon|0 fnt
|faint|p2a: Umbreon
|
|t:|1728840314
|switch|p2a: Tyranitar|Tyranitar, F|100/100
|
|-weather|Sandstorm|[upkeep]
|-damage|p1a: 세레비|90/100|[from] Sandstorm
|-heal|p1a: 세레비|96/100|[from] item: Leftovers
|upkeep
|turn|20
|
|t:|1728840331
|move|p1a: 세레비|Hidden Power|p2a: Tyranitar
|-supereffective|p2a: Tyranitar
|-damage|p2a: Tyranitar|55/100
|move|p2a: Tyranitar|Hidden Power|p1a: 세레비
|-supereffective|p1a: 세레비
|-damage|p1a: 세레비|0 fnt
|faint|p1a: 세레비
|
|t:|1728840336
|switch|p1a: 대짱이|Swampert, F|100/100
|
|-weather|Sandstorm|[upkeep]
|upkeep
|turn|21
|
|t:|1728840339
|switch|p2a: Swampert|Swampert, M|80/100
|move|p1a: 대짱이|Surf|p2a: Swampert
|-damage|p2a: Swampert|55/100
|
|-weather|Sandstorm|[upkeep]
|-heal|p2a: Swampert|61/100|[from] item: Leftovers
|upkeep
|turn|22
|
|t:|1728840351
|move|p1a: 대짱이|Toxic|p2a: Swampert
|-status|p2a: Swampert|tox
|move|p2a: Swampert|Surf|p1a: 대짱이
|-damage|p1a: 대짱이|75/100
|
|-weather|Sandstorm|[upkeep]
|-heal|p1a: 대짱이|81/100|[from] item: Leftovers
|-heal|p2a: Swampert|67/100 tox|[from] item: Leftovers
|-damage|p2a: Swampert|61/100 tox|[from] psn
|upkeep
|turn|23
|
|t:|1728840357
|switch|p1a: 썬더|Zapdos|100/100
|move|p2a: Swampert|Refresh|p2a: Swampert
|-curestatus|p2a: Swampert|tox|[msg]
|
|-weather|Sandstorm|[upkeep]
|-damage|p1a: 썬더|94/100|[from] Sandstorm
|-heal|p1a: 썬더|100/100|[from] item: Leftovers
|-heal|p2a: Swampert|67/100|[from] item: Leftovers
|upkeep
|turn|24
|
|t:|1728840366
|switch|p2a: Zapdos|Zapdos|9/100
|move|p1a: 썬더|Thunder Wave|p2a: Zapdos
|-status|p2a: Zapdos|par
|
|-weather|Sandstorm|[upkeep]
|-damage|p1a: 썬더|94/100|[from] Sandstorm
|-damage|p2a: Zapdos|3/100 par|[from] Sandstorm
|-heal|p1a: 썬더|100/100|[from] item: Leftovers
|-heal|p2a: Zapdos|9/100 par|[from] item: Leftovers
|upkeep
|turn|25
|
|t:|1728840369
|move|p1a: 썬더|Thunderbolt|p2a: Zapdos
|-damage|p2a: Zapdos|0 fnt
|faint|p2a: Zapdos
|
|t:|1728840371
|switch|p2a: Tyranitar|Tyranitar, F|55/100
|
|-weather|Sandstorm|[upkeep]
|-damage|p1a: 썬더|94/100|[from] Sandstorm
|-heal|p1a: 썬더|100/100|[from] item: Leftovers
|upkeep
|turn|26
|
|t:|1728840374
|switch|p1a: 대짱이|Swampert, F|81/100
|move|p2a: Tyranitar|Rock Slide|p1a: 대짱이|[miss]
|-miss|p2a: Tyranitar|p1a: 대짱이
|
|-weather|Sandstorm|[upkeep]
|-heal|p1a: 대짱이|87/100|[from] item: Leftovers
|upkeep
|turn|27
|
|t:|1728840380
|switch|p2a: Swampert|Swampert, M|67/100
|move|p1a: 대짱이|Toxic|p2a: Swampert
|-status|p2a: Swampert|tox
|
|-weather|Sandstorm|[upkeep]
|-heal|p1a: 대짱이|93/100|[from] item: Leftovers
|-heal|p2a: Swampert|73/100 tox|[from] item: Leftovers
|-damage|p2a: Swampert|67/100 tox|[from] psn
|upkeep
|turn|28
|
|t:|1728840385
|move|p1a: 대짱이|Surf|p2a: Swampert
|-damage|p2a: Swampert|40/100 tox
|move|p2a: Swampert|Surf|p1a: 대짱이
|-damage|p1a: 대짱이|68/100
|
|-weather|Sandstorm|[upkeep]
|-heal|p1a: 대짱이|74/100|[from] item: Leftovers
|-heal|p2a: Swampert|46/100 tox|[from] item: Leftovers
|-damage|p2a: Swampert|34/100 tox|[from] psn
|upkeep
|turn|29
|
|t:|1728840390
|move|p1a: 대짱이|Surf|p2a: Swampert
|-damage|p2a: Swampert|8/100 tox
|move|p2a: Swampert|Surf|p1a: 대짱이
|-damage|p1a: 대짱이|37/100
|
|-weather|Sandstorm|[upkeep]
|-heal|p1a: 대짱이|43/100|[from] item: Leftovers
|-heal|p2a: Swampert|14/100 tox|[from] item: Leftovers
|-damage|p2a: Swampert|0 fnt|[from] psn
|faint|p2a: Swampert
|upkeep
|
|t:|1728840392
|switch|p2a: Salamence|Salamence, F|38/100
|-ability|p2a: Salamence|Intimidate|boost
|-unboost|p1a: 대짱이|atk|1
|turn|30
|
|t:|1728840400
|switch|p1a: 썬더|Zapdos|100/100
|move|p2a: Salamence|Hidden Power|p1a: 썬더
|-resisted|p1a: 썬더
|-damage|p1a: 썬더|87/100
|
|-weather|Sandstorm|[upkeep]
|-damage|p1a: 썬더|80/100|[from] Sandstorm
|-damage|p2a: Salamence|32/100|[from] Sandstorm
|-heal|p1a: 썬더|87/100|[from] item: Leftovers
|-heal|p2a: Salamence|38/100|[from] item: Leftovers
|upkeep
|turn|31
|
|t:|1728840404
|move|p1a: 썬더|Thunderbolt|p2a: Salamence
|-damage|p2a: Salamence|0 fnt
|faint|p2a: Salamence
|c|☆zacpz|ggs
|-message|zacpz forfeited.
|
|win|VZR

</script>
<script type="application/json" class="data" id="replaydata-smogtours-gen3ou-798191">
{"id":"smogtours-gen3ou-798191","format":"[Gen 3] OU","players":["VZR","zacpz"],"uploadtime":1728840409,"views":148,"formatid":"gen3ou","rating":null,"private":0,"password":null}
</script>

<script defer src="js/replays.js?9d40a366"></script>
