<!DOCTYPE html>
<meta charset="utf-8" />
<meta name="viewport" content="width=device-width" />

<title>[Gen 3] OU: Dusty_boy vs. legoerofeggos - Replays - Pok&eacute;mon Showdown!</title>

<meta name="description" content="Watch a replay of a Pok&eacute;mon battle between Dusty_boy and legoerofeggos! Format: [Gen 3] OU; Date: Oct 5, 2024" />
<!--

Hey, you! Looking in the source for the replay log?

You can find them in JSON format, just add `.json` at the end of a replay URL.

https://replay.pokemonshowdown.com/gen7randomdoublesbattle-865046831.json

Or, if you only need the log itself, add `.log` instead:

https://replay.pokemonshowdown.com/gen7randomdoublesbattle-865046831.log

-->

<link rel="stylesheet" href="//pokemonshowdown.com/style/global.css?0.767286132409787" />
<link rel="stylesheet" href="//play.pokemonshowdown.com/style/font-awesome.css?0.9266228007934947" />
<link rel="stylesheet" href="//play.pokemonshowdown.com/style/battle.css?0.7924700842790926" />
<link rel="stylesheet" href="//play.pokemonshowdown.com/style/utilichart.css?0.8777417872839479" />

<!-- Global site tag (gtag.js) - Google Analytics -->
<script async src="https://www.googletagmanager.com/gtag/js?id=UA-26211653-1"></script>
<script>
  window.dataLayer = window.dataLayer || [];
  function gtag(){dataLayer.push(arguments);}
  gtag('js', new Date());

  gtag('config', 'UA-26211653-1');
</script>
<!-- End Google Analytics -->
<!-- Venatus Ad Manager - Install in <HEAD> of page -->
	<script src="https://hb.vntsm.com/v3/live/ad-manager.min.js" type="text/javascript" data-site-id="642aba63ec9a7b11c3c9c1be" data-mode="scan" async></script>
<!-- / Venatus Ad Manager -->

<style>
	@media (max-width:820px) {
		.battle {
			margin: 0 auto;
		}
		.battle-log {
			margin: 7px auto 0;
			max-width: 640px;
			height: 300px;
			position: static;
		}
	}
	.optgroup {
		display: inline-block;
		line-height: 22px;
		font-size: 10pt;
	}
	.optgroup .button {
		height: 25px;
		padding-top: 0;
		padding-bottom: 0;
	}
	.optgroup button.button {
		padding-left: 12px;
		padding-right: 12px;
	}
	.linklist {
		list-style: none;
		margin: 0.5em 0;
		padding: 0;
	}
	.linklist li {
		padding: 2px 0;
	}
	.sidebar {
		float: left;
		width: 320px;
	}
	.bar-wrapper {
		max-width: 1100px;
		margin: 0 auto;
	}
	.bar-wrapper.has-sidebar {
		max-width: 1430px;
	}
	.mainbar {
		margin: 0;
		padding-right: 1px;
	}
	.mainbar.has-sidebar {
		margin-left: 330px;
	}
	@media (min-width: 1511px) {
		.sidebar {
			width: 400px;
		}
		.bar-wrapper.has-sidebar {
			max-width: 1510px;
		}
		.mainbar.has-sidebar {
			margin-left: 410px;
		}
	}
	.section.first-section {
		margin-top: 9px;
	}
	.blocklink small {
		white-space: normal;
	}
	.button {
		vertical-align: middle;
	}
	.replay-controls {
		padding-top: 10px;
	}
	.replay-controls h1 {
		font-size: 16pt;
		font-weight: normal;
		color: #CCC;
	}
	.pagelink {
		text-align: center;
	}
	.pagelink a {
		width: 150px;
	}
	.textbox, .button {
		font-size: 11pt;
		vertical-align: middle;
	}
	@media (max-width: 450px) {
		.button {
			font-size: 9pt;
		}
	}
</style>

<div>

	<header>
		<div class="nav-wrapper"><ul class="nav">
			<li><a class="button nav-first" href="//pokemonshowdown.com/"><img src="//pokemonshowdown.com/images/pokemonshowdownbeta.png" srcset="//pokemonshowdown.com/images/pokemonshowdownbeta.png 1x, //pokemonshowdown.com/images/pokemonshowdownbeta@2x.png 2x" alt="Pok&eacute;mon Showdown" width="146" height="44" /> Home</a></li>
			<li><a class="button" href="//pokemonshowdown.com/dex/">Pok&eacute;dex</a></li>
			<li><a class="button cur" href="/">Replays</a></li>
			<li><a class="button" href="//pokemonshowdown.com/ladder/">Ladder</a></li>
			<li><a class="button nav-last" href="//pokemonshowdown.com/forums/">Forum</a></li>
			<li><a class="button greenbutton nav-first nav-last" href="//play.pokemonshowdown.com/">Play</a></li>
		</ul></div>
	</header>

	<div class="main" id="main">

		<noscript><section class="section">You need to enable JavaScript to use this page; sorry!</section></noscript>

	</div>

</div>

<script defer nomodule src="//play.pokemonshowdown.com/js/lib/ps-polyfill.js"></script>
<script defer src="//play.pokemonshowdown.com/js/lib/preact.min.js"></script>

<script defer src="//play.pokemonshowdown.com/config/config.js?6dec07f6"></script>
<script defer src="//play.pokemonshowdown.com/js/lib/jquery-1.11.0.min.js"></script>
<script defer src="//play.pokemonshowdown.com/js/lib/html-sanitizer-minified.js"></script>
<script defer src="//play.pokemonshowdown.com/js/battle-sound.js"></script>
<script defer src="//play.pokemonshowdown.com/js/battledata.js?0.6315294753075389"></script>
<script defer src="//play.pokemonshowdown.com/data/pokedex-mini.js?0.7603743185311358"></script>
<script defer src="//play.pokemonshowdown.com/data/pokedex-mini-bw.js?0.030888842834281283"></script>
<script defer src="//play.pokemonshowdown.com/data/graphics.js?0.05593094747507488"></script>
<script defer src="//play.pokemonshowdown.com/data/pokedex.js?0.47064822249611904"></script>
<script defer src="//play.pokemonshowdown.com/data/moves.js?0.8583693120512459"></script>
<script defer src="//play.pokemonshowdown.com/data/abilities.js?0.16017181182386842"></script>
<script defer src="//play.pokemonshowdown.com/data/items.js?0.4163379185673943"></script>
<script defer src="//play.pokemonshowdown.com/data/teambuilder-tables.js?0.31075597372830477"></script>
<script defer src="//play.pokemonshowdown.com/js/battle-tooltips.js?0.6536193500708172"></script>
<script defer src="//play.pokemonshowdown.com/js/battle.js?0.1916591943277901"></script>

<script defer src="js/utils.js?e31f9a17"></script>
<script defer src="js/replays-battle.js?7008c182"></script>

<!-- don't scrape this data! just add .json or .log after the URL!
Full API docs: https://github.com/smogon/pokemon-showdown-client/blob/master/WEB-API.md -->
<script type="text/plain" class="log" id="replaylog-gen3ou-2216219952-fvekb9ao9qcxa1xy22pvqa6rj94xs9opw">
|j|☆Dusty_boy
|j|☆legoerofeggos
|t:|1728094818
|gametype|singles
|player|p1|Dusty_boy|harlequin|
|player|p2|legoerofeggos|madame-gen4|
|teamsize|p1|6
|teamsize|p2|6
|gen|3
|tier|[Gen 3] OU
|rule|Sleep Clause Mod: Limit one foe put to sleep
|rule|Switch Priority Clause Mod: Faster Pokémon switch first
|rule|Species Clause: Limit one of each Pokémon
|rule|OHKO Clause: OHKO moves are banned
|rule|Evasion Items Clause: Evasion items are banned
|rule|Evasion Moves Clause: Evasion moves are banned
|rule|Endless Battle Clause: Forcing endless battles is banned
|rule|HP Percentage Mod: HP is shown in percentages
|rule|One Boost Passer Clause: Limit one Baton Passer that has a way to boost its stats
|rule|Freeze Clause Mod: Limit one foe frozen
|
|t:|1728094818
|start
|switch|p1a: Slaking|Slaking, M|100/100
|switch|p2a: Hariyama|Hariyama, F|100/100
|turn|1
|inactive|Battle timer is ON: inactive players will automatically lose when time's up. (requested by legoerofeggos)
|c|☆legoerofeggos|glhf
|inactive|Dusty_boy has 270 seconds left.
|inactive|Dusty_boy has 240 seconds left.
|c|☆Dusty_boy|Gl
|
|t:|1728094887
|switch|p2a: Jirachi|Jirachi|100/100
|move|p1a: Slaking|Return|p2a: Jirachi
|-resisted|p2a: Jirachi
|-damage|p2a: Jirachi|63/100
|
|-heal|p2a: Jirachi|70/100|[from] item: Leftovers
|upkeep
|turn|2
|
|t:|1728094901
|switch|p1a: Blissey|Blissey, F|100/100
|move|p2a: Jirachi|Body Slam|p1a: Blissey
|-damage|p1a: Blissey|85/100
|-status|p1a: Blissey|par
|
|-heal|p2a: Jirachi|76/100|[from] item: Leftovers
|-heal|p1a: Blissey|91/100 par|[from] item: Leftovers
|upkeep
|turn|3
|
|t:|1728094910
|switch|p2a: Celebi|Celebi|100/100
|move|p1a: Blissey|Seismic Toss|p2a: Celebi
|-damage|p2a: Celebi|76/100
|
|-heal|p2a: Celebi|82/100|[from] item: Leftovers
|-heal|p1a: Blissey|97/100 par|[from] item: Leftovers
|upkeep
|turn|4
|
|t:|1728094920
|-curestatus|p1a: Blissey|par|[from] ability: Natural Cure
|switch|p1a: Jirachi|Jirachi|100/100
|move|p2a: Celebi|Leech Seed|p1a: Jirachi
|-start|p1a: Jirachi|move: Leech Seed
|
|-heal|p2a: Celebi|88/100|[from] item: Leftovers
|-damage|p1a: Jirachi|88/100|[from] Leech Seed|[of] p2a: Celebi
|-heal|p2a: Celebi|100/100|[silent]
|upkeep
|turn|5
|
|t:|1728094940
|switch|p2a: Starmie|Starmie|100/100
|move|p1a: Jirachi|Fire Punch|p2a: Starmie
|-resisted|p2a: Starmie
|-damage|p2a: Starmie|91/100
|
|-heal|p2a: Starmie|97/100|[from] item: Leftovers
|-heal|p1a: Jirachi|94/100|[from] item: Leftovers
|-damage|p1a: Jirachi|82/100|[from] Leech Seed|[of] p2a: Starmie
|-heal|p2a: Starmie|100/100|[silent]
|upkeep
|turn|6
|
|t:|1728094952
|switch|p2a: Ramón|Salamence, M|100/100
|-ability|p2a: Ramón|Intimidate|boost
|-unboost|p1a: Jirachi|atk|1
|switch|p1a: Blastoise|Blastoise, M|100/100
|
|upkeep
|turn|7
|
|t:|1728094964
|switch|p2a: Celebi|Celebi|100/100
|move|p1a: Blastoise|Ice Beam|p2a: Celebi
|-supereffective|p2a: Celebi
|-damage|p2a: Celebi|54/100
|
|-heal|p2a: Celebi|60/100|[from] item: Leftovers
|upkeep
|turn|8
|
|t:|1728094970
|move|p2a: Celebi|Recover|p2a: Celebi
|-heal|p2a: Celebi|100/100
|move|p1a: Blastoise|Ice Beam|p2a: Celebi
|-supereffective|p2a: Celebi
|-damage|p2a: Celebi|56/100
|
|-heal|p2a: Celebi|62/100|[from] item: Leftovers
|upkeep
|turn|9
|
|t:|1728094972
|move|p2a: Celebi|Leech Seed|p1a: Blastoise
|-start|p1a: Blastoise|move: Leech Seed
|move|p1a: Blastoise|Ice Beam|p2a: Celebi
|-supereffective|p2a: Celebi
|-damage|p2a: Celebi|20/100
|
|-heal|p2a: Celebi|26/100|[from] item: Leftovers
|-damage|p1a: Blastoise|88/100|[from] Leech Seed|[of] p2a: Celebi
|-heal|p2a: Celebi|37/100|[silent]
|upkeep
|turn|10
|
|t:|1728094974
|move|p2a: Celebi|Recover|p2a: Celebi
|-heal|p2a: Celebi|87/100
|move|p1a: Blastoise|Ice Beam|p2a: Celebi
|-supereffective|p2a: Celebi
|-damage|p2a: Celebi|44/100
|
|-heal|p2a: Celebi|50/100|[from] item: Leftovers
|-heal|p1a: Blastoise|94/100|[from] item: Leftovers
|-damage|p1a: Blastoise|82/100|[from] Leech Seed|[of] p2a: Celebi
|-heal|p2a: Celebi|61/100|[silent]
|upkeep
|turn|11
|
|t:|1728094977
|switch|p1a: Slaking|Slaking, M|100/100
|move|p2a: Celebi|Recover|p2a: Celebi
|-heal|p2a: Celebi|100/100
|
|upkeep
|turn|12
|
|t:|1728094986
|-singleturn|p1a: Slaking|move: Focus Punch
|move|p2a: Celebi|Leech Seed|p1a: Slaking
|-start|p1a: Slaking|move: Leech Seed
|move|p1a: Slaking|Focus Punch|p2a: Celebi
|-resisted|p2a: Celebi
|-damage|p2a: Celebi|63/100
|
|-damage|p1a: Slaking|88/100|[from] Leech Seed|[of] p2a: Celebi
|-heal|p2a: Celebi|77/100|[silent]
|-heal|p2a: Celebi|83/100|[from] item: Leftovers
|upkeep
|turn|13
|
|t:|1728094996
|switch|p1a: Skarmory|Skarmory, M|100/100
|move|p2a: Celebi|Leech Seed|p1a: Skarmory
|-start|p1a: Skarmory|move: Leech Seed
|
|-heal|p2a: Celebi|89/100|[from] item: Leftovers
|-damage|p1a: Skarmory|88/100|[from] Leech Seed|[of] p2a: Celebi
|-heal|p2a: Celebi|99/100|[silent]
|upkeep
|turn|14
|
|t:|1728095001
|switch|p2a: Starmie|Starmie|100/100
|move|p1a: Skarmory|Spikes|p2a: Starmie
|-sidestart|p2: legoerofeggos|Spikes
|
|-heal|p1a: Skarmory|94/100|[from] item: Leftovers
|-damage|p1a: Skarmory|82/100|[from] Leech Seed|[of] p2a: Starmie
|upkeep
|turn|15
|
|t:|1728095007
|switch|p1a: Slaking|Slaking, M|88/100
|move|p2a: Starmie|Thunder Wave|p1a: Slaking
|-status|p1a: Slaking|par
|
|upkeep
|turn|16
|
|t:|1728095011
|switch|p2a: Ramón|Salamence, M|100/100
|-ability|p2a: Ramón|Intimidate|boost
|-unboost|p1a: Slaking|atk|1
|cant|p1a: Slaking|par
|
|upkeep
|turn|17
|
|t:|1728095024
|switch|p2a: Starmie|Starmie|100/100
|-damage|p2a: Starmie|88/100|[from] Spikes
|switch|p1a: Flygon|Flygon, M|100/100
|
|-heal|p2a: Starmie|94/100|[from] item: Leftovers
|upkeep
|turn|18
|
|t:|1728095028
|move|p1a: Flygon|Protect|p1a: Flygon
|-singleturn|p1a: Flygon|Protect
|move|p2a: Starmie|Rapid Spin|p1a: Flygon
|-activate|p1a: Flygon|Protect
|
|-heal|p2a: Starmie|100/100|[from] item: Leftovers
|upkeep
|turn|19
|
|t:|1728095033
|move|p2a: Starmie|Rapid Spin|p1a: Flygon
|-damage|p1a: Flygon|97/100
|-sideend|p2: legoerofeggos|Spikes|[from] move: Rapid Spin|[of] p2a: Starmie
|move|p1a: Flygon|Toxic|p2a: Starmie
|-status|p2a: Starmie|tox
|
|-damage|p2a: Starmie|94/100 tox|[from] psn
|-heal|p1a: Flygon|100/100|[from] item: Leftovers
|upkeep
|turn|20
|
|t:|1728095043
|-curestatus|p2a: Starmie|tox|[from] ability: Natural Cure
|switch|p2a: Hariyama|Hariyama, F|100/100
|switch|p1a: Blissey|Blissey, F|97/100
|
|-heal|p1a: Blissey|100/100|[from] item: Leftovers
|upkeep
|turn|21
|
|t:|1728095048
|-singleturn|p2a: Hariyama|move: Focus Punch
|switch|p1a: Skarmory|Skarmory, M|82/100
|move|p2a: Hariyama|Focus Punch|p1a: Skarmory
|-damage|p1a: Skarmory|39/100
|
|-heal|p1a: Skarmory|45/100|[from] item: Leftovers
|upkeep
|turn|22
|
|t:|1728095051
|move|p1a: Skarmory|Protect|p1a: Skarmory
|-singleturn|p1a: Skarmory|Protect
|move|p2a: Hariyama|Knock Off|p1a: Skarmory
|-activate|p1a: Skarmory|Protect
|
|-heal|p1a: Skarmory|51/100|[from] item: Leftovers
|upkeep
|turn|23
|
|t:|1728095056
|move|p1a: Skarmory|Drill Peck|p2a: Hariyama
|-supereffective|p2a: Hariyama
|-damage|p2a: Hariyama|61/100
|move|p2a: Hariyama|Knock Off|p1a: Skarmory
|-resisted|p1a: Skarmory
|-damage|p1a: Skarmory|50/100
|-enditem|p1a: Skarmory|Leftovers|[from] move: Knock Off|[of] p2a: Hariyama
|-hint|In Gens 3-4, Knock Off only makes the target's item unusable; it cannot obtain a new item.
|
|-heal|p2a: Hariyama|67/100|[from] item: Leftovers
|upkeep
|turn|24
|
|t:|1728095066
|switch|p2a: Jirachi|Jirachi|76/100
|move|p1a: Skarmory|Spikes|p2a: Jirachi
|-sidestart|p2: legoerofeggos|Spikes
|
|-heal|p2a: Jirachi|82/100|[from] item: Leftovers
|upkeep
|turn|25
|
|t:|1728095071
|switch|p1a: Blissey|Blissey, F|100/100
|move|p2a: Jirachi|Fire Punch|p1a: Blissey
|-damage|p1a: Blissey|94/100
|
|-heal|p2a: Jirachi|88/100|[from] item: Leftovers
|-heal|p1a: Blissey|99/100|[from] item: Leftovers
|upkeep
|turn|26
|
|t:|1728095076
|switch|p2a: Starmie|Starmie|94/100
|-damage|p2a: Starmie|82/100|[from] Spikes
|move|p1a: Blissey|Aromatherapy|p1a: Blissey
|-cureteam|p1a: Blissey|[from] move: Aromatherapy
|
|-heal|p2a: Starmie|88/100|[from] item: Leftovers
|-heal|p1a: Blissey|100/100|[from] item: Leftovers
|upkeep
|turn|27
|
|t:|1728095083
|move|p2a: Starmie|Thunder Wave|p1a: Blissey
|-status|p1a: Blissey|par
|cant|p1a: Blissey|par
|
|-heal|p2a: Starmie|94/100|[from] item: Leftovers
|upkeep
|turn|28
|
|t:|1728095088
|move|p2a: Starmie|Rapid Spin|p1a: Blissey
|-damage|p1a: Blissey|98/100 par
|-sideend|p2: legoerofeggos|Spikes|[from] move: Rapid Spin|[of] p2a: Starmie
|move|p1a: Blissey|Aromatherapy|p1a: Blissey
|-cureteam|p1a: Blissey|[from] move: Aromatherapy
|
|-heal|p2a: Starmie|100/100|[from] item: Leftovers
|-heal|p1a: Blissey|100/100|[from] item: Leftovers
|upkeep
|turn|29
|
|t:|1728095092
|move|p2a: Starmie|Thunder Wave|p1a: Blissey
|-status|p1a: Blissey|par
|move|p1a: Blissey|Thunderbolt|p2a: Starmie
|-supereffective|p2a: Starmie
|-damage|p2a: Starmie|63/100
|
|-heal|p2a: Starmie|69/100|[from] item: Leftovers
|upkeep
|turn|30
|
|t:|1728095099
|-curestatus|p1a: Blissey|par|[from] ability: Natural Cure
|switch|p1a: Slaking|Slaking, M|88/100
|move|p2a: Starmie|Thunder Wave|p1a: Slaking
|-status|p1a: Slaking|par
|
|-heal|p2a: Starmie|75/100|[from] item: Leftovers
|upkeep
|turn|31
|
|t:|1728095109
|switch|p2a: Jirachi|Jirachi|88/100
|move|p1a: Slaking|Return|p2a: Jirachi
|-resisted|p2a: Jirachi
|-damage|p2a: Jirachi|53/100
|
|-heal|p2a: Jirachi|59/100|[from] item: Leftovers
|upkeep
|turn|32
|
|t:|1728095121
|switch|p1a: Blissey|Blissey, F|100/100
|move|p2a: Jirachi|Wish|p2a: Jirachi
|
|-heal|p2a: Jirachi|66/100|[from] item: Leftovers
|upkeep
|turn|33
|
|t:|1728095147
|switch|p2a: Hariyama|Hariyama, F|67/100
|move|p1a: Blissey|Aromatherapy|p1a: Blissey
|-cureteam|p1a: Blissey|[from] move: Aromatherapy
|
|-heal|p2a: Hariyama|100/100|[from] move: Wish|[wisher] Jirachi
|upkeep
|turn|34
|
|t:|1728095153
|switch|p1a: Flygon|Flygon, M|100/100
|move|p2a: Hariyama|Brick Break|p1a: Flygon
|-damage|p1a: Flygon|53/100
|
|-heal|p1a: Flygon|59/100|[from] item: Leftovers
|upkeep
|turn|35
|
|t:|1728095159
|switch|p2a: Celebi|Celebi|99/100
|move|p1a: Flygon|Protect||[still]
|-fail|p1a: Flygon
|
|-heal|p2a: Celebi|100/100|[from] item: Leftovers
|-heal|p1a: Flygon|65/100|[from] item: Leftovers
|upkeep
|turn|36
|
|t:|1728095175
|move|p2a: Celebi|Leech Seed|p1a: Flygon
|-start|p1a: Flygon|move: Leech Seed
|move|p1a: Flygon|Toxic|p2a: Celebi
|-status|p2a: Celebi|tox
|
|-damage|p2a: Celebi|94/100 tox|[from] psn
|-heal|p1a: Flygon|71/100|[from] item: Leftovers
|-damage|p1a: Flygon|58/100|[from] Leech Seed|[of] p2a: Celebi
|-heal|p2a: Celebi|100/100 tox|[silent]
|upkeep
|turn|37
|
|t:|1728095194
|-curestatus|p2a: Celebi|tox|[from] ability: Natural Cure
|switch|p2a: Hariyama|Hariyama, F|100/100
|switch|p1a: Slaking|Slaking, M|88/100
|
|upkeep
|turn|38
|
|t:|1728095205
|move|p1a: Slaking|Earthquake|p2a: Hariyama
|-damage|p2a: Hariyama|32/100
|move|p2a: Hariyama|Brick Break|p1a: Slaking
|-supereffective|p1a: Slaking
|-damage|p1a: Slaking|22/100
|
|-heal|p2a: Hariyama|38/100|[from] item: Leftovers
|upkeep
|turn|39
|
|t:|1728095211
|-singleturn|p2a: Hariyama|move: Focus Punch
|switch|p1a: Jirachi|Jirachi|82/100
|move|p2a: Hariyama|Focus Punch|p1a: Jirachi
|-damage|p1a: Jirachi|5/100
|
|-heal|p1a: Jirachi|11/100|[from] item: Leftovers
|-heal|p2a: Hariyama|44/100|[from] item: Leftovers
|upkeep
|turn|40
|
|t:|1728095234
|switch|p2a: Celebi|Celebi|100/100
|move|p1a: Jirachi|Body Slam|p2a: Celebi
|-damage|p2a: Celebi|86/100
|
|-heal|p2a: Celebi|92/100|[from] item: Leftovers
|-heal|p1a: Jirachi|18/100|[from] item: Leftovers
|upkeep
|turn|41
|
|t:|1728095241
|move|p1a: Jirachi|Protect|p1a: Jirachi
|-singleturn|p1a: Jirachi|Protect
|move|p2a: Celebi|Leech Seed|p1a: Jirachi
|-activate|p1a: Jirachi|Protect
|
|-heal|p2a: Celebi|98/100|[from] item: Leftovers
|-heal|p1a: Jirachi|24/100|[from] item: Leftovers
|upkeep
|turn|42
|
|t:|1728095245
|move|p2a: Celebi|Leech Seed|p1a: Jirachi
|-start|p1a: Jirachi|move: Leech Seed
|move|p1a: Jirachi|Wish|p1a: Jirachi
|
|-heal|p2a: Celebi|100/100|[from] item: Leftovers
|-heal|p1a: Jirachi|30/100|[from] item: Leftovers
|-damage|p1a: Jirachi|18/100|[from] Leech Seed|[of] p2a: Celebi
|upkeep
|turn|43
|
|t:|1728095251
|switch|p2a: Hariyama|Hariyama, F|44/100
|move|p1a: Jirachi|Protect||[still]
|-fail|p1a: Jirachi
|
|-heal|p1a: Jirachi|68/100|[from] move: Wish|[wisher] Jirachi
|-heal|p1a: Jirachi|74/100|[from] item: Leftovers
|-damage|p1a: Jirachi|61/100|[from] Leech Seed|[of] p2a: Hariyama
|-heal|p2a: Hariyama|56/100|[silent]
|-heal|p2a: Hariyama|62/100|[from] item: Leftovers
|upkeep
|turn|44
|
|t:|1728095256
|switch|p1a: Skarmory|Skarmory, M|50/100
|move|p2a: Hariyama|Knock Off|p1a: Skarmory
|-resisted|p1a: Skarmory
|-damage|p1a: Skarmory|49/100
|
|-heal|p2a: Hariyama|68/100|[from] item: Leftovers
|upkeep
|turn|45
|
|t:|1728095264
|switch|p2a: Jirachi|Jirachi|66/100
|move|p1a: Skarmory|Drill Peck|p2a: Jirachi
|-resisted|p2a: Jirachi
|-damage|p2a: Jirachi|58/100
|
|-heal|p2a: Jirachi|64/100|[from] item: Leftovers
|upkeep
|turn|46
|
|t:|1728095271
|switch|p1a: Blissey|Blissey, F|100/100
|move|p2a: Jirachi|Fire Punch|p1a: Blissey
|-crit|p1a: Blissey
|-damage|p1a: Blissey|86/100
|-status|p1a: Blissey|brn
|
|-heal|p2a: Jirachi|71/100|[from] item: Leftovers
|-heal|p1a: Blissey|93/100 brn|[from] item: Leftovers
|-damage|p1a: Blissey|80/100 brn|[from] brn
|upkeep
|turn|47
|
|t:|1728095278
|-curestatus|p1a: Blissey|brn|[from] ability: Natural Cure
|switch|p1a: Jirachi|Jirachi|61/100
|move|p2a: Jirachi|Wish|p2a: Jirachi
|
|-heal|p1a: Jirachi|68/100|[from] item: Leftovers
|-heal|p2a: Jirachi|77/100|[from] item: Leftovers
|upkeep
|turn|48
|
|t:|1728095283
|switch|p2a: Hariyama|Hariyama, F|68/100
|move|p1a: Jirachi|Wish|p1a: Jirachi
|
|-heal|p2a: Hariyama|100/100|[from] move: Wish|[wisher] Jirachi
|-heal|p1a: Jirachi|74/100|[from] item: Leftovers
|upkeep
|turn|49
|
|t:|1728095290
|-singleturn|p2a: Hariyama|move: Focus Punch
|switch|p1a: Skarmory|Skarmory, M|49/100
|move|p2a: Hariyama|Focus Punch|p1a: Skarmory
|-damage|p1a: Skarmory|1/100
|
|-heal|p1a: Skarmory|51/100|[from] move: Wish|[wisher] Jirachi
|upkeep
|turn|50
|
|t:|1728095302
|switch|p2a: Jirachi|Jirachi|77/100
|move|p1a: Skarmory|Spikes|p2a: Jirachi
|-sidestart|p2: legoerofeggos|Spikes
|
|-heal|p2a: Jirachi|83/100|[from] item: Leftovers
|upkeep
|turn|51
|
|t:|1728095309
|switch|p1a: Blastoise|Blastoise, M|82/100
|move|p2a: Jirachi|Fire Punch|p1a: Blastoise
|-resisted|p1a: Blastoise
|-damage|p1a: Blastoise|74/100
|
|-heal|p2a: Jirachi|89/100|[from] item: Leftovers
|-heal|p1a: Blastoise|80/100|[from] item: Leftovers
|upkeep
|turn|52
|
|t:|1728095316
|switch|p2a: Starmie|Starmie|75/100
|-damage|p2a: Starmie|63/100|[from] Spikes
|move|p1a: Blastoise|Surf|p2a: Starmie
|-resisted|p2a: Starmie
|-damage|p2a: Starmie|40/100
|
|-heal|p2a: Starmie|46/100|[from] item: Leftovers
|-heal|p1a: Blastoise|86/100|[from] item: Leftovers
|upkeep
|turn|53
|
|t:|1728095324
|switch|p1a: Jirachi|Jirachi|74/100
|move|p2a: Starmie|Surf|p1a: Jirachi
|-damage|p1a: Jirachi|52/100
|
|-heal|p2a: Starmie|53/100|[from] item: Leftovers
|-heal|p1a: Jirachi|58/100|[from] item: Leftovers
|upkeep
|turn|54
|
|t:|1728095329
|move|p2a: Starmie|Rapid Spin|p1a: Jirachi
|-resisted|p1a: Jirachi
|-damage|p1a: Jirachi|57/100
|-sideend|p2: legoerofeggos|Spikes|[from] move: Rapid Spin|[of] p2a: Starmie
|move|p1a: Jirachi|Wish|p1a: Jirachi
|
|-heal|p2a: Starmie|59/100|[from] item: Leftovers
|-heal|p1a: Jirachi|63/100|[from] item: Leftovers
|upkeep
|turn|55
|
|t:|1728095332
|move|p2a: Starmie|Surf|p1a: Jirachi
|-damage|p1a: Jirachi|41/100
|move|p1a: Jirachi|Wish||[still]
|-fail|p1a: Jirachi
|
|-heal|p1a: Jirachi|91/100|[from] move: Wish|[wisher] Jirachi
|-heal|p2a: Starmie|65/100|[from] item: Leftovers
|-heal|p1a: Jirachi|97/100|[from] item: Leftovers
|upkeep
|turn|56
|
|t:|1728095337
|move|p2a: Starmie|Recover|p2a: Starmie
|-heal|p2a: Starmie|100/100
|move|p1a: Jirachi|Wish|p1a: Jirachi
|
|-heal|p1a: Jirachi|100/100|[from] item: Leftovers
|upkeep
|turn|57
|
|t:|1728095341
|move|p2a: Starmie|Surf|p1a: Jirachi
|-damage|p1a: Jirachi|79/100
|move|p1a: Jirachi|Body Slam|p2a: Starmie
|-damage|p2a: Starmie|80/100
|-status|p2a: Starmie|par
|
|-heal|p1a: Jirachi|100/100|[from] move: Wish|[wisher] Jirachi
|-heal|p2a: Starmie|86/100 par|[from] item: Leftovers
|upkeep
|turn|58
|
|t:|1728095346
|-curestatus|p2a: Starmie|par|[from] ability: Natural Cure
|switch|p2a: Celebi|Celebi|100/100
|move|p1a: Jirachi|Wish|p1a: Jirachi
|
|upkeep
|turn|59
|
|t:|1728095351
|move|p2a: Celebi|Psychic|p1a: Jirachi
|-resisted|p1a: Jirachi
|-damage|p1a: Jirachi|96/100
|move|p1a: Jirachi|Fire Punch|p2a: Celebi
|-supereffective|p2a: Celebi
|-damage|p2a: Celebi|73/100
|-status|p2a: Celebi|brn
|
|-heal|p1a: Jirachi|100/100|[from] move: Wish|[wisher] Jirachi
|-heal|p2a: Celebi|79/100 brn|[from] item: Leftovers
|-damage|p2a: Celebi|67/100 brn|[from] brn
|upkeep
|turn|60
|
|t:|1728095356
|-curestatus|p2a: Celebi|brn|[from] ability: Natural Cure
|switch|p2a: Starmie|Starmie|86/100
|move|p1a: Jirachi|Wish|p1a: Jirachi
|
|-heal|p2a: Starmie|92/100|[from] item: Leftovers
|upkeep
|turn|61
|
|t:|1728095364
|move|p2a: Starmie|Surf|p1a: Jirachi
|-damage|p1a: Jirachi|79/100
|move|p1a: Jirachi|Body Slam|p2a: Starmie
|-damage|p2a: Starmie|67/100
|-status|p2a: Starmie|par
|
|-heal|p1a: Jirachi|100/100|[from] move: Wish|[wisher] Jirachi
|-heal|p2a: Starmie|73/100 par|[from] item: Leftovers
|upkeep
|turn|62
|
|t:|1728095369
|move|p1a: Jirachi|Wish|p1a: Jirachi
|cant|p2a: Starmie|par
|
|-heal|p2a: Starmie|80/100 par|[from] item: Leftovers
|upkeep
|turn|63
|
|t:|1728095375
|switch|p1a: Slaking|Slaking, M|22/100
|cant|p2a: Starmie|par
|
|-heal|p1a: Slaking|72/100|[from] move: Wish|[wisher] Jirachi
|-heal|p2a: Starmie|86/100 par|[from] item: Leftovers
|upkeep
|turn|64
|
|t:|1728095391
|-curestatus|p2a: Starmie|par|[from] ability: Natural Cure
|switch|p2a: Jirachi|Jirachi|89/100
|move|p1a: Slaking|Return|p2a: Jirachi
|-resisted|p2a: Jirachi
|-damage|p2a: Jirachi|50/100
|
|-heal|p2a: Jirachi|57/100|[from] item: Leftovers
|upkeep
|turn|65
|
|t:|1728095399
|switch|p1a: Jirachi|Jirachi|100/100
|move|p2a: Jirachi|Wish|p2a: Jirachi
|
|-heal|p2a: Jirachi|63/100|[from] item: Leftovers
|upkeep
|turn|66
|
|t:|1728095403
|move|p1a: Jirachi|Wish|p1a: Jirachi
|move|p2a: Jirachi|Fire Punch|p1a: Jirachi
|-supereffective|p1a: Jirachi
|-damage|p1a: Jirachi|78/100
|
|-heal|p2a: Jirachi|100/100|[from] move: Wish|[wisher] Jirachi
|-heal|p1a: Jirachi|85/100|[from] item: Leftovers
|upkeep
|turn|67
|
|t:|1728095410
|switch|p1a: Slaking|Slaking, M|72/100
|move|p2a: Jirachi|Fire Punch|p1a: Slaking
|-damage|p1a: Slaking|53/100
|
|-heal|p1a: Slaking|100/100|[from] move: Wish|[wisher] Jirachi
|upkeep
|turn|68
|
|t:|1728095418
|move|p2a: Jirachi|Protect|p2a: Jirachi
|-singleturn|p2a: Jirachi|Protect
|move|p1a: Slaking|Earthquake|p2a: Jirachi
|-activate|p2a: Jirachi|Protect
|
|upkeep
|turn|69
|
|t:|1728095426
|switch|p1a: Blissey|Blissey, F|80/100
|move|p2a: Jirachi|Fire Punch|p1a: Blissey
|-damage|p1a: Blissey|74/100
|
|-heal|p1a: Blissey|80/100|[from] item: Leftovers
|upkeep
|turn|70
|
|t:|1728095440
|switch|p2a: Celebi|Celebi|67/100
|move|p1a: Blissey|Seismic Toss|p2a: Celebi
|-damage|p2a: Celebi|42/100
|
|-heal|p2a: Celebi|49/100|[from] item: Leftovers
|-heal|p1a: Blissey|86/100|[from] item: Leftovers
|upkeep
|turn|71
|
|t:|1728095449
|switch|p1a: Slaking|Slaking, M|100/100
|move|p2a: Celebi|Recover|p2a: Celebi
|-heal|p2a: Celebi|99/100
|
|-heal|p2a: Celebi|100/100|[from] item: Leftovers
|upkeep
|turn|72
|
|t:|1728095453
|switch|p2a: Ramón|Salamence, M|100/100
|-ability|p2a: Ramón|Intimidate|boost
|-unboost|p1a: Slaking|atk|1
|move|p1a: Slaking|Earthquake|p2a: Ramón
|-immune|p2a: Ramón
|
|upkeep
|turn|73
|
|t:|1728095465
|switch|p1a: Blastoise|Blastoise, M|86/100
|move|p2a: Ramón|Toxic|p1a: Blastoise
|-status|p1a: Blastoise|tox
|
|-heal|p1a: Blastoise|92/100 tox|[from] item: Leftovers
|-damage|p1a: Blastoise|86/100 tox|[from] psn
|upkeep
|turn|74
|
|t:|1728095471
|switch|p2a: Starmie|Starmie|86/100
|move|p1a: Blastoise|Ice Beam|p2a: Starmie
|-resisted|p2a: Starmie
|-damage|p2a: Starmie|71/100
|
|-heal|p2a: Starmie|77/100|[from] item: Leftovers
|-heal|p1a: Blastoise|92/100 tox|[from] item: Leftovers
|-damage|p1a: Blastoise|80/100 tox|[from] psn
|upkeep
|turn|75
|
|t:|1728095475
|switch|p1a: Blissey|Blissey, F|86/100
|move|p2a: Starmie|Thunder Wave|p1a: Blissey
|-status|p1a: Blissey|par
|
|-heal|p2a: Starmie|83/100|[from] item: Leftovers
|-heal|p1a: Blissey|92/100 par|[from] item: Leftovers
|upkeep
|turn|76
|
|t:|1728095480
|switch|p2a: Hariyama|Hariyama, F|100/100
|move|p1a: Blissey|Aromatherapy|p1a: Blissey
|-cureteam|p1a: Blissey|[from] move: Aromatherapy
|
|-heal|p1a: Blissey|98/100|[from] item: Leftovers
|upkeep
|turn|77
|
|t:|1728095484
|move|p2a: Hariyama|Brick Break|p1a: Blissey
|-supereffective|p1a: Blissey
|-damage|p1a: Blissey|29/100
|move|p1a: Blissey|Seismic Toss|p2a: Hariyama
|-damage|p2a: Hariyama|77/100
|
|-heal|p2a: Hariyama|83/100|[from] item: Leftovers
|-heal|p1a: Blissey|35/100|[from] item: Leftovers
|upkeep
|turn|78
|
|t:|1728095490
|-singleturn|p2a: Hariyama|move: Focus Punch
|switch|p1a: Skarmory|Skarmory, M|51/100
|move|p2a: Hariyama|Focus Punch|p1a: Skarmory
|-damage|p1a: Skarmory|7/100
|
|-heal|p2a: Hariyama|89/100|[from] item: Leftovers
|upkeep
|turn|79
|
|t:|1728095498
|switch|p2a: Jirachi|Jirachi|100/100
|move|p1a: Skarmory|Drill Peck|p2a: Jirachi
|-resisted|p2a: Jirachi
|-crit|p2a: Jirachi
|-damage|p2a: Jirachi|85/100
|
|-heal|p2a: Jirachi|91/100|[from] item: Leftovers
|upkeep
|turn|80
|
|t:|1728095502
|switch|p1a: Jirachi|Jirachi|85/100
|move|p2a: Jirachi|Fire Punch|p1a: Jirachi
|-supereffective|p1a: Jirachi
|-damage|p1a: Jirachi|62/100
|-status|p1a: Jirachi|brn
|
|-heal|p1a: Jirachi|68/100 brn|[from] item: Leftovers
|-damage|p1a: Jirachi|56/100 brn|[from] brn
|-heal|p2a: Jirachi|97/100|[from] item: Leftovers
|upkeep
|turn|81
|
|t:|1728095511
|switch|p2a: Starmie|Starmie|83/100
|move|p1a: Jirachi|Wish|p1a: Jirachi
|
|-heal|p2a: Starmie|89/100|[from] item: Leftovers
|-heal|p1a: Jirachi|62/100 brn|[from] item: Leftovers
|-damage|p1a: Jirachi|50/100 brn|[from] brn
|upkeep
|turn|82
|
|t:|1728095517
|move|p2a: Starmie|Surf|p1a: Jirachi
|-damage|p1a: Jirachi|30/100 brn
|move|p1a: Jirachi|Body Slam|p2a: Starmie
|-damage|p2a: Starmie|79/100
|-status|p2a: Starmie|par
|
|-heal|p1a: Jirachi|80/100 brn|[from] move: Wish|[wisher] Jirachi
|-heal|p1a: Jirachi|86/100 brn|[from] item: Leftovers
|-damage|p1a: Jirachi|74/100 brn|[from] brn
|-heal|p2a: Starmie|85/100 par|[from] item: Leftovers
|upkeep
|turn|83
|
|t:|1728095528
|switch|p1a: Blissey|Blissey, F|35/100
|-curestatus|p2a: Starmie|par|[from] ability: Natural Cure
|switch|p2a: Celebi|Celebi|100/100
|
|-heal|p1a: Blissey|41/100|[from] item: Leftovers
|upkeep
|turn|84
|
|t:|1728095532
|move|p2a: Celebi|Leech Seed|p1a: Blissey
|-start|p1a: Blissey|move: Leech Seed
|move|p1a: Blissey|Soft-Boiled|p1a: Blissey
|-heal|p1a: Blissey|91/100
|
|-heal|p1a: Blissey|97/100|[from] item: Leftovers
|-damage|p1a: Blissey|85/100|[from] Leech Seed|[of] p2a: Celebi
|upkeep
|turn|85
|
|t:|1728095540
|switch|p2a: Jirachi|Jirachi|97/100
|switch|p1a: Flygon|Flygon, M|58/100
|
|-heal|p1a: Flygon|65/100|[from] item: Leftovers
|-heal|p2a: Jirachi|100/100|[from] item: Leftovers
|upkeep
|turn|86
|
|t:|1728095548
|switch|p2a: Celebi|Celebi|100/100
|move|p1a: Flygon|Earthquake|p2a: Celebi
|-resisted|p2a: Celebi
|-damage|p2a: Celebi|89/100
|
|-heal|p2a: Celebi|95/100|[from] item: Leftovers
|-heal|p1a: Flygon|71/100|[from] item: Leftovers
|upkeep
|turn|87
|
|t:|1728095553
|move|p2a: Celebi|Hidden Power|p1a: Flygon
|-damage|p1a: Flygon|51/100
|move|p1a: Flygon|Toxic|p2a: Celebi
|-status|p2a: Celebi|tox
|
|-heal|p2a: Celebi|100/100 tox|[from] item: Leftovers
|-damage|p2a: Celebi|94/100 tox|[from] psn
|-heal|p1a: Flygon|57/100|[from] item: Leftovers
|upkeep
|turn|88
|
|t:|1728095562
|-curestatus|p2a: Celebi|tox|[from] ability: Natural Cure
|switch|p2a: Starmie|Starmie|85/100
|switch|p1a: Blissey|Blissey, F|85/100
|
|-heal|p2a: Starmie|91/100|[from] item: Leftovers
|-heal|p1a: Blissey|91/100|[from] item: Leftovers
|upkeep
|turn|89
|
|t:|1728095567
|move|p2a: Starmie|Thunder Wave|p1a: Blissey
|-status|p1a: Blissey|par
|move|p1a: Blissey|Aromatherapy|p1a: Blissey
|-cureteam|p1a: Blissey|[from] move: Aromatherapy
|
|-heal|p2a: Starmie|97/100|[from] item: Leftovers
|-heal|p1a: Blissey|97/100|[from] item: Leftovers
|upkeep
|turn|90
|
|t:|1728095569
|move|p2a: Starmie|Thunder Wave|p1a: Blissey
|-status|p1a: Blissey|par
|move|p1a: Blissey|Thunderbolt|p2a: Starmie
|-supereffective|p2a: Starmie
|-damage|p2a: Starmie|56/100
|
|-heal|p2a: Starmie|63/100|[from] item: Leftovers
|-heal|p1a: Blissey|100/100 par|[from] item: Leftovers
|upkeep
|turn|91
|
|t:|1728095573
|move|p2a: Starmie|Recover|p2a: Starmie
|-heal|p2a: Starmie|100/100
|move|p1a: Blissey|Thunderbolt|p2a: Starmie
|-supereffective|p2a: Starmie
|-damage|p2a: Starmie|62/100
|
|-heal|p2a: Starmie|68/100|[from] item: Leftovers
|upkeep
|turn|92
|
|t:|1728095578
|move|p2a: Starmie|Thunder Wave|p1a: Blissey
|-fail|p1a: Blissey|par
|cant|p1a: Blissey|par
|
|-heal|p2a: Starmie|75/100|[from] item: Leftovers
|upkeep
|turn|93
|
|t:|1728095582
|move|p2a: Starmie|Thunder Wave|p1a: Blissey
|-fail|p1a: Blissey|par
|cant|p1a: Blissey|par
|
|-heal|p2a: Starmie|81/100|[from] item: Leftovers
|upkeep
|turn|94
|
|t:|1728095586
|switch|p2a: Hariyama|Hariyama, F|89/100
|cant|p1a: Blissey|par
|
|-heal|p2a: Hariyama|95/100|[from] item: Leftovers
|upkeep
|turn|95
|
|t:|1728095592
|-singleturn|p2a: Hariyama|move: Focus Punch
|-curestatus|p1a: Blissey|par|[from] ability: Natural Cure
|switch|p1a: Skarmory|Skarmory, M|7/100
|move|p2a: Hariyama|Focus Punch|p1a: Skarmory
|-damage|p1a: Skarmory|0 fnt
|faint|p1a: Skarmory
|
|t:|1728095594
|switch|p1a: Slaking|Slaking, M|100/100
|
|-heal|p2a: Hariyama|100/100|[from] item: Leftovers
|upkeep
|turn|96
|
|t:|1728095598
|move|p1a: Slaking|Return|p2a: Hariyama
|-damage|p2a: Hariyama|0 fnt
|faint|p2a: Hariyama
|
|t:|1728095623
|switch|p2a: Sofía|Marowak, F|100/100
|
|upkeep
|turn|97
|
|t:|1728095628
|-singleturn|p2a: Sofía|move: Focus Punch
|cant|p1a: Slaking|ability: Truant
|move|p2a: Sofía|Focus Punch|p1a: Slaking
|-supereffective|p1a: Slaking
|-damage|p1a: Slaking|0 fnt
|faint|p1a: Slaking
|
|t:|1728095654
|switch|p1a: Blastoise|Blastoise, M|80/100
|
|-heal|p1a: Blastoise|86/100|[from] item: Leftovers
|upkeep
|turn|98
|
|t:|1728095660
|switch|p2a: Starmie|Starmie|81/100
|move|p1a: Blastoise|Ice Beam|p2a: Starmie
|-resisted|p2a: Starmie
|-damage|p2a: Starmie|66/100
|
|-heal|p2a: Starmie|72/100|[from] item: Leftovers
|-heal|p1a: Blastoise|92/100|[from] item: Leftovers
|upkeep
|turn|99
|
|t:|1728095672
|move|p2a: Starmie|Surf|p1a: Blastoise
|-resisted|p1a: Blastoise
|-damage|p1a: Blastoise|77/100
|move|p1a: Blastoise|Surf|p2a: Starmie
|-resisted|p2a: Starmie
|-damage|p2a: Starmie|50/100
|
|-heal|p2a: Starmie|56/100|[from] item: Leftovers
|-heal|p1a: Blastoise|83/100|[from] item: Leftovers
|upkeep
|turn|100
|
|t:|1728095678
|switch|p1a: Jirachi|Jirachi|74/100
|move|p2a: Starmie|Recover|p2a: Starmie
|-heal|p2a: Starmie|100/100
|
|-heal|p1a: Jirachi|80/100|[from] item: Leftovers
|upkeep
|turn|101
|
|t:|1728095684
|move|p2a: Starmie|Surf|p1a: Jirachi
|-damage|p1a: Jirachi|58/100
|move|p1a: Jirachi|Body Slam|p2a: Starmie
|-damage|p2a: Starmie|79/100
|-status|p2a: Starmie|par
|
|-heal|p1a: Jirachi|65/100|[from] item: Leftovers
|-heal|p2a: Starmie|85/100 par|[from] item: Leftovers
|upkeep
|turn|102
|
|t:|1728095688
|-curestatus|p2a: Starmie|par|[from] ability: Natural Cure
|switch|p2a: Celebi|Celebi|94/100
|move|p1a: Jirachi|Wish|p1a: Jirachi
|
|-heal|p2a: Celebi|100/100|[from] item: Leftovers
|-heal|p1a: Jirachi|71/100|[from] item: Leftovers
|upkeep
|turn|103
|
|t:|1728095695
|move|p2a: Celebi|Leech Seed|p1a: Jirachi
|-start|p1a: Jirachi|move: Leech Seed
|move|p1a: Jirachi|Fire Punch|p2a: Celebi
|-supereffective|p2a: Celebi
|-damage|p2a: Celebi|71/100
|
|-heal|p1a: Jirachi|100/100|[from] move: Wish|[wisher] Jirachi
|-heal|p2a: Celebi|77/100|[from] item: Leftovers
|-damage|p1a: Jirachi|88/100|[from] Leech Seed|[of] p2a: Celebi
|-heal|p2a: Celebi|89/100|[silent]
|upkeep
|turn|104
|
|t:|1728095708
|switch|p2a: Starmie|Starmie|85/100
|move|p1a: Jirachi|Wish|p1a: Jirachi
|
|-heal|p2a: Starmie|91/100|[from] item: Leftovers
|-heal|p1a: Jirachi|94/100|[from] item: Leftovers
|-damage|p1a: Jirachi|82/100|[from] Leech Seed|[of] p2a: Starmie
|-heal|p2a: Starmie|100/100|[silent]
|upkeep
|turn|105
|
|t:|1728095717
|switch|p1a: Flygon|Flygon, M|57/100
|move|p2a: Starmie|Surf|p1a: Flygon
|-damage|p1a: Flygon|32/100
|
|-heal|p1a: Flygon|82/100|[from] move: Wish|[wisher] Jirachi
|-heal|p1a: Flygon|88/100|[from] item: Leftovers
|upkeep
|turn|106
|
|t:|1728095741
|move|p2a: Starmie|Surf|p1a: Flygon
|-damage|p1a: Flygon|63/100
|move|p1a: Flygon|Toxic|p2a: Starmie
|-status|p2a: Starmie|tox
|
|-damage|p2a: Starmie|94/100 tox|[from] psn
|-heal|p1a: Flygon|69/100|[from] item: Leftovers
|upkeep
|turn|107
|
|t:|1728095746
|move|p2a: Starmie|Surf|p1a: Flygon
|-damage|p1a: Flygon|44/100
|move|p1a: Flygon|Earthquake|p2a: Starmie
|-damage|p2a: Starmie|51/100 tox
|
|-heal|p2a: Starmie|57/100 tox|[from] item: Leftovers
|-damage|p2a: Starmie|45/100 tox|[from] psn
|-heal|p1a: Flygon|50/100|[from] item: Leftovers
|upkeep
|turn|108
|
|t:|1728095753
|-curestatus|p2a: Starmie|tox|[from] ability: Natural Cure
|switch|p2a: Celebi|Celebi|89/100
|move|p1a: Flygon|Toxic|p2a: Celebi
|-status|p2a: Celebi|tox
|
|-heal|p2a: Celebi|96/100 tox|[from] item: Leftovers
|-damage|p2a: Celebi|89/100 tox|[from] psn
|-heal|p1a: Flygon|57/100|[from] item: Leftovers
|upkeep
|turn|109
|
|t:|1728095761
|-curestatus|p2a: Celebi|tox|[from] ability: Natural Cure
|switch|p2a: Starmie|Starmie|45/100
|move|p1a: Flygon|Protect||[still]
|-fail|p1a: Flygon
|
|-heal|p2a: Starmie|51/100|[from] item: Leftovers
|-heal|p1a: Flygon|63/100|[from] item: Leftovers
|upkeep
|turn|110
|
|t:|1728095766
|move|p2a: Starmie|Recover|p2a: Starmie
|-heal|p2a: Starmie|100/100
|move|p1a: Flygon|Earthquake|p2a: Starmie
|-damage|p2a: Starmie|58/100
|
|-heal|p2a: Starmie|64/100|[from] item: Leftovers
|-heal|p1a: Flygon|69/100|[from] item: Leftovers
|upkeep
|turn|111
|
|t:|1728095772
|move|p2a: Starmie|Recover|p2a: Starmie
|-heal|p2a: Starmie|100/100
|move|p1a: Flygon|Toxic|p2a: Starmie
|-status|p2a: Starmie|tox
|
|-damage|p2a: Starmie|94/100 tox|[from] psn
|-heal|p1a: Flygon|75/100|[from] item: Leftovers
|upkeep
|turn|112
|
|t:|1728095776
|-curestatus|p2a: Starmie|tox|[from] ability: Natural Cure
|switch|p2a: Celebi|Celebi|89/100
|move|p1a: Flygon|Earthquake|p2a: Celebi
|-resisted|p2a: Celebi
|-damage|p2a: Celebi|77/100
|
|-heal|p2a: Celebi|83/100|[from] item: Leftovers
|-heal|p1a: Flygon|81/100|[from] item: Leftovers
|upkeep
|turn|113
|
|t:|1728095790
|switch|p2a: Starmie|Starmie|94/100
|move|p1a: Flygon|Earthquake|p2a: Starmie
|-damage|p2a: Starmie|55/100
|
|-heal|p2a: Starmie|62/100|[from] item: Leftovers
|-heal|p1a: Flygon|87/100|[from] item: Leftovers
|upkeep
|turn|114
|
|t:|1728095795
|move|p2a: Starmie|Recover|p2a: Starmie
|-heal|p2a: Starmie|100/100
|move|p1a: Flygon|Toxic|p2a: Starmie
|-status|p2a: Starmie|tox
|
|-damage|p2a: Starmie|94/100 tox|[from] psn
|-heal|p1a: Flygon|93/100|[from] item: Leftovers
|upkeep
|turn|115
|
|t:|1728095798
|-curestatus|p2a: Starmie|tox|[from] ability: Natural Cure
|switch|p2a: Celebi|Celebi|83/100
|move|p1a: Flygon|Earthquake|p2a: Celebi
|-resisted|p2a: Celebi
|-damage|p2a: Celebi|70/100
|
|-heal|p2a: Celebi|76/100|[from] item: Leftovers
|-heal|p1a: Flygon|99/100|[from] item: Leftovers
|upkeep
|turn|116
|
|t:|1728095804
|move|p2a: Celebi|Hidden Power|p1a: Flygon
|-damage|p1a: Flygon|79/100
|move|p1a: Flygon|Toxic|p2a: Celebi
|-status|p2a: Celebi|tox
|
|-heal|p2a: Celebi|82/100 tox|[from] item: Leftovers
|-damage|p2a: Celebi|76/100 tox|[from] psn
|-heal|p1a: Flygon|85/100|[from] item: Leftovers
|upkeep
|turn|117
|
|t:|1728095810
|-curestatus|p2a: Celebi|tox|[from] ability: Natural Cure
|switch|p2a: Starmie|Starmie|94/100
|move|p1a: Flygon|Protect||[still]
|-fail|p1a: Flygon
|
|-heal|p2a: Starmie|100/100|[from] item: Leftovers
|-heal|p1a: Flygon|91/100|[from] item: Leftovers
|upkeep
|turn|118
|
|t:|1728095816
|move|p2a: Starmie|Surf|p1a: Flygon
|-damage|p1a: Flygon|66/100
|move|p1a: Flygon|Toxic|p2a: Starmie
|-status|p2a: Starmie|tox
|
|-damage|p2a: Starmie|94/100 tox|[from] psn
|-heal|p1a: Flygon|72/100|[from] item: Leftovers
|upkeep
|turn|119
|
|t:|1728095837
|-curestatus|p2a: Starmie|tox|[from] ability: Natural Cure
|switch|p2a: Celebi|Celebi|76/100
|switch|p1a: Jirachi|Jirachi|82/100
|
|-heal|p2a: Celebi|82/100|[from] item: Leftovers
|-heal|p1a: Jirachi|88/100|[from] item: Leftovers
|upkeep
|turn|120
|
|t:|1728095841
|switch|p2a: Starmie|Starmie|94/100
|move|p1a: Jirachi|Fire Punch|p2a: Starmie
|-resisted|p2a: Starmie
|-damage|p2a: Starmie|84/100
|
|-heal|p2a: Starmie|90/100|[from] item: Leftovers
|-heal|p1a: Jirachi|94/100|[from] item: Leftovers
|upkeep
|turn|121
|
|t:|1728095845
|move|p2a: Starmie|Thunder Wave|p1a: Jirachi
|-status|p1a: Jirachi|par
|move|p1a: Jirachi|Body Slam|p2a: Starmie
|-damage|p2a: Starmie|66/100
|
|-heal|p2a: Starmie|72/100|[from] item: Leftovers
|-heal|p1a: Jirachi|100/100 par|[from] item: Leftovers
|upkeep
|turn|122
|
|t:|1728095855
|switch|p2a: Jirachi|Jirachi|100/100
|cant|p1a: Jirachi|par
|
|upkeep
|turn|123
|
|t:|1728095861
|move|p2a: Jirachi|Fire Punch|p1a: Jirachi
|-supereffective|p1a: Jirachi
|-damage|p1a: Jirachi|79/100 par
|move|p1a: Jirachi|Fire Punch|p2a: Jirachi
|-supereffective|p2a: Jirachi
|-damage|p2a: Jirachi|77/100
|
|-heal|p2a: Jirachi|83/100|[from] item: Leftovers
|-heal|p1a: Jirachi|85/100 par|[from] item: Leftovers
|upkeep
|turn|124
|
|t:|1728095870
|switch|p2a: Celebi|Celebi|82/100
|move|p1a: Jirachi|Fire Punch|p2a: Celebi
|-supereffective|p2a: Celebi
|-damage|p2a: Celebi|51/100
|
|-heal|p2a: Celebi|57/100|[from] item: Leftovers
|-heal|p1a: Jirachi|91/100 par|[from] item: Leftovers
|upkeep
|turn|125
|
|t:|1728095872
|move|p2a: Celebi|Recover|p2a: Celebi
|-heal|p2a: Celebi|100/100
|move|p1a: Jirachi|Body Slam|p2a: Celebi
|-damage|p2a: Celebi|87/100
|-status|p2a: Celebi|par
|
|-heal|p2a: Celebi|93/100 par|[from] item: Leftovers
|-heal|p1a: Jirachi|98/100 par|[from] item: Leftovers
|upkeep
|turn|126
|
|t:|1728095876
|-curestatus|p2a: Celebi|par|[from] ability: Natural Cure
|switch|p2a: Starmie|Starmie|72/100
|move|p1a: Jirachi|Fire Punch|p2a: Starmie
|-resisted|p2a: Starmie
|-damage|p2a: Starmie|62/100
|
|-heal|p2a: Starmie|68/100|[from] item: Leftovers
|-heal|p1a: Jirachi|100/100 par|[from] item: Leftovers
|upkeep
|turn|127
|
|t:|1728095879
|move|p2a: Starmie|Recover|p2a: Starmie
|-heal|p2a: Starmie|100/100
|move|p1a: Jirachi|Body Slam|p2a: Starmie
|-damage|p2a: Starmie|77/100
|-status|p2a: Starmie|par
|
|-heal|p2a: Starmie|83/100 par|[from] item: Leftovers
|upkeep
|turn|128
|
|t:|1728095881
|-curestatus|p2a: Starmie|par|[from] ability: Natural Cure
|switch|p2a: Celebi|Celebi|93/100
|move|p1a: Jirachi|Body Slam|p2a: Celebi
|-damage|p2a: Celebi|79/100
|
|-heal|p2a: Celebi|85/100|[from] item: Leftovers
|upkeep
|turn|129
|
|t:|1728095890
|move|p2a: Celebi|Psychic|p1a: Jirachi
|-resisted|p1a: Jirachi
|-damage|p1a: Jirachi|96/100 par
|cant|p1a: Jirachi|par
|
|-heal|p2a: Celebi|92/100|[from] item: Leftovers
|-heal|p1a: Jirachi|100/100 par|[from] item: Leftovers
|upkeep
|turn|130
|
|t:|1728095894
|move|p2a: Celebi|Psychic|p1a: Jirachi
|-resisted|p1a: Jirachi
|-damage|p1a: Jirachi|95/100 par
|cant|p1a: Jirachi|par
|
|-heal|p2a: Celebi|98/100|[from] item: Leftovers
|-heal|p1a: Jirachi|100/100 par|[from] item: Leftovers
|upkeep
|turn|131
|
|t:|1728095902
|move|p2a: Celebi|Psychic|p1a: Jirachi
|-resisted|p1a: Jirachi
|-damage|p1a: Jirachi|96/100 par
|move|p1a: Jirachi|Body Slam|p2a: Celebi
|-damage|p2a: Celebi|84/100
|
|-heal|p2a: Celebi|90/100|[from] item: Leftovers
|-heal|p1a: Jirachi|100/100 par|[from] item: Leftovers
|upkeep
|turn|132
|
|t:|1728095910
|cant|p1a: Jirachi|par
|move|p2a: Celebi|Leech Seed|p1a: Jirachi
|-start|p1a: Jirachi|move: Leech Seed
|
|-heal|p2a: Celebi|96/100|[from] item: Leftovers
|-damage|p1a: Jirachi|88/100 par|[from] Leech Seed|[of] p2a: Celebi
|-heal|p2a: Celebi|100/100|[silent]
|upkeep
|turn|133
|inactive|legoerofeggos has 270 seconds left.
|
|t:|1728095944
|switch|p2a: Starmie|Starmie|83/100
|switch|p1a: Blissey|Blissey, F|100/100
|
|-heal|p2a: Starmie|89/100|[from] item: Leftovers
|upkeep
|turn|134
|
|t:|1728095950
|switch|p2a: Sofía|Marowak, F|100/100
|move|p1a: Blissey|Seismic Toss|p2a: Sofía
|-damage|p2a: Sofía|63/100
|
|upkeep
|turn|135
|
|t:|1728095953
|move|p2a: Sofía|Earthquake|p1a: Blissey
|-damage|p1a: Blissey|30/100
|move|p1a: Blissey|Seismic Toss|p2a: Sofía
|-damage|p2a: Sofía|26/100
|
|-heal|p1a: Blissey|37/100|[from] item: Leftovers
|upkeep
|turn|136
|
|t:|1728095957
|switch|p1a: Blastoise|Blastoise, M|83/100
|move|p2a: Sofía|Earthquake|p1a: Blastoise
|-crit|p1a: Blastoise
|-damage|p1a: Blastoise|0 fnt
|faint|p1a: Blastoise
|
|t:|1728095961
|switch|p1a: Flygon|Flygon, M|72/100
|
|-heal|p1a: Flygon|79/100|[from] item: Leftovers
|upkeep
|turn|137
|
|t:|1728095967
|switch|p2a: Celebi|Celebi|100/100
|move|p1a: Flygon|Earthquake|p2a: Celebi
|-resisted|p2a: Celebi
|-damage|p2a: Celebi|88/100
|
|-heal|p2a: Celebi|94/100|[from] item: Leftovers
|-heal|p1a: Flygon|85/100|[from] item: Leftovers
|upkeep
|turn|138
|-message|Dusty_boy forfeited.
|
|win|legoerofeggos
|l|☆Dusty_boy
|player|p1|

</script>
<script type="application/json" class="data" id="replaydata-gen3ou-2216219952-fvekb9ao9qcxa1xy22pvqa6rj94xs9opw">
{"id":"gen3ou-2216219952","format":"[Gen 3] OU","players":["Dusty_boy","legoerofeggos"],"uploadtime":1728095986,"views":99,"formatid":"gen3ou","rating":null,"private":1,"password":"fvekb9ao9qcxa1xy22pvqa6rj94xs9o"}
</script>

<script defer src="js/replays.js?9d40a366"></script>
