<!DOCTYPE html>
<meta charset="utf-8" />
<meta name="viewport" content="width=device-width" />

<title>[Gen 3] OU: butter dk vs. Figull400 - Replays - Pok&eacute;mon Showdown!</title>

<meta name="description" content="Watch a replay of a Pok&eacute;mon battle between butter dk and Figull400! Format: [Gen 3] OU; Date: Oct 15, 2024" />
<!--

Hey, you! Looking in the source for the replay log?

You can find them in JSON format, just add `.json` at the end of a replay URL.

https://replay.pokemonshowdown.com/gen7randomdoublesbattle-865046831.json

Or, if you only need the log itself, add `.log` instead:

https://replay.pokemonshowdown.com/gen7randomdoublesbattle-865046831.log

-->

<link rel="stylesheet" href="//pokemonshowdown.com/style/global.css?0.023195364461161105" />
<link rel="stylesheet" href="//play.pokemonshowdown.com/style/font-awesome.css?0.13261647063804238" />
<link rel="stylesheet" href="//play.pokemonshowdown.com/style/battle.css?0.8753245789963631" />
<link rel="stylesheet" href="//play.pokemonshowdown.com/style/utilichart.css?0.8627959624976733" />

<!-- Global site tag (gtag.js) - Google Analytics -->
<script async src="https://www.googletagmanager.com/gtag/js?id=UA-26211653-1"></script>
<script>
  window.dataLayer = window.dataLayer || [];
  function gtag(){dataLayer.push(arguments);}
  gtag('js', new Date());

  gtag('config', 'UA-26211653-1');
</script>
<!-- End Google Analytics -->
<!-- Venatus Ad Manager - Install in <HEAD> of page -->
	<script src="https://hb.vntsm.com/v3/live/ad-manager.min.js" type="text/javascript" data-site-id="642aba63ec9a7b11c3c9c1be" data-mode="scan" async></script>
<!-- / Venatus Ad Manager -->

<style>
	@media (max-width:820px) {
		.battle {
			margin: 0 auto;
		}
		.battle-log {
			margin: 7px auto 0;
			max-width: 640px;
			height: 300px;
			position: static;
		}
	}
	.optgroup {
		display: inline-block;
		line-height: 22px;
		font-size: 10pt;
	}
	.optgroup .button {
		height: 25px;
		padding-top: 0;
		padding-bottom: 0;
	}
	.optgroup button.button {
		padding-left: 12px;
		padding-right: 12px;
	}
	.linklist {
		list-style: none;
		margin: 0.5em 0;
		padding: 0;
	}
	.linklist li {
		padding: 2px 0;
	}
	.sidebar {
		float: left;
		width: 320px;
	}
	.bar-wrapper {
		max-width: 1100px;
		margin: 0 auto;
	}
	.bar-wrapper.has-sidebar {
		max-width: 1430px;
	}
	.mainbar {
		margin: 0;
		padding-right: 1px;
	}
	.mainbar.has-sidebar {
		margin-left: 330px;
	}
	@media (min-width: 1511px) {
		.sidebar {
			width: 400px;
		}
		.bar-wrapper.has-sidebar {
			max-width: 1510px;
		}
		.mainbar.has-sidebar {
			margin-left: 410px;
		}
	}
	.section.first-section {
		margin-top: 9px;
	}
	.blocklink small {
		white-space: normal;
	}
	.button {
		vertical-align: middle;
	}
	.replay-controls {
		padding-top: 10px;
	}
	.replay-controls h1 {
		font-size: 16pt;
		font-weight: normal;
		color: #CCC;
	}
	.pagelink {
		text-align: center;
	}
	.pagelink a {
		width: 150px;
	}
	.textbox, .button {
		font-size: 11pt;
		vertical-align: middle;
	}
	@media (max-width: 450px) {
		.button {
			font-size: 9pt;
		}
	}
</style>

<div>

	<header>
		<div class="nav-wrapper"><ul class="nav">
			<li><a class="button nav-first" href="//pokemonshowdown.com/"><img src="//pokemonshowdown.com/images/pokemonshowdownbeta.png" srcset="//pokemonshowdown.com/images/pokemonshowdownbeta.png 1x, //pokemonshowdown.com/images/pokemonshowdownbeta@2x.png 2x" alt="Pok&eacute;mon Showdown" width="146" height="44" /> Home</a></li>
			<li><a class="button" href="//pokemonshowdown.com/dex/">Pok&eacute;dex</a></li>
			<li><a class="button cur" href="/">Replays</a></li>
			<li><a class="button" href="//pokemonshowdown.com/ladder/">Ladder</a></li>
			<li><a class="button nav-last" href="//pokemonshowdown.com/forums/">Forum</a></li>
			<li><a class="button greenbutton nav-first nav-last" href="//play.pokemonshowdown.com/">Play</a></li>
		</ul></div>
	</header>

	<div class="main" id="main">

		<noscript><section class="section">You need to enable JavaScript to use this page; sorry!</section></noscript>

	</div>

</div>

<script defer nomodule src="//play.pokemonshowdown.com/js/lib/ps-polyfill.js"></script>
<script defer src="//play.pokemonshowdown.com/js/lib/preact.min.js"></script>

<script defer src="//play.pokemonshowdown.com/config/config.js?2bddbc15"></script>
<script defer src="//play.pokemonshowdown.com/js/lib/jquery-1.11.0.min.js"></script>
<script defer src="//play.pokemonshowdown.com/js/lib/html-sanitizer-minified.js"></script>
<script defer src="//play.pokemonshowdown.com/js/battle-sound.js"></script>
<script defer src="//play.pokemonshowdown.com/js/battledata.js?0.7209276989879541"></script>
<script defer src="//play.pokemonshowdown.com/data/pokedex-mini.js?0.6111056340867951"></script>
<script defer src="//play.pokemonshowdown.com/data/pokedex-mini-bw.js?0.3532142036491459"></script>
<script defer src="//play.pokemonshowdown.com/data/graphics.js?0.24223875632456182"></script>
<script defer src="//play.pokemonshowdown.com/data/pokedex.js?0.38839984266356864"></script>
<script defer src="//play.pokemonshowdown.com/data/moves.js?0.21866028504024015"></script>
<script defer src="//play.pokemonshowdown.com/data/abilities.js?0.2005157953846628"></script>
<script defer src="//play.pokemonshowdown.com/data/items.js?0.9894211263848525"></script>
<script defer src="//play.pokemonshowdown.com/data/teambuilder-tables.js?0.6008791140282215"></script>
<script defer src="//play.pokemonshowdown.com/js/battle-tooltips.js?0.7580118955022959"></script>
<script defer src="//play.pokemonshowdown.com/js/battle.js?0.6057722274234274"></script>

<script defer src="js/utils.js?e31f9a17"></script>
<script defer src="js/replays-battle.js?7008c182"></script>

<!-- don't scrape this data! just add .json or .log after the URL!
Full API docs: https://github.com/smogon/pokemon-showdown-client/blob/master/WEB-API.md -->
<script type="text/plain" class="log" id="replaylog-smogtours-gen3ou-798995">
|inactive|Battle timer is ON: inactive players will automatically lose when time's up.
|t:|1729022590
|gametype|singles
|player|p1|butter dk|proton|
|player|p2|Figull400|gambler|
|teamsize|p1|6
|teamsize|p2|6
|gen|3
|tier|[Gen 3] OU
|rule|Sleep Clause Mod: Limit one foe put to sleep
|rule|Switch Priority Clause Mod: Faster Pokémon switch first
|rule|Species Clause: Limit one of each Pokémon
|rule|OHKO Clause: OHKO moves are banned
|rule|Evasion Items Clause: Evasion items are banned
|rule|Evasion Moves Clause: Evasion moves are banned
|rule|Endless Battle Clause: Forcing endless battles is banned
|rule|HP Percentage Mod: HP is shown in percentages
|rule|One Boost Passer Clause: Limit one Baton Passer that has a way to boost its stats
|rule|Freeze Clause Mod: Limit one foe frozen
|
|t:|1729022590
|start
|switch|p1a: Skarmory|Skarmory, F|100/100
|switch|p2a: Registeel|Registeel|100/100
|turn|1
|c|☆Figull400|hf
|
|t:|1729022596
|move|p1a: Skarmory|Spikes|p2a: Registeel
|-sidestart|p2: Figull400|Spikes
|move|p2a: Registeel|Thunder Wave|p1a: Skarmory
|-status|p1a: Skarmory|par
|
|upkeep
|turn|2
|c|☆butter dk|glhf
|
|t:|1729022605
|move|p2a: Registeel|Seismic Toss|p1a: Skarmory
|-damage|p1a: Skarmory|71/100 par
|move|p1a: Skarmory|Roar|p2a: Registeel
|drag|p2a: Skarmory|Skarmory, M|100/100
|
|-heal|p1a: Skarmory|77/100 par|[from] item: Leftovers
|upkeep
|turn|3
|
|t:|1729022612
|move|p2a: Skarmory|Spikes|p1a: Skarmory
|-sidestart|p1: butter dk|Spikes
|move|p1a: Skarmory|Spikes|p2a: Skarmory
|-sidestart|p2: Figull400|Spikes
|
|-heal|p1a: Skarmory|83/100 par|[from] item: Leftovers
|upkeep
|turn|4
|
|t:|1729022616
|switch|p1a: Claydol|Claydol|100/100
|move|p2a: Skarmory|Spikes|p1a: Claydol
|-sidestart|p1: butter dk|Spikes
|
|upkeep
|turn|5
|
|t:|1729022621
|move|p1a: Claydol|Psychic|p2a: Skarmory
|-resisted|p2a: Skarmory
|-damage|p2a: Skarmory|90/100
|-unboost|p2a: Skarmory|spd|1
|move|p2a: Skarmory|Toxic|p1a: Claydol
|-status|p1a: Claydol|tox
|
|-damage|p1a: Claydol|95/100 tox|[from] psn
|-heal|p2a: Skarmory|96/100|[from] item: Leftovers
|upkeep
|turn|6
|
|t:|1729022624
|move|p1a: Claydol|Rapid Spin|p2a: Skarmory
|-resisted|p2a: Skarmory
|-damage|p2a: Skarmory|95/100
|-sideend|p1: butter dk|Spikes|[from] move: Rapid Spin|[of] p1a: Claydol
|move|p2a: Skarmory|Spikes|p1a: Claydol
|-sidestart|p1: butter dk|Spikes
|
|-heal|p1a: Claydol|100/100 tox|[from] item: Leftovers
|-damage|p1a: Claydol|89/100 tox|[from] psn
|-heal|p2a: Skarmory|100/100|[from] item: Leftovers
|upkeep
|turn|7
|
|t:|1729022635
|switch|p1a: Skarmory|Skarmory, F|83/100 par
|move|p2a: Skarmory|Spikes|p1a: Skarmory
|-sidestart|p1: butter dk|Spikes
|
|-heal|p1a: Skarmory|89/100 par|[from] item: Leftovers
|upkeep
|turn|8
|
|t:|1729022640
|move|p2a: Skarmory|Spikes|p1a: Skarmory
|-sidestart|p1: butter dk|Spikes
|move|p1a: Skarmory|Spikes|p2a: Skarmory
|-sidestart|p2: Figull400|Spikes
|
|-heal|p1a: Skarmory|95/100 par|[from] item: Leftovers
|upkeep
|turn|9
|
|t:|1729022643
|move|p2a: Skarmory|Roar|p1a: Skarmory
|drag|p1a: Claydol|Claydol|89/100 tox
|
|-heal|p1a: Claydol|95/100 tox|[from] item: Leftovers
|-damage|p1a: Claydol|89/100 tox|[from] psn
|upkeep
|turn|10
|
|t:|1729022650
|move|p1a: Claydol|Rapid Spin|p2a: Skarmory
|-resisted|p2a: Skarmory
|-damage|p2a: Skarmory|99/100
|-sideend|p1: butter dk|Spikes|[from] move: Rapid Spin|[of] p1a: Claydol
|move|p2a: Skarmory|Spikes|p1a: Claydol
|-sidestart|p1: butter dk|Spikes
|
|-heal|p1a: Claydol|95/100 tox|[from] item: Leftovers
|-damage|p1a: Claydol|83/100 tox|[from] psn
|-heal|p2a: Skarmory|100/100|[from] item: Leftovers
|upkeep
|turn|11
|
|t:|1729022655
|switch|p1a: Gengar|Gengar, M|100/100
|move|p2a: Skarmory|Spikes|p1a: Gengar
|-sidestart|p1: butter dk|Spikes
|
|upkeep
|turn|12
|
|t:|1729022659
|switch|p2a: Blissey|Blissey, F|100/100
|-damage|p2a: Blissey|76/100|[from] Spikes
|move|p1a: Gengar|Fire Punch|p2a: Blissey
|-damage|p2a: Blissey|66/100
|
|-heal|p2a: Blissey|72/100|[from] item: Leftovers
|upkeep
|turn|13
|
|t:|1729022668
|move|p1a: Gengar|Explosion|p2a: Blissey
|-damage|p2a: Blissey|1/100
|faint|p1a: Gengar
|
|t:|1729022679
|switch|p1a: Metagross|Metagross|100/100
|-damage|p1a: Metagross|84/100|[from] Spikes
|
|-heal|p1a: Metagross|90/100|[from] item: Leftovers
|-heal|p2a: Blissey|7/100|[from] item: Leftovers
|upkeep
|turn|14
|
|t:|1729022682
|switch|p2a: Skarmory|Skarmory, M|100/100
|move|p1a: Metagross|Earthquake|p2a: Skarmory
|-immune|p2a: Skarmory
|
|-heal|p1a: Metagross|96/100|[from] item: Leftovers
|upkeep
|turn|15
|
|t:|1729022695
|move|p1a: Metagross|Rock Slide|p2a: Skarmory
|-damage|p2a: Skarmory|76/100
|move|p2a: Skarmory|Spikes|p1a: Metagross
|-sidestart|p1: butter dk|Spikes
|
|-heal|p1a: Metagross|100/100|[from] item: Leftovers
|-heal|p2a: Skarmory|82/100|[from] item: Leftovers
|upkeep
|turn|16
|
|t:|1729022700
|move|p1a: Metagross|Rock Slide|p2a: Skarmory
|-damage|p2a: Skarmory|61/100
|move|p2a: Skarmory|Roar|p1a: Metagross
|drag|p1a: Skarmory|Skarmory, F|95/100 par
|
|-heal|p2a: Skarmory|67/100|[from] item: Leftovers
|-heal|p1a: Skarmory|100/100 par|[from] item: Leftovers
|upkeep
|turn|17
|
|t:|1729022704
|move|p2a: Skarmory|Roar|p1a: Skarmory
|drag|p1a: Claydol|Claydol|83/100 tox
|
|-heal|p1a: Claydol|89/100 tox|[from] item: Leftovers
|-damage|p1a: Claydol|83/100 tox|[from] psn
|-heal|p2a: Skarmory|73/100|[from] item: Leftovers
|upkeep
|turn|18
|
|t:|1729022706
|move|p1a: Claydol|Rapid Spin|p2a: Skarmory
|-resisted|p2a: Skarmory
|-damage|p2a: Skarmory|71/100
|-sideend|p1: butter dk|Spikes|[from] move: Rapid Spin|[of] p1a: Claydol
|move|p2a: Skarmory|Spikes|p1a: Claydol
|-sidestart|p1: butter dk|Spikes
|
|-heal|p1a: Claydol|89/100 tox|[from] item: Leftovers
|-damage|p1a: Claydol|77/100 tox|[from] psn
|-heal|p2a: Skarmory|77/100|[from] item: Leftovers
|upkeep
|turn|19
|
|t:|1729022708
|switch|p1a: Metagross|Metagross|100/100
|-damage|p1a: Metagross|88/100|[from] Spikes
|move|p2a: Skarmory|Spikes|p1a: Metagross
|-sidestart|p1: butter dk|Spikes
|
|-heal|p1a: Metagross|94/100|[from] item: Leftovers
|-heal|p2a: Skarmory|83/100|[from] item: Leftovers
|upkeep
|turn|20
|
|t:|1729022711
|switch|p2a: Milotic|Milotic, M|100/100
|-damage|p2a: Milotic|76/100|[from] Spikes
|move|p1a: Metagross|Rock Slide|p2a: Milotic
|-damage|p2a: Milotic|55/100
|
|-heal|p2a: Milotic|61/100|[from] item: Leftovers
|-heal|p1a: Metagross|100/100|[from] item: Leftovers
|upkeep
|turn|21
|
|t:|1729022718
|switch|p1a: Regice|Regice|100/100
|-damage|p1a: Regice|84/100|[from] Spikes
|move|p2a: Milotic|Recover|p2a: Milotic
|-heal|p2a: Milotic|100/100
|
|-heal|p1a: Regice|90/100|[from] item: Leftovers
|upkeep
|turn|22
|
|t:|1729022725
|move|p2a: Milotic|Toxic|p1a: Regice
|-status|p1a: Regice|tox
|move|p1a: Regice|Thunder Wave|p2a: Milotic
|-status|p2a: Milotic|par
|
|-heal|p1a: Regice|96/100 tox|[from] item: Leftovers
|-damage|p1a: Regice|90/100 tox|[from] psn
|upkeep
|turn|23
|
|t:|1729022729
|switch|p2a: Registeel|Registeel|100/100
|-damage|p2a: Registeel|75/100|[from] Spikes
|move|p1a: Regice|Thunderbolt|p2a: Registeel
|-crit|p2a: Registeel
|-damage|p2a: Registeel|43/100
|-status|p2a: Registeel|par
|
|-heal|p1a: Regice|96/100 tox|[from] item: Leftovers
|-damage|p1a: Regice|84/100 tox|[from] psn
|-heal|p2a: Registeel|49/100 par|[from] item: Leftovers
|upkeep
|turn|24
|
|t:|1729022735
|switch|p1a: Claydol|Claydol|77/100 tox
|move|p2a: Registeel|Explosion|p1a: Claydol
|-damage|p1a: Claydol|0 fnt
|faint|p2a: Registeel
|faint|p1a: Claydol
|
|t:|1729022745
|switch|p1a: Regice|Regice|84/100 tox
|switch|p2a: Claydol|Claydol|100/100
|-damage|p1a: Regice|67/100 tox|[from] Spikes
|
|-heal|p1a: Regice|73/100 tox|[from] item: Leftovers
|-damage|p1a: Regice|67/100 tox|[from] psn
|upkeep
|turn|25
|
|t:|1729022751
|move|p2a: Claydol|Rapid Spin|p1a: Regice
|-damage|p1a: Regice|64/100 tox
|-sideend|p2: Figull400|Spikes|[from] move: Rapid Spin|[of] p2a: Claydol
|move|p1a: Regice|Ice Beam|p2a: Claydol
|-supereffective|p2a: Claydol
|-damage|p2a: Claydol|34/100
|
|-heal|p2a: Claydol|40/100|[from] item: Leftovers
|-heal|p1a: Regice|70/100 tox|[from] item: Leftovers
|-damage|p1a: Regice|58/100 tox|[from] psn
|upkeep
|turn|26
|
|t:|1729022758
|switch|p2a: Milotic|Milotic, M|100/100 par
|switch|p1a: Skarmory|Skarmory, F|100/100 par
|
|upkeep
|turn|27
|
|t:|1729022761
|switch|p2a: Blissey|Blissey, F|7/100
|move|p1a: Skarmory|Spikes|p2a: Blissey
|-sidestart|p2: Figull400|Spikes
|
|-heal|p2a: Blissey|14/100|[from] item: Leftovers
|upkeep
|turn|28
|
|t:|1729022765
|move|p2a: Blissey|Soft-Boiled|p2a: Blissey
|-heal|p2a: Blissey|63/100
|move|p1a: Skarmory|Drill Peck|p2a: Blissey
|-crit|p2a: Blissey
|-damage|p2a: Blissey|18/100
|
|-heal|p2a: Blissey|24/100|[from] item: Leftovers
|upkeep
|turn|29
|
|t:|1729022770
|move|p2a: Blissey|Soft-Boiled|p2a: Blissey
|-heal|p2a: Blissey|74/100
|move|p1a: Skarmory|Spikes|p2a: Blissey
|-sidestart|p2: Figull400|Spikes
|
|-heal|p2a: Blissey|80/100|[from] item: Leftovers
|upkeep
|turn|30
|
|t:|1729022773
|move|p2a: Blissey|Thunderbolt|p1a: Skarmory
|-supereffective|p1a: Skarmory
|-damage|p1a: Skarmory|53/100 par
|move|p1a: Skarmory|Spikes|p2a: Blissey
|-sidestart|p2: Figull400|Spikes
|
|-heal|p2a: Blissey|87/100|[from] item: Leftovers
|-heal|p1a: Skarmory|59/100 par|[from] item: Leftovers
|upkeep
|turn|31
|
|t:|1729022780
|move|p2a: Blissey|Thunderbolt|p1a: Skarmory
|-supereffective|p1a: Skarmory
|-crit|p1a: Skarmory
|-damage|p1a: Skarmory|0 fnt
|faint|p1a: Skarmory
|
|t:|1729022784
|switch|p1a: Metagross|Metagross|100/100
|-damage|p1a: Metagross|84/100|[from] Spikes
|
|-heal|p1a: Metagross|90/100|[from] item: Leftovers
|-heal|p2a: Blissey|93/100|[from] item: Leftovers
|upkeep
|turn|32
|
|t:|1729022793
|switch|p2a: Skarmory|Skarmory, M|83/100
|move|p1a: Metagross|Rock Slide|p2a: Skarmory|[miss]
|-miss|p1a: Metagross|p2a: Skarmory
|
|-heal|p1a: Metagross|96/100|[from] item: Leftovers
|-heal|p2a: Skarmory|89/100|[from] item: Leftovers
|upkeep
|turn|33
|
|t:|1729022796
|move|p1a: Metagross|Rock Slide|p2a: Skarmory
|-damage|p2a: Skarmory|66/100
|move|p2a: Skarmory|Spikes|p1a: Metagross
|-sidestart|p1: butter dk|Spikes
|
|-heal|p1a: Metagross|100/100|[from] item: Leftovers
|-heal|p2a: Skarmory|72/100|[from] item: Leftovers
|upkeep
|turn|34
|
|t:|1729022799
|move|p1a: Metagross|Rock Slide|p2a: Skarmory
|-damage|p2a: Skarmory|50/100
|move|p2a: Skarmory|Roar|p1a: Metagross
|drag|p1a: Regice|Regice|58/100 tox
|-damage|p1a: Regice|33/100 tox|[from] Spikes
|
|-heal|p2a: Skarmory|56/100|[from] item: Leftovers
|-heal|p1a: Regice|39/100 tox|[from] item: Leftovers
|-damage|p1a: Regice|33/100 tox|[from] psn
|upkeep
|turn|35
|
|t:|1729022808
|switch|p2a: Blissey|Blissey, F|93/100
|-damage|p2a: Blissey|68/100|[from] Spikes
|move|p1a: Regice|Ice Beam|p2a: Blissey
|-damage|p2a: Blissey|49/100
|
|-heal|p2a: Blissey|55/100|[from] item: Leftovers
|-heal|p1a: Regice|39/100 tox|[from] item: Leftovers
|-damage|p1a: Regice|27/100 tox|[from] psn
|upkeep
|turn|36
|
|t:|1729022816
|switch|p2a: Skarmory|Skarmory, M|56/100
|move|p1a: Regice|Explosion|p2a: Skarmory
|-resisted|p2a: Skarmory
|-damage|p2a: Skarmory|29/100
|faint|p1a: Regice
|
|t:|1729022819
|switch|p1a: Suicune|Suicune|100/100
|-damage|p1a: Suicune|76/100|[from] Spikes
|
|-heal|p1a: Suicune|82/100|[from] item: Leftovers
|-heal|p2a: Skarmory|35/100|[from] item: Leftovers
|upkeep
|turn|37
|
|t:|1729022823
|move|p1a: Suicune|Surf|p2a: Skarmory
|-damage|p2a: Skarmory|0 fnt
|faint|p2a: Skarmory
|
|t:|1729022825
|switch|p2a: Blissey|Blissey, F|55/100
|-damage|p2a: Blissey|30/100|[from] Spikes
|
|-heal|p1a: Suicune|88/100|[from] item: Leftovers
|-heal|p2a: Blissey|36/100|[from] item: Leftovers
|upkeep
|turn|38
|
|t:|1729022828
|move|p1a: Suicune|Calm Mind|p1a: Suicune
|-boost|p1a: Suicune|spa|1
|-boost|p1a: Suicune|spd|1
|move|p2a: Blissey|Soft-Boiled|p2a: Blissey
|-heal|p2a: Blissey|86/100
|
|-heal|p1a: Suicune|94/100|[from] item: Leftovers
|-heal|p2a: Blissey|92/100|[from] item: Leftovers
|upkeep
|turn|39
|
|t:|1729022833
|move|p1a: Suicune|Calm Mind|p1a: Suicune
|-boost|p1a: Suicune|spa|1
|-boost|p1a: Suicune|spd|1
|move|p2a: Blissey|Calm Mind|p2a: Blissey
|-boost|p2a: Blissey|spa|1
|-boost|p2a: Blissey|spd|1
|
|-heal|p1a: Suicune|100/100|[from] item: Leftovers
|-heal|p2a: Blissey|98/100|[from] item: Leftovers
|upkeep
|turn|40
|
|t:|1729022837
|move|p1a: Suicune|Calm Mind|p1a: Suicune
|-boost|p1a: Suicune|spa|1
|-boost|p1a: Suicune|spd|1
|move|p2a: Blissey|Calm Mind|p2a: Blissey
|-boost|p2a: Blissey|spa|1
|-boost|p2a: Blissey|spd|1
|
|-heal|p2a: Blissey|100/100|[from] item: Leftovers
|upkeep
|turn|41
|
|t:|1729022840
|move|p1a: Suicune|Calm Mind|p1a: Suicune
|-boost|p1a: Suicune|spa|1
|-boost|p1a: Suicune|spd|1
|move|p2a: Blissey|Thunderbolt|p1a: Suicune
|-supereffective|p1a: Suicune
|-damage|p1a: Suicune|75/100
|
|-heal|p1a: Suicune|81/100|[from] item: Leftovers
|upkeep
|turn|42
|
|t:|1729022843
|move|p1a: Suicune|Calm Mind|p1a: Suicune
|-boost|p1a: Suicune|spa|1
|-boost|p1a: Suicune|spd|1
|move|p2a: Blissey|Thunderbolt|p1a: Suicune
|-supereffective|p1a: Suicune
|-damage|p1a: Suicune|60/100
|
|-heal|p1a: Suicune|67/100|[from] item: Leftovers
|upkeep
|turn|43
|
|t:|1729022845
|move|p1a: Suicune|Calm Mind|p1a: Suicune
|-boost|p1a: Suicune|spa|1
|-boost|p1a: Suicune|spd|1
|move|p2a: Blissey|Thunderbolt|p1a: Suicune
|-supereffective|p1a: Suicune
|-damage|p1a: Suicune|49/100
|-status|p1a: Suicune|par
|
|-heal|p1a: Suicune|55/100 par|[from] item: Leftovers
|upkeep
|turn|44
|
|t:|1729022847
|move|p2a: Blissey|Thunderbolt|p1a: Suicune
|-supereffective|p1a: Suicune
|-damage|p1a: Suicune|35/100 par
|move|p1a: Suicune|Rest|p1a: Suicune
|-status|p1a: Suicune|slp|[from] move: Rest
|-heal|p1a: Suicune|100/100 slp|[silent]
|
|upkeep
|turn|45
|
|t:|1729022850
|switch|p2a: Claydol|Claydol|40/100
|cant|p1a: Suicune|slp
|move|p1a: Suicune|Sleep Talk|p1a: Suicune
|move|p1a: Suicune|Calm Mind|p1a: Suicune|[from]Sleep Talk
|-boost|p1a: Suicune|spa|0
|-boost|p1a: Suicune|spd|0
|
|-heal|p2a: Claydol|46/100|[from] item: Leftovers
|upkeep
|turn|46
|
|t:|1729022854
|cant|p1a: Suicune|slp
|move|p1a: Suicune|Sleep Talk|p1a: Suicune
|move|p1a: Suicune|Rest|p1a: Suicune|[from]Sleep Talk
|move|p2a: Claydol|Rapid Spin|p1a: Suicune
|-damage|p1a: Suicune|98/100 slp
|-sideend|p2: Figull400|Spikes|[from] move: Rapid Spin|[of] p2a: Claydol
|
|-heal|p1a: Suicune|100/100 slp|[from] item: Leftovers
|-heal|p2a: Claydol|52/100|[from] item: Leftovers
|upkeep
|turn|47
|
|t:|1729022879
|switch|p2a: Blissey|Blissey, F|100/100
|-curestatus|p1a: Suicune|slp|[msg]
|move|p1a: Suicune|Surf|p2a: Blissey
|-damage|p2a: Blissey|33/100
|
|-heal|p2a: Blissey|39/100|[from] item: Leftovers
|upkeep
|turn|48
|
|t:|1729022883
|move|p1a: Suicune|Surf|p2a: Blissey
|-damage|p2a: Blissey|0 fnt
|faint|p2a: Blissey
|
|t:|1729022885
|switch|p2a: Milotic|Milotic, M|100/100 par
|
|upkeep
|turn|49
|
|t:|1729022889
|move|p1a: Suicune|Surf|p2a: Milotic
|-resisted|p2a: Milotic
|-damage|p2a: Milotic|37/100 par
|move|p2a: Milotic|Toxic|p1a: Suicune
|-status|p1a: Suicune|tox
|
|-damage|p1a: Suicune|94/100 tox|[from] psn
|-heal|p2a: Milotic|43/100 par|[from] item: Leftovers
|upkeep
|turn|50
|
|t:|1729022895
|move|p1a: Suicune|Surf|p2a: Milotic
|-resisted|p2a: Milotic
|-damage|p2a: Milotic|0 fnt
|faint|p2a: Milotic
|
|t:|1729022899
|switch|p2a: Claydol|Claydol|52/100
|
|-heal|p1a: Suicune|100/100 tox|[from] item: Leftovers
|-damage|p1a: Suicune|88/100 tox|[from] psn
|-heal|p2a: Claydol|58/100|[from] item: Leftovers
|upkeep
|turn|51
|
|t:|1729022901
|move|p1a: Suicune|Surf|p2a: Claydol
|-supereffective|p2a: Claydol
|-crit|p2a: Claydol
|-damage|p2a: Claydol|0 fnt
|faint|p2a: Claydol
|
|t:|1729022902
|switch|p2a: Dugtrio|Dugtrio, F|100/100
|
|-heal|p1a: Suicune|94/100 tox|[from] item: Leftovers
|-damage|p1a: Suicune|76/100 tox|[from] psn
|upkeep
|turn|52
|
|t:|1729022905
|move|p2a: Dugtrio|Earthquake|p1a: Suicune
|-damage|p1a: Suicune|33/100 tox
|move|p1a: Suicune|Surf|p2a: Dugtrio
|-supereffective|p2a: Dugtrio
|-damage|p2a: Dugtrio|0 fnt
|faint|p2a: Dugtrio
|
|win|butter dk
|c|☆butter dk|gg
|c|☆Figull400|gg

</script>
<script type="application/json" class="data" id="replaydata-smogtours-gen3ou-798995">
{"id":"smogtours-gen3ou-798995","format":"[Gen 3] OU","players":["butter dk","Figull400"],"uploadtime":1729022905,"views":141,"formatid":"gen3ou","rating":null,"private":0,"password":null}
</script>

<script defer src="js/replays.js?9d40a366"></script>
