<!DOCTYPE html>
<meta charset="utf-8" />
<meta name="viewport" content="width=device-width" />

<title>[Gen 3] OU: tempokin vs. blundergoth - Replays - Pok&eacute;mon Showdown!</title>

<meta name="description" content="Watch a replay of a Pok&eacute;mon battle between tempokin and blundergoth! Format: [Gen 3] OU; Date: Nov 3, 2024" />
<!--

Hey, you! Looking in the source for the replay log?

You can find them in JSON format, just add `.json` at the end of a replay URL.

https://replay.pokemonshowdown.com/gen7randomdoublesbattle-865046831.json

Or, if you only need the log itself, add `.log` instead:

https://replay.pokemonshowdown.com/gen7randomdoublesbattle-865046831.log

-->

<link rel="stylesheet" href="//pokemonshowdown.com/style/global.css?0.023195364461161105" />
<link rel="stylesheet" href="//play.pokemonshowdown.com/style/font-awesome.css?0.13261647063804238" />
<link rel="stylesheet" href="//play.pokemonshowdown.com/style/battle.css?0.8753245789963631" />
<link rel="stylesheet" href="//play.pokemonshowdown.com/style/utilichart.css?0.8627959624976733" />

<!-- Global site tag (gtag.js) - Google Analytics -->
<script async src="https://www.googletagmanager.com/gtag/js?id=UA-26211653-1"></script>
<script>
  window.dataLayer = window.dataLayer || [];
  function gtag(){dataLayer.push(arguments);}
  gtag('js', new Date());

  gtag('config', 'UA-26211653-1');
</script>
<!-- End Google Analytics -->
<!-- Venatus Ad Manager - Install in <HEAD> of page -->
	<script src="https://hb.vntsm.com/v3/live/ad-manager.min.js" type="text/javascript" data-site-id="642aba63ec9a7b11c3c9c1be" data-mode="scan" async></script>
<!-- / Venatus Ad Manager -->

<style>
	@media (max-width:820px) {
		.battle {
			margin: 0 auto;
		}
		.battle-log {
			margin: 7px auto 0;
			max-width: 640px;
			height: 300px;
			position: static;
		}
	}
	.optgroup {
		display: inline-block;
		line-height: 22px;
		font-size: 10pt;
	}
	.optgroup .button {
		height: 25px;
		padding-top: 0;
		padding-bottom: 0;
	}
	.optgroup button.button {
		padding-left: 12px;
		padding-right: 12px;
	}
	.linklist {
		list-style: none;
		margin: 0.5em 0;
		padding: 0;
	}
	.linklist li {
		padding: 2px 0;
	}
	.sidebar {
		float: left;
		width: 320px;
	}
	.bar-wrapper {
		max-width: 1100px;
		margin: 0 auto;
	}
	.bar-wrapper.has-sidebar {
		max-width: 1430px;
	}
	.mainbar {
		margin: 0;
		padding-right: 1px;
	}
	.mainbar.has-sidebar {
		margin-left: 330px;
	}
	@media (min-width: 1511px) {
		.sidebar {
			width: 400px;
		}
		.bar-wrapper.has-sidebar {
			max-width: 1510px;
		}
		.mainbar.has-sidebar {
			margin-left: 410px;
		}
	}
	.section.first-section {
		margin-top: 9px;
	}
	.blocklink small {
		white-space: normal;
	}
	.button {
		vertical-align: middle;
	}
	.replay-controls {
		padding-top: 10px;
	}
	.replay-controls h1 {
		font-size: 16pt;
		font-weight: normal;
		color: #CCC;
	}
	.pagelink {
		text-align: center;
	}
	.pagelink a {
		width: 150px;
	}
	.textbox, .button {
		font-size: 11pt;
		vertical-align: middle;
	}
	@media (max-width: 450px) {
		.button {
			font-size: 9pt;
		}
	}
</style>

<div>

	<header>
		<div class="nav-wrapper"><ul class="nav">
			<li><a class="button nav-first" href="//pokemonshowdown.com/"><img src="//pokemonshowdown.com/images/pokemonshowdownbeta.png" srcset="//pokemonshowdown.com/images/pokemonshowdownbeta.png 1x, //pokemonshowdown.com/images/pokemonshowdownbeta@2x.png 2x" alt="Pok&eacute;mon Showdown" width="146" height="44" /> Home</a></li>
			<li><a class="button" href="//pokemonshowdown.com/dex/">Pok&eacute;dex</a></li>
			<li><a class="button cur" href="/">Replays</a></li>
			<li><a class="button" href="//pokemonshowdown.com/ladder/">Ladder</a></li>
			<li><a class="button nav-last" href="//pokemonshowdown.com/forums/">Forum</a></li>
			<li><a class="button greenbutton nav-first nav-last" href="//play.pokemonshowdown.com/">Play</a></li>
		</ul></div>
	</header>

	<div class="main" id="main">

		<noscript><section class="section">You need to enable JavaScript to use this page; sorry!</section></noscript>

	</div>

</div>

<script defer nomodule src="//play.pokemonshowdown.com/js/lib/ps-polyfill.js"></script>
<script defer src="//play.pokemonshowdown.com/js/lib/preact.min.js"></script>

<script defer src="//play.pokemonshowdown.com/config/config.js?2bddbc15"></script>
<script defer src="//play.pokemonshowdown.com/js/lib/jquery-1.11.0.min.js"></script>
<script defer src="//play.pokemonshowdown.com/js/lib/html-sanitizer-minified.js"></script>
<script defer src="//play.pokemonshowdown.com/js/battle-sound.js"></script>
<script defer src="//play.pokemonshowdown.com/js/battledata.js?0.7209276989879541"></script>
<script defer src="//play.pokemonshowdown.com/data/pokedex-mini.js?0.6111056340867951"></script>
<script defer src="//play.pokemonshowdown.com/data/pokedex-mini-bw.js?0.3532142036491459"></script>
<script defer src="//play.pokemonshowdown.com/data/graphics.js?0.24223875632456182"></script>
<script defer src="//play.pokemonshowdown.com/data/pokedex.js?0.38839984266356864"></script>
<script defer src="//play.pokemonshowdown.com/data/moves.js?0.21866028504024015"></script>
<script defer src="//play.pokemonshowdown.com/data/abilities.js?0.2005157953846628"></script>
<script defer src="//play.pokemonshowdown.com/data/items.js?0.9894211263848525"></script>
<script defer src="//play.pokemonshowdown.com/data/teambuilder-tables.js?0.6008791140282215"></script>
<script defer src="//play.pokemonshowdown.com/js/battle-tooltips.js?0.7580118955022959"></script>
<script defer src="//play.pokemonshowdown.com/js/battle.js?0.6057722274234274"></script>

<script defer src="js/utils.js?e31f9a17"></script>
<script defer src="js/replays-battle.js?7008c182"></script>

<!-- don't scrape this data! just add .json or .log after the URL!
Full API docs: https://github.com/smogon/pokemon-showdown-client/blob/master/WEB-API.md -->
<script type="text/plain" class="log" id="replaylog-smogtours-gen3ou-804477">
|inactive|Battle timer is ON: inactive players will automatically lose when time's up.
|t:|1730659949
|gametype|singles
|player|p1|tempokin|steven-masters|
|player|p2|blundergoth|169|
|teamsize|p1|6
|teamsize|p2|6
|gen|3
|tier|[Gen 3] OU
|rule|Sleep Clause Mod: Limit one foe put to sleep
|rule|Switch Priority Clause Mod: Faster Pokémon switch first
|rule|Species Clause: Limit one of each Pokémon
|rule|OHKO Clause: OHKO moves are banned
|rule|Evasion Items Clause: Evasion items are banned
|rule|Evasion Moves Clause: Evasion moves are banned
|rule|Endless Battle Clause: Forcing endless battles is banned
|rule|HP Percentage Mod: HP is shown in percentages
|rule|One Boost Passer Clause: Limit one Baton Passer that has a way to boost its stats
|rule|Freeze Clause Mod: Limit one foe frozen
|
|t:|1730659949
|start
|switch|p1a: Blissey|Blissey, F|100/100
|switch|p2a: Tyranitar|Tyranitar, M|100/100
|-weather|Sandstorm|[from] ability: Sand Stream|[of] p2a: Tyranitar
|turn|1
|inactive|blundergoth has 270 seconds left.
|
|t:|1730659986
|-singleturn|p2a: Tyranitar|move: Focus Punch
|switch|p1a: Suicune|Suicune|100/100
|move|p2a: Tyranitar|Focus Punch|p1a: Suicune
|-damage|p1a: Suicune|67/100
|
|-weather|Sandstorm|[upkeep]
|-damage|p1a: Suicune|61/100|[from] Sandstorm
|-heal|p1a: Suicune|67/100|[from] item: Leftovers
|upkeep
|turn|2
|
|t:|1730660006
|switch|p1a: Skarmory|Skarmory, M|100/100
|switch|p2a: Skarmory|Skarmory, F|100/100
|
|-weather|Sandstorm|[upkeep]
|upkeep
|turn|3
|
|t:|1730660010
|move|p1a: Skarmory|Spikes|p2a: Skarmory
|-sidestart|p2: blundergoth|Spikes
|move|p2a: Skarmory|Spikes|p1a: Skarmory
|-sidestart|p1: tempokin|Spikes
|
|-weather|Sandstorm|[upkeep]
|upkeep
|turn|4
|
|t:|1730660016
|move|p1a: Skarmory|Spikes|p2a: Skarmory
|-sidestart|p2: blundergoth|Spikes
|move|p2a: Skarmory|Spikes|p1a: Skarmory
|-sidestart|p1: tempokin|Spikes
|
|-weather|Sandstorm|[upkeep]
|upkeep
|turn|5
|
|t:|1730660021
|move|p1a: Skarmory|Spikes|p2a: Skarmory
|-sidestart|p2: blundergoth|Spikes
|move|p2a: Skarmory|Spikes|p1a: Skarmory
|-sidestart|p1: tempokin|Spikes
|
|-weather|Sandstorm|[upkeep]
|upkeep
|turn|6
|
|t:|1730660030
|move|p2a: Skarmory|Toxic|p1a: Skarmory|[miss]
|-miss|p2a: Skarmory|p1a: Skarmory
|move|p1a: Skarmory|Roar|p2a: Skarmory
|drag|p2a: Tyranitar|Tyranitar, M|100/100
|-damage|p2a: Tyranitar|76/100|[from] Spikes
|
|-weather|Sandstorm|[upkeep]
|-heal|p2a: Tyranitar|82/100|[from] item: Leftovers
|upkeep
|turn|7
|
|t:|1730660035
|-singleturn|p2a: Tyranitar|move: Focus Punch
|move|p1a: Skarmory|Toxic|p2a: Tyranitar
|-status|p2a: Tyranitar|tox
|move|p2a: Tyranitar|Focus Punch|p1a: Skarmory
|-crit|p1a: Skarmory
|-damage|p1a: Skarmory|6/100
|
|-weather|Sandstorm|[upkeep]
|-heal|p1a: Skarmory|12/100|[from] item: Leftovers
|-heal|p2a: Tyranitar|88/100 tox|[from] item: Leftovers
|-damage|p2a: Tyranitar|82/100 tox|[from] psn
|upkeep
|turn|8
|c|☆tempokin|OWWWW
|
|t:|1730660047
|-singleturn|p2a: Tyranitar|move: Focus Punch
|switch|p1a: Claydol|Claydol|100/100
|move|p2a: Tyranitar|Focus Punch|p1a: Claydol
|-resisted|p1a: Claydol
|-damage|p1a: Claydol|70/100
|
|-weather|Sandstorm|[upkeep]
|-heal|p1a: Claydol|76/100|[from] item: Leftovers
|-heal|p2a: Tyranitar|88/100 tox|[from] item: Leftovers
|-damage|p2a: Tyranitar|76/100 tox|[from] psn
|upkeep
|turn|9
|
|t:|1730660056
|switch|p1a: Skarmory|Skarmory, M|12/100
|switch|p2a: Gengar|Gengar, F|100/100
|
|-weather|Sandstorm|[upkeep]
|-damage|p2a: Gengar|95/100|[from] Sandstorm
|-heal|p2a: Gengar|100/100|[from] item: Leftovers
|-heal|p1a: Skarmory|18/100|[from] item: Leftovers
|upkeep
|turn|10
|
|t:|1730660066
|move|p1a: Skarmory|Protect|p1a: Skarmory
|-singleturn|p1a: Skarmory|Protect
|move|p2a: Gengar|Will-O-Wisp|p1a: Skarmory
|-activate|p1a: Skarmory|Protect
|
|-weather|Sandstorm|[upkeep]
|-damage|p2a: Gengar|95/100|[from] Sandstorm
|-heal|p2a: Gengar|100/100|[from] item: Leftovers
|-heal|p1a: Skarmory|24/100|[from] item: Leftovers
|upkeep
|turn|11
|
|t:|1730660076
|switch|p1a: Dusclops|Dusclops, F|100/100
|-damage|p1a: Dusclops|75/100|[from] Spikes
|move|p2a: Gengar|Will-O-Wisp|p1a: Dusclops
|-status|p1a: Dusclops|brn
|
|-weather|Sandstorm|[upkeep]
|-damage|p2a: Gengar|95/100|[from] Sandstorm
|-damage|p1a: Dusclops|70/100 brn|[from] Sandstorm
|-heal|p2a: Gengar|100/100|[from] item: Leftovers
|-heal|p1a: Dusclops|75/100 brn|[from] item: Leftovers
|-damage|p1a: Dusclops|63/100 brn|[from] brn
|upkeep
|turn|12
|inactive|blundergoth has 270 seconds left.
|c|+Zpanther|oh hell nah
|c|+Zpanther|not clops
|c|☆tempokin|hi zpanther
|
|t:|1730660131
|move|p2a: Gengar|Taunt|p1a: Dusclops
|-start|p1a: Dusclops|move: Taunt
|cant|p1a: Dusclops|move: Taunt|Rest
|
|-weather|Sandstorm|[upkeep]
|-damage|p2a: Gengar|95/100|[from] Sandstorm
|-damage|p1a: Dusclops|57/100 brn|[from] Sandstorm
|-heal|p2a: Gengar|100/100|[from] item: Leftovers
|-heal|p1a: Dusclops|63/100 brn|[from] item: Leftovers
|-damage|p1a: Dusclops|51/100 brn|[from] brn
|upkeep
|turn|13
|
|t:|1730660145
|move|p2a: Gengar|Will-O-Wisp|p1a: Dusclops
|-fail|p1a: Dusclops|brn
|move|p1a: Dusclops|Shadow Ball|p2a: Gengar
|-supereffective|p2a: Gengar
|-damage|p2a: Gengar|63/100
|-unboost|p2a: Gengar|spd|1
|
|-weather|Sandstorm|[upkeep]
|-damage|p2a: Gengar|57/100|[from] Sandstorm
|-damage|p1a: Dusclops|45/100 brn|[from] Sandstorm
|-heal|p2a: Gengar|63/100|[from] item: Leftovers
|-heal|p1a: Dusclops|51/100 brn|[from] item: Leftovers
|-damage|p1a: Dusclops|39/100 brn|[from] brn
|-end|p1a: Dusclops|move: Taunt|[silent]
|upkeep
|turn|14
|
|t:|1730660159
|move|p2a: Gengar|Thunderbolt|p1a: Dusclops
|-damage|p1a: Dusclops|17/100 brn
|move|p1a: Dusclops|Rest|p1a: Dusclops
|-status|p1a: Dusclops|slp|[from] move: Rest
|-heal|p1a: Dusclops|100/100 slp|[silent]
|
|-weather|Sandstorm|[upkeep]
|-damage|p2a: Gengar|57/100|[from] Sandstorm
|-damage|p1a: Dusclops|95/100 slp|[from] Sandstorm
|-heal|p2a: Gengar|63/100|[from] item: Leftovers
|-heal|p1a: Dusclops|100/100 slp|[from] item: Leftovers
|upkeep
|turn|15
|
|t:|1730660167
|switch|p2a: Skarmory|Skarmory, F|100/100
|switch|p1a: Claydol|Claydol|76/100
|
|-weather|Sandstorm|[upkeep]
|-heal|p1a: Claydol|82/100|[from] item: Leftovers
|upkeep
|turn|16
|
|t:|1730660173
|move|p1a: Claydol|Rapid Spin|p2a: Skarmory
|-resisted|p2a: Skarmory
|-damage|p2a: Skarmory|98/100
|-sideend|p1: tempokin|Spikes|[from] move: Rapid Spin|[of] p1a: Claydol
|move|p2a: Skarmory|Toxic|p1a: Claydol
|-status|p1a: Claydol|tox
|
|-weather|Sandstorm|[upkeep]
|-heal|p1a: Claydol|88/100 tox|[from] item: Leftovers
|-damage|p1a: Claydol|82/100 tox|[from] psn
|-heal|p2a: Skarmory|100/100|[from] item: Leftovers
|upkeep
|turn|17
|
|t:|1730660185
|switch|p1a: Blissey|Blissey, F|100/100
|move|p2a: Skarmory|Spikes|p1a: Blissey
|-sidestart|p1: tempokin|Spikes
|
|-weather|Sandstorm|[upkeep]
|-damage|p1a: Blissey|94/100|[from] Sandstorm
|-heal|p1a: Blissey|100/100|[from] item: Leftovers
|upkeep
|turn|18
|inactive|blundergoth has 270 seconds left.
|
|t:|1730660196
|switch|p2a: Blissey|Blissey, F|100/100
|-damage|p2a: Blissey|76/100|[from] Spikes
|move|p1a: Blissey|Aromatherapy|p1a: Blissey
|-cureteam|p1a: Blissey|[from] move: Aromatherapy
|
|-weather|Sandstorm|[upkeep]
|-damage|p2a: Blissey|69/100|[from] Sandstorm
|-damage|p1a: Blissey|94/100|[from] Sandstorm
|-heal|p2a: Blissey|76/100|[from] item: Leftovers
|-heal|p1a: Blissey|100/100|[from] item: Leftovers
|upkeep
|turn|19
|
|t:|1730660200
|switch|p1a: Claydol|Claydol|82/100
|move|p2a: Blissey|Toxic|p1a: Claydol
|-status|p1a: Claydol|tox
|
|-weather|Sandstorm|[upkeep]
|-damage|p2a: Blissey|69/100|[from] Sandstorm
|-heal|p1a: Claydol|88/100 tox|[from] item: Leftovers
|-damage|p1a: Claydol|82/100 tox|[from] psn
|-heal|p2a: Blissey|76/100|[from] item: Leftovers
|upkeep
|turn|20
|
|t:|1730660211
|switch|p1a: Suicune|Suicune|67/100
|-damage|p1a: Suicune|54/100|[from] Spikes
|switch|p2a: Gengar|Gengar, F|63/100
|
|-weather|Sandstorm|[upkeep]
|-damage|p2a: Gengar|57/100|[from] Sandstorm
|-damage|p1a: Suicune|48/100|[from] Sandstorm
|-heal|p2a: Gengar|63/100|[from] item: Leftovers
|-heal|p1a: Suicune|54/100|[from] item: Leftovers
|upkeep
|turn|21
|
|t:|1730660218
|move|p2a: Gengar|Thunderbolt|p1a: Suicune
|-supereffective|p1a: Suicune
|-crit|p1a: Suicune
|-damage|p1a: Suicune|0 fnt
|faint|p1a: Suicune
|c|☆tempokin|very unfortunate
|c|☆blundergoth|yes
|
|t:|1730660236
|switch|p1a: Skarmory|Skarmory, M|24/100
|
|-weather|Sandstorm|[upkeep]
|-damage|p2a: Gengar|57/100|[from] Sandstorm
|-heal|p2a: Gengar|63/100|[from] item: Leftovers
|-heal|p1a: Skarmory|30/100|[from] item: Leftovers
|upkeep
|turn|22
|
|t:|1730660250
|move|p1a: Skarmory|Protect|p1a: Skarmory
|-singleturn|p1a: Skarmory|Protect
|move|p2a: Gengar|Ice Punch|p1a: Skarmory
|-activate|p1a: Skarmory|Protect
|
|-weather|Sandstorm|[upkeep]
|-damage|p2a: Gengar|57/100|[from] Sandstorm
|-heal|p2a: Gengar|63/100|[from] item: Leftovers
|-heal|p1a: Skarmory|36/100|[from] item: Leftovers
|upkeep
|turn|23
|
|t:|1730660262
|switch|p1a: Blissey|Blissey, F|100/100
|-damage|p1a: Blissey|88/100|[from] Spikes
|move|p2a: Gengar|Will-O-Wisp|p1a: Blissey|[miss]
|-miss|p2a: Gengar|p1a: Blissey
|
|-weather|Sandstorm|[upkeep]
|-damage|p2a: Gengar|57/100|[from] Sandstorm
|-damage|p1a: Blissey|82/100|[from] Sandstorm
|-heal|p2a: Gengar|63/100|[from] item: Leftovers
|-heal|p1a: Blissey|88/100|[from] item: Leftovers
|upkeep
|turn|24
|
|t:|1730660274
|switch|p2a: Swampert|Swampert, M|100/100
|-damage|p2a: Swampert|76/100|[from] Spikes
|switch|p1a: Skarmory|Skarmory, M|36/100
|
|-weather|Sandstorm|[upkeep]
|-heal|p1a: Skarmory|42/100|[from] item: Leftovers
|-heal|p2a: Swampert|82/100|[from] item: Leftovers
|upkeep
|turn|25
|
|t:|1730660284
|switch|p2a: Gengar|Gengar, F|63/100
|move|p1a: Skarmory|Toxic|p2a: Gengar
|-immune|p2a: Gengar
|
|-weather|Sandstorm|[upkeep]
|-damage|p2a: Gengar|57/100|[from] Sandstorm
|-heal|p2a: Gengar|63/100|[from] item: Leftovers
|-heal|p1a: Skarmory|48/100|[from] item: Leftovers
|upkeep
|turn|26
|
|t:|1730660289
|move|p1a: Skarmory|Protect|p1a: Skarmory
|-singleturn|p1a: Skarmory|Protect
|move|p2a: Gengar|Ice Punch|p1a: Skarmory
|-activate|p1a: Skarmory|Protect
|
|-weather|Sandstorm|[upkeep]
|-damage|p2a: Gengar|57/100|[from] Sandstorm
|-heal|p2a: Gengar|63/100|[from] item: Leftovers
|-heal|p1a: Skarmory|54/100|[from] item: Leftovers
|upkeep
|turn|27
|
|t:|1730660293
|switch|p1a: Dusclops|Dusclops, F|100/100
|-damage|p1a: Dusclops|88/100|[from] Spikes
|move|p2a: Gengar|Will-O-Wisp|p1a: Dusclops
|-status|p1a: Dusclops|brn
|
|-weather|Sandstorm|[upkeep]
|-damage|p2a: Gengar|57/100|[from] Sandstorm
|-damage|p1a: Dusclops|82/100 brn|[from] Sandstorm
|-heal|p2a: Gengar|63/100|[from] item: Leftovers
|-heal|p1a: Dusclops|88/100 brn|[from] item: Leftovers
|-damage|p1a: Dusclops|76/100 brn|[from] brn
|upkeep
|turn|28
|
|t:|1730660302
|switch|p2a: Blissey|Blissey, F|76/100
|-damage|p2a: Blissey|51/100|[from] Spikes
|move|p1a: Dusclops|Shadow Ball|p2a: Blissey
|-immune|p2a: Blissey
|
|-weather|Sandstorm|[upkeep]
|-damage|p2a: Blissey|45/100|[from] Sandstorm
|-damage|p1a: Dusclops|70/100 brn|[from] Sandstorm
|-heal|p2a: Blissey|51/100|[from] item: Leftovers
|-heal|p1a: Dusclops|76/100 brn|[from] item: Leftovers
|-damage|p1a: Dusclops|64/100 brn|[from] brn
|upkeep
|turn|29
|
|t:|1730660306
|move|p2a: Blissey|Soft-Boiled|p2a: Blissey
|-heal|p2a: Blissey|100/100
|move|p1a: Dusclops|Will-O-Wisp|p2a: Blissey|[miss]
|-miss|p1a: Dusclops|p2a: Blissey
|
|-weather|Sandstorm|[upkeep]
|-damage|p2a: Blissey|94/100|[from] Sandstorm
|-damage|p1a: Dusclops|58/100 brn|[from] Sandstorm
|-heal|p2a: Blissey|100/100|[from] item: Leftovers
|-heal|p1a: Dusclops|64/100 brn|[from] item: Leftovers
|-damage|p1a: Dusclops|51/100 brn|[from] brn
|upkeep
|turn|30
|
|t:|1730660318
|move|p2a: Blissey|Fire Blast|p1a: Dusclops
|-damage|p1a: Dusclops|28/100 brn
|move|p1a: Dusclops|Rest|p1a: Dusclops
|-status|p1a: Dusclops|slp|[from] move: Rest
|-heal|p1a: Dusclops|100/100 slp|[silent]
|
|-weather|Sandstorm|[upkeep]
|-damage|p2a: Blissey|94/100|[from] Sandstorm
|-damage|p1a: Dusclops|95/100 slp|[from] Sandstorm
|-heal|p2a: Blissey|100/100|[from] item: Leftovers
|-heal|p1a: Dusclops|100/100 slp|[from] item: Leftovers
|upkeep
|turn|31
|
|t:|1730660327
|switch|p2a: Skarmory|Skarmory, F|100/100
|cant|p1a: Dusclops|slp
|
|-weather|Sandstorm|[upkeep]
|-damage|p1a: Dusclops|95/100 slp|[from] Sandstorm
|-heal|p1a: Dusclops|100/100 slp|[from] item: Leftovers
|upkeep
|turn|32
|
|t:|1730660333
|move|p2a: Skarmory|Spikes|p1a: Dusclops
|-sidestart|p1: tempokin|Spikes
|cant|p1a: Dusclops|slp
|
|-weather|Sandstorm|[upkeep]
|-damage|p1a: Dusclops|95/100 slp|[from] Sandstorm
|-heal|p1a: Dusclops|100/100 slp|[from] item: Leftovers
|upkeep
|turn|33
|
|t:|1730660339
|move|p2a: Skarmory|Protect|p2a: Skarmory
|-singleturn|p2a: Skarmory|Protect
|-curestatus|p1a: Dusclops|slp|[msg]
|move|p1a: Dusclops|Will-O-Wisp|p2a: Skarmory
|-activate|p2a: Skarmory|Protect
|
|-weather|Sandstorm|[upkeep]
|-damage|p1a: Dusclops|95/100|[from] Sandstorm
|-heal|p1a: Dusclops|100/100|[from] item: Leftovers
|upkeep
|turn|34
|
|t:|1730660352
|switch|p2a: Blissey|Blissey, F|100/100
|-damage|p2a: Blissey|76/100|[from] Spikes
|move|p1a: Dusclops|Will-O-Wisp|p2a: Blissey
|-status|p2a: Blissey|brn
|
|-weather|Sandstorm|[upkeep]
|-damage|p2a: Blissey|69/100 brn|[from] Sandstorm
|-damage|p1a: Dusclops|95/100|[from] Sandstorm
|-heal|p2a: Blissey|76/100 brn|[from] item: Leftovers
|-damage|p2a: Blissey|63/100 brn|[from] brn
|-heal|p1a: Dusclops|100/100|[from] item: Leftovers
|upkeep
|turn|35
|
|t:|1730660358
|switch|p1a: Skarmory|Skarmory, M|54/100
|move|p2a: Blissey|Toxic|p1a: Skarmory|[miss]
|-miss|p2a: Blissey|p1a: Skarmory
|
|-weather|Sandstorm|[upkeep]
|-damage|p2a: Blissey|57/100 brn|[from] Sandstorm
|-heal|p1a: Skarmory|60/100|[from] item: Leftovers
|-heal|p2a: Blissey|63/100 brn|[from] item: Leftovers
|-damage|p2a: Blissey|51/100 brn|[from] brn
|upkeep
|turn|36
|
|t:|1730660365
|switch|p1a: Claydol|Claydol|82/100 tox
|move|p2a: Blissey|Soft-Boiled|p2a: Blissey
|-heal|p2a: Blissey|100/100 brn
|
|-weather|Sandstorm|[upkeep]
|-damage|p2a: Blissey|94/100 brn|[from] Sandstorm
|-heal|p1a: Claydol|88/100 tox|[from] item: Leftovers
|-damage|p1a: Claydol|82/100 tox|[from] psn
|-heal|p2a: Blissey|100/100 brn|[from] item: Leftovers
|-damage|p2a: Blissey|88/100 brn|[from] brn
|upkeep
|turn|37
|
|t:|1730660367
|-curestatus|p2a: Blissey|brn|[from] ability: Natural Cure
|switch|p2a: Gengar|Gengar, F|63/100
|move|p1a: Claydol|Rapid Spin|p2a: Gengar
|-immune|p2a: Gengar
|
|-weather|Sandstorm|[upkeep]
|-damage|p2a: Gengar|57/100|[from] Sandstorm
|-heal|p2a: Gengar|63/100|[from] item: Leftovers
|-heal|p1a: Claydol|88/100 tox|[from] item: Leftovers
|-damage|p1a: Claydol|76/100 tox|[from] psn
|upkeep
|turn|38
|
|t:|1730660384
|switch|p1a: Blissey|Blissey, F|88/100
|-damage|p1a: Blissey|71/100|[from] Spikes
|move|p2a: Gengar|Will-O-Wisp|p1a: Blissey
|-status|p1a: Blissey|brn
|
|-weather|Sandstorm|[upkeep]
|-damage|p2a: Gengar|57/100|[from] Sandstorm
|-damage|p1a: Blissey|65/100 brn|[from] Sandstorm
|-heal|p2a: Gengar|63/100|[from] item: Leftovers
|-heal|p1a: Blissey|71/100 brn|[from] item: Leftovers
|-damage|p1a: Blissey|59/100 brn|[from] brn
|upkeep
|turn|39
|inactive|blundergoth has 270 seconds left.
|
|t:|1730660416
|switch|p2a: Swampert|Swampert, M|82/100
|-damage|p2a: Swampert|57/100|[from] Spikes
|move|p1a: Blissey|Ice Beam|p2a: Swampert
|-damage|p2a: Swampert|34/100
|
|-weather|Sandstorm|[upkeep]
|-damage|p1a: Blissey|53/100 brn|[from] Sandstorm
|-heal|p1a: Blissey|59/100 brn|[from] item: Leftovers
|-damage|p1a: Blissey|47/100 brn|[from] brn
|-heal|p2a: Swampert|40/100|[from] item: Leftovers
|upkeep
|turn|40
|
|t:|1730660425
|move|p1a: Blissey|Soft-Boiled|p1a: Blissey
|-heal|p1a: Blissey|97/100 brn
|move|p2a: Swampert|Roar|p1a: Blissey
|-curestatus|p1a: Blissey|brn|[from] ability: Natural Cure
|drag|p1a: Dugtrio|Dugtrio, M|100/100
|-damage|p1a: Dugtrio|84/100|[from] Spikes
|
|-weather|Sandstorm|[upkeep]
|-heal|p2a: Swampert|46/100|[from] item: Leftovers
|upkeep
|turn|41
|
|t:|1730660435
|switch|p1a: Blissey|Blissey, F|97/100
|-damage|p1a: Blissey|80/100|[from] Spikes
|move|p2a: Swampert|Hydro Pump|p1a: Blissey
|-damage|p1a: Blissey|59/100
|
|-weather|Sandstorm|[upkeep]
|-damage|p1a: Blissey|53/100|[from] Sandstorm
|-heal|p1a: Blissey|59/100|[from] item: Leftovers
|-heal|p2a: Swampert|53/100|[from] item: Leftovers
|upkeep
|turn|42
|
|t:|1730660440
|move|p1a: Blissey|Soft-Boiled|p1a: Blissey
|-heal|p1a: Blissey|100/100
|move|p2a: Swampert|Earthquake|p1a: Blissey
|-damage|p1a: Blissey|63/100
|
|-weather|Sandstorm|[upkeep]
|-damage|p1a: Blissey|57/100|[from] Sandstorm
|-heal|p1a: Blissey|63/100|[from] item: Leftovers
|-heal|p2a: Swampert|59/100|[from] item: Leftovers
|upkeep
|turn|43
|
|t:|1730660448
|move|p1a: Blissey|Soft-Boiled|p1a: Blissey
|-heal|p1a: Blissey|100/100
|move|p2a: Swampert|Earthquake|p1a: Blissey
|-damage|p1a: Blissey|61/100
|
|-weather|Sandstorm|[upkeep]
|-damage|p1a: Blissey|55/100|[from] Sandstorm
|-heal|p1a: Blissey|61/100|[from] item: Leftovers
|-heal|p2a: Swampert|65/100|[from] item: Leftovers
|upkeep
|turn|44
|
|t:|1730660453
|move|p1a: Blissey|Soft-Boiled|p1a: Blissey
|-heal|p1a: Blissey|100/100
|move|p2a: Swampert|Roar|p1a: Blissey
|drag|p1a: Dusclops|Dusclops, F|100/100
|-damage|p1a: Dusclops|84/100|[from] Spikes
|
|-weather|Sandstorm|[upkeep]
|-damage|p1a: Dusclops|78/100|[from] Sandstorm
|-heal|p2a: Swampert|71/100|[from] item: Leftovers
|-heal|p1a: Dusclops|84/100|[from] item: Leftovers
|upkeep
|turn|45
|
|t:|1730660459
|switch|p2a: Blissey|Blissey, F|88/100
|-damage|p2a: Blissey|63/100|[from] Spikes
|move|p1a: Dusclops|Will-O-Wisp|p2a: Blissey|[miss]
|-miss|p1a: Dusclops|p2a: Blissey
|
|-weather|Sandstorm|[upkeep]
|-damage|p2a: Blissey|57/100|[from] Sandstorm
|-damage|p1a: Dusclops|78/100|[from] Sandstorm
|-heal|p2a: Blissey|63/100|[from] item: Leftovers
|-heal|p1a: Dusclops|84/100|[from] item: Leftovers
|upkeep
|turn|46
|
|t:|1730660468
|switch|p1a: Claydol|Claydol|76/100 tox
|move|p2a: Blissey|Toxic|p1a: Claydol
|-fail|p1a: Claydol|tox
|
|-weather|Sandstorm|[upkeep]
|-damage|p2a: Blissey|57/100|[from] Sandstorm
|-heal|p1a: Claydol|82/100 tox|[from] item: Leftovers
|-damage|p1a: Claydol|76/100 tox|[from] psn
|-heal|p2a: Blissey|63/100|[from] item: Leftovers
|upkeep
|turn|47
|
|t:|1730660472
|switch|p2a: Gengar|Gengar, F|63/100
|move|p1a: Claydol|Shadow Ball|p2a: Gengar
|-supereffective|p2a: Gengar
|-damage|p2a: Gengar|0 fnt
|faint|p2a: Gengar
|c|☆blundergoth|wp
|
|t:|1730660489
|switch|p2a: Zapdos|Zapdos|100/100
|
|-weather|Sandstorm|[upkeep]
|-damage|p2a: Zapdos|94/100|[from] Sandstorm
|-heal|p2a: Zapdos|100/100|[from] item: Leftovers
|-heal|p1a: Claydol|82/100 tox|[from] item: Leftovers
|-damage|p1a: Claydol|70/100 tox|[from] psn
|upkeep
|turn|48
|
|t:|1730660498
|move|p2a: Zapdos|Toxic|p1a: Claydol
|-fail|p1a: Claydol|tox
|move|p1a: Claydol|Rest|p1a: Claydol
|-status|p1a: Claydol|slp|[from] move: Rest
|-heal|p1a: Claydol|100/100 slp|[silent]
|
|-weather|Sandstorm|[upkeep]
|-damage|p2a: Zapdos|94/100|[from] Sandstorm
|-heal|p2a: Zapdos|100/100|[from] item: Leftovers
|upkeep
|turn|49
|
|t:|1730660501
|switch|p1a: Blissey|Blissey, F|100/100
|-damage|p1a: Blissey|84/100|[from] Spikes
|move|p2a: Zapdos|Hidden Power|p1a: Blissey
|-damage|p1a: Blissey|73/100
|
|-weather|Sandstorm|[upkeep]
|-damage|p2a: Zapdos|94/100|[from] Sandstorm
|-damage|p1a: Blissey|67/100|[from] Sandstorm
|-heal|p2a: Zapdos|100/100|[from] item: Leftovers
|-heal|p1a: Blissey|73/100|[from] item: Leftovers
|upkeep
|turn|50
|
|t:|1730660504
|move|p2a: Zapdos|Toxic|p1a: Blissey
|-status|p1a: Blissey|tox
|move|p1a: Blissey|Aromatherapy|p1a: Blissey
|-cureteam|p1a: Blissey|[from] move: Aromatherapy
|
|-weather|Sandstorm|[upkeep]
|-damage|p2a: Zapdos|94/100|[from] Sandstorm
|-damage|p1a: Blissey|67/100|[from] Sandstorm
|-heal|p2a: Zapdos|100/100|[from] item: Leftovers
|-heal|p1a: Blissey|73/100|[from] item: Leftovers
|upkeep
|turn|51
|
|t:|1730660509
|move|p2a: Zapdos|Protect|p2a: Zapdos
|-singleturn|p2a: Zapdos|Protect
|move|p1a: Blissey|Soft-Boiled|p1a: Blissey
|-heal|p1a: Blissey|100/100
|
|-weather|Sandstorm|[upkeep]
|-damage|p2a: Zapdos|94/100|[from] Sandstorm
|-damage|p1a: Blissey|94/100|[from] Sandstorm
|-heal|p2a: Zapdos|100/100|[from] item: Leftovers
|-heal|p1a: Blissey|100/100|[from] item: Leftovers
|upkeep
|turn|52
|
|t:|1730660513
|switch|p2a: Skarmory|Skarmory, F|100/100
|switch|p1a: Claydol|Claydol|100/100
|
|-weather|Sandstorm|[upkeep]
|upkeep
|turn|53
|
|t:|1730660517
|move|p1a: Claydol|Rapid Spin|p2a: Skarmory
|-resisted|p2a: Skarmory
|-damage|p2a: Skarmory|99/100
|-sideend|p1: tempokin|Spikes|[from] move: Rapid Spin|[of] p1a: Claydol
|move|p2a: Skarmory|Toxic|p1a: Claydol
|-status|p1a: Claydol|tox
|
|-weather|Sandstorm|[upkeep]
|-damage|p1a: Claydol|94/100 tox|[from] psn
|-heal|p2a: Skarmory|100/100|[from] item: Leftovers
|upkeep
|turn|54
|
|t:|1730660521
|switch|p1a: Dusclops|Dusclops, F|84/100
|move|p2a: Skarmory|Spikes|p1a: Dusclops
|-sidestart|p1: tempokin|Spikes
|
|-weather|Sandstorm|[upkeep]
|-damage|p1a: Dusclops|78/100|[from] Sandstorm
|-heal|p1a: Dusclops|84/100|[from] item: Leftovers
|upkeep
|turn|55
|
|t:|1730660523
|move|p2a: Skarmory|Protect|p2a: Skarmory
|-singleturn|p2a: Skarmory|Protect
|move|p1a: Dusclops|Will-O-Wisp|p2a: Skarmory
|-activate|p2a: Skarmory|Protect
|
|-weather|Sandstorm|[upkeep]
|-damage|p1a: Dusclops|78/100|[from] Sandstorm
|-heal|p1a: Dusclops|84/100|[from] item: Leftovers
|upkeep
|turn|56
|
|t:|1730660527
|switch|p1a: Dugtrio|Dugtrio, M|84/100
|-damage|p1a: Dugtrio|72/100|[from] Spikes
|move|p2a: Skarmory|Toxic|p1a: Dugtrio
|-status|p1a: Dugtrio|tox
|
|-weather|Sandstorm|[upkeep]
|-damage|p1a: Dugtrio|65/100 tox|[from] psn
|upkeep
|turn|57
|
|t:|1730660534
|move|p1a: Dugtrio|Sunny Day|p1a: Dugtrio
|-weather|SunnyDay
|move|p2a: Skarmory|Roar|p1a: Dugtrio
|drag|p1a: Dusclops|Dusclops, F|84/100
|-damage|p1a: Dusclops|72/100|[from] Spikes
|
|-weather|SunnyDay|[upkeep]
|-heal|p1a: Dusclops|78/100|[from] item: Leftovers
|upkeep
|turn|58
|
|t:|1730660548
|move|p2a: Skarmory|Toxic|p1a: Dusclops
|-status|p1a: Dusclops|tox
|move|p1a: Dusclops|Will-O-Wisp|p2a: Skarmory|[miss]
|-miss|p1a: Dusclops|p2a: Skarmory
|
|-weather|SunnyDay|[upkeep]
|-heal|p1a: Dusclops|84/100 tox|[from] item: Leftovers
|-damage|p1a: Dusclops|78/100 tox|[from] psn
|upkeep
|turn|59
|c|☆tempokin|blind ass dusclops
|
|t:|1730660562
|move|p2a: Skarmory|Spikes|p1a: Dusclops
|-sidestart|p1: tempokin|Spikes
|move|p1a: Dusclops|Rest|p1a: Dusclops
|-status|p1a: Dusclops|slp|[from] move: Rest
|-heal|p1a: Dusclops|100/100 slp|[silent]
|
|-weather|SunnyDay|[upkeep]
|upkeep
|turn|60
|
|t:|1730660565
|move|p2a: Skarmory|Spikes|p1a: Dusclops
|-sidestart|p1: tempokin|Spikes
|cant|p1a: Dusclops|slp
|
|-weather|SunnyDay|[upkeep]
|upkeep
|turn|61
|
|t:|1730660569
|switch|p1a: Dugtrio|Dugtrio, M|65/100 tox
|-damage|p1a: Dugtrio|41/100 tox|[from] Spikes
|move|p2a: Skarmory|Roar|p1a: Dugtrio
|drag|p1a: Dusclops|Dusclops, F|100/100 slp
|-damage|p1a: Dusclops|75/100 slp|[from] Spikes
|
|-weather|none
|-heal|p1a: Dusclops|81/100 slp|[from] item: Leftovers
|upkeep
|turn|62
|
|t:|1730660574
|cant|p1a: Dusclops|slp
|move|p2a: Skarmory|Roar|p1a: Dusclops
|drag|p1a: Blissey|Blissey, F|100/100
|-damage|p1a: Blissey|76/100|[from] Spikes
|
|-heal|p1a: Blissey|82/100|[from] item: Leftovers
|upkeep
|turn|63
|
|t:|1730660579
|move|p1a: Blissey|Aromatherapy|p1a: Blissey
|-cureteam|p1a: Blissey|[from] move: Aromatherapy
|move|p2a: Skarmory|Roar|p1a: Blissey
|drag|p1a: Dugtrio|Dugtrio, M|41/100
|-damage|p1a: Dugtrio|16/100|[from] Spikes
|
|upkeep
|turn|64
|
|t:|1730660587
|switch|p1a: Claydol|Claydol|94/100
|move|p2a: Skarmory|Toxic|p1a: Claydol|[miss]
|-miss|p2a: Skarmory|p1a: Claydol
|
|-heal|p1a: Claydol|100/100|[from] item: Leftovers
|upkeep
|turn|65
|
|t:|1730660595
|move|p1a: Claydol|Rapid Spin|p2a: Skarmory
|-resisted|p2a: Skarmory
|-damage|p2a: Skarmory|99/100
|-sideend|p1: tempokin|Spikes|[from] move: Rapid Spin|[of] p1a: Claydol
|move|p2a: Skarmory|Toxic|p1a: Claydol|[miss]
|-miss|p2a: Skarmory|p1a: Claydol
|
|-heal|p2a: Skarmory|100/100|[from] item: Leftovers
|upkeep
|turn|66
|
|t:|1730660600
|switch|p1a: Dusclops|Dusclops, F|81/100
|move|p2a: Skarmory|Toxic|p1a: Dusclops
|-status|p1a: Dusclops|tox
|
|-heal|p1a: Dusclops|87/100 tox|[from] item: Leftovers
|-damage|p1a: Dusclops|81/100 tox|[from] psn
|upkeep
|turn|67
|
|t:|1730660602
|move|p2a: Skarmory|Protect|p2a: Skarmory
|-singleturn|p2a: Skarmory|Protect
|move|p1a: Dusclops|Will-O-Wisp|p2a: Skarmory
|-activate|p2a: Skarmory|Protect
|
|-heal|p1a: Dusclops|87/100 tox|[from] item: Leftovers
|-damage|p1a: Dusclops|75/100 tox|[from] psn
|upkeep
|turn|68
|
|t:|1730660612
|switch|p2a: Blissey|Blissey, F|63/100
|-damage|p2a: Blissey|38/100|[from] Spikes
|move|p1a: Dusclops|Will-O-Wisp|p2a: Blissey
|-status|p2a: Blissey|brn
|
|-heal|p2a: Blissey|44/100 brn|[from] item: Leftovers
|-damage|p2a: Blissey|32/100 brn|[from] brn
|-heal|p1a: Dusclops|81/100 tox|[from] item: Leftovers
|-damage|p1a: Dusclops|64/100 tox|[from] psn
|upkeep
|turn|69
|
|t:|1730660630
|switch|p1a: Blissey|Blissey, F|82/100
|move|p2a: Blissey|Soft-Boiled|p2a: Blissey
|-heal|p2a: Blissey|82/100 brn
|
|-heal|p2a: Blissey|88/100 brn|[from] item: Leftovers
|-damage|p2a: Blissey|76/100 brn|[from] brn
|-heal|p1a: Blissey|88/100|[from] item: Leftovers
|upkeep
|turn|70
|
|t:|1730660632
|-curestatus|p2a: Blissey|brn|[from] ability: Natural Cure
|switch|p2a: Skarmory|Skarmory, F|100/100
|move|p1a: Blissey|Aromatherapy|p1a: Blissey
|-cureteam|p1a: Blissey|[from] move: Aromatherapy
|
|-heal|p1a: Blissey|94/100|[from] item: Leftovers
|upkeep
|turn|71
|
|t:|1730660639
|move|p2a: Skarmory|Spikes|p1a: Blissey
|-sidestart|p1: tempokin|Spikes
|move|p1a: Blissey|Thunderbolt|p2a: Skarmory
|-supereffective|p2a: Skarmory
|-damage|p2a: Skarmory|51/100
|
|-heal|p2a: Skarmory|57/100|[from] item: Leftovers
|-heal|p1a: Blissey|99/100|[from] item: Leftovers
|upkeep
|turn|72
|
|t:|1730660646
|move|p2a: Skarmory|Toxic|p1a: Blissey
|-status|p1a: Blissey|tox
|move|p1a: Blissey|Thunderbolt|p2a: Skarmory
|-supereffective|p2a: Skarmory
|-crit|p2a: Skarmory
|-damage|p2a: Skarmory|0 fnt
|faint|p2a: Skarmory
|
|t:|1730660653
|switch|p2a: Tyranitar|Tyranitar, M|76/100 tox
|-damage|p2a: Tyranitar|51/100 tox|[from] Spikes
|-weather|Sandstorm|[from] ability: Sand Stream|[of] p2a: Tyranitar
|
|-weather|Sandstorm|[upkeep]
|-damage|p1a: Blissey|94/100 tox|[from] Sandstorm
|-heal|p2a: Tyranitar|57/100 tox|[from] item: Leftovers
|-damage|p2a: Tyranitar|51/100 tox|[from] psn
|-heal|p1a: Blissey|99/100 tox|[from] item: Leftovers
|-damage|p1a: Blissey|94/100 tox|[from] psn
|upkeep
|turn|73
|
|t:|1730660667
|-curestatus|p1a: Blissey|tox|[from] ability: Natural Cure
|switch|p1a: Claydol|Claydol|100/100
|move|p2a: Tyranitar|Rock Slide|p1a: Claydol
|-resisted|p1a: Claydol
|-damage|p1a: Claydol|80/100
|
|-weather|Sandstorm|[upkeep]
|-heal|p1a: Claydol|86/100|[from] item: Leftovers
|-heal|p2a: Tyranitar|57/100 tox|[from] item: Leftovers
|-damage|p2a: Tyranitar|45/100 tox|[from] psn
|upkeep
|turn|74
|c|☆blundergoth|gg
|c|☆tempokin|gg
|-message|blundergoth forfeited.
|
|win|tempokin

</script>
<script type="application/json" class="data" id="replaydata-smogtours-gen3ou-804477">
{"id":"smogtours-gen3ou-804477","format":"[Gen 3] OU","players":["tempokin","blundergoth"],"uploadtime":1730660682,"views":71,"formatid":"gen3ou","rating":null,"private":0,"password":null}
</script>

<script defer src="js/replays.js?9d40a366"></script>
