<!DOCTYPE html>
<meta charset="utf-8" />
<meta name="viewport" content="width=device-width" />

<title>[Gen 3] OU: salto vs. TECHSAVAGE - Replays - Pok&eacute;mon Showdown!</title>

<meta name="description" content="Watch a replay of a Pok&eacute;mon battle between salto and TECHSAVAGE! Format: [Gen 3] OU; Date: Oct 14, 2024" />
<!--

Hey, you! Looking in the source for the replay log?

You can find them in JSON format, just add `.json` at the end of a replay URL.

https://replay.pokemonshowdown.com/gen7randomdoublesbattle-865046831.json

Or, if you only need the log itself, add `.log` instead:

https://replay.pokemonshowdown.com/gen7randomdoublesbattle-865046831.log

-->

<link rel="stylesheet" href="//pokemonshowdown.com/style/global.css?0.767286132409787" />
<link rel="stylesheet" href="//play.pokemonshowdown.com/style/font-awesome.css?0.9266228007934947" />
<link rel="stylesheet" href="//play.pokemonshowdown.com/style/battle.css?0.7924700842790926" />
<link rel="stylesheet" href="//play.pokemonshowdown.com/style/utilichart.css?0.8777417872839479" />

<!-- Global site tag (gtag.js) - Google Analytics -->
<script async src="https://www.googletagmanager.com/gtag/js?id=UA-26211653-1"></script>
<script>
  window.dataLayer = window.dataLayer || [];
  function gtag(){dataLayer.push(arguments);}
  gtag('js', new Date());

  gtag('config', 'UA-26211653-1');
</script>
<!-- End Google Analytics -->
<!-- Venatus Ad Manager - Install in <HEAD> of page -->
	<script src="https://hb.vntsm.com/v3/live/ad-manager.min.js" type="text/javascript" data-site-id="642aba63ec9a7b11c3c9c1be" data-mode="scan" async></script>
<!-- / Venatus Ad Manager -->

<style>
	@media (max-width:820px) {
		.battle {
			margin: 0 auto;
		}
		.battle-log {
			margin: 7px auto 0;
			max-width: 640px;
			height: 300px;
			position: static;
		}
	}
	.optgroup {
		display: inline-block;
		line-height: 22px;
		font-size: 10pt;
	}
	.optgroup .button {
		height: 25px;
		padding-top: 0;
		padding-bottom: 0;
	}
	.optgroup button.button {
		padding-left: 12px;
		padding-right: 12px;
	}
	.linklist {
		list-style: none;
		margin: 0.5em 0;
		padding: 0;
	}
	.linklist li {
		padding: 2px 0;
	}
	.sidebar {
		float: left;
		width: 320px;
	}
	.bar-wrapper {
		max-width: 1100px;
		margin: 0 auto;
	}
	.bar-wrapper.has-sidebar {
		max-width: 1430px;
	}
	.mainbar {
		margin: 0;
		padding-right: 1px;
	}
	.mainbar.has-sidebar {
		margin-left: 330px;
	}
	@media (min-width: 1511px) {
		.sidebar {
			width: 400px;
		}
		.bar-wrapper.has-sidebar {
			max-width: 1510px;
		}
		.mainbar.has-sidebar {
			margin-left: 410px;
		}
	}
	.section.first-section {
		margin-top: 9px;
	}
	.blocklink small {
		white-space: normal;
	}
	.button {
		vertical-align: middle;
	}
	.replay-controls {
		padding-top: 10px;
	}
	.replay-controls h1 {
		font-size: 16pt;
		font-weight: normal;
		color: #CCC;
	}
	.pagelink {
		text-align: center;
	}
	.pagelink a {
		width: 150px;
	}
	.textbox, .button {
		font-size: 11pt;
		vertical-align: middle;
	}
	@media (max-width: 450px) {
		.button {
			font-size: 9pt;
		}
	}
</style>

<div>

	<header>
		<div class="nav-wrapper"><ul class="nav">
			<li><a class="button nav-first" href="//pokemonshowdown.com/"><img src="//pokemonshowdown.com/images/pokemonshowdownbeta.png" srcset="//pokemonshowdown.com/images/pokemonshowdownbeta.png 1x, //pokemonshowdown.com/images/pokemonshowdownbeta@2x.png 2x" alt="Pok&eacute;mon Showdown" width="146" height="44" /> Home</a></li>
			<li><a class="button" href="//pokemonshowdown.com/dex/">Pok&eacute;dex</a></li>
			<li><a class="button cur" href="/">Replays</a></li>
			<li><a class="button" href="//pokemonshowdown.com/ladder/">Ladder</a></li>
			<li><a class="button nav-last" href="//pokemonshowdown.com/forums/">Forum</a></li>
			<li><a class="button greenbutton nav-first nav-last" href="//play.pokemonshowdown.com/">Play</a></li>
		</ul></div>
	</header>

	<div class="main" id="main">

		<noscript><section class="section">You need to enable JavaScript to use this page; sorry!</section></noscript>

	</div>

</div>

<script defer nomodule src="//play.pokemonshowdown.com/js/lib/ps-polyfill.js"></script>
<script defer src="//play.pokemonshowdown.com/js/lib/preact.min.js"></script>

<script defer src="//play.pokemonshowdown.com/config/config.js?6dec07f6"></script>
<script defer src="//play.pokemonshowdown.com/js/lib/jquery-1.11.0.min.js"></script>
<script defer src="//play.pokemonshowdown.com/js/lib/html-sanitizer-minified.js"></script>
<script defer src="//play.pokemonshowdown.com/js/battle-sound.js"></script>
<script defer src="//play.pokemonshowdown.com/js/battledata.js?0.6315294753075389"></script>
<script defer src="//play.pokemonshowdown.com/data/pokedex-mini.js?0.7603743185311358"></script>
<script defer src="//play.pokemonshowdown.com/data/pokedex-mini-bw.js?0.030888842834281283"></script>
<script defer src="//play.pokemonshowdown.com/data/graphics.js?0.05593094747507488"></script>
<script defer src="//play.pokemonshowdown.com/data/pokedex.js?0.47064822249611904"></script>
<script defer src="//play.pokemonshowdown.com/data/moves.js?0.8583693120512459"></script>
<script defer src="//play.pokemonshowdown.com/data/abilities.js?0.16017181182386842"></script>
<script defer src="//play.pokemonshowdown.com/data/items.js?0.4163379185673943"></script>
<script defer src="//play.pokemonshowdown.com/data/teambuilder-tables.js?0.31075597372830477"></script>
<script defer src="//play.pokemonshowdown.com/js/battle-tooltips.js?0.6536193500708172"></script>
<script defer src="//play.pokemonshowdown.com/js/battle.js?0.1916591943277901"></script>

<script defer src="js/utils.js?e31f9a17"></script>
<script defer src="js/replays-battle.js?7008c182"></script>

<!-- don't scrape this data! just add .json or .log after the URL!
Full API docs: https://github.com/smogon/pokemon-showdown-client/blob/master/WEB-API.md -->
<script type="text/plain" class="log" id="replaylog-smogtours-gen3ou-798809">
|inactive|Battle timer is ON: inactive players will automatically lose when time's up.
|t:|1728944477
|gametype|singles
|player|p1|salto|grimsley|
|player|p2|TECHSAVAGE|chuck|
|teamsize|p1|6
|teamsize|p2|6
|gen|3
|tier|[Gen 3] OU
|rule|Sleep Clause Mod: Limit one foe put to sleep
|rule|Switch Priority Clause Mod: Faster Pokémon switch first
|rule|Species Clause: Limit one of each Pokémon
|rule|OHKO Clause: OHKO moves are banned
|rule|Evasion Items Clause: Evasion items are banned
|rule|Evasion Moves Clause: Evasion moves are banned
|rule|Endless Battle Clause: Forcing endless battles is banned
|rule|HP Percentage Mod: HP is shown in percentages
|rule|One Boost Passer Clause: Limit one Baton Passer that has a way to boost its stats
|rule|Freeze Clause Mod: Limit one foe frozen
|
|t:|1728944477
|start
|switch|p1a: Jolteon|Jolteon, F|100/100
|switch|p2a: Salamence|Salamence, M|100/100
|-ability|p2a: Salamence|Intimidate|boost
|-unboost|p1a: Jolteon|atk|1
|turn|1
|
|t:|1728944483
|switch|p2a: Celebi|Celebi|100/100
|move|p1a: Jolteon|Thunder Wave|p2a: Celebi
|-status|p2a: Celebi|par
|
|upkeep
|turn|2
|
|t:|1728944495
|switch|p1a: Forretress|Forretress, F|100/100
|move|p2a: Celebi|Psychic|p1a: Forretress
|-resisted|p1a: Forretress
|-damage|p1a: Forretress|85/100
|
|-heal|p1a: Forretress|91/100|[from] item: Leftovers
|upkeep
|turn|3
|
|t:|1728944507
|switch|p1a: Snorlax|Snorlax, F|100/100
|-curestatus|p2a: Celebi|par|[from] ability: Natural Cure
|switch|p2a: Salamence|Salamence, M|100/100
|-ability|p2a: Salamence|Intimidate|boost
|-unboost|p1a: Snorlax|atk|1
|
|upkeep
|turn|4
|
|t:|1728944514
|move|p2a: Salamence|Brick Break|p1a: Snorlax
|-supereffective|p1a: Snorlax
|-damage|p1a: Snorlax|61/100
|move|p1a: Snorlax|Body Slam|p2a: Salamence
|-damage|p2a: Salamence|70/100
|
|-heal|p2a: Salamence|76/100|[from] item: Leftovers
|-heal|p1a: Snorlax|67/100|[from] item: Leftovers
|upkeep
|turn|5
|
|t:|1728944528
|switch|p2a: Skarmory|Skarmory, M|100/100
|move|p1a: Snorlax|Body Slam|p2a: Skarmory
|-resisted|p2a: Skarmory
|-damage|p2a: Skarmory|91/100
|-status|p2a: Skarmory|par
|
|-heal|p1a: Snorlax|74/100|[from] item: Leftovers
|-heal|p2a: Skarmory|97/100 par|[from] item: Leftovers
|upkeep
|turn|6
|
|t:|1728944538
|switch|p1a: Forretress|Forretress, F|91/100
|switch|p2a: Salamence|Salamence, M|76/100
|-ability|p2a: Salamence|Intimidate|boost
|-unboost|p1a: Forretress|atk|1
|
|-heal|p2a: Salamence|82/100|[from] item: Leftovers
|-heal|p1a: Forretress|97/100|[from] item: Leftovers
|upkeep
|turn|7
|
|t:|1728944552
|switch|p1a: Jolteon|Jolteon, F|100/100
|move|p2a: Salamence|Fire Blast|p1a: Jolteon
|-damage|p1a: Jolteon|48/100
|
|-heal|p1a: Jolteon|54/100|[from] item: Leftovers
|-heal|p2a: Salamence|88/100|[from] item: Leftovers
|upkeep
|turn|8
|
|t:|1728944569
|switch|p2a: Celebi|Celebi|100/100
|move|p1a: Jolteon|Substitute|p1a: Jolteon
|-start|p1a: Jolteon|Substitute
|-damage|p1a: Jolteon|29/100
|
|-heal|p1a: Jolteon|36/100|[from] item: Leftovers
|upkeep
|turn|9
|
|t:|1728944574
|move|p1a: Jolteon|Baton Pass|p1a: Jolteon
|
|t:|1728944577
|switch|p1a: Celebi|Celebi|100/100|[from] Baton Pass
|move|p2a: Celebi|Psychic|p1a: Celebi
|-resisted|p1a: Celebi
|-activate|p1a: Celebi|Substitute|[damage]
|
|upkeep
|turn|10
|
|t:|1728944583
|switch|p2a: Skarmory|Skarmory, M|97/100 par
|move|p1a: Celebi|Swords Dance|p1a: Celebi
|-boost|p1a: Celebi|atk|2
|
|-heal|p2a: Skarmory|100/100 par|[from] item: Leftovers
|upkeep
|turn|11
|
|t:|1728944586
|move|p1a: Celebi|Hidden Power|p2a: Skarmory
|-damage|p2a: Skarmory|76/100 par
|move|p2a: Skarmory|Roar|p1a: Celebi
|drag|p1a: Snorlax|Snorlax, F|74/100
|
|-heal|p1a: Snorlax|80/100|[from] item: Leftovers
|-heal|p2a: Skarmory|82/100 par|[from] item: Leftovers
|upkeep
|turn|12
|
|t:|1728944593
|-singleturn|p1a: Snorlax|move: Focus Punch
|cant|p2a: Skarmory|par
|move|p1a: Snorlax|Focus Punch|p2a: Skarmory
|-damage|p2a: Skarmory|48/100 par
|
|-heal|p1a: Snorlax|86/100|[from] item: Leftovers
|-heal|p2a: Skarmory|54/100 par|[from] item: Leftovers
|upkeep
|turn|13
|
|t:|1728944601
|-singleturn|p1a: Snorlax|move: Focus Punch
|switch|p2a: Celebi|Celebi|100/100
|move|p1a: Snorlax|Focus Punch|p2a: Celebi
|-resisted|p2a: Celebi
|-damage|p2a: Celebi|86/100
|
|-heal|p2a: Celebi|92/100|[from] item: Leftovers
|-heal|p1a: Snorlax|92/100|[from] item: Leftovers
|upkeep
|turn|14
|
|t:|1728944606
|move|p2a: Celebi|Leech Seed|p1a: Snorlax
|-start|p1a: Snorlax|move: Leech Seed
|move|p1a: Snorlax|Body Slam|p2a: Celebi
|-damage|p2a: Celebi|63/100
|
|-heal|p2a: Celebi|69/100|[from] item: Leftovers
|-heal|p1a: Snorlax|98/100|[from] item: Leftovers
|-damage|p1a: Snorlax|86/100|[from] Leech Seed|[of] p2a: Celebi
|-heal|p2a: Celebi|84/100|[silent]
|upkeep
|turn|15
|
|t:|1728944621
|switch|p2a: Hariyama|Hariyama, F|100/100
|switch|p1a: Celebi|Celebi|100/100
|
|upkeep
|turn|16
|
|t:|1728944644
|switch|p2a: Skarmory|Skarmory, M|54/100 par
|move|p1a: Celebi|Baton Pass|p1a: Celebi
|
|t:|1728944648
|switch|p1a: Jolteon|Jolteon, F|36/100|[from] Baton Pass
|
|-heal|p1a: Jolteon|42/100|[from] item: Leftovers
|-heal|p2a: Skarmory|60/100 par|[from] item: Leftovers
|upkeep
|turn|17
|
|t:|1728944652
|move|p1a: Jolteon|Thunderbolt|p2a: Skarmory
|-supereffective|p2a: Skarmory
|-damage|p2a: Skarmory|0 fnt
|faint|p2a: Skarmory
|
|t:|1728944660
|switch|p2a: Hariyama|Hariyama, F|100/100
|
|-heal|p1a: Jolteon|48/100|[from] item: Leftovers
|upkeep
|turn|18
|
|t:|1728944667
|move|p1a: Jolteon|Baton Pass|p1a: Jolteon
|
|t:|1728944668
|switch|p1a: Forretress|Forretress, F|97/100|[from] Baton Pass
|move|p2a: Hariyama|Cross Chop|p1a: Forretress
|-damage|p1a: Forretress|60/100
|
|-heal|p1a: Forretress|67/100|[from] item: Leftovers
|upkeep
|turn|19
|
|t:|1728944682
|switch|p2a: Salamence|Salamence, M|88/100
|-ability|p2a: Salamence|Intimidate|boost
|-unboost|p1a: Forretress|atk|1
|move|p1a: Forretress|Spikes|p2a: Salamence
|-sidestart|p2: TECHSAVAGE|Spikes
|
|-heal|p2a: Salamence|94/100|[from] item: Leftovers
|-heal|p1a: Forretress|73/100|[from] item: Leftovers
|upkeep
|turn|20
|
|t:|1728944687
|switch|p1a: Snorlax|Snorlax, F|86/100
|move|p2a: Salamence|Fire Blast|p1a: Snorlax
|-damage|p1a: Snorlax|64/100
|
|-heal|p2a: Salamence|100/100|[from] item: Leftovers
|-heal|p1a: Snorlax|70/100|[from] item: Leftovers
|upkeep
|turn|21
|
|t:|1728944694
|move|p2a: Salamence|Brick Break|p1a: Snorlax
|-supereffective|p1a: Snorlax
|-damage|p1a: Snorlax|33/100
|move|p1a: Snorlax|Body Slam|p2a: Salamence
|-damage|p2a: Salamence|51/100
|
|-heal|p2a: Salamence|57/100|[from] item: Leftovers
|-heal|p1a: Snorlax|39/100|[from] item: Leftovers
|upkeep
|turn|22
|
|t:|1728944712
|switch|p2a: Hariyama|Hariyama, F|100/100
|-damage|p2a: Hariyama|88/100|[from] Spikes
|switch|p1a: Jolteon|Jolteon, F|48/100
|
|-heal|p1a: Jolteon|54/100|[from] item: Leftovers
|-heal|p2a: Hariyama|94/100|[from] item: Leftovers
|upkeep
|turn|23
|
|t:|1728944720
|move|p1a: Jolteon|Baton Pass|p1a: Jolteon
|
|t:|1728944721
|switch|p1a: Celebi|Celebi|100/100|[from] Baton Pass
|move|p2a: Hariyama|Cross Chop|p1a: Celebi
|-resisted|p1a: Celebi
|-damage|p1a: Celebi|85/100
|
|-heal|p1a: Celebi|91/100|[from] item: Leftovers
|-heal|p2a: Hariyama|99/100|[from] item: Leftovers
|upkeep
|turn|24
|
|t:|1728944726
|switch|p1a: Forretress|Forretress, F|73/100
|move|p2a: Hariyama|Hidden Power|p1a: Forretress
|-resisted|p1a: Forretress
|-damage|p1a: Forretress|65/100
|
|-heal|p2a: Hariyama|100/100|[from] item: Leftovers
|-heal|p1a: Forretress|71/100|[from] item: Leftovers
|upkeep
|turn|25
|
|t:|1728944731
|switch|p2a: Salamence|Salamence, M|57/100
|-ability|p2a: Salamence|Intimidate|boost
|-unboost|p1a: Forretress|atk|1
|move|p1a: Forretress|Spikes|p2a: Salamence
|-sidestart|p2: TECHSAVAGE|Spikes
|
|-heal|p2a: Salamence|63/100|[from] item: Leftovers
|-heal|p1a: Forretress|77/100|[from] item: Leftovers
|upkeep
|turn|26
|
|t:|1728944751
|move|p2a: Salamence|Fire Blast|p1a: Forretress
|-supereffective|p1a: Forretress
|-damage|p1a: Forretress|0 fnt
|faint|p1a: Forretress
|
|t:|1728944754
|switch|p1a: Aerodactyl|Aerodactyl, F|100/100
|
|-heal|p2a: Salamence|69/100|[from] item: Leftovers
|upkeep
|turn|27
|
|t:|1728944761
|switch|p2a: Celebi|Celebi|84/100
|-damage|p2a: Celebi|67/100|[from] Spikes
|move|p1a: Aerodactyl|Rock Slide|p2a: Celebi
|-damage|p2a: Celebi|43/100
|
|-heal|p2a: Celebi|50/100|[from] item: Leftovers
|upkeep
|turn|28
|
|t:|1728944771
|move|p1a: Aerodactyl|Hidden Power|p2a: Celebi
|-supereffective|p2a: Celebi
|-damage|p2a: Celebi|3/100
|move|p2a: Celebi|Leech Seed|p1a: Aerodactyl
|-start|p1a: Aerodactyl|move: Leech Seed
|
|-damage|p1a: Aerodactyl|88/100|[from] Leech Seed|[of] p2a: Celebi
|-heal|p2a: Celebi|13/100|[silent]
|-heal|p2a: Celebi|19/100|[from] item: Leftovers
|upkeep
|turn|29
|
|t:|1728944788
|switch|p2a: Starmie|Starmie|100/100
|-damage|p2a: Starmie|84/100|[from] Spikes
|move|p1a: Aerodactyl|Hidden Power|p2a: Starmie
|-damage|p2a: Starmie|43/100
|
|-heal|p1a: Aerodactyl|94/100|[from] item: Leftovers
|-damage|p1a: Aerodactyl|82/100|[from] Leech Seed|[of] p2a: Starmie
|-heal|p2a: Starmie|54/100|[silent]
|-heal|p2a: Starmie|60/100|[from] item: Leftovers
|upkeep
|turn|30
|inactive|salto has 270 seconds left.
|
|t:|1728944827
|switch|p1a: Lapras|Lapras, M|100/100
|move|p2a: Starmie|Thunder Wave|p1a: Lapras
|-status|p1a: Lapras|par
|
|-heal|p2a: Starmie|67/100|[from] item: Leftovers
|upkeep
|turn|31
|inactive|salto has 270 seconds left.
|
|t:|1728944845
|move|p2a: Starmie|Rapid Spin|p1a: Lapras
|-damage|p1a: Lapras|99/100 par
|-sideend|p2: TECHSAVAGE|Spikes|[from] move: Rapid Spin|[of] p2a: Starmie
|move|p1a: Lapras|Thunderbolt|p2a: Starmie
|-supereffective|p2a: Starmie
|-damage|p2a: Starmie|17/100
|
|-heal|p2a: Starmie|23/100|[from] item: Leftovers
|-heal|p1a: Lapras|100/100 par|[from] item: Leftovers
|upkeep
|turn|32
|inactive|salto has 270 seconds left.
|
|t:|1728944856
|switch|p2a: Celebi|Celebi|19/100
|move|p1a: Lapras|Thunderbolt|p2a: Celebi
|-resisted|p2a: Celebi
|-damage|p2a: Celebi|10/100
|
|-heal|p2a: Celebi|16/100|[from] item: Leftovers
|upkeep
|turn|33
|
|t:|1728944860
|move|p2a: Celebi|Recover|p2a: Celebi
|-heal|p2a: Celebi|66/100
|cant|p1a: Lapras|par
|
|-heal|p2a: Celebi|73/100|[from] item: Leftovers
|upkeep
|turn|34
|
|t:|1728944864
|move|p2a: Celebi|Psychic|p1a: Lapras
|-damage|p1a: Lapras|78/100 par
|move|p1a: Lapras|Ice Beam|p2a: Celebi
|-supereffective|p2a: Celebi
|-damage|p2a: Celebi|26/100
|
|-heal|p2a: Celebi|32/100|[from] item: Leftovers
|-heal|p1a: Lapras|84/100 par|[from] item: Leftovers
|upkeep
|turn|35
|
|t:|1728944878
|move|p2a: Celebi|Hidden Power|p1a: Lapras
|-supereffective|p1a: Lapras
|-damage|p1a: Lapras|48/100 par
|move|p1a: Lapras|Heal Bell|p1a: Lapras
|-activate|p1a: Lapras|move: Heal Bell
|-curestatus|p1a: Lapras|par|[silent]
|
|-heal|p2a: Celebi|38/100|[from] item: Leftovers
|-heal|p1a: Lapras|54/100|[from] item: Leftovers
|upkeep
|turn|36
|
|t:|1728944890
|move|p2a: Celebi|Hidden Power|p1a: Lapras
|-supereffective|p1a: Lapras
|-damage|p1a: Lapras|15/100
|move|p1a: Lapras|Ice Beam|p2a: Celebi
|-supereffective|p2a: Celebi
|-crit|p2a: Celebi
|-damage|p2a: Celebi|0 fnt
|faint|p2a: Celebi
|
|t:|1728944892
|switch|p2a: Hariyama|Hariyama, F|100/100
|
|-heal|p1a: Lapras|21/100|[from] item: Leftovers
|upkeep
|turn|37
|
|t:|1728944901
|move|p1a: Lapras|Ice Beam|p2a: Hariyama
|-damage|p2a: Hariyama|71/100
|move|p2a: Hariyama|Cross Chop|p1a: Lapras
|-supereffective|p1a: Lapras
|-damage|p1a: Lapras|0 fnt
|faint|p1a: Lapras
|
|t:|1728944927
|switch|p1a: Celebi|Celebi|91/100
|
|-heal|p1a: Celebi|97/100|[from] item: Leftovers
|-heal|p2a: Hariyama|77/100|[from] item: Leftovers
|upkeep
|turn|38
|
|t:|1728944936
|move|p1a: Celebi|Swords Dance|p1a: Celebi
|-boost|p1a: Celebi|atk|2
|move|p2a: Hariyama|Hidden Power|p1a: Celebi
|-supereffective|p1a: Celebi
|-damage|p1a: Celebi|64/100
|
|-heal|p1a: Celebi|70/100|[from] item: Leftovers
|-heal|p2a: Hariyama|83/100|[from] item: Leftovers
|upkeep
|turn|39
|
|t:|1728944945
|move|p1a: Celebi|Hidden Power|p2a: Hariyama
|-crit|p2a: Hariyama
|-damage|p2a: Hariyama|27/100
|move|p2a: Hariyama|Cross Chop|p1a: Celebi
|-resisted|p1a: Celebi
|-damage|p1a: Celebi|53/100
|
|-heal|p1a: Celebi|59/100|[from] item: Leftovers
|-heal|p2a: Hariyama|33/100|[from] item: Leftovers
|upkeep
|turn|40
|
|t:|1728944955
|move|p1a: Celebi|Recover|p1a: Celebi
|-heal|p1a: Celebi|100/100
|move|p2a: Hariyama|Hidden Power|p1a: Celebi
|-supereffective|p1a: Celebi
|-damage|p1a: Celebi|72/100
|
|-heal|p1a: Celebi|78/100|[from] item: Leftovers
|-heal|p2a: Hariyama|39/100|[from] item: Leftovers
|upkeep
|turn|41
|
|t:|1728944958
|move|p1a: Celebi|Hidden Power|p2a: Hariyama
|-damage|p2a: Hariyama|9/100
|move|p2a: Hariyama|Knock Off|p1a: Celebi
|-supereffective|p1a: Celebi
|-damage|p1a: Celebi|75/100
|-enditem|p1a: Celebi|Leftovers|[from] move: Knock Off|[of] p2a: Hariyama
|-hint|In Gens 3-4, Knock Off only makes the target's item unusable; it cannot obtain a new item.
|
|-heal|p2a: Hariyama|15/100|[from] item: Leftovers
|upkeep
|turn|42
|
|t:|1728944973
|move|p1a: Celebi|Hidden Power|p2a: Hariyama
|-damage|p2a: Hariyama|0 fnt
|faint|p2a: Hariyama
|
|t:|1728944974
|switch|p2a: Tyranitar|Tyranitar, F|100/100
|-weather|Sandstorm|[from] ability: Sand Stream|[of] p2a: Tyranitar
|
|-weather|Sandstorm|[upkeep]
|-damage|p1a: Celebi|69/100|[from] Sandstorm
|upkeep
|turn|43
|
|t:|1728944978
|move|p1a: Celebi|Hidden Power|p2a: Tyranitar
|-supereffective|p2a: Tyranitar
|-damage|p2a: Tyranitar|0 fnt
|faint|p2a: Tyranitar
|
|t:|1728944983
|switch|p2a: Salamence|Salamence, M|69/100
|-ability|p2a: Salamence|Intimidate|boost
|-unboost|p1a: Celebi|atk|1
|
|-weather|Sandstorm|[upkeep]
|-damage|p2a: Salamence|63/100|[from] Sandstorm
|-damage|p1a: Celebi|62/100|[from] Sandstorm
|-heal|p2a: Salamence|69/100|[from] item: Leftovers
|upkeep
|turn|44
|c|☆TECHSAVAGE|that's gg
|
|t:|1728944989
|move|p2a: Salamence|Fire Blast|p1a: Celebi
|-supereffective|p1a: Celebi
|-damage|p1a: Celebi|4/100
|move|p1a: Celebi|Baton Pass|p1a: Celebi
|
|t:|1728944994
|switch|p1a: Aerodactyl|Aerodactyl, F|82/100|[from] Baton Pass
|
|-weather|Sandstorm|[upkeep]
|-damage|p2a: Salamence|63/100|[from] Sandstorm
|-heal|p1a: Aerodactyl|88/100|[from] item: Leftovers
|-heal|p2a: Salamence|69/100|[from] item: Leftovers
|upkeep
|turn|45
|
|t:|1728945005
|move|p1a: Aerodactyl|Rock Slide|p2a: Salamence|[miss]
|-miss|p1a: Aerodactyl|p2a: Salamence
|move|p2a: Salamence|Dragon Claw|p1a: Aerodactyl
|-damage|p1a: Aerodactyl|28/100
|
|-weather|Sandstorm|[upkeep]
|-damage|p2a: Salamence|63/100|[from] Sandstorm
|-heal|p1a: Aerodactyl|34/100|[from] item: Leftovers
|-heal|p2a: Salamence|69/100|[from] item: Leftovers
|upkeep
|turn|46
|
|t:|1728945010
|move|p1a: Aerodactyl|Rock Slide|p2a: Salamence
|-supereffective|p2a: Salamence
|-damage|p2a: Salamence|0 fnt
|faint|p2a: Salamence
|
|t:|1728945011
|switch|p2a: Starmie|Starmie|23/100
|
|-weather|Sandstorm|[upkeep]
|-damage|p2a: Starmie|17/100|[from] Sandstorm
|-heal|p1a: Aerodactyl|40/100|[from] item: Leftovers
|-heal|p2a: Starmie|23/100|[from] item: Leftovers
|upkeep
|turn|47
|c|☆salto|scary
|
|t:|1728945016
|move|p1a: Aerodactyl|Hidden Power|p2a: Starmie
|-damage|p2a: Starmie|0 fnt
|faint|p2a: Starmie
|
|win|salto

</script>
<script type="application/json" class="data" id="replaydata-smogtours-gen3ou-798809">
{"id":"smogtours-gen3ou-798809","format":"[Gen 3] OU","players":["salto","TECHSAVAGE"],"uploadtime":1728945016,"views":90,"formatid":"gen3ou","rating":null,"private":0,"password":null}
</script>

<script defer src="js/replays.js?9d40a366"></script>
