<!DOCTYPE html>
<meta charset="utf-8" />
<meta name="viewport" content="width=device-width" />

<title>[Gen 3] OU: Tasmanian Demon vs. RodentCollector - Replays - Pok&eacute;mon Showdown!</title>

<meta name="description" content="Watch a replay of a Pok&eacute;mon battle between Tasmanian Demon and RodentCollector! Format: [Gen 3] OU; Date: Oct 19, 2024" />
<!--

Hey, you! Looking in the source for the replay log?

You can find them in JSON format, just add `.json` at the end of a replay URL.

https://replay.pokemonshowdown.com/gen7randomdoublesbattle-865046831.json

Or, if you only need the log itself, add `.log` instead:

https://replay.pokemonshowdown.com/gen7randomdoublesbattle-865046831.log

-->

<link rel="stylesheet" href="//pokemonshowdown.com/style/global.css?0.023195364461161105" />
<link rel="stylesheet" href="//play.pokemonshowdown.com/style/font-awesome.css?0.13261647063804238" />
<link rel="stylesheet" href="//play.pokemonshowdown.com/style/battle.css?0.8753245789963631" />
<link rel="stylesheet" href="//play.pokemonshowdown.com/style/utilichart.css?0.8627959624976733" />

<!-- Global site tag (gtag.js) - Google Analytics -->
<script async src="https://www.googletagmanager.com/gtag/js?id=UA-26211653-1"></script>
<script>
  window.dataLayer = window.dataLayer || [];
  function gtag(){dataLayer.push(arguments);}
  gtag('js', new Date());

  gtag('config', 'UA-26211653-1');
</script>
<!-- End Google Analytics -->
<!-- Venatus Ad Manager - Install in <HEAD> of page -->
	<script src="https://hb.vntsm.com/v3/live/ad-manager.min.js" type="text/javascript" data-site-id="642aba63ec9a7b11c3c9c1be" data-mode="scan" async></script>
<!-- / Venatus Ad Manager -->

<style>
	@media (max-width:820px) {
		.battle {
			margin: 0 auto;
		}
		.battle-log {
			margin: 7px auto 0;
			max-width: 640px;
			height: 300px;
			position: static;
		}
	}
	.optgroup {
		display: inline-block;
		line-height: 22px;
		font-size: 10pt;
	}
	.optgroup .button {
		height: 25px;
		padding-top: 0;
		padding-bottom: 0;
	}
	.optgroup button.button {
		padding-left: 12px;
		padding-right: 12px;
	}
	.linklist {
		list-style: none;
		margin: 0.5em 0;
		padding: 0;
	}
	.linklist li {
		padding: 2px 0;
	}
	.sidebar {
		float: left;
		width: 320px;
	}
	.bar-wrapper {
		max-width: 1100px;
		margin: 0 auto;
	}
	.bar-wrapper.has-sidebar {
		max-width: 1430px;
	}
	.mainbar {
		margin: 0;
		padding-right: 1px;
	}
	.mainbar.has-sidebar {
		margin-left: 330px;
	}
	@media (min-width: 1511px) {
		.sidebar {
			width: 400px;
		}
		.bar-wrapper.has-sidebar {
			max-width: 1510px;
		}
		.mainbar.has-sidebar {
			margin-left: 410px;
		}
	}
	.section.first-section {
		margin-top: 9px;
	}
	.blocklink small {
		white-space: normal;
	}
	.button {
		vertical-align: middle;
	}
	.replay-controls {
		padding-top: 10px;
	}
	.replay-controls h1 {
		font-size: 16pt;
		font-weight: normal;
		color: #CCC;
	}
	.pagelink {
		text-align: center;
	}
	.pagelink a {
		width: 150px;
	}
	.textbox, .button {
		font-size: 11pt;
		vertical-align: middle;
	}
	@media (max-width: 450px) {
		.button {
			font-size: 9pt;
		}
	}
</style>

<div>

	<header>
		<div class="nav-wrapper"><ul class="nav">
			<li><a class="button nav-first" href="//pokemonshowdown.com/"><img src="//pokemonshowdown.com/images/pokemonshowdownbeta.png" srcset="//pokemonshowdown.com/images/pokemonshowdownbeta.png 1x, //pokemonshowdown.com/images/pokemonshowdownbeta@2x.png 2x" alt="Pok&eacute;mon Showdown" width="146" height="44" /> Home</a></li>
			<li><a class="button" href="//pokemonshowdown.com/dex/">Pok&eacute;dex</a></li>
			<li><a class="button cur" href="/">Replays</a></li>
			<li><a class="button" href="//pokemonshowdown.com/ladder/">Ladder</a></li>
			<li><a class="button nav-last" href="//pokemonshowdown.com/forums/">Forum</a></li>
			<li><a class="button greenbutton nav-first nav-last" href="//play.pokemonshowdown.com/">Play</a></li>
		</ul></div>
	</header>

	<div class="main" id="main">

		<noscript><section class="section">You need to enable JavaScript to use this page; sorry!</section></noscript>

	</div>

</div>

<script defer nomodule src="//play.pokemonshowdown.com/js/lib/ps-polyfill.js"></script>
<script defer src="//play.pokemonshowdown.com/js/lib/preact.min.js"></script>

<script defer src="//play.pokemonshowdown.com/config/config.js?2bddbc15"></script>
<script defer src="//play.pokemonshowdown.com/js/lib/jquery-1.11.0.min.js"></script>
<script defer src="//play.pokemonshowdown.com/js/lib/html-sanitizer-minified.js"></script>
<script defer src="//play.pokemonshowdown.com/js/battle-sound.js"></script>
<script defer src="//play.pokemonshowdown.com/js/battledata.js?0.7209276989879541"></script>
<script defer src="//play.pokemonshowdown.com/data/pokedex-mini.js?0.6111056340867951"></script>
<script defer src="//play.pokemonshowdown.com/data/pokedex-mini-bw.js?0.3532142036491459"></script>
<script defer src="//play.pokemonshowdown.com/data/graphics.js?0.24223875632456182"></script>
<script defer src="//play.pokemonshowdown.com/data/pokedex.js?0.38839984266356864"></script>
<script defer src="//play.pokemonshowdown.com/data/moves.js?0.21866028504024015"></script>
<script defer src="//play.pokemonshowdown.com/data/abilities.js?0.2005157953846628"></script>
<script defer src="//play.pokemonshowdown.com/data/items.js?0.9894211263848525"></script>
<script defer src="//play.pokemonshowdown.com/data/teambuilder-tables.js?0.6008791140282215"></script>
<script defer src="//play.pokemonshowdown.com/js/battle-tooltips.js?0.7580118955022959"></script>
<script defer src="//play.pokemonshowdown.com/js/battle.js?0.6057722274234274"></script>

<script defer src="js/utils.js?e31f9a17"></script>
<script defer src="js/replays-battle.js?7008c182"></script>

<!-- don't scrape this data! just add .json or .log after the URL!
Full API docs: https://github.com/smogon/pokemon-showdown-client/blob/master/WEB-API.md -->
<script type="text/plain" class="log" id="replaylog-smogtours-gen3ou-799897">
|inactive|Battle timer is ON: inactive players will automatically lose when time's up.
|t:|1729350310
|gametype|singles
|player|p1|Tasmanian Demon|janitor|
|player|p2|RodentCollector|bugcatcher-gen4dp|
|teamsize|p1|6
|teamsize|p2|6
|gen|3
|tier|[Gen 3] OU
|rule|Sleep Clause Mod: Limit one foe put to sleep
|rule|Switch Priority Clause Mod: Faster Pokémon switch first
|rule|Species Clause: Limit one of each Pokémon
|rule|OHKO Clause: OHKO moves are banned
|rule|Evasion Items Clause: Evasion items are banned
|rule|Evasion Moves Clause: Evasion moves are banned
|rule|Endless Battle Clause: Forcing endless battles is banned
|rule|HP Percentage Mod: HP is shown in percentages
|rule|One Boost Passer Clause: Limit one Baton Passer that has a way to boost its stats
|rule|Freeze Clause Mod: Limit one foe frozen
|
|t:|1729350310
|start
|switch|p1a: Hariyama|Hariyama, F|100/100
|switch|p2a: Jolteon|Jolteon, M|100/100
|turn|1
|
|t:|1729350327
|-singleturn|p1a: Hariyama|move: Focus Punch
|move|p2a: Jolteon|Substitute|p2a: Jolteon
|-start|p2a: Jolteon|Substitute
|-damage|p2a: Jolteon|76/100
|move|p1a: Hariyama|Focus Punch|p2a: Jolteon
|-end|p2a: Jolteon|Substitute
|
|-heal|p2a: Jolteon|82/100|[from] item: Leftovers
|upkeep
|turn|2
|
|t:|1729350340
|move|p2a: Jolteon|Thunderbolt|p1a: Hariyama
|-damage|p1a: Hariyama|61/100
|move|p1a: Hariyama|Brick Break|p2a: Jolteon
|-damage|p2a: Jolteon|19/100
|
|-heal|p2a: Jolteon|24/100|[from] item: Leftovers
|-heal|p1a: Hariyama|67/100|[from] item: Leftovers
|upkeep
|turn|3
|
|t:|1729350346
|switch|p1a: Blissey|Blissey, F|100/100
|move|p2a: Jolteon|Baton Pass|p2a: Jolteon
|
|t:|1729350349
|switch|p2a: Metagross|Metagross|100/100|[from] Baton Pass
|
|upkeep
|turn|4
|
|t:|1729350355
|switch|p1a: Suicune|Suicune|100/100
|move|p2a: Metagross|Meteor Mash|p1a: Suicune
|-resisted|p1a: Suicune
|-damage|p1a: Suicune|75/100
|
|-heal|p1a: Suicune|81/100|[from] item: Leftovers
|upkeep
|turn|5
|
|t:|1729350373
|switch|p2a: Jolteon|Jolteon, M|24/100
|move|p1a: Suicune|Surf|p2a: Jolteon
|-damage|p2a: Jolteon|0 fnt
|faint|p2a: Jolteon
|
|t:|1729350381
|switch|p2a: Metagross|Metagross|100/100
|
|-heal|p1a: Suicune|87/100|[from] item: Leftovers
|upkeep
|turn|6
|
|t:|1729350389
|switch|p1a: Claydol|Claydol|100/100
|move|p2a: Metagross|Meteor Mash|p1a: Claydol
|-damage|p1a: Claydol|5/100
|
|-heal|p1a: Claydol|11/100|[from] item: Leftovers
|upkeep
|turn|7
|
|t:|1729350396
|switch|p1a: Jirachi|Jirachi|100/100
|move|p2a: Metagross|Meteor Mash|p1a: Jirachi
|-resisted|p1a: Jirachi
|-damage|p1a: Jirachi|72/100
|
|-heal|p1a: Jirachi|78/100|[from] item: Leftovers
|upkeep
|turn|8
|
|t:|1729350404
|switch|p2a: Charizard|Charizard, M|100/100
|move|p1a: Jirachi|Wish|p1a: Jirachi
|
|-heal|p1a: Jirachi|84/100|[from] item: Leftovers
|upkeep
|turn|9
|
|t:|1729350414
|switch|p1a: Suicune|Suicune|87/100
|move|p2a: Charizard|Hidden Power|p1a: Suicune
|-supereffective|p1a: Suicune
|-damage|p1a: Suicune|55/100
|
|-heal|p1a: Suicune|100/100|[from] move: Wish|[wisher] Jirachi
|upkeep
|turn|10
|
|t:|1729350420
|switch|p2a: Metagross|Metagross|100/100
|move|p1a: Suicune|Surf|p2a: Metagross
|-damage|p2a: Metagross|65/100
|
|upkeep
|turn|11
|
|t:|1729350429
|switch|p1a: Claydol|Claydol|11/100
|move|p2a: Metagross|Meteor Mash|p1a: Claydol
|-damage|p1a: Claydol|0 fnt
|faint|p1a: Claydol
|
|t:|1729350441
|switch|p1a: Suicune|Suicune|100/100
|
|upkeep
|turn|12
|
|t:|1729350455
|switch|p2a: Swampert|Swampert, F|100/100
|move|p1a: Suicune|Calm Mind|p1a: Suicune
|-boost|p1a: Suicune|spa|1
|-boost|p1a: Suicune|spd|1
|
|upkeep
|turn|13
|
|t:|1729350462
|move|p1a: Suicune|Surf|p2a: Swampert
|-damage|p2a: Swampert|58/100
|move|p2a: Swampert|Earthquake|p1a: Suicune
|-damage|p1a: Suicune|76/100
|
|-heal|p1a: Suicune|82/100|[from] item: Leftovers
|-heal|p2a: Swampert|65/100|[from] item: Leftovers
|upkeep
|turn|14
|
|t:|1729350467
|move|p1a: Suicune|Calm Mind|p1a: Suicune
|-boost|p1a: Suicune|spa|1
|-boost|p1a: Suicune|spd|1
|move|p2a: Swampert|Earthquake|p1a: Suicune
|-crit|p1a: Suicune
|-damage|p1a: Suicune|39/100
|
|-heal|p1a: Suicune|45/100|[from] item: Leftovers
|-heal|p2a: Swampert|71/100|[from] item: Leftovers
|upkeep
|turn|15
|
|t:|1729350475
|move|p1a: Suicune|Surf|p2a: Swampert
|-damage|p2a: Swampert|20/100
|move|p2a: Swampert|Earthquake|p1a: Suicune
|-damage|p1a: Suicune|22/100
|
|-heal|p1a: Suicune|28/100|[from] item: Leftovers
|-heal|p2a: Swampert|26/100|[from] item: Leftovers
|upkeep
|turn|16
|
|t:|1729350480
|move|p1a: Suicune|Rest|p1a: Suicune
|-status|p1a: Suicune|slp|[from] move: Rest
|-heal|p1a: Suicune|100/100 slp|[silent]
|move|p2a: Swampert|Earthquake|p1a: Suicune
|-damage|p1a: Suicune|79/100 slp
|
|-heal|p1a: Suicune|85/100 slp|[from] item: Leftovers
|-heal|p2a: Swampert|33/100|[from] item: Leftovers
|upkeep
|turn|17
|
|t:|1729350485
|switch|p2a: Metagross|Metagross|65/100
|cant|p1a: Suicune|slp
|
|-heal|p1a: Suicune|92/100 slp|[from] item: Leftovers
|upkeep
|turn|18
|
|t:|1729350491
|switch|p1a: Jirachi|Jirachi|84/100
|move|p2a: Metagross|Explosion|p1a: Jirachi
|-resisted|p1a: Jirachi
|-damage|p1a: Jirachi|0 fnt
|faint|p2a: Metagross
|faint|p1a: Jirachi
|
|t:|1729350499
|switch|p1a: Hariyama|Hariyama, F|67/100
|switch|p2a: Tyranitar|Tyranitar, F|100/100
|-weather|Sandstorm|[from] ability: Sand Stream|[of] p2a: Tyranitar
|
|-weather|Sandstorm|[upkeep]
|-damage|p1a: Hariyama|61/100|[from] Sandstorm
|-heal|p1a: Hariyama|67/100|[from] item: Leftovers
|upkeep
|turn|19
|
|t:|1729350503
|switch|p2a: Salamence|Salamence, F|100/100
|-ability|p2a: Salamence|Intimidate|boost
|-unboost|p1a: Hariyama|atk|1
|move|p1a: Hariyama|Brick Break|p2a: Salamence
|-resisted|p2a: Salamence
|-damage|p2a: Salamence|88/100
|
|-weather|Sandstorm|[upkeep]
|-damage|p2a: Salamence|82/100|[from] Sandstorm
|-damage|p1a: Hariyama|61/100|[from] Sandstorm
|-heal|p2a: Salamence|88/100|[from] item: Leftovers
|-heal|p1a: Hariyama|67/100|[from] item: Leftovers
|upkeep
|turn|20
|
|t:|1729350510
|switch|p1a: Salamence|Salamence, M|100/100
|-ability|p1a: Salamence|Intimidate|boost
|-unboost|p2a: Salamence|atk|1
|move|p2a: Salamence|Dragon Dance|p2a: Salamence
|-boost|p2a: Salamence|atk|1
|-boost|p2a: Salamence|spe|1
|
|-weather|Sandstorm|[upkeep]
|-damage|p2a: Salamence|82/100|[from] Sandstorm
|-damage|p1a: Salamence|94/100|[from] Sandstorm
|-heal|p2a: Salamence|88/100|[from] item: Leftovers
|upkeep
|turn|21
|
|t:|1729350517
|move|p2a: Salamence|Rock Slide|p1a: Salamence
|-supereffective|p1a: Salamence
|-damage|p1a: Salamence|23/100
|move|p1a: Salamence|Rock Slide|p2a: Salamence
|-supereffective|p2a: Salamence
|-damage|p2a: Salamence|0 fnt
|faint|p2a: Salamence
|inactive|RodentCollector has 270 seconds left.
|
|t:|1729350549
|switch|p2a: Tyranitar|Tyranitar, F|100/100
|
|-weather|Sandstorm|[upkeep]
|-damage|p1a: Salamence|17/100|[from] Sandstorm
|upkeep
|turn|22
|
|t:|1729350554
|switch|p1a: Hariyama|Hariyama, F|67/100
|move|p2a: Tyranitar|Dragon Dance|p2a: Tyranitar
|-boost|p2a: Tyranitar|atk|1
|-boost|p2a: Tyranitar|spe|1
|
|-weather|Sandstorm|[upkeep]
|-damage|p1a: Hariyama|61/100|[from] Sandstorm
|-heal|p1a: Hariyama|67/100|[from] item: Leftovers
|upkeep
|turn|23
|
|t:|1729350565
|switch|p2a: Charizard|Charizard, M|100/100
|move|p1a: Hariyama|Brick Break|p2a: Charizard
|-resisted|p2a: Charizard
|-damage|p2a: Charizard|74/100
|
|-weather|Sandstorm|[upkeep]
|-damage|p2a: Charizard|68/100|[from] Sandstorm
|-damage|p1a: Hariyama|61/100|[from] Sandstorm
|-heal|p2a: Charizard|74/100|[from] item: Leftovers
|-heal|p1a: Hariyama|67/100|[from] item: Leftovers
|upkeep
|turn|24
|
|t:|1729350571
|-singleturn|p2a: Charizard|move: Focus Punch
|switch|p1a: Blissey|Blissey, F|100/100
|move|p2a: Charizard|Focus Punch|p1a: Blissey
|-supereffective|p1a: Blissey
|-damage|p1a: Blissey|43/100
|
|-weather|Sandstorm|[upkeep]
|-damage|p2a: Charizard|68/100|[from] Sandstorm
|-damage|p1a: Blissey|37/100|[from] Sandstorm
|-heal|p2a: Charizard|74/100|[from] item: Leftovers
|-heal|p1a: Blissey|43/100|[from] item: Leftovers
|upkeep
|turn|25
|
|t:|1729350578
|-singleturn|p2a: Charizard|move: Focus Punch
|move|p1a: Blissey|Thunderbolt|p2a: Charizard
|-supereffective|p2a: Charizard
|-damage|p2a: Charizard|10/100
|move|p2a: Charizard|Focus Punch||[still]
|cant|p2a: Charizard|Focus Punch|Focus Punch
|
|-weather|Sandstorm|[upkeep]
|-damage|p2a: Charizard|4/100|[from] Sandstorm
|-damage|p1a: Blissey|37/100|[from] Sandstorm
|-heal|p2a: Charizard|10/100|[from] item: Leftovers
|-heal|p1a: Blissey|43/100|[from] item: Leftovers
|upkeep
|turn|26
|
|t:|1729350586
|move|p2a: Charizard|Fire Blast|p1a: Blissey
|-damage|p1a: Blissey|9/100
|move|p1a: Blissey|Soft-Boiled|p1a: Blissey
|-heal|p1a: Blissey|59/100
|
|-weather|Sandstorm|[upkeep]
|-damage|p2a: Charizard|4/100|[from] Sandstorm
|-damage|p1a: Blissey|53/100|[from] Sandstorm
|-heal|p2a: Charizard|10/100|[from] item: Leftovers
|-heal|p1a: Blissey|59/100|[from] item: Leftovers
|upkeep
|turn|27
|
|t:|1729350595
|-singleturn|p2a: Charizard|move: Focus Punch
|move|p1a: Blissey|Ice Beam|p2a: Charizard
|-damage|p2a: Charizard|0 fnt
|faint|p2a: Charizard
|
|t:|1729350604
|switch|p2a: Tyranitar|Tyranitar, F|100/100
|
|-weather|Sandstorm|[upkeep]
|-damage|p1a: Blissey|53/100|[from] Sandstorm
|-heal|p1a: Blissey|59/100|[from] item: Leftovers
|upkeep
|turn|28
|
|t:|1729350609
|switch|p1a: Salamence|Salamence, M|17/100
|-ability|p1a: Salamence|Intimidate|boost
|-unboost|p2a: Tyranitar|atk|1
|move|p2a: Tyranitar|Dragon Dance|p2a: Tyranitar
|-boost|p2a: Tyranitar|atk|1
|-boost|p2a: Tyranitar|spe|1
|
|-weather|Sandstorm|[upkeep]
|-damage|p1a: Salamence|11/100|[from] Sandstorm
|upkeep
|turn|29
|
|t:|1729350612
|move|p1a: Salamence|Brick Break|p2a: Tyranitar
|-supereffective|p2a: Tyranitar
|-damage|p2a: Tyranitar|0 fnt
|faint|p2a: Tyranitar
|-message|RodentCollector forfeited.
|
|win|Tasmanian Demon
|c|☆RodentCollector|gg
|c|☆Tasmanian Demon|gg

</script>
<script type="application/json" class="data" id="replaydata-smogtours-gen3ou-799897">
{"id":"smogtours-gen3ou-799897","format":"[Gen 3] OU","players":["Tasmanian Demon","RodentCollector"],"uploadtime":1729350618,"views":82,"formatid":"gen3ou","rating":null,"private":0,"password":null}
</script>

<script defer src="js/replays.js?9d40a366"></script>
