<!DOCTYPE html>
<meta charset="utf-8" />
<meta name="viewport" content="width=device-width" />

<title>[Gen 3] OU: wiilink100 vs. chiefbeef1234 - Replays - Pok&eacute;mon Showdown!</title>

<meta name="description" content="Watch a replay of a Pok&eacute;mon battle between wiilink100 and chiefbeef1234! Format: [Gen 3] OU; Date: Oct 5, 2024" />
<!--

Hey, you! Looking in the source for the replay log?

You can find them in JSON format, just add `.json` at the end of a replay URL.

https://replay.pokemonshowdown.com/gen7randomdoublesbattle-865046831.json

Or, if you only need the log itself, add `.log` instead:

https://replay.pokemonshowdown.com/gen7randomdoublesbattle-865046831.log

-->

<link rel="stylesheet" href="//pokemonshowdown.com/style/global.css?0.023195364461161105" />
<link rel="stylesheet" href="//play.pokemonshowdown.com/style/font-awesome.css?0.13261647063804238" />
<link rel="stylesheet" href="//play.pokemonshowdown.com/style/battle.css?0.8753245789963631" />
<link rel="stylesheet" href="//play.pokemonshowdown.com/style/utilichart.css?0.8627959624976733" />

<!-- Global site tag (gtag.js) - Google Analytics -->
<script async src="https://www.googletagmanager.com/gtag/js?id=UA-26211653-1"></script>
<script>
  window.dataLayer = window.dataLayer || [];
  function gtag(){dataLayer.push(arguments);}
  gtag('js', new Date());

  gtag('config', 'UA-26211653-1');
</script>
<!-- End Google Analytics -->
<!-- Venatus Ad Manager - Install in <HEAD> of page -->
	<script src="https://hb.vntsm.com/v3/live/ad-manager.min.js" type="text/javascript" data-site-id="642aba63ec9a7b11c3c9c1be" data-mode="scan" async></script>
<!-- / Venatus Ad Manager -->

<style>
	@media (max-width:820px) {
		.battle {
			margin: 0 auto;
		}
		.battle-log {
			margin: 7px auto 0;
			max-width: 640px;
			height: 300px;
			position: static;
		}
	}
	.optgroup {
		display: inline-block;
		line-height: 22px;
		font-size: 10pt;
	}
	.optgroup .button {
		height: 25px;
		padding-top: 0;
		padding-bottom: 0;
	}
	.optgroup button.button {
		padding-left: 12px;
		padding-right: 12px;
	}
	.linklist {
		list-style: none;
		margin: 0.5em 0;
		padding: 0;
	}
	.linklist li {
		padding: 2px 0;
	}
	.sidebar {
		float: left;
		width: 320px;
	}
	.bar-wrapper {
		max-width: 1100px;
		margin: 0 auto;
	}
	.bar-wrapper.has-sidebar {
		max-width: 1430px;
	}
	.mainbar {
		margin: 0;
		padding-right: 1px;
	}
	.mainbar.has-sidebar {
		margin-left: 330px;
	}
	@media (min-width: 1511px) {
		.sidebar {
			width: 400px;
		}
		.bar-wrapper.has-sidebar {
			max-width: 1510px;
		}
		.mainbar.has-sidebar {
			margin-left: 410px;
		}
	}
	.section.first-section {
		margin-top: 9px;
	}
	.blocklink small {
		white-space: normal;
	}
	.button {
		vertical-align: middle;
	}
	.replay-controls {
		padding-top: 10px;
	}
	.replay-controls h1 {
		font-size: 16pt;
		font-weight: normal;
		color: #CCC;
	}
	.pagelink {
		text-align: center;
	}
	.pagelink a {
		width: 150px;
	}
	.textbox, .button {
		font-size: 11pt;
		vertical-align: middle;
	}
	@media (max-width: 450px) {
		.button {
			font-size: 9pt;
		}
	}
</style>

<div>

	<header>
		<div class="nav-wrapper"><ul class="nav">
			<li><a class="button nav-first" href="//pokemonshowdown.com/"><img src="//pokemonshowdown.com/images/pokemonshowdownbeta.png" srcset="//pokemonshowdown.com/images/pokemonshowdownbeta.png 1x, //pokemonshowdown.com/images/pokemonshowdownbeta@2x.png 2x" alt="Pok&eacute;mon Showdown" width="146" height="44" /> Home</a></li>
			<li><a class="button" href="//pokemonshowdown.com/dex/">Pok&eacute;dex</a></li>
			<li><a class="button cur" href="/">Replays</a></li>
			<li><a class="button" href="//pokemonshowdown.com/ladder/">Ladder</a></li>
			<li><a class="button nav-last" href="//pokemonshowdown.com/forums/">Forum</a></li>
			<li><a class="button greenbutton nav-first nav-last" href="//play.pokemonshowdown.com/">Play</a></li>
		</ul></div>
	</header>

	<div class="main" id="main">

		<noscript><section class="section">You need to enable JavaScript to use this page; sorry!</section></noscript>

	</div>

</div>

<script defer nomodule src="//play.pokemonshowdown.com/js/lib/ps-polyfill.js"></script>
<script defer src="//play.pokemonshowdown.com/js/lib/preact.min.js"></script>

<script defer src="//play.pokemonshowdown.com/config/config.js?2bddbc15"></script>
<script defer src="//play.pokemonshowdown.com/js/lib/jquery-1.11.0.min.js"></script>
<script defer src="//play.pokemonshowdown.com/js/lib/html-sanitizer-minified.js"></script>
<script defer src="//play.pokemonshowdown.com/js/battle-sound.js"></script>
<script defer src="//play.pokemonshowdown.com/js/battledata.js?0.7209276989879541"></script>
<script defer src="//play.pokemonshowdown.com/data/pokedex-mini.js?0.6111056340867951"></script>
<script defer src="//play.pokemonshowdown.com/data/pokedex-mini-bw.js?0.3532142036491459"></script>
<script defer src="//play.pokemonshowdown.com/data/graphics.js?0.24223875632456182"></script>
<script defer src="//play.pokemonshowdown.com/data/pokedex.js?0.38839984266356864"></script>
<script defer src="//play.pokemonshowdown.com/data/moves.js?0.21866028504024015"></script>
<script defer src="//play.pokemonshowdown.com/data/abilities.js?0.2005157953846628"></script>
<script defer src="//play.pokemonshowdown.com/data/items.js?0.9894211263848525"></script>
<script defer src="//play.pokemonshowdown.com/data/teambuilder-tables.js?0.6008791140282215"></script>
<script defer src="//play.pokemonshowdown.com/js/battle-tooltips.js?0.7580118955022959"></script>
<script defer src="//play.pokemonshowdown.com/js/battle.js?0.6057722274234274"></script>

<script defer src="js/utils.js?e31f9a17"></script>
<script defer src="js/replays-battle.js?7008c182"></script>

<!-- don't scrape this data! just add .json or .log after the URL!
Full API docs: https://github.com/smogon/pokemon-showdown-client/blob/master/WEB-API.md -->
<script type="text/plain" class="log" id="replaylog-smogtours-gen3ou-795050">
|inactive|Battle timer is ON: inactive players will automatically lose when time's up.
|t:|1728149237
|gametype|singles
|player|p1|wiilink100|101|
|player|p2|chiefbeef1234|volkner|
|teamsize|p1|6
|teamsize|p2|6
|gen|3
|tier|[Gen 3] OU
|rule|Sleep Clause Mod: Limit one foe put to sleep
|rule|Switch Priority Clause Mod: Faster Pokémon switch first
|rule|Species Clause: Limit one of each Pokémon
|rule|OHKO Clause: OHKO moves are banned
|rule|Evasion Items Clause: Evasion items are banned
|rule|Evasion Moves Clause: Evasion moves are banned
|rule|Endless Battle Clause: Forcing endless battles is banned
|rule|HP Percentage Mod: HP is shown in percentages
|rule|One Boost Passer Clause: Limit one Baton Passer that has a way to boost its stats
|rule|Freeze Clause Mod: Limit one foe frozen
|
|t:|1728149237
|start
|switch|p1a: Skarmory|Skarmory, F|100/100
|switch|p2a: Breloom|Breloom, M|100/100
|turn|1
|
|t:|1728149248
|move|p1a: Skarmory|Protect|p1a: Skarmory
|-singleturn|p1a: Skarmory|Protect
|move|p2a: Breloom|Spore|p1a: Skarmory
|-activate|p1a: Skarmory|Protect
|
|upkeep
|turn|2
|c|☆chiefbeef1234|GLhf
|
|t:|1728149255
|move|p2a: Breloom|Spore|p1a: Skarmory
|-status|p1a: Skarmory|slp|[from] move: Spore
|cant|p1a: Skarmory|slp
|
|upkeep
|turn|3
|c|☆wiilink100|gl hf
|
|t:|1728149259
|switch|p2a: Zapdos|Zapdos|100/100
|switch|p1a: Gengar|Gengar, F|100/100
|
|upkeep
|turn|4
|
|t:|1728149270
|move|p1a: Gengar|Will-O-Wisp|p2a: Zapdos|[miss]
|-miss|p1a: Gengar|p2a: Zapdos
|move|p2a: Zapdos|Thunderbolt|p1a: Gengar
|-damage|p1a: Gengar|33/100
|-status|p1a: Gengar|par
|
|-heal|p1a: Gengar|39/100 par|[from] item: Leftovers
|upkeep
|turn|5
|c|☆chiefbeef1234|Bruh
|
|t:|1728149279
|switch|p1a: Blissey|Blissey, F|100/100
|move|p2a: Zapdos|Thunderbolt|p1a: Blissey
|-damage|p1a: Blissey|79/100
|
|-heal|p1a: Blissey|85/100|[from] item: Leftovers
|upkeep
|turn|6
|
|t:|1728149282
|move|p2a: Zapdos|Hidden Power|p1a: Blissey
|-supereffective|p1a: Blissey
|-crit|p1a: Blissey
|-damage|p1a: Blissey|21/100
|move|p1a: Blissey|Toxic|p2a: Zapdos
|-status|p2a: Zapdos|tox
|
|-damage|p2a: Zapdos|94/100 tox|[from] psn
|-heal|p1a: Blissey|27/100|[from] item: Leftovers
|upkeep
|turn|7
|
|t:|1728149288
|switch|p1a: Swampert|Swampert, F|100/100
|move|p2a: Zapdos|Hidden Power|p1a: Swampert
|-damage|p1a: Swampert|89/100
|
|-heal|p2a: Zapdos|100/100 tox|[from] item: Leftovers
|-damage|p2a: Zapdos|88/100 tox|[from] psn
|-heal|p1a: Swampert|96/100|[from] item: Leftovers
|upkeep
|turn|8
|
|t:|1728149294
|switch|p2a: Breloom|Breloom, M|100/100
|move|p1a: Swampert|Ice Beam|p2a: Breloom
|-supereffective|p2a: Breloom
|-damage|p2a: Breloom|20/100
|
|-heal|p2a: Breloom|26/100|[from] item: Leftovers
|-heal|p1a: Swampert|100/100|[from] item: Leftovers
|upkeep
|turn|9
|c|☆wiilink100|We play on
|c|☆wiilink100|It's okay
|
|t:|1728149298
|move|p2a: Breloom|Sky Uppercut|p1a: Swampert
|-damage|p1a: Swampert|69/100
|move|p1a: Swampert|Ice Beam|p2a: Breloom
|-supereffective|p2a: Breloom
|-damage|p2a: Breloom|0 fnt
|faint|p2a: Breloom
|
|t:|1728149306
|switch|p2a: Swampert|Swampert, M|100/100
|
|-heal|p1a: Swampert|75/100|[from] item: Leftovers
|upkeep
|turn|10
|
|t:|1728149313
|move|p1a: Swampert|Protect|p1a: Swampert
|-singleturn|p1a: Swampert|Protect
|move|p2a: Swampert|Hydro Pump|p1a: Swampert
|-activate|p1a: Swampert|Protect
|
|-heal|p1a: Swampert|82/100|[from] item: Leftovers
|upkeep
|turn|11
|
|t:|1728149321
|move|p2a: Swampert|Hydro Pump|p1a: Swampert
|-damage|p1a: Swampert|43/100
|move|p1a: Swampert|Hydro Pump|p2a: Swampert
|-damage|p2a: Swampert|61/100
|
|-heal|p1a: Swampert|49/100|[from] item: Leftovers
|upkeep
|turn|12
|
|t:|1728149330
|move|p2a: Swampert|Substitute|p2a: Swampert
|-start|p2a: Swampert|Substitute
|-damage|p2a: Swampert|36/100
|move|p1a: Swampert|Hydro Pump|p2a: Swampert
|-end|p2a: Swampert|Substitute
|
|-heal|p1a: Swampert|56/100|[from] item: Leftovers
|upkeep
|turn|13
|
|t:|1728149336
|move|p1a: Swampert|Protect|p1a: Swampert
|-singleturn|p1a: Swampert|Protect
|move|p2a: Swampert|Substitute|p2a: Swampert
|-start|p2a: Swampert|Substitute
|-damage|p2a: Swampert|11/100
|
|-enditem|p2a: Swampert|Salac Berry|[eat]
|-boost|p2a: Swampert|spe|1|[from] item: Salac Berry
|-heal|p1a: Swampert|62/100|[from] item: Leftovers
|upkeep
|turn|14
|
|t:|1728149348
|move|p2a: Swampert|Hydro Pump|p1a: Swampert
|-damage|p1a: Swampert|3/100
|move|p1a: Swampert|Earthquake|p2a: Swampert
|-end|p2a: Swampert|Substitute
|
|-heal|p1a: Swampert|9/100|[from] item: Leftovers
|upkeep
|turn|15
|
|t:|1728149356
|switch|p1a: Starmie|Starmie|100/100
|move|p2a: Swampert|Hydro Pump|p1a: Starmie
|-resisted|p1a: Starmie
|-damage|p1a: Starmie|46/100
|
|-heal|p1a: Starmie|52/100|[from] item: Leftovers
|upkeep
|turn|16
|
|t:|1728149359
|move|p1a: Starmie|Ice Beam|p2a: Swampert
|-damage|p2a: Swampert|0 fnt
|faint|p2a: Swampert
|
|t:|1728149366
|switch|p2a: Zapdos|Zapdos|88/100 tox
|
|-heal|p1a: Starmie|58/100|[from] item: Leftovers
|-heal|p2a: Zapdos|94/100 tox|[from] item: Leftovers
|-damage|p2a: Zapdos|88/100 tox|[from] psn
|upkeep
|turn|17
|
|t:|1728149375
|switch|p1a: Tyranitar|Tyranitar, F|100/100
|-weather|Sandstorm|[from] ability: Sand Stream|[of] p1a: Tyranitar
|move|p2a: Zapdos|Thunderbolt|p1a: Tyranitar
|-damage|p1a: Tyranitar|60/100
|
|-weather|Sandstorm|[upkeep]
|-damage|p2a: Zapdos|82/100 tox|[from] Sandstorm
|-heal|p2a: Zapdos|88/100 tox|[from] item: Leftovers
|-damage|p2a: Zapdos|76/100 tox|[from] psn
|-heal|p1a: Tyranitar|66/100|[from] item: Leftovers
|upkeep
|turn|18
|
|t:|1728149379
|-singleturn|p1a: Tyranitar|move: Focus Punch
|move|p2a: Zapdos|Hidden Power|p1a: Tyranitar
|-supereffective|p1a: Tyranitar
|-damage|p1a: Tyranitar|11/100
|move|p1a: Tyranitar|Focus Punch||[still]
|cant|p1a: Tyranitar|Focus Punch|Focus Punch
|
|-weather|Sandstorm|[upkeep]
|-damage|p2a: Zapdos|69/100 tox|[from] Sandstorm
|-heal|p2a: Zapdos|76/100 tox|[from] item: Leftovers
|-damage|p2a: Zapdos|57/100 tox|[from] psn
|-heal|p1a: Tyranitar|17/100|[from] item: Leftovers
|upkeep
|turn|19
|
|t:|1728149393
|switch|p1a: Gengar|Gengar, F|39/100 par
|move|p2a: Zapdos|Thunderbolt|p1a: Gengar
|-damage|p1a: Gengar|0 fnt
|faint|p1a: Gengar
|
|t:|1728149396
|switch|p1a: Starmie|Starmie|58/100
|
|-weather|Sandstorm|[upkeep]
|-damage|p1a: Starmie|52/100|[from] Sandstorm
|-damage|p2a: Zapdos|51/100 tox|[from] Sandstorm
|-heal|p1a: Starmie|58/100|[from] item: Leftovers
|-heal|p2a: Zapdos|57/100 tox|[from] item: Leftovers
|-damage|p2a: Zapdos|32/100 tox|[from] psn
|upkeep
|turn|20
|
|t:|1728149398
|move|p1a: Starmie|Ice Beam|p2a: Zapdos
|-supereffective|p2a: Zapdos
|-damage|p2a: Zapdos|0 fnt
|faint|p2a: Zapdos
|
|t:|1728149406
|switch|p2a: Metagross|Metagross|100/100
|
|-weather|Sandstorm|[upkeep]
|-damage|p1a: Starmie|52/100|[from] Sandstorm
|-heal|p1a: Starmie|58/100|[from] item: Leftovers
|upkeep
|turn|21
|
|t:|1728149412
|switch|p1a: Skarmory|Skarmory, F|100/100 slp
|move|p2a: Metagross|Earthquake|p1a: Skarmory
|-immune|p1a: Skarmory
|
|-weather|Sandstorm|[upkeep]
|upkeep
|turn|22
|
|t:|1728149415
|switch|p2a: Arcanine|Arcanine, F|100/100
|-ability|p2a: Arcanine|Intimidate|boost
|-unboost|p1a: Skarmory|atk|1
|-curestatus|p1a: Skarmory|slp|[msg]
|move|p1a: Skarmory|Spikes|p2a: Arcanine
|-sidestart|p2: chiefbeef1234|Spikes
|
|-weather|Sandstorm|[upkeep]
|-damage|p2a: Arcanine|94/100|[from] Sandstorm
|-heal|p2a: Arcanine|100/100|[from] item: Leftovers
|upkeep
|turn|23
|
|t:|1728149425
|move|p2a: Arcanine|Fire Blast|p1a: Skarmory
|-supereffective|p1a: Skarmory
|-damage|p1a: Skarmory|38/100
|move|p1a: Skarmory|Toxic|p2a: Arcanine
|-status|p2a: Arcanine|tox
|
|-weather|Sandstorm|[upkeep]
|-damage|p2a: Arcanine|94/100 tox|[from] Sandstorm
|-heal|p2a: Arcanine|100/100 tox|[from] item: Leftovers
|-damage|p2a: Arcanine|94/100 tox|[from] psn
|-heal|p1a: Skarmory|44/100|[from] item: Leftovers
|upkeep
|turn|24
|
|t:|1728149430
|switch|p2a: Smeargle|Smeargle, M|100/100
|-damage|p2a: Smeargle|88/100|[from] Spikes
|move|p1a: Skarmory|Protect||[still]
|-fail|p1a: Skarmory
|
|-weather|Sandstorm|[upkeep]
|-damage|p2a: Smeargle|82/100|[from] Sandstorm
|-heal|p1a: Skarmory|50/100|[from] item: Leftovers
|upkeep
|turn|25
|
|t:|1728149442
|move|p2a: Smeargle|Spore|p1a: Skarmory
|-status|p1a: Skarmory|slp|[from] move: Spore
|cant|p1a: Skarmory|slp
|
|-weather|Sandstorm|[upkeep]
|-damage|p2a: Smeargle|76/100|[from] Sandstorm
|-heal|p1a: Skarmory|56/100 slp|[from] item: Leftovers
|upkeep
|turn|26
|
|t:|1728149461
|switch|p2a: Metagross|Metagross|100/100
|-damage|p2a: Metagross|88/100|[from] Spikes
|switch|p1a: Blissey|Blissey, F|27/100
|
|-weather|Sandstorm|[upkeep]
|-damage|p1a: Blissey|21/100|[from] Sandstorm
|-heal|p1a: Blissey|27/100|[from] item: Leftovers
|upkeep
|turn|27
|
|t:|1728149467
|move|p2a: Metagross|Agility|p2a: Metagross
|-boost|p2a: Metagross|spe|2
|move|p1a: Blissey|Fire Blast|p2a: Metagross
|-supereffective|p2a: Metagross
|-damage|p2a: Metagross|15/100
|
|-weather|Sandstorm|[upkeep]
|-damage|p1a: Blissey|21/100|[from] Sandstorm
|-heal|p1a: Blissey|27/100|[from] item: Leftovers
|upkeep
|turn|28
|
|t:|1728149475
|move|p2a: Metagross|Meteor Mash|p1a: Blissey
|-damage|p1a: Blissey|0 fnt
|faint|p1a: Blissey
|
|t:|1728149479
|switch|p1a: Skarmory|Skarmory, F|56/100 slp
|
|-weather|Sandstorm|[upkeep]
|-heal|p1a: Skarmory|62/100 slp|[from] item: Leftovers
|upkeep
|turn|29
|
|t:|1728149483
|move|p2a: Metagross|Meteor Mash|p1a: Skarmory
|-resisted|p1a: Skarmory
|-damage|p1a: Skarmory|38/100 slp
|cant|p1a: Skarmory|slp
|
|-weather|Sandstorm|[upkeep]
|-heal|p1a: Skarmory|44/100 slp|[from] item: Leftovers
|upkeep
|turn|30
|
|t:|1728149487
|move|p2a: Metagross|Meteor Mash|p1a: Skarmory
|-resisted|p1a: Skarmory
|-damage|p1a: Skarmory|21/100 slp
|cant|p1a: Skarmory|slp
|
|-weather|Sandstorm|[upkeep]
|-heal|p1a: Skarmory|27/100 slp|[from] item: Leftovers
|upkeep
|turn|31
|
|t:|1728149491
|cant|p1a: Skarmory|slp
|move|p2a: Metagross|Meteor Mash|p1a: Skarmory
|-resisted|p1a: Skarmory
|-damage|p1a: Skarmory|5/100 slp
|
|-weather|Sandstorm|[upkeep]
|-heal|p1a: Skarmory|11/100 slp|[from] item: Leftovers
|upkeep
|turn|32
|
|t:|1728149493
|-curestatus|p1a: Skarmory|slp|[msg]
|move|p1a: Skarmory|Protect|p1a: Skarmory
|-singleturn|p1a: Skarmory|Protect
|move|p2a: Metagross|Meteor Mash|p1a: Skarmory
|-activate|p1a: Skarmory|Protect
|
|-weather|Sandstorm|[upkeep]
|-heal|p1a: Skarmory|17/100|[from] item: Leftovers
|upkeep
|turn|33
|
|t:|1728149499
|switch|p1a: Tyranitar|Tyranitar, F|17/100
|move|p2a: Metagross|Meteor Mash|p1a: Tyranitar|[miss]
|-miss|p2a: Metagross|p1a: Tyranitar
|
|-weather|Sandstorm|[upkeep]
|-heal|p1a: Tyranitar|24/100|[from] item: Leftovers
|upkeep
|turn|34
|
|t:|1728149505
|move|p2a: Metagross|Meteor Mash|p1a: Tyranitar
|-supereffective|p1a: Tyranitar
|-damage|p1a: Tyranitar|0 fnt
|faint|p1a: Tyranitar
|
|t:|1728149510
|switch|p1a: Skarmory|Skarmory, F|17/100
|
|-weather|Sandstorm|[upkeep]
|-heal|p1a: Skarmory|23/100|[from] item: Leftovers
|upkeep
|turn|35
|
|t:|1728149537
|switch|p1a: Swampert|Swampert, F|9/100
|move|p2a: Metagross|Meteor Mash|p1a: Swampert
|-resisted|p1a: Swampert
|-damage|p1a: Swampert|0 fnt
|faint|p1a: Swampert
|
|t:|1728149542
|switch|p1a: Skarmory|Skarmory, F|23/100
|
|-weather|Sandstorm|[upkeep]
|-heal|p1a: Skarmory|29/100|[from] item: Leftovers
|upkeep
|turn|36
|
|t:|1728149544
|move|p2a: Metagross|Meteor Mash|p1a: Skarmory
|-resisted|p1a: Skarmory
|-damage|p1a: Skarmory|6/100
|move|p1a: Skarmory|Roar|p2a: Metagross
|drag|p2a: Arcanine|Arcanine, F|94/100 tox
|-damage|p2a: Arcanine|82/100 tox|[from] Spikes
|-ability|p2a: Arcanine|Intimidate|boost
|-unboost|p1a: Skarmory|atk|1
|
|-weather|Sandstorm|[upkeep]
|-damage|p2a: Arcanine|75/100 tox|[from] Sandstorm
|-heal|p2a: Arcanine|82/100 tox|[from] item: Leftovers
|-damage|p2a: Arcanine|75/100 tox|[from] psn
|-heal|p1a: Skarmory|12/100|[from] item: Leftovers
|upkeep
|turn|37
|
|t:|1728149553
|move|p2a: Arcanine|Fire Blast|p1a: Skarmory
|-supereffective|p1a: Skarmory
|-damage|p1a: Skarmory|0 fnt
|faint|p1a: Skarmory
|
|t:|1728149555
|switch|p1a: Starmie|Starmie|58/100
|
|-weather|Sandstorm|[upkeep]
|-damage|p1a: Starmie|52/100|[from] Sandstorm
|-damage|p2a: Arcanine|69/100 tox|[from] Sandstorm
|-heal|p1a: Starmie|58/100|[from] item: Leftovers
|-heal|p2a: Arcanine|75/100 tox|[from] item: Leftovers
|-damage|p2a: Arcanine|63/100 tox|[from] psn
|upkeep
|turn|38
|
|t:|1728149558
|move|p2a: Arcanine|Extreme Speed|p1a: Starmie
|-damage|p1a: Starmie|15/100
|move|p1a: Starmie|Hydro Pump|p2a: Arcanine
|-supereffective|p2a: Arcanine
|-damage|p2a: Arcanine|0 fnt
|faint|p2a: Arcanine
|
|t:|1728149562
|switch|p2a: Smeargle|Smeargle, M|76/100
|-damage|p2a: Smeargle|63/100|[from] Spikes
|
|-weather|Sandstorm|[upkeep]
|-damage|p1a: Starmie|9/100|[from] Sandstorm
|-damage|p2a: Smeargle|57/100|[from] Sandstorm
|-heal|p1a: Starmie|15/100|[from] item: Leftovers
|upkeep
|turn|39
|inactive|wiilink100 has 270 seconds left.
|inactive|wiilink100 has 240 seconds left.
|
|t:|1728149640
|move|p1a: Starmie|Thunderbolt|p2a: Smeargle
|-damage|p2a: Smeargle|0 fnt
|faint|p2a: Smeargle
|c|☆chiefbeef1234|GGS
|
|t:|1728149647
|switch|p2a: Metagross|Metagross|15/100
|-damage|p2a: Metagross|3/100|[from] Spikes
|
|-weather|Sandstorm|[upkeep]
|-damage|p1a: Starmie|9/100|[from] Sandstorm
|-heal|p1a: Starmie|15/100|[from] item: Leftovers
|upkeep
|turn|40
|c|☆wiilink100|gg wp
|
|t:|1728149654
|move|p1a: Starmie|Thunderbolt|p2a: Metagross
|-damage|p2a: Metagross|0 fnt
|faint|p2a: Metagross
|
|win|wiilink100

</script>
<script type="application/json" class="data" id="replaydata-smogtours-gen3ou-795050">
{"id":"smogtours-gen3ou-795050","format":"[Gen 3] OU","players":["wiilink100","chiefbeef1234"],"uploadtime":1728149654,"views":81,"formatid":"gen3ou","rating":null,"private":0,"password":null}
</script>

<script defer src="js/replays.js?9d40a366"></script>
