<!DOCTYPE html>
<meta charset="utf-8" />
<meta name="viewport" content="width=device-width" />

<title>[Gen 3] OU: Surko vs. TheComanderXD - Replays - Pok&eacute;mon Showdown!</title>

<meta name="description" content="Watch a replay of a Pok&eacute;mon battle between Surko and TheComanderXD! Format: [Gen 3] OU; Date: Oct 9, 2024" />
<!--

Hey, you! Looking in the source for the replay log?

You can find them in JSON format, just add `.json` at the end of a replay URL.

https://replay.pokemonshowdown.com/gen7randomdoublesbattle-865046831.json

Or, if you only need the log itself, add `.log` instead:

https://replay.pokemonshowdown.com/gen7randomdoublesbattle-865046831.log

-->

<link rel="stylesheet" href="//pokemonshowdown.com/style/global.css?0.767286132409787" />
<link rel="stylesheet" href="//play.pokemonshowdown.com/style/font-awesome.css?0.9266228007934947" />
<link rel="stylesheet" href="//play.pokemonshowdown.com/style/battle.css?0.7924700842790926" />
<link rel="stylesheet" href="//play.pokemonshowdown.com/style/utilichart.css?0.8777417872839479" />

<!-- Global site tag (gtag.js) - Google Analytics -->
<script async src="https://www.googletagmanager.com/gtag/js?id=UA-26211653-1"></script>
<script>
  window.dataLayer = window.dataLayer || [];
  function gtag(){dataLayer.push(arguments);}
  gtag('js', new Date());

  gtag('config', 'UA-26211653-1');
</script>
<!-- End Google Analytics -->
<!-- Venatus Ad Manager - Install in <HEAD> of page -->
	<script src="https://hb.vntsm.com/v3/live/ad-manager.min.js" type="text/javascript" data-site-id="642aba63ec9a7b11c3c9c1be" data-mode="scan" async></script>
<!-- / Venatus Ad Manager -->

<style>
	@media (max-width:820px) {
		.battle {
			margin: 0 auto;
		}
		.battle-log {
			margin: 7px auto 0;
			max-width: 640px;
			height: 300px;
			position: static;
		}
	}
	.optgroup {
		display: inline-block;
		line-height: 22px;
		font-size: 10pt;
	}
	.optgroup .button {
		height: 25px;
		padding-top: 0;
		padding-bottom: 0;
	}
	.optgroup button.button {
		padding-left: 12px;
		padding-right: 12px;
	}
	.linklist {
		list-style: none;
		margin: 0.5em 0;
		padding: 0;
	}
	.linklist li {
		padding: 2px 0;
	}
	.sidebar {
		float: left;
		width: 320px;
	}
	.bar-wrapper {
		max-width: 1100px;
		margin: 0 auto;
	}
	.bar-wrapper.has-sidebar {
		max-width: 1430px;
	}
	.mainbar {
		margin: 0;
		padding-right: 1px;
	}
	.mainbar.has-sidebar {
		margin-left: 330px;
	}
	@media (min-width: 1511px) {
		.sidebar {
			width: 400px;
		}
		.bar-wrapper.has-sidebar {
			max-width: 1510px;
		}
		.mainbar.has-sidebar {
			margin-left: 410px;
		}
	}
	.section.first-section {
		margin-top: 9px;
	}
	.blocklink small {
		white-space: normal;
	}
	.button {
		vertical-align: middle;
	}
	.replay-controls {
		padding-top: 10px;
	}
	.replay-controls h1 {
		font-size: 16pt;
		font-weight: normal;
		color: #CCC;
	}
	.pagelink {
		text-align: center;
	}
	.pagelink a {
		width: 150px;
	}
	.textbox, .button {
		font-size: 11pt;
		vertical-align: middle;
	}
	@media (max-width: 450px) {
		.button {
			font-size: 9pt;
		}
	}
</style>

<div>

	<header>
		<div class="nav-wrapper"><ul class="nav">
			<li><a class="button nav-first" href="//pokemonshowdown.com/"><img src="//pokemonshowdown.com/images/pokemonshowdownbeta.png" srcset="//pokemonshowdown.com/images/pokemonshowdownbeta.png 1x, //pokemonshowdown.com/images/pokemonshowdownbeta@2x.png 2x" alt="Pok&eacute;mon Showdown" width="146" height="44" /> Home</a></li>
			<li><a class="button" href="//pokemonshowdown.com/dex/">Pok&eacute;dex</a></li>
			<li><a class="button cur" href="/">Replays</a></li>
			<li><a class="button" href="//pokemonshowdown.com/ladder/">Ladder</a></li>
			<li><a class="button nav-last" href="//pokemonshowdown.com/forums/">Forum</a></li>
			<li><a class="button greenbutton nav-first nav-last" href="//play.pokemonshowdown.com/">Play</a></li>
		</ul></div>
	</header>

	<div class="main" id="main">

		<noscript><section class="section">You need to enable JavaScript to use this page; sorry!</section></noscript>

	</div>

</div>

<script defer nomodule src="//play.pokemonshowdown.com/js/lib/ps-polyfill.js"></script>
<script defer src="//play.pokemonshowdown.com/js/lib/preact.min.js"></script>

<script defer src="//play.pokemonshowdown.com/config/config.js?6dec07f6"></script>
<script defer src="//play.pokemonshowdown.com/js/lib/jquery-1.11.0.min.js"></script>
<script defer src="//play.pokemonshowdown.com/js/lib/html-sanitizer-minified.js"></script>
<script defer src="//play.pokemonshowdown.com/js/battle-sound.js"></script>
<script defer src="//play.pokemonshowdown.com/js/battledata.js?0.6315294753075389"></script>
<script defer src="//play.pokemonshowdown.com/data/pokedex-mini.js?0.7603743185311358"></script>
<script defer src="//play.pokemonshowdown.com/data/pokedex-mini-bw.js?0.030888842834281283"></script>
<script defer src="//play.pokemonshowdown.com/data/graphics.js?0.05593094747507488"></script>
<script defer src="//play.pokemonshowdown.com/data/pokedex.js?0.47064822249611904"></script>
<script defer src="//play.pokemonshowdown.com/data/moves.js?0.8583693120512459"></script>
<script defer src="//play.pokemonshowdown.com/data/abilities.js?0.16017181182386842"></script>
<script defer src="//play.pokemonshowdown.com/data/items.js?0.4163379185673943"></script>
<script defer src="//play.pokemonshowdown.com/data/teambuilder-tables.js?0.31075597372830477"></script>
<script defer src="//play.pokemonshowdown.com/js/battle-tooltips.js?0.6536193500708172"></script>
<script defer src="//play.pokemonshowdown.com/js/battle.js?0.1916591943277901"></script>

<script defer src="js/utils.js?e31f9a17"></script>
<script defer src="js/replays-battle.js?7008c182"></script>

<!-- don't scrape this data! just add .json or .log after the URL!
Full API docs: https://github.com/smogon/pokemon-showdown-client/blob/master/WEB-API.md -->
<script type="text/plain" class="log" id="replaylog-smogtours-gen3ou-796743">
|inactive|Battle timer is ON: inactive players will automatically lose when time's up.
|t:|1728505121
|gametype|singles
|player|p1|Surko|blue-gen3two|
|player|p2|TheComanderXD|red|
|teamsize|p1|6
|teamsize|p2|6
|gen|3
|tier|[Gen 3] OU
|rule|Sleep Clause Mod: Limit one foe put to sleep
|rule|Switch Priority Clause Mod: Faster Pokémon switch first
|rule|Species Clause: Limit one of each Pokémon
|rule|OHKO Clause: OHKO moves are banned
|rule|Evasion Items Clause: Evasion items are banned
|rule|Evasion Moves Clause: Evasion moves are banned
|rule|Endless Battle Clause: Forcing endless battles is banned
|rule|HP Percentage Mod: HP is shown in percentages
|rule|One Boost Passer Clause: Limit one Baton Passer that has a way to boost its stats
|rule|Freeze Clause Mod: Limit one foe frozen
|
|t:|1728505121
|start
|switch|p1a: Zapdos|Zapdos|100/100
|switch|p2a: Tyranocif|Tyranitar, M|100/100
|-weather|Sandstorm|[from] ability: Sand Stream|[of] p2a: Tyranocif
|turn|1
|
|t:|1728505134
|-singleturn|p2a: Tyranocif|move: Focus Punch
|switch|p1a: Swampert|Swampert, F|100/100
|move|p2a: Tyranocif|Focus Punch|p1a: Swampert
|-damage|p1a: Swampert|40/100
|
|-weather|Sandstorm|[upkeep]
|-heal|p1a: Swampert|46/100|[from] item: Leftovers
|upkeep
|turn|2
|
|t:|1728505145
|switch|p2a: The Time Warp|Celebi|100/100
|move|p1a: Swampert|Hydro Pump|p2a: The Time Warp
|-resisted|p2a: The Time Warp
|-damage|p2a: The Time Warp|80/100
|
|-weather|Sandstorm|[upkeep]
|-damage|p2a: The Time Warp|74/100|[from] Sandstorm
|-heal|p2a: The Time Warp|80/100|[from] item: Leftovers
|-heal|p1a: Swampert|52/100|[from] item: Leftovers
|upkeep
|turn|3
|
|t:|1728505160
|switch|p1a: Salamence|Salamence, F|100/100
|-ability|p1a: Salamence|Intimidate|boost
|-unboost|p2a: The Time Warp|atk|1
|move|p2a: The Time Warp|Leech Seed|p1a: Salamence
|-start|p1a: Salamence|move: Leech Seed
|
|-weather|Sandstorm|[upkeep]
|-damage|p1a: Salamence|94/100|[from] Sandstorm
|-damage|p2a: The Time Warp|74/100|[from] Sandstorm
|-heal|p1a: Salamence|100/100|[from] item: Leftovers
|-damage|p1a: Salamence|88/100|[from] Leech Seed|[of] p2a: The Time Warp
|-heal|p2a: The Time Warp|84/100|[silent]
|-heal|p2a: The Time Warp|90/100|[from] item: Leftovers
|upkeep
|turn|4
|inactive|TheComanderXD has 270 seconds left.
|
|t:|1728505191
|switch|p1a: Metagross|Metagross|100/100
|switch|p2a: Ocean Man|Swampert, M|100/100
|
|-weather|Sandstorm|[upkeep]
|upkeep
|turn|5
|inactive|TheComanderXD has 270 seconds left.
|
|t:|1728505212
|move|p1a: Metagross|Earthquake|p2a: Ocean Man
|-damage|p2a: Ocean Man|51/100
|move|p2a: Ocean Man|Hydro Pump|p1a: Metagross
|-damage|p1a: Metagross|42/100
|
|-weather|Sandstorm|[upkeep]
|-heal|p2a: Ocean Man|57/100|[from] item: Leftovers
|upkeep
|turn|6
|inactive|TheComanderXD has 240 seconds left.
|
|t:|1728505270
|switch|p1a: Jirachi|Jirachi|100/100
|switch|p2a: Smile|Gengar, F|100/100
|
|-weather|Sandstorm|[upkeep]
|-damage|p2a: Smile|95/100|[from] Sandstorm
|-heal|p2a: Smile|100/100|[from] item: Leftovers
|upkeep
|turn|7
|inactive|Surko has 270 seconds left.
|inactive|TheComanderXD has 210 seconds left.
|
|t:|1728505291
|switch|p2a: Tyranocif|Tyranitar, M|100/100
|move|p1a: Jirachi|Psychic|p2a: Tyranocif
|-immune|p2a: Tyranocif
|
|-weather|Sandstorm|[upkeep]
|upkeep
|turn|8
|inactive|TheComanderXD has 210 seconds left.
|inactive|Surko has 270 seconds left.
|inactive|TheComanderXD has 180 seconds left.
|
|t:|1728505326
|switch|p1a: Salamence|Salamence, F|88/100
|-ability|p1a: Salamence|Intimidate|boost
|-unboost|p2a: Tyranocif|atk|1
|move|p2a: Tyranocif|Rock Slide|p1a: Salamence
|-supereffective|p1a: Salamence
|-damage|p1a: Salamence|13/100
|
|-weather|Sandstorm|[upkeep]
|-damage|p1a: Salamence|7/100|[from] Sandstorm
|-heal|p1a: Salamence|13/100|[from] item: Leftovers
|upkeep
|turn|9
|inactive|TheComanderXD has 180 seconds left.
|
|t:|1728505341
|switch|p2a: Birb|Skarmory, F|100/100
|move|p1a: Salamence|Hidden Power|p2a: Birb
|-resisted|p2a: Birb
|-damage|p2a: Birb|85/100
|
|-weather|Sandstorm|[upkeep]
|-damage|p1a: Salamence|7/100|[from] Sandstorm
|-heal|p1a: Salamence|13/100|[from] item: Leftovers
|-heal|p2a: Birb|91/100|[from] item: Leftovers
|upkeep
|turn|10
|inactive|TheComanderXD has 180 seconds left.
|
|t:|1728505352
|switch|p1a: Zapdos|Zapdos|100/100
|move|p2a: Birb|Spikes|p1a: Zapdos
|-sidestart|p1: Surko|Spikes
|
|-weather|Sandstorm|[upkeep]
|-damage|p1a: Zapdos|94/100|[from] Sandstorm
|-heal|p1a: Zapdos|100/100|[from] item: Leftovers
|-heal|p2a: Birb|97/100|[from] item: Leftovers
|upkeep
|turn|11
|
|t:|1728505360
|move|p2a: Birb|Protect|p2a: Birb
|-singleturn|p2a: Birb|Protect
|move|p1a: Zapdos|Thunderbolt|p2a: Birb
|-activate|p2a: Birb|Protect
|
|-weather|Sandstorm|[upkeep]
|-damage|p1a: Zapdos|94/100|[from] Sandstorm
|-heal|p1a: Zapdos|100/100|[from] item: Leftovers
|-heal|p2a: Birb|100/100|[from] item: Leftovers
|upkeep
|turn|12
|
|t:|1728505371
|switch|p2a: The Time Warp|Celebi|90/100
|move|p1a: Zapdos|Thunder Wave|p2a: The Time Warp
|-status|p2a: The Time Warp|par
|
|-weather|Sandstorm|[upkeep]
|-damage|p1a: Zapdos|94/100|[from] Sandstorm
|-damage|p2a: The Time Warp|84/100 par|[from] Sandstorm
|-heal|p1a: Zapdos|100/100|[from] item: Leftovers
|-heal|p2a: The Time Warp|90/100 par|[from] item: Leftovers
|upkeep
|turn|13
|inactive|Surko has 270 seconds left.
|
|t:|1728505381
|move|p1a: Zapdos|Hidden Power|p2a: The Time Warp
|-supereffective|p2a: The Time Warp
|-damage|p2a: The Time Warp|51/100 par
|move|p2a: The Time Warp|Leech Seed|p1a: Zapdos
|-start|p1a: Zapdos|move: Leech Seed
|
|-weather|Sandstorm|[upkeep]
|-damage|p1a: Zapdos|94/100|[from] Sandstorm
|-damage|p2a: The Time Warp|45/100 par|[from] Sandstorm
|-heal|p1a: Zapdos|100/100|[from] item: Leftovers
|-damage|p1a: Zapdos|88/100|[from] Leech Seed|[of] p2a: The Time Warp
|-heal|p2a: The Time Warp|55/100 par|[silent]
|-heal|p2a: The Time Warp|61/100 par|[from] item: Leftovers
|upkeep
|turn|14
|inactive|Surko has 270 seconds left.
|inactive|TheComanderXD has 180 seconds left.
|
|t:|1728505412
|switch|p1a: Metagross|Metagross|42/100
|-damage|p1a: Metagross|30/100|[from] Spikes
|-curestatus|p2a: The Time Warp|par|[from] ability: Natural Cure
|switch|p2a: Ocean Man|Swampert, M|57/100
|
|-weather|Sandstorm|[upkeep]
|-heal|p2a: Ocean Man|64/100|[from] item: Leftovers
|upkeep
|turn|15
|inactive|TheComanderXD has 180 seconds left.
|
|t:|1728505425
|switch|p2a: Birb|Skarmory, F|100/100
|move|p1a: Metagross|Meteor Mash|p2a: Birb
|-resisted|p2a: Birb
|-crit|p2a: Birb
|-damage|p2a: Birb|30/100
|
|-weather|Sandstorm|[upkeep]
|-heal|p2a: Birb|36/100|[from] item: Leftovers
|upkeep
|turn|16
|inactive|TheComanderXD has 180 seconds left.
|
|t:|1728505441
|move|p2a: Birb|Protect|p2a: Birb
|-singleturn|p2a: Birb|Protect
|move|p1a: Metagross|Meteor Mash|p2a: Birb
|-activate|p2a: Birb|Protect
|
|-weather|Sandstorm|[upkeep]
|-heal|p2a: Birb|42/100|[from] item: Leftovers
|upkeep
|turn|17
|inactive|TheComanderXD has 180 seconds left.
|inactive|TheComanderXD has 150 seconds left.
|
|t:|1728505480
|move|p1a: Metagross|Meteor Mash|p2a: Birb
|-resisted|p2a: Birb
|-damage|p2a: Birb|10/100
|-boost|p1a: Metagross|atk|1
|move|p2a: Birb|Spikes|p1a: Metagross
|-sidestart|p1: Surko|Spikes
|
|-weather|Sandstorm|[upkeep]
|-heal|p2a: Birb|16/100|[from] item: Leftovers
|upkeep
|turn|18
|inactive|Surko has 270 seconds left.
|inactive|TheComanderXD has 150 seconds left.
|
|t:|1728505500
|move|p2a: Birb|Protect|p2a: Birb
|-singleturn|p2a: Birb|Protect
|move|p1a: Metagross|Meteor Mash|p2a: Birb
|-activate|p2a: Birb|Protect
|
|-weather|Sandstorm|[upkeep]
|-heal|p2a: Birb|22/100|[from] item: Leftovers
|upkeep
|turn|19
|
|t:|1728505517
|move|p1a: Metagross|Meteor Mash|p2a: Birb
|-resisted|p2a: Birb
|-damage|p2a: Birb|0 fnt
|faint|p2a: Birb
|
|t:|1728505527
|switch|p2a: Sanic The Aero|Aerodactyl, M, shiny|100/100
|
|-weather|Sandstorm|[upkeep]
|upkeep
|turn|20
|
|t:|1728505542
|move|p2a: Sanic The Aero|Earthquake|p1a: Metagross
|-supereffective|p1a: Metagross
|-damage|p1a: Metagross|0 fnt
|faint|p1a: Metagross
|
|t:|1728505558
|switch|p1a: Salamence|Salamence, F|13/100
|-ability|p1a: Salamence|Intimidate|boost
|-unboost|p2a: Sanic The Aero|atk|1
|
|-weather|Sandstorm|[upkeep]
|-damage|p1a: Salamence|7/100|[from] Sandstorm
|-heal|p1a: Salamence|13/100|[from] item: Leftovers
|upkeep
|turn|21
|inactive|TheComanderXD has 120 seconds left.
|
|t:|1728505600
|switch|p2a: Smile|Gengar, F|100/100
|move|p1a: Salamence|Dragon Dance|p1a: Salamence
|-boost|p1a: Salamence|atk|1
|-boost|p1a: Salamence|spe|1
|
|-weather|Sandstorm|[upkeep]
|-damage|p1a: Salamence|7/100|[from] Sandstorm
|-damage|p2a: Smile|95/100|[from] Sandstorm
|-heal|p1a: Salamence|13/100|[from] item: Leftovers
|-heal|p2a: Smile|100/100|[from] item: Leftovers
|upkeep
|turn|22
|inactive|TheComanderXD has 90 seconds left.
|
|t:|1728505639
|move|p1a: Salamence|Hidden Power|p2a: Smile
|-crit|p2a: Smile
|-damage|p2a: Smile|0 fnt
|faint|p2a: Smile
|
|t:|1728505645
|switch|p2a: Ocean Man|Swampert, M|64/100
|
|-weather|Sandstorm|[upkeep]
|-damage|p1a: Salamence|7/100|[from] Sandstorm
|-heal|p1a: Salamence|13/100|[from] item: Leftovers
|-heal|p2a: Ocean Man|70/100|[from] item: Leftovers
|upkeep
|turn|23
|inactive|TheComanderXD has 90 seconds left.
|
|t:|1728505680
|move|p1a: Salamence|Hidden Power|p2a: Ocean Man
|-damage|p2a: Ocean Man|14/100
|move|p2a: Ocean Man|Ice Beam|p1a: Salamence
|-supereffective|p1a: Salamence
|-damage|p1a: Salamence|0 fnt
|faint|p1a: Salamence
|
|t:|1728505707
|switch|p1a: Zapdos|Zapdos|88/100
|
|-weather|Sandstorm|[upkeep]
|-damage|p1a: Zapdos|82/100|[from] Sandstorm
|-heal|p1a: Zapdos|88/100|[from] item: Leftovers
|-heal|p2a: Ocean Man|21/100|[from] item: Leftovers
|upkeep
|turn|24
|inactive|TheComanderXD has 60 seconds left.
|
|t:|1728505733
|switch|p2a: Tyranocif|Tyranitar, M|100/100
|move|p1a: Zapdos|Hidden Power|p2a: Tyranocif
|-damage|p2a: Tyranocif|79/100
|
|-weather|Sandstorm|[upkeep]
|-damage|p1a: Zapdos|82/100|[from] Sandstorm
|-heal|p1a: Zapdos|88/100|[from] item: Leftovers
|-heal|p2a: Tyranocif|85/100|[from] item: Leftovers
|upkeep
|turn|25
|inactive|TheComanderXD has 60 seconds left.
|inactive|Surko has 270 seconds left.
|
|t:|1728505763
|move|p1a: Zapdos|Thunder Wave|p2a: Tyranocif
|-status|p2a: Tyranocif|par
|move|p2a: Tyranocif|Rock Slide|p1a: Zapdos|[miss]
|-miss|p2a: Tyranocif|p1a: Zapdos
|
|-weather|Sandstorm|[upkeep]
|-damage|p1a: Zapdos|82/100|[from] Sandstorm
|-heal|p1a: Zapdos|88/100|[from] item: Leftovers
|-heal|p2a: Tyranocif|92/100 par|[from] item: Leftovers
|upkeep
|turn|26
|inactive|Surko has 270 seconds left.
|inactive|TheComanderXD has 60 seconds left.
|
|t:|1728505783
|switch|p1a: Jirachi|Jirachi|100/100
|-damage|p1a: Jirachi|84/100|[from] Spikes
|move|p2a: Tyranocif|Rock Slide|p1a: Jirachi
|-resisted|p1a: Jirachi
|-damage|p1a: Jirachi|62/100
|
|-weather|Sandstorm|[upkeep]
|-heal|p1a: Jirachi|68/100|[from] item: Leftovers
|-heal|p2a: Tyranocif|98/100 par|[from] item: Leftovers
|upkeep
|turn|27
|
|t:|1728505794
|move|p1a: Jirachi|Calm Mind|p1a: Jirachi
|-boost|p1a: Jirachi|spa|1
|-boost|p1a: Jirachi|spd|1
|move|p2a: Tyranocif|Earthquake|p1a: Jirachi
|-supereffective|p1a: Jirachi
|-damage|p1a: Jirachi|0 fnt
|faint|p1a: Jirachi
|
|t:|1728505810
|switch|p1a: Tyranitar|Tyranitar, F|100/100
|-damage|p1a: Tyranitar|84/100|[from] Spikes
|
|-weather|Sandstorm|[upkeep]
|-heal|p2a: Tyranocif|100/100 par|[from] item: Leftovers
|upkeep
|turn|28
|
|t:|1728505816
|move|p1a: Tyranitar|Dragon Dance|p1a: Tyranitar
|-boost|p1a: Tyranitar|atk|1
|-boost|p1a: Tyranitar|spe|1
|move|p2a: Tyranocif|Earthquake|p1a: Tyranitar
|-supereffective|p1a: Tyranitar
|-damage|p1a: Tyranitar|2/100
|
|-weather|Sandstorm|[upkeep]
|upkeep
|turn|29
|inactive|TheComanderXD has 60 seconds left.
|
|t:|1728505832
|move|p1a: Tyranitar|Dragon Dance|p1a: Tyranitar
|-boost|p1a: Tyranitar|atk|1
|-boost|p1a: Tyranitar|spe|1
|move|p2a: Tyranocif|Earthquake|p1a: Tyranitar
|-supereffective|p1a: Tyranitar
|-damage|p1a: Tyranitar|0 fnt
|faint|p1a: Tyranitar
|c|☆Surko|gg
|
|t:|1728505842
|switch|p1a: Swampert|Swampert, F|52/100
|-damage|p1a: Swampert|36/100|[from] Spikes
|
|-weather|Sandstorm|[upkeep]
|-heal|p1a: Swampert|42/100|[from] item: Leftovers
|upkeep
|turn|30
|inactive|TheComanderXD has 60 seconds left.
|
|t:|1728505850
|move|p1a: Swampert|Hydro Pump|p2a: Tyranocif
|-supereffective|p2a: Tyranocif
|-damage|p2a: Tyranocif|8/100 par
|move|p2a: Tyranocif|Earthquake|p1a: Swampert
|-damage|p1a: Swampert|0 fnt
|faint|p1a: Swampert
|
|t:|1728505854
|switch|p1a: Zapdos|Zapdos|88/100
|
|-weather|Sandstorm|[upkeep]
|-damage|p1a: Zapdos|82/100|[from] Sandstorm
|-heal|p1a: Zapdos|88/100|[from] item: Leftovers
|-heal|p2a: Tyranocif|14/100 par|[from] item: Leftovers
|upkeep
|turn|31
|
|t:|1728505862
|move|p1a: Zapdos|Thunderbolt|p2a: Tyranocif
|-crit|p2a: Tyranocif
|-damage|p2a: Tyranocif|0 fnt
|faint|p2a: Tyranocif
|c|☆TheComanderXD|gg
|
|t:|1728505866
|switch|p2a: Sanic The Aero|Aerodactyl, M, shiny|100/100
|
|-weather|Sandstorm|[upkeep]
|-damage|p1a: Zapdos|82/100|[from] Sandstorm
|-heal|p1a: Zapdos|88/100|[from] item: Leftovers
|upkeep
|turn|32
|
|t:|1728505874
|move|p2a: Sanic The Aero|Rock Slide|p1a: Zapdos
|-supereffective|p1a: Zapdos
|-damage|p1a: Zapdos|0 fnt
|faint|p1a: Zapdos
|
|win|TheComanderXD
|player|p1|

</script>
<script type="application/json" class="data" id="replaydata-smogtours-gen3ou-796743">
{"id":"smogtours-gen3ou-796743","format":"[Gen 3] OU","players":["Surko","TheComanderXD"],"uploadtime":1728505874,"views":131,"formatid":"gen3ou","rating":null,"private":0,"password":null}
</script>

<script defer src="js/replays.js?9d40a366"></script>
