<!DOCTYPE html>
<meta charset="utf-8" />
<meta name="viewport" content="width=device-width" />

<title>[Gen 3] OU: please ban rachi vs. Dimiswooner - Replays - Pok&eacute;mon Showdown!</title>

<meta name="description" content="Watch a replay of a Pok&eacute;mon battle between please ban rachi and Dimiswooner! Format: [Gen 3] OU; Date: Oct 3, 2024" />
<!--

Hey, you! Looking in the source for the replay log?

You can find them in JSON format, just add `.json` at the end of a replay URL.

https://replay.pokemonshowdown.com/gen7randomdoublesbattle-865046831.json

Or, if you only need the log itself, add `.log` instead:

https://replay.pokemonshowdown.com/gen7randomdoublesbattle-865046831.log

-->

<link rel="stylesheet" href="//pokemonshowdown.com/style/global.css?0.767286132409787" />
<link rel="stylesheet" href="//play.pokemonshowdown.com/style/font-awesome.css?0.9266228007934947" />
<link rel="stylesheet" href="//play.pokemonshowdown.com/style/battle.css?0.7924700842790926" />
<link rel="stylesheet" href="//play.pokemonshowdown.com/style/utilichart.css?0.8777417872839479" />

<!-- Global site tag (gtag.js) - Google Analytics -->
<script async src="https://www.googletagmanager.com/gtag/js?id=UA-26211653-1"></script>
<script>
  window.dataLayer = window.dataLayer || [];
  function gtag(){dataLayer.push(arguments);}
  gtag('js', new Date());

  gtag('config', 'UA-26211653-1');
</script>
<!-- End Google Analytics -->
<!-- Venatus Ad Manager - Install in <HEAD> of page -->
	<script src="https://hb.vntsm.com/v3/live/ad-manager.min.js" type="text/javascript" data-site-id="642aba63ec9a7b11c3c9c1be" data-mode="scan" async></script>
<!-- / Venatus Ad Manager -->

<style>
	@media (max-width:820px) {
		.battle {
			margin: 0 auto;
		}
		.battle-log {
			margin: 7px auto 0;
			max-width: 640px;
			height: 300px;
			position: static;
		}
	}
	.optgroup {
		display: inline-block;
		line-height: 22px;
		font-size: 10pt;
	}
	.optgroup .button {
		height: 25px;
		padding-top: 0;
		padding-bottom: 0;
	}
	.optgroup button.button {
		padding-left: 12px;
		padding-right: 12px;
	}
	.linklist {
		list-style: none;
		margin: 0.5em 0;
		padding: 0;
	}
	.linklist li {
		padding: 2px 0;
	}
	.sidebar {
		float: left;
		width: 320px;
	}
	.bar-wrapper {
		max-width: 1100px;
		margin: 0 auto;
	}
	.bar-wrapper.has-sidebar {
		max-width: 1430px;
	}
	.mainbar {
		margin: 0;
		padding-right: 1px;
	}
	.mainbar.has-sidebar {
		margin-left: 330px;
	}
	@media (min-width: 1511px) {
		.sidebar {
			width: 400px;
		}
		.bar-wrapper.has-sidebar {
			max-width: 1510px;
		}
		.mainbar.has-sidebar {
			margin-left: 410px;
		}
	}
	.section.first-section {
		margin-top: 9px;
	}
	.blocklink small {
		white-space: normal;
	}
	.button {
		vertical-align: middle;
	}
	.replay-controls {
		padding-top: 10px;
	}
	.replay-controls h1 {
		font-size: 16pt;
		font-weight: normal;
		color: #CCC;
	}
	.pagelink {
		text-align: center;
	}
	.pagelink a {
		width: 150px;
	}
	.textbox, .button {
		font-size: 11pt;
		vertical-align: middle;
	}
	@media (max-width: 450px) {
		.button {
			font-size: 9pt;
		}
	}
</style>

<div>

	<header>
		<div class="nav-wrapper"><ul class="nav">
			<li><a class="button nav-first" href="//pokemonshowdown.com/"><img src="//pokemonshowdown.com/images/pokemonshowdownbeta.png" srcset="//pokemonshowdown.com/images/pokemonshowdownbeta.png 1x, //pokemonshowdown.com/images/pokemonshowdownbeta@2x.png 2x" alt="Pok&eacute;mon Showdown" width="146" height="44" /> Home</a></li>
			<li><a class="button" href="//pokemonshowdown.com/dex/">Pok&eacute;dex</a></li>
			<li><a class="button cur" href="/">Replays</a></li>
			<li><a class="button" href="//pokemonshowdown.com/ladder/">Ladder</a></li>
			<li><a class="button nav-last" href="//pokemonshowdown.com/forums/">Forum</a></li>
			<li><a class="button greenbutton nav-first nav-last" href="//play.pokemonshowdown.com/">Play</a></li>
		</ul></div>
	</header>

	<div class="main" id="main">

		<noscript><section class="section">You need to enable JavaScript to use this page; sorry!</section></noscript>

	</div>

</div>

<script defer nomodule src="//play.pokemonshowdown.com/js/lib/ps-polyfill.js"></script>
<script defer src="//play.pokemonshowdown.com/js/lib/preact.min.js"></script>

<script defer src="//play.pokemonshowdown.com/config/config.js?6dec07f6"></script>
<script defer src="//play.pokemonshowdown.com/js/lib/jquery-1.11.0.min.js"></script>
<script defer src="//play.pokemonshowdown.com/js/lib/html-sanitizer-minified.js"></script>
<script defer src="//play.pokemonshowdown.com/js/battle-sound.js"></script>
<script defer src="//play.pokemonshowdown.com/js/battledata.js?0.6315294753075389"></script>
<script defer src="//play.pokemonshowdown.com/data/pokedex-mini.js?0.7603743185311358"></script>
<script defer src="//play.pokemonshowdown.com/data/pokedex-mini-bw.js?0.030888842834281283"></script>
<script defer src="//play.pokemonshowdown.com/data/graphics.js?0.05593094747507488"></script>
<script defer src="//play.pokemonshowdown.com/data/pokedex.js?0.47064822249611904"></script>
<script defer src="//play.pokemonshowdown.com/data/moves.js?0.8583693120512459"></script>
<script defer src="//play.pokemonshowdown.com/data/abilities.js?0.16017181182386842"></script>
<script defer src="//play.pokemonshowdown.com/data/items.js?0.4163379185673943"></script>
<script defer src="//play.pokemonshowdown.com/data/teambuilder-tables.js?0.31075597372830477"></script>
<script defer src="//play.pokemonshowdown.com/js/battle-tooltips.js?0.6536193500708172"></script>
<script defer src="//play.pokemonshowdown.com/js/battle.js?0.1916591943277901"></script>

<script defer src="js/utils.js?e31f9a17"></script>
<script defer src="js/replays-battle.js?7008c182"></script>

<!-- don't scrape this data! just add .json or .log after the URL!
Full API docs: https://github.com/smogon/pokemon-showdown-client/blob/master/WEB-API.md -->
<script type="text/plain" class="log" id="replaylog-gen3ou-2214707358-jtap5asse3mqdmu30upvjhq8bkui41hpw">
|j|☆please ban rachi
|j|☆Dimiswooner
|t:|1727916451
|gametype|singles
|player|p1|please ban rachi|102|
|player|p2|Dimiswooner|ghetsis-gen5bw|
|teamsize|p1|6
|teamsize|p2|6
|gen|3
|tier|[Gen 3] OU
|rule|Sleep Clause Mod: Limit one foe put to sleep
|rule|Switch Priority Clause Mod: Faster Pokémon switch first
|rule|Species Clause: Limit one of each Pokémon
|rule|OHKO Clause: OHKO moves are banned
|rule|Evasion Items Clause: Evasion items are banned
|rule|Evasion Moves Clause: Evasion moves are banned
|rule|Endless Battle Clause: Forcing endless battles is banned
|rule|HP Percentage Mod: HP is shown in percentages
|rule|One Boost Passer Clause: Limit one Baton Passer that has a way to boost its stats
|rule|Freeze Clause Mod: Limit one foe frozen
|
|t:|1727916451
|start
|switch|p1a: Glalie|Glalie, M, shiny|100/100
|switch|p2a: Hariyama|Hariyama, M|100/100
|turn|1
|c|☆please ban rachi|gl hf
|
|t:|1727916476
|-singleturn|p2a: Hariyama|move: Focus Punch
|move|p1a: Glalie|Spikes|p2a: Hariyama
|-sidestart|p2: Dimiswooner|Spikes
|move|p2a: Hariyama|Focus Punch|p1a: Glalie
|-supereffective|p1a: Glalie
|-damage|p1a: Glalie|0 fnt
|faint|p1a: Glalie
|c|☆Dimiswooner|u too !!
|
|t:|1727916494
|switch|p1a: Gengar|Gengar, M|100/100
|
|upkeep
|turn|2
|
|t:|1727916522
|switch|p2a: Celebi|Celebi|100/100
|-damage|p2a: Celebi|88/100|[from] Spikes
|move|p1a: Gengar|Thunderbolt|p2a: Celebi
|-resisted|p2a: Celebi
|-damage|p2a: Celebi|77/100
|
|-heal|p2a: Celebi|84/100|[from] item: Leftovers
|upkeep
|turn|3
|
|t:|1727916531
|switch|p1a: Tyranitar|Tyranitar, M|100/100
|-weather|Sandstorm|[from] ability: Sand Stream|[of] p1a: Tyranitar
|move|p2a: Celebi|Psychic|p1a: Tyranitar
|-immune|p1a: Tyranitar
|
|-weather|Sandstorm|[upkeep]
|-damage|p2a: Celebi|77/100|[from] Sandstorm
|-heal|p2a: Celebi|84/100|[from] item: Leftovers
|upkeep
|turn|4
|
|t:|1727916546
|switch|p2a: Weezing|Weezing, F|100/100
|switch|p1a: Moltres|Moltres|100/100
|
|-weather|Sandstorm|[upkeep]
|-damage|p1a: Moltres|94/100|[from] Sandstorm
|-damage|p2a: Weezing|95/100|[from] Sandstorm
|-heal|p1a: Moltres|100/100|[from] item: Leftovers
|-heal|p2a: Weezing|100/100|[from] item: Leftovers
|upkeep
|turn|5
|
|t:|1727916582
|switch|p2a: Starmie|Starmie|100/100
|-damage|p2a: Starmie|88/100|[from] Spikes
|move|p1a: Moltres|Will-O-Wisp|p2a: Starmie
|-status|p2a: Starmie|brn
|
|-weather|Sandstorm|[upkeep]
|-damage|p2a: Starmie|82/100 brn|[from] Sandstorm
|-damage|p1a: Moltres|94/100|[from] Sandstorm
|-heal|p2a: Starmie|88/100 brn|[from] item: Leftovers
|-damage|p2a: Starmie|76/100 brn|[from] brn
|-heal|p1a: Moltres|100/100|[from] item: Leftovers
|upkeep
|turn|6
|
|t:|1727916659
|switch|p1a: Jolteon|Jolteon, M|100/100
|move|p2a: Starmie|Thunder Wave|p1a: Jolteon
|-status|p1a: Jolteon|par
|
|-weather|Sandstorm|[upkeep]
|-damage|p2a: Starmie|70/100 brn|[from] Sandstorm
|-damage|p1a: Jolteon|95/100 par|[from] Sandstorm
|-heal|p2a: Starmie|76/100 brn|[from] item: Leftovers
|-damage|p2a: Starmie|63/100 brn|[from] brn
|-heal|p1a: Jolteon|100/100 par|[from] item: Leftovers
|upkeep
|turn|7
|
|t:|1727916712
|-curestatus|p2a: Starmie|brn|[from] ability: Natural Cure
|switch|p2a: Celebi|Celebi|84/100
|-damage|p2a: Celebi|71/100|[from] Spikes
|switch|p1a: Gengar|Gengar, M|100/100
|
|-weather|Sandstorm|[upkeep]
|-damage|p1a: Gengar|94/100|[from] Sandstorm
|-damage|p2a: Celebi|65/100|[from] Sandstorm
|-heal|p1a: Gengar|100/100|[from] item: Leftovers
|-heal|p2a: Celebi|71/100|[from] item: Leftovers
|upkeep
|turn|8
|
|t:|1727916733
|move|p1a: Gengar|Ice Punch|p2a: Celebi
|-supereffective|p2a: Celebi
|-damage|p2a: Celebi|37/100
|move|p2a: Celebi|Leech Seed|p1a: Gengar|[miss]
|-miss|p2a: Celebi|p1a: Gengar
|
|-weather|Sandstorm|[upkeep]
|-damage|p1a: Gengar|94/100|[from] Sandstorm
|-damage|p2a: Celebi|31/100|[from] Sandstorm
|-heal|p1a: Gengar|100/100|[from] item: Leftovers
|-heal|p2a: Celebi|37/100|[from] item: Leftovers
|upkeep
|turn|9
|
|t:|1727916749
|switch|p1a: Tyranitar|Tyranitar, M|100/100
|move|p2a: Celebi|Recover|p2a: Celebi
|-heal|p2a: Celebi|87/100
|
|-weather|Sandstorm|[upkeep]
|-damage|p2a: Celebi|81/100|[from] Sandstorm
|-heal|p2a: Celebi|87/100|[from] item: Leftovers
|upkeep
|turn|10
|
|t:|1727916768
|switch|p2a: Hariyama|Hariyama, M|100/100
|-damage|p2a: Hariyama|88/100|[from] Spikes
|move|p1a: Tyranitar|Rock Slide|p2a: Hariyama
|-resisted|p2a: Hariyama
|-damage|p2a: Hariyama|71/100
|
|-weather|Sandstorm|[upkeep]
|-damage|p2a: Hariyama|65/100|[from] Sandstorm
|-heal|p2a: Hariyama|71/100|[from] item: Leftovers
|upkeep
|turn|11
|
|t:|1727916781
|move|p1a: Tyranitar|Earthquake|p2a: Hariyama
|-damage|p2a: Hariyama|38/100
|move|p2a: Hariyama|Knock Off|p1a: Tyranitar
|-resisted|p1a: Tyranitar
|-damage|p1a: Tyranitar|99/100
|-enditem|p1a: Tyranitar|Lum Berry|[from] move: Knock Off|[of] p2a: Hariyama
|-hint|In Gens 3-4, Knock Off only makes the target's item unusable; it cannot obtain a new item.
|
|-weather|Sandstorm|[upkeep]
|-damage|p2a: Hariyama|32/100|[from] Sandstorm
|-heal|p2a: Hariyama|38/100|[from] item: Leftovers
|upkeep
|turn|12
|
|t:|1727916793
|switch|p1a: Moltres|Moltres|100/100
|move|p2a: Hariyama|Brick Break|p1a: Moltres
|-resisted|p1a: Moltres
|-damage|p1a: Moltres|77/100
|
|-weather|Sandstorm|[upkeep]
|-damage|p1a: Moltres|71/100|[from] Sandstorm
|-damage|p2a: Hariyama|32/100|[from] Sandstorm
|-heal|p1a: Moltres|77/100|[from] item: Leftovers
|-heal|p2a: Hariyama|38/100|[from] item: Leftovers
|upkeep
|turn|13
|
|t:|1727916863
|move|p1a: Moltres|Flamethrower|p2a: Hariyama
|-damage|p2a: Hariyama|0 fnt
|faint|p2a: Hariyama
|
|t:|1727916867
|switch|p2a: Starmie|Starmie|63/100
|-damage|p2a: Starmie|51/100|[from] Spikes
|
|-weather|Sandstorm|[upkeep]
|-damage|p2a: Starmie|45/100|[from] Sandstorm
|-damage|p1a: Moltres|71/100|[from] Sandstorm
|-heal|p2a: Starmie|51/100|[from] item: Leftovers
|-heal|p1a: Moltres|77/100|[from] item: Leftovers
|upkeep
|turn|14
|
|t:|1727916901
|switch|p1a: Gengar|Gengar, M|100/100
|move|p2a: Starmie|Surf|p1a: Gengar
|-damage|p1a: Gengar|60/100
|
|-weather|Sandstorm|[upkeep]
|-damage|p2a: Starmie|45/100|[from] Sandstorm
|-damage|p1a: Gengar|53/100|[from] Sandstorm
|-heal|p2a: Starmie|51/100|[from] item: Leftovers
|-heal|p1a: Gengar|60/100|[from] item: Leftovers
|upkeep
|turn|15
|
|t:|1727916952
|switch|p2a: Jirachi|Jirachi|100/100
|-damage|p2a: Jirachi|88/100|[from] Spikes
|move|p1a: Gengar|Thunderbolt|p2a: Jirachi
|-damage|p2a: Jirachi|68/100
|
|-weather|Sandstorm|[upkeep]
|-damage|p1a: Gengar|53/100|[from] Sandstorm
|-heal|p1a: Gengar|60/100|[from] item: Leftovers
|-heal|p2a: Jirachi|75/100|[from] item: Leftovers
|upkeep
|turn|16
|c|☆please ban rachi|u really like those 3 :)
|
|t:|1727916974
|switch|p1a: Swampert|Swampert, M|100/100
|move|p2a: Jirachi|Body Slam|p1a: Swampert
|-damage|p1a: Swampert|78/100
|-status|p1a: Swampert|par
|
|-weather|Sandstorm|[upkeep]
|-heal|p2a: Jirachi|81/100|[from] item: Leftovers
|-heal|p1a: Swampert|84/100 par|[from] item: Leftovers
|upkeep
|turn|17
|c|☆Dimiswooner|its a powerful core what can i say
|c|☆Dimiswooner|really annoying when i encounter houndoom though
|
|t:|1727917015
|switch|p2a: Celebi|Celebi|87/100
|-damage|p2a: Celebi|75/100|[from] Spikes
|move|p1a: Swampert|Hydro Pump|p2a: Celebi
|-resisted|p2a: Celebi
|-damage|p2a: Celebi|52/100
|
|-weather|Sandstorm|[upkeep]
|-damage|p2a: Celebi|46/100|[from] Sandstorm
|-heal|p2a: Celebi|52/100|[from] item: Leftovers
|-heal|p1a: Swampert|90/100 par|[from] item: Leftovers
|upkeep
|turn|18
|
|t:|1727917024
|switch|p1a: Moltres|Moltres|77/100
|move|p2a: Celebi|Leech Seed|p1a: Moltres
|-start|p1a: Moltres|move: Leech Seed
|
|-weather|Sandstorm|[upkeep]
|-damage|p1a: Moltres|71/100|[from] Sandstorm
|-damage|p2a: Celebi|46/100|[from] Sandstorm
|-heal|p2a: Celebi|52/100|[from] item: Leftovers
|-heal|p1a: Moltres|77/100|[from] item: Leftovers
|-damage|p1a: Moltres|65/100|[from] Leech Seed|[of] p2a: Celebi
|-heal|p2a: Celebi|62/100|[silent]
|upkeep
|turn|19
|
|t:|1727917097
|switch|p2a: Weezing|Weezing, F|100/100
|move|p1a: Moltres|Will-O-Wisp|p2a: Weezing
|-status|p2a: Weezing|brn
|
|-weather|Sandstorm|[upkeep]
|-damage|p1a: Moltres|59/100|[from] Sandstorm
|-damage|p2a: Weezing|95/100 brn|[from] Sandstorm
|-heal|p1a: Moltres|65/100|[from] item: Leftovers
|-damage|p1a: Moltres|52/100|[from] Leech Seed|[of] p2a: Weezing
|-heal|p2a: Weezing|100/100 brn|[silent]
|-damage|p2a: Weezing|88/100 brn|[from] brn
|upkeep
|turn|20
|
|t:|1727917113
|switch|p1a: Jolteon|Jolteon, M|100/100 par
|switch|p2a: Starmie|Starmie|51/100
|-damage|p2a: Starmie|39/100|[from] Spikes
|
|-weather|Sandstorm|[upkeep]
|-damage|p2a: Starmie|33/100|[from] Sandstorm
|-damage|p1a: Jolteon|95/100 par|[from] Sandstorm
|-heal|p2a: Starmie|39/100|[from] item: Leftovers
|-heal|p1a: Jolteon|100/100 par|[from] item: Leftovers
|upkeep
|turn|21
|
|t:|1727917190
|move|p2a: Starmie|Recover|p2a: Starmie
|-heal|p2a: Starmie|89/100
|move|p1a: Jolteon|Thunderbolt|p2a: Starmie
|-supereffective|p2a: Starmie
|-damage|p2a: Starmie|0 fnt
|faint|p2a: Starmie
|
|t:|1727917198
|switch|p2a: Rhydon|Rhydon, M|100/100
|-damage|p2a: Rhydon|88/100|[from] Spikes
|
|-weather|Sandstorm|[upkeep]
|-damage|p1a: Jolteon|95/100 par|[from] Sandstorm
|-heal|p2a: Rhydon|94/100|[from] item: Leftovers
|-heal|p1a: Jolteon|100/100 par|[from] item: Leftovers
|upkeep
|turn|22
|
|t:|1727917209
|move|p2a: Rhydon|Substitute|p2a: Rhydon
|-start|p2a: Rhydon|Substitute
|-damage|p2a: Rhydon|69/100
|cant|p1a: Jolteon|par
|
|-weather|Sandstorm|[upkeep]
|-damage|p1a: Jolteon|95/100 par|[from] Sandstorm
|-heal|p2a: Rhydon|75/100|[from] item: Leftovers
|-heal|p1a: Jolteon|100/100 par|[from] item: Leftovers
|upkeep
|turn|23
|
|t:|1727917218
|switch|p1a: Swampert|Swampert, M|90/100 par
|move|p2a: Rhydon|Earthquake|p1a: Swampert
|-damage|p1a: Swampert|24/100 par
|
|-weather|Sandstorm|[upkeep]
|-heal|p2a: Rhydon|81/100|[from] item: Leftovers
|-heal|p1a: Swampert|30/100 par|[from] item: Leftovers
|upkeep
|turn|24
|
|t:|1727917225
|move|p2a: Rhydon|Earthquake|p1a: Swampert
|-damage|p1a: Swampert|0 fnt
|faint|p1a: Swampert
|
|t:|1727917232
|switch|p1a: Gengar|Gengar, M|60/100
|
|-weather|Sandstorm|[upkeep]
|-damage|p1a: Gengar|53/100|[from] Sandstorm
|-heal|p1a: Gengar|60/100|[from] item: Leftovers
|-heal|p2a: Rhydon|87/100|[from] item: Leftovers
|upkeep
|turn|25
|
|t:|1727917250
|move|p1a: Gengar|Hidden Power|p2a: Rhydon
|-supereffective|p2a: Rhydon
|-end|p2a: Rhydon|Substitute
|move|p2a: Rhydon|Rock Slide|p1a: Gengar
|-damage|p1a: Gengar|0 fnt
|faint|p1a: Gengar
|
|t:|1727917259
|switch|p1a: Moltres|Moltres|52/100
|
|-weather|Sandstorm|[upkeep]
|-damage|p1a: Moltres|46/100|[from] Sandstorm
|-heal|p1a: Moltres|52/100|[from] item: Leftovers
|-heal|p2a: Rhydon|94/100|[from] item: Leftovers
|upkeep
|turn|26
|
|t:|1727917299
|switch|p2a: Celebi|Celebi|62/100
|-damage|p2a: Celebi|50/100|[from] Spikes
|move|p1a: Moltres|Hidden Power|p2a: Celebi
|-resisted|p2a: Celebi
|-damage|p2a: Celebi|40/100
|
|-weather|Sandstorm|[upkeep]
|-damage|p1a: Moltres|46/100|[from] Sandstorm
|-damage|p2a: Celebi|34/100|[from] Sandstorm
|-heal|p1a: Moltres|52/100|[from] item: Leftovers
|-heal|p2a: Celebi|40/100|[from] item: Leftovers
|upkeep
|turn|27
|
|t:|1727917308
|move|p1a: Moltres|Flamethrower|p2a: Celebi
|-supereffective|p2a: Celebi
|-damage|p2a: Celebi|0 fnt
|faint|p2a: Celebi
|
|t:|1727917310
|switch|p2a: Jirachi|Jirachi|81/100
|-damage|p2a: Jirachi|68/100|[from] Spikes
|
|-weather|Sandstorm|[upkeep]
|-damage|p1a: Moltres|46/100|[from] Sandstorm
|-heal|p1a: Moltres|52/100|[from] item: Leftovers
|-heal|p2a: Jirachi|75/100|[from] item: Leftovers
|upkeep
|turn|28
|
|t:|1727917328
|switch|p1a: Tyranitar|Tyranitar, M|99/100
|move|p2a: Jirachi|Body Slam|p1a: Tyranitar
|-resisted|p1a: Tyranitar
|-damage|p1a: Tyranitar|90/100
|
|-weather|Sandstorm|[upkeep]
|-heal|p2a: Jirachi|81/100|[from] item: Leftovers
|upkeep
|turn|29
|
|t:|1727917342
|move|p2a: Jirachi|Protect|p2a: Jirachi
|-singleturn|p2a: Jirachi|Protect
|move|p1a: Tyranitar|Dragon Dance|p1a: Tyranitar
|-boost|p1a: Tyranitar|atk|1
|-boost|p1a: Tyranitar|spe|1
|
|-weather|Sandstorm|[upkeep]
|-heal|p2a: Jirachi|87/100|[from] item: Leftovers
|upkeep
|turn|30
|
|t:|1727917346
|switch|p2a: Weezing|Weezing, F|88/100 brn
|move|p1a: Tyranitar|Earthquake|p2a: Weezing
|-immune|p2a: Weezing
|
|-weather|Sandstorm|[upkeep]
|-damage|p2a: Weezing|82/100 brn|[from] Sandstorm
|-heal|p2a: Weezing|88/100 brn|[from] item: Leftovers
|-damage|p2a: Weezing|76/100 brn|[from] brn
|upkeep
|turn|31
|
|t:|1727917354
|move|p1a: Tyranitar|Rock Slide|p2a: Weezing
|-damage|p2a: Weezing|38/100 brn
|cant|p2a: Weezing|flinch
|
|-weather|Sandstorm|[upkeep]
|-damage|p2a: Weezing|32/100 brn|[from] Sandstorm
|-heal|p2a: Weezing|38/100 brn|[from] item: Leftovers
|-damage|p2a: Weezing|26/100 brn|[from] brn
|upkeep
|turn|32
|
|t:|1727917369
|move|p1a: Tyranitar|Rock Slide|p2a: Weezing
|-damage|p2a: Weezing|0 fnt
|faint|p2a: Weezing
|
|t:|1727917391
|switch|p2a: Jirachi|Jirachi|87/100
|-damage|p2a: Jirachi|75/100|[from] Spikes
|
|-weather|Sandstorm|[upkeep]
|-heal|p2a: Jirachi|81/100|[from] item: Leftovers
|upkeep
|turn|33
|
|t:|1727917396
|move|p2a: Jirachi|Protect|p2a: Jirachi
|-singleturn|p2a: Jirachi|Protect
|move|p1a: Tyranitar|Earthquake|p2a: Jirachi
|-activate|p2a: Jirachi|Protect
|
|-weather|Sandstorm|[upkeep]
|-heal|p2a: Jirachi|87/100|[from] item: Leftovers
|upkeep
|turn|34
|
|t:|1727917397
|move|p1a: Tyranitar|Earthquake|p2a: Jirachi
|-supereffective|p2a: Jirachi
|-damage|p2a: Jirachi|19/100
|move|p2a: Jirachi|Body Slam|p1a: Tyranitar
|-resisted|p1a: Tyranitar
|-damage|p1a: Tyranitar|81/100
|
|-weather|Sandstorm|[upkeep]
|-heal|p2a: Jirachi|25/100|[from] item: Leftovers
|upkeep
|turn|35
|
|t:|1727917405
|move|p1a: Tyranitar|Dragon Dance|p1a: Tyranitar
|-boost|p1a: Tyranitar|atk|1
|-boost|p1a: Tyranitar|spe|1
|move|p2a: Jirachi|Body Slam|p1a: Tyranitar
|-resisted|p1a: Tyranitar
|-damage|p1a: Tyranitar|73/100
|
|-weather|Sandstorm|[upkeep]
|-heal|p2a: Jirachi|32/100|[from] item: Leftovers
|upkeep
|turn|36
|
|t:|1727917408
|move|p1a: Tyranitar|Earthquake|p2a: Jirachi
|-supereffective|p2a: Jirachi
|-damage|p2a: Jirachi|0 fnt
|faint|p2a: Jirachi
|
|t:|1727917410
|switch|p2a: Rhydon|Rhydon, M|94/100
|-damage|p2a: Rhydon|81/100|[from] Spikes
|
|-weather|Sandstorm|[upkeep]
|-heal|p2a: Rhydon|87/100|[from] item: Leftovers
|upkeep
|turn|37
|
|t:|1727917413
|move|p1a: Tyranitar|Earthquake|p2a: Rhydon
|-supereffective|p2a: Rhydon
|-damage|p2a: Rhydon|0 fnt
|faint|p2a: Rhydon
|
|win|please ban rachi
|c|☆Dimiswooner|gg
|c|☆please ban rachi|gg

</script>
<script type="application/json" class="data" id="replaydata-gen3ou-2214707358-jtap5asse3mqdmu30upvjhq8bkui41hpw">
{"id":"gen3ou-2214707358","format":"[Gen 3] OU","players":["please ban rachi","Dimiswooner"],"uploadtime":1727917418,"views":115,"formatid":"gen3ou","rating":null,"private":1,"password":"jtap5asse3mqdmu30upvjhq8bkui41h"}
</script>

<script defer src="js/replays.js?9d40a366"></script>
