<!DOCTYPE html>
<meta charset="utf-8" />
<meta name="viewport" content="width=device-width" />

<title>[Gen 3] OU: honuacjs vs. shitking - Replays - Pok&eacute;mon Showdown!</title>

<meta name="description" content="Watch a replay of a Pok&eacute;mon battle between honuacjs and shitking! Format: [Gen 3] OU; Date: Oct 12, 2024" />
<!--

Hey, you! Looking in the source for the replay log?

You can find them in JSON format, just add `.json` at the end of a replay URL.

https://replay.pokemonshowdown.com/gen7randomdoublesbattle-865046831.json

Or, if you only need the log itself, add `.log` instead:

https://replay.pokemonshowdown.com/gen7randomdoublesbattle-865046831.log

-->

<link rel="stylesheet" href="//pokemonshowdown.com/style/global.css?0.023195364461161105" />
<link rel="stylesheet" href="//play.pokemonshowdown.com/style/font-awesome.css?0.13261647063804238" />
<link rel="stylesheet" href="//play.pokemonshowdown.com/style/battle.css?0.8753245789963631" />
<link rel="stylesheet" href="//play.pokemonshowdown.com/style/utilichart.css?0.8627959624976733" />

<!-- Global site tag (gtag.js) - Google Analytics -->
<script async src="https://www.googletagmanager.com/gtag/js?id=UA-26211653-1"></script>
<script>
  window.dataLayer = window.dataLayer || [];
  function gtag(){dataLayer.push(arguments);}
  gtag('js', new Date());

  gtag('config', 'UA-26211653-1');
</script>
<!-- End Google Analytics -->
<!-- Venatus Ad Manager - Install in <HEAD> of page -->
	<script src="https://hb.vntsm.com/v3/live/ad-manager.min.js" type="text/javascript" data-site-id="642aba63ec9a7b11c3c9c1be" data-mode="scan" async></script>
<!-- / Venatus Ad Manager -->

<style>
	@media (max-width:820px) {
		.battle {
			margin: 0 auto;
		}
		.battle-log {
			margin: 7px auto 0;
			max-width: 640px;
			height: 300px;
			position: static;
		}
	}
	.optgroup {
		display: inline-block;
		line-height: 22px;
		font-size: 10pt;
	}
	.optgroup .button {
		height: 25px;
		padding-top: 0;
		padding-bottom: 0;
	}
	.optgroup button.button {
		padding-left: 12px;
		padding-right: 12px;
	}
	.linklist {
		list-style: none;
		margin: 0.5em 0;
		padding: 0;
	}
	.linklist li {
		padding: 2px 0;
	}
	.sidebar {
		float: left;
		width: 320px;
	}
	.bar-wrapper {
		max-width: 1100px;
		margin: 0 auto;
	}
	.bar-wrapper.has-sidebar {
		max-width: 1430px;
	}
	.mainbar {
		margin: 0;
		padding-right: 1px;
	}
	.mainbar.has-sidebar {
		margin-left: 330px;
	}
	@media (min-width: 1511px) {
		.sidebar {
			width: 400px;
		}
		.bar-wrapper.has-sidebar {
			max-width: 1510px;
		}
		.mainbar.has-sidebar {
			margin-left: 410px;
		}
	}
	.section.first-section {
		margin-top: 9px;
	}
	.blocklink small {
		white-space: normal;
	}
	.button {
		vertical-align: middle;
	}
	.replay-controls {
		padding-top: 10px;
	}
	.replay-controls h1 {
		font-size: 16pt;
		font-weight: normal;
		color: #CCC;
	}
	.pagelink {
		text-align: center;
	}
	.pagelink a {
		width: 150px;
	}
	.textbox, .button {
		font-size: 11pt;
		vertical-align: middle;
	}
	@media (max-width: 450px) {
		.button {
			font-size: 9pt;
		}
	}
</style>

<div>

	<header>
		<div class="nav-wrapper"><ul class="nav">
			<li><a class="button nav-first" href="//pokemonshowdown.com/"><img src="//pokemonshowdown.com/images/pokemonshowdownbeta.png" srcset="//pokemonshowdown.com/images/pokemonshowdownbeta.png 1x, //pokemonshowdown.com/images/pokemonshowdownbeta@2x.png 2x" alt="Pok&eacute;mon Showdown" width="146" height="44" /> Home</a></li>
			<li><a class="button" href="//pokemonshowdown.com/dex/">Pok&eacute;dex</a></li>
			<li><a class="button cur" href="/">Replays</a></li>
			<li><a class="button" href="//pokemonshowdown.com/ladder/">Ladder</a></li>
			<li><a class="button nav-last" href="//pokemonshowdown.com/forums/">Forum</a></li>
			<li><a class="button greenbutton nav-first nav-last" href="//play.pokemonshowdown.com/">Play</a></li>
		</ul></div>
	</header>

	<div class="main" id="main">

		<noscript><section class="section">You need to enable JavaScript to use this page; sorry!</section></noscript>

	</div>

</div>

<script defer nomodule src="//play.pokemonshowdown.com/js/lib/ps-polyfill.js"></script>
<script defer src="//play.pokemonshowdown.com/js/lib/preact.min.js"></script>

<script defer src="//play.pokemonshowdown.com/config/config.js?2bddbc15"></script>
<script defer src="//play.pokemonshowdown.com/js/lib/jquery-1.11.0.min.js"></script>
<script defer src="//play.pokemonshowdown.com/js/lib/html-sanitizer-minified.js"></script>
<script defer src="//play.pokemonshowdown.com/js/battle-sound.js"></script>
<script defer src="//play.pokemonshowdown.com/js/battledata.js?0.7209276989879541"></script>
<script defer src="//play.pokemonshowdown.com/data/pokedex-mini.js?0.6111056340867951"></script>
<script defer src="//play.pokemonshowdown.com/data/pokedex-mini-bw.js?0.3532142036491459"></script>
<script defer src="//play.pokemonshowdown.com/data/graphics.js?0.24223875632456182"></script>
<script defer src="//play.pokemonshowdown.com/data/pokedex.js?0.38839984266356864"></script>
<script defer src="//play.pokemonshowdown.com/data/moves.js?0.21866028504024015"></script>
<script defer src="//play.pokemonshowdown.com/data/abilities.js?0.2005157953846628"></script>
<script defer src="//play.pokemonshowdown.com/data/items.js?0.9894211263848525"></script>
<script defer src="//play.pokemonshowdown.com/data/teambuilder-tables.js?0.6008791140282215"></script>
<script defer src="//play.pokemonshowdown.com/js/battle-tooltips.js?0.7580118955022959"></script>
<script defer src="//play.pokemonshowdown.com/js/battle.js?0.6057722274234274"></script>

<script defer src="js/utils.js?e31f9a17"></script>
<script defer src="js/replays-battle.js?7008c182"></script>

<!-- don't scrape this data! just add .json or .log after the URL!
Full API docs: https://github.com/smogon/pokemon-showdown-client/blob/master/WEB-API.md -->
<script type="text/plain" class="log" id="replaylog-smogtours-gen3ou-797854">
|inactive|Battle timer is ON: inactive players will automatically lose when time's up.
|t:|1728772149
|gametype|singles
|player|p1|honuacjs|idol|
|player|p2|shitking|101|
|teamsize|p1|6
|teamsize|p2|6
|gen|3
|tier|[Gen 3] OU
|rule|Sleep Clause Mod: Limit one foe put to sleep
|rule|Switch Priority Clause Mod: Faster Pokémon switch first
|rule|Species Clause: Limit one of each Pokémon
|rule|OHKO Clause: OHKO moves are banned
|rule|Evasion Items Clause: Evasion items are banned
|rule|Evasion Moves Clause: Evasion moves are banned
|rule|Endless Battle Clause: Forcing endless battles is banned
|rule|HP Percentage Mod: HP is shown in percentages
|rule|One Boost Passer Clause: Limit one Baton Passer that has a way to boost its stats
|rule|Freeze Clause Mod: Limit one foe frozen
|
|t:|1728772149
|start
|switch|p1a: Toddle|Ampharos, M|100/100
|switch|p2a: Medicham|Medicham, F|100/100
|turn|1
|
|t:|1728772162
|move|p2a: Medicham|Fake Out|p1a: Toddle
|-damage|p1a: Toddle|88/100
|cant|p1a: Toddle|flinch
|
|-heal|p1a: Toddle|94/100|[from] item: Leftovers
|upkeep
|turn|2
|
|t:|1728772168
|switch|p2a: Celebi|Celebi|100/100
|move|p1a: Toddle|Toxic|p2a: Celebi
|-status|p2a: Celebi|tox
|
|-damage|p2a: Celebi|94/100 tox|[from] psn
|-heal|p1a: Toddle|99/100|[from] item: Leftovers
|upkeep
|turn|3
|
|t:|1728772178
|switch|p1a: Billy|Umbreon, M, shiny|100/100
|move|p2a: Celebi|Leech Seed|p1a: Billy
|-start|p1a: Billy|move: Leech Seed
|
|-heal|p2a: Celebi|100/100 tox|[from] item: Leftovers
|-damage|p2a: Celebi|88/100 tox|[from] psn
|-damage|p1a: Billy|88/100|[from] Leech Seed|[of] p2a: Celebi
|-heal|p2a: Celebi|98/100 tox|[silent]
|upkeep
|turn|4
|
|t:|1728772195
|-curestatus|p2a: Celebi|tox|[from] ability: Natural Cure
|switch|p2a: Blissey|Blissey, F|100/100
|switch|p1a: Toddle|Ampharos, M|99/100
|
|-heal|p1a: Toddle|100/100|[from] item: Leftovers
|upkeep
|turn|5
|
|t:|1728772203
|switch|p1a: Bella|Weezing, F, shiny|100/100
|move|p2a: Blissey|Thunder Wave|p1a: Bella
|-status|p1a: Bella|par
|
|upkeep
|turn|6
|
|t:|1728772212
|move|p2a: Blissey|Seismic Toss|p1a: Bella
|-damage|p1a: Bella|64/100 par
|move|p1a: Bella|Sludge Bomb|p2a: Blissey
|-damage|p2a: Blissey|64/100
|
|-heal|p2a: Blissey|70/100|[from] item: Leftovers
|-heal|p1a: Bella|70/100 par|[from] item: Leftovers
|upkeep
|turn|7
|
|t:|1728772219
|move|p2a: Blissey|Seismic Toss|p1a: Bella
|-damage|p1a: Bella|33/100 par
|cant|p1a: Bella|par
|
|-heal|p2a: Blissey|77/100|[from] item: Leftovers
|-heal|p1a: Bella|39/100 par|[from] item: Leftovers
|upkeep
|turn|8
|
|t:|1728772226
|move|p2a: Blissey|Seismic Toss|p1a: Bella
|-damage|p1a: Bella|2/100 par
|move|p1a: Bella|Pain Split|p2a: Blissey
|-sethp|p2a: Blissey|39/100|[from] move: Pain Split|[silent]
|-sethp|p1a: Bella|100/100 par|[from] move: Pain Split
|
|-heal|p2a: Blissey|45/100|[from] item: Leftovers
|upkeep
|turn|9
|
|t:|1728772236
|move|p2a: Blissey|Soft-Boiled|p2a: Blissey
|-heal|p2a: Blissey|95/100
|move|p1a: Bella|Will-O-Wisp|p2a: Blissey
|-status|p2a: Blissey|brn
|
|-heal|p2a: Blissey|100/100 brn|[from] item: Leftovers
|-damage|p2a: Blissey|88/100 brn|[from] brn
|upkeep
|turn|10
|
|t:|1728772248
|-curestatus|p2a: Blissey|brn|[from] ability: Natural Cure
|switch|p2a: Suicune|Suicune|100/100
|switch|p1a: Toddle|Ampharos, M|100/100
|
|upkeep
|turn|11
|
|t:|1728772255
|switch|p2a: Blissey|Blissey, F|88/100
|move|p1a: Toddle|Toxic|p2a: Blissey
|-status|p2a: Blissey|tox
|
|-heal|p2a: Blissey|94/100 tox|[from] item: Leftovers
|-damage|p2a: Blissey|88/100 tox|[from] psn
|upkeep
|turn|12
|
|t:|1728772262
|move|p1a: Toddle|Protect|p1a: Toddle
|-singleturn|p1a: Toddle|Protect
|move|p2a: Blissey|Seismic Toss|p1a: Toddle
|-activate|p1a: Toddle|Protect
|
|-heal|p2a: Blissey|94/100 tox|[from] item: Leftovers
|-damage|p2a: Blissey|82/100 tox|[from] psn
|upkeep
|turn|13
|
|t:|1728772270
|switch|p1a: Claydol|Claydol|100/100
|move|p2a: Blissey|Seismic Toss|p1a: Claydol
|-damage|p1a: Claydol|70/100
|
|-heal|p1a: Claydol|76/100|[from] item: Leftovers
|-heal|p2a: Blissey|88/100 tox|[from] item: Leftovers
|-damage|p2a: Blissey|70/100 tox|[from] psn
|upkeep
|turn|14
|
|t:|1728772287
|-curestatus|p2a: Blissey|tox|[from] ability: Natural Cure
|switch|p2a: Suicune|Suicune|100/100
|move|p1a: Claydol|Explosion|p2a: Suicune
|-damage|p2a: Suicune|5/100
|faint|p1a: Claydol
|
|t:|1728772295
|switch|p1a: Milly|Espeon, F|100/100
|
|-heal|p2a: Suicune|11/100|[from] item: Leftovers
|upkeep
|turn|15
|
|t:|1728772305
|switch|p2a: Blissey|Blissey, F|70/100
|move|p1a: Milly|Calm Mind|p1a: Milly
|-boost|p1a: Milly|spa|1
|-boost|p1a: Milly|spd|1
|
|-heal|p2a: Blissey|76/100|[from] item: Leftovers
|upkeep
|turn|16
|
|t:|1728772313
|move|p1a: Milly|Calm Mind|p1a: Milly
|-boost|p1a: Milly|spa|1
|-boost|p1a: Milly|spd|1
|move|p2a: Blissey|Thunder Wave|p1a: Milly
|-status|p1a: Milly|par
|-status|p2a: Blissey|par|[from] ability: Synchronize|[of] p1a: Milly
|
|-heal|p2a: Blissey|82/100 par|[from] item: Leftovers
|upkeep
|turn|17
|
|t:|1728772328
|-curestatus|p2a: Blissey|par|[from] ability: Natural Cure
|switch|p2a: Celebi|Celebi|98/100
|cant|p1a: Milly|par
|
|-heal|p2a: Celebi|100/100|[from] item: Leftovers
|upkeep
|turn|18
|
|t:|1728772334
|move|p2a: Celebi|Leech Seed|p1a: Milly
|-start|p1a: Milly|move: Leech Seed
|cant|p1a: Milly|par
|
|-damage|p1a: Milly|88/100 par|[from] Leech Seed|[of] p2a: Celebi
|upkeep
|turn|19
|
|t:|1728772351
|switch|p2a: Suicune|Suicune|11/100
|switch|p1a: Nessy|Lapras, F|100/100
|
|-heal|p2a: Suicune|18/100|[from] item: Leftovers
|upkeep
|turn|20
|
|t:|1728772360
|move|p2a: Suicune|Rest|p2a: Suicune
|-status|p2a: Suicune|slp|[from] move: Rest
|-heal|p2a: Suicune|100/100 slp|[silent]
|move|p1a: Nessy|Hail|p1a: Nessy
|-weather|Hail
|
|-weather|Hail|[upkeep]
|-damage|p2a: Suicune|94/100 slp|[from] Hail
|-heal|p2a: Suicune|100/100 slp|[from] item: Leftovers
|upkeep
|turn|21
|
|t:|1728772372
|switch|p2a: Blissey|Blissey, F|82/100
|move|p1a: Nessy|Heal Bell|p1a: Nessy
|-activate|p1a: Nessy|move: Heal Bell
|-curestatus|p1: Milly|par|[silent]
|-curestatus|p1: Bella|par|[silent]
|
|-weather|Hail|[upkeep]
|-damage|p2a: Blissey|76/100|[from] Hail
|-heal|p2a: Blissey|82/100|[from] item: Leftovers
|upkeep
|turn|22
|
|t:|1728772394
|switch|p1a: Billy|Umbreon, M, shiny|88/100
|move|p2a: Blissey|Heal Bell|p2a: Blissey
|-activate|p2a: Blissey|move: Heal Bell
|-curestatus|p2: Suicune|slp|[silent]
|
|-weather|Hail|[upkeep]
|-damage|p1a: Billy|82/100|[from] Hail
|-damage|p2a: Blissey|76/100|[from] Hail
|-heal|p1a: Billy|88/100|[from] item: Leftovers
|-heal|p2a: Blissey|82/100|[from] item: Leftovers
|upkeep
|turn|23
|
|t:|1728772405
|move|p1a: Billy|Curse|p1a: Billy
|-unboost|p1a: Billy|spe|1
|-boost|p1a: Billy|atk|1
|-boost|p1a: Billy|def|1
|move|p2a: Blissey|Thunder Wave|p1a: Billy
|-status|p1a: Billy|par
|-status|p2a: Blissey|par|[from] ability: Synchronize|[of] p1a: Billy
|
|-weather|Hail|[upkeep]
|-damage|p2a: Blissey|76/100 par|[from] Hail
|-damage|p1a: Billy|82/100 par|[from] Hail
|-heal|p2a: Blissey|82/100 par|[from] item: Leftovers
|-heal|p1a: Billy|88/100 par|[from] item: Leftovers
|upkeep
|turn|24
|
|t:|1728772421
|-curestatus|p2a: Blissey|par|[from] ability: Natural Cure
|switch|p2a: Suicune|Suicune|100/100
|cant|p1a: Billy|par
|
|-weather|none
|-heal|p1a: Billy|94/100 par|[from] item: Leftovers
|upkeep
|turn|25
|
|t:|1728772428
|move|p2a: Suicune|Calm Mind|p2a: Suicune
|-boost|p2a: Suicune|spa|1
|-boost|p2a: Suicune|spd|1
|cant|p1a: Billy|par
|
|-heal|p1a: Billy|99/100 par|[from] item: Leftovers
|upkeep
|turn|26
|
|t:|1728772435
|switch|p1a: Nessy|Lapras, F|100/100
|move|p2a: Suicune|Surf|p1a: Nessy
|-immune|p1a: Nessy|[from] ability: Water Absorb
|
|upkeep
|turn|27
|
|t:|1728772443
|move|p2a: Suicune|Calm Mind|p2a: Suicune
|-boost|p2a: Suicune|spa|1
|-boost|p2a: Suicune|spd|1
|move|p1a: Nessy|Ice Beam|p2a: Suicune
|-resisted|p2a: Suicune
|-damage|p2a: Suicune|95/100
|
|-heal|p2a: Suicune|100/100|[from] item: Leftovers
|upkeep
|turn|28
|
|t:|1728772455
|move|p2a: Suicune|Calm Mind|p2a: Suicune
|-boost|p2a: Suicune|spa|1
|-boost|p2a: Suicune|spd|1
|move|p1a: Nessy|Perish Song|p1a: Nessy
|-start|p1a: Nessy|perish3|[silent]
|-start|p2a: Suicune|perish3|[silent]
|-fieldactivate|move: Perish Song
|
|-start|p2a: Suicune|perish3
|-start|p1a: Nessy|perish3
|upkeep
|turn|29
|
|t:|1728772463
|move|p2a: Suicune|Surf|p1a: Nessy
|-immune|p1a: Nessy|[from] ability: Water Absorb
|move|p1a: Nessy|Heal Bell|p1a: Nessy
|-activate|p1a: Nessy|move: Heal Bell
|-curestatus|p1: Billy|par|[silent]
|
|-start|p2a: Suicune|perish2
|-start|p1a: Nessy|perish2
|upkeep
|turn|30
|
|t:|1728772472
|move|p2a: Suicune|Ice Beam|p1a: Nessy
|-resisted|p1a: Nessy
|-damage|p1a: Nessy|92/100
|move|p1a: Nessy|Ice Beam|p2a: Suicune
|-resisted|p2a: Suicune
|-damage|p2a: Suicune|96/100
|
|-heal|p2a: Suicune|100/100|[from] item: Leftovers
|-heal|p1a: Nessy|99/100|[from] item: Leftovers
|-start|p2a: Suicune|perish1
|-start|p1a: Nessy|perish1
|upkeep
|turn|31
|
|t:|1728772484
|switch|p2a: Blissey|Blissey, F|82/100
|switch|p1a: Billy|Umbreon, M, shiny|99/100
|
|-heal|p1a: Billy|100/100|[from] item: Leftovers
|-heal|p2a: Blissey|88/100|[from] item: Leftovers
|upkeep
|turn|32
|
|t:|1728772495
|switch|p2a: Medicham|Medicham, F|100/100
|move|p1a: Billy|Curse|p1a: Billy
|-unboost|p1a: Billy|spe|1
|-boost|p1a: Billy|atk|1
|-boost|p1a: Billy|def|1
|
|upkeep
|turn|33
|
|t:|1728772502
|move|p2a: Medicham|Fake Out|p1a: Billy
|-damage|p1a: Billy|90/100
|cant|p1a: Billy|flinch
|
|-heal|p1a: Billy|96/100|[from] item: Leftovers
|upkeep
|turn|34
|
|t:|1728772508
|move|p2a: Medicham|Brick Break|p1a: Billy
|-supereffective|p1a: Billy
|-crit|p1a: Billy
|-damage|p1a: Billy|0 fnt
|faint|p1a: Billy
|
|t:|1728772517
|switch|p1a: Toddle|Ampharos, M|100/100
|
|upkeep
|turn|35
|
|t:|1728772524
|move|p2a: Medicham|Brick Break|p1a: Toddle
|-crit|p1a: Toddle
|-damage|p1a: Toddle|21/100
|move|p1a: Toddle|Toxic|p2a: Medicham
|-status|p2a: Medicham|tox
|
|-damage|p2a: Medicham|94/100 tox|[from] psn
|-heal|p1a: Toddle|27/100|[from] item: Leftovers
|upkeep
|turn|36
|
|t:|1728772533
|move|p1a: Toddle|Protect|p1a: Toddle
|-singleturn|p1a: Toddle|Protect
|move|p2a: Medicham|Brick Break|p1a: Toddle
|-activate|p1a: Toddle|Protect
|
|-damage|p2a: Medicham|82/100 tox|[from] psn
|-heal|p1a: Toddle|34/100|[from] item: Leftovers
|upkeep
|turn|37
|
|t:|1728772540
|switch|p1a: Bella|Weezing, F, shiny|100/100
|move|p2a: Medicham|Brick Break|p1a: Bella
|-resisted|p1a: Bella
|-damage|p1a: Bella|78/100
|
|-damage|p2a: Medicham|64/100 tox|[from] psn
|-heal|p1a: Bella|84/100|[from] item: Leftovers
|upkeep
|turn|38
|
|t:|1728772549
|switch|p2a: Magneton|Magneton|100/100
|move|p1a: Bella|Sludge Bomb|p2a: Magneton
|-immune|p2a: Magneton
|
|-heal|p1a: Bella|90/100|[from] item: Leftovers
|upkeep
|turn|39
|
|t:|1728772570
|move|p2a: Magneton|Thunderbolt|p1a: Bella
|-damage|p1a: Bella|16/100
|move|p1a: Bella|Will-O-Wisp|p2a: Magneton
|-status|p2a: Magneton|brn
|
|-damage|p2a: Magneton|88/100 brn|[from] brn
|-heal|p1a: Bella|22/100|[from] item: Leftovers
|upkeep
|turn|40
|
|t:|1728772582
|move|p2a: Magneton|Thunderbolt|p1a: Bella
|-damage|p1a: Bella|0 fnt
|faint|p1a: Bella
|
|t:|1728772585
|switch|p1a: Milly|Espeon, F|88/100
|
|-heal|p1a: Milly|94/100|[from] item: Leftovers
|-damage|p2a: Magneton|76/100 brn|[from] brn
|upkeep
|turn|41
|
|t:|1728772590
|move|p1a: Milly|Calm Mind|p1a: Milly
|-boost|p1a: Milly|spa|1
|-boost|p1a: Milly|spd|1
|move|p2a: Magneton|Toxic|p1a: Milly
|-status|p1a: Milly|tox
|
|-heal|p1a: Milly|99/100 tox|[from] item: Leftovers
|-damage|p1a: Milly|94/100 tox|[from] psn
|-damage|p2a: Magneton|63/100 brn|[from] brn
|upkeep
|turn|42
|
|t:|1728772598
|move|p1a: Milly|Calm Mind|p1a: Milly
|-boost|p1a: Milly|spa|1
|-boost|p1a: Milly|spd|1
|move|p2a: Magneton|Thunderbolt|p1a: Milly
|-damage|p1a: Milly|61/100 tox
|
|-heal|p1a: Milly|67/100 tox|[from] item: Leftovers
|-damage|p1a: Milly|55/100 tox|[from] psn
|-damage|p2a: Magneton|51/100 brn|[from] brn
|upkeep
|turn|43
|
|t:|1728772607
|move|p1a: Milly|Hidden Power|p2a: Magneton
|-supereffective|p2a: Magneton
|-damage|p2a: Magneton|0 fnt
|faint|p2a: Magneton
|
|t:|1728772610
|switch|p2a: Blissey|Blissey, F|88/100
|
|-heal|p1a: Milly|61/100 tox|[from] item: Leftovers
|-damage|p1a: Milly|43/100 tox|[from] psn
|-heal|p2a: Blissey|94/100|[from] item: Leftovers
|upkeep
|turn|44
|-message|honuacjs forfeited.
|
|win|shitking
|player|p1|
|player|p2|

</script>
<script type="application/json" class="data" id="replaydata-smogtours-gen3ou-797854">
{"id":"smogtours-gen3ou-797854","format":"[Gen 3] OU","players":["honuacjs","shitking"],"uploadtime":1728772616,"views":78,"formatid":"gen3ou","rating":null,"private":0,"password":null}
</script>

<script defer src="js/replays.js?9d40a366"></script>
