<!DOCTYPE html>
<meta charset="utf-8" />
<meta name="viewport" content="width=device-width" />

<title>[Gen 3] OU: AC77 vs. wavyish - Replays - Pok&eacute;mon Showdown!</title>

<meta name="description" content="Watch a replay of a Pok&eacute;mon battle between AC77 and wavyish! Format: [Gen 3] OU; Date: Oct 29, 2024" />
<!--

Hey, you! Looking in the source for the replay log?

You can find them in JSON format, just add `.json` at the end of a replay URL.

https://replay.pokemonshowdown.com/gen7randomdoublesbattle-865046831.json

Or, if you only need the log itself, add `.log` instead:

https://replay.pokemonshowdown.com/gen7randomdoublesbattle-865046831.log

-->

<link rel="stylesheet" href="//pokemonshowdown.com/style/global.css?0.023195364461161105" />
<link rel="stylesheet" href="//play.pokemonshowdown.com/style/font-awesome.css?0.13261647063804238" />
<link rel="stylesheet" href="//play.pokemonshowdown.com/style/battle.css?0.8753245789963631" />
<link rel="stylesheet" href="//play.pokemonshowdown.com/style/utilichart.css?0.8627959624976733" />

<!-- Global site tag (gtag.js) - Google Analytics -->
<script async src="https://www.googletagmanager.com/gtag/js?id=UA-26211653-1"></script>
<script>
  window.dataLayer = window.dataLayer || [];
  function gtag(){dataLayer.push(arguments);}
  gtag('js', new Date());

  gtag('config', 'UA-26211653-1');
</script>
<!-- End Google Analytics -->
<!-- Venatus Ad Manager - Install in <HEAD> of page -->
	<script src="https://hb.vntsm.com/v3/live/ad-manager.min.js" type="text/javascript" data-site-id="642aba63ec9a7b11c3c9c1be" data-mode="scan" async></script>
<!-- / Venatus Ad Manager -->

<style>
	@media (max-width:820px) {
		.battle {
			margin: 0 auto;
		}
		.battle-log {
			margin: 7px auto 0;
			max-width: 640px;
			height: 300px;
			position: static;
		}
	}
	.optgroup {
		display: inline-block;
		line-height: 22px;
		font-size: 10pt;
	}
	.optgroup .button {
		height: 25px;
		padding-top: 0;
		padding-bottom: 0;
	}
	.optgroup button.button {
		padding-left: 12px;
		padding-right: 12px;
	}
	.linklist {
		list-style: none;
		margin: 0.5em 0;
		padding: 0;
	}
	.linklist li {
		padding: 2px 0;
	}
	.sidebar {
		float: left;
		width: 320px;
	}
	.bar-wrapper {
		max-width: 1100px;
		margin: 0 auto;
	}
	.bar-wrapper.has-sidebar {
		max-width: 1430px;
	}
	.mainbar {
		margin: 0;
		padding-right: 1px;
	}
	.mainbar.has-sidebar {
		margin-left: 330px;
	}
	@media (min-width: 1511px) {
		.sidebar {
			width: 400px;
		}
		.bar-wrapper.has-sidebar {
			max-width: 1510px;
		}
		.mainbar.has-sidebar {
			margin-left: 410px;
		}
	}
	.section.first-section {
		margin-top: 9px;
	}
	.blocklink small {
		white-space: normal;
	}
	.button {
		vertical-align: middle;
	}
	.replay-controls {
		padding-top: 10px;
	}
	.replay-controls h1 {
		font-size: 16pt;
		font-weight: normal;
		color: #CCC;
	}
	.pagelink {
		text-align: center;
	}
	.pagelink a {
		width: 150px;
	}
	.textbox, .button {
		font-size: 11pt;
		vertical-align: middle;
	}
	@media (max-width: 450px) {
		.button {
			font-size: 9pt;
		}
	}
</style>

<div>

	<header>
		<div class="nav-wrapper"><ul class="nav">
			<li><a class="button nav-first" href="//pokemonshowdown.com/"><img src="//pokemonshowdown.com/images/pokemonshowdownbeta.png" srcset="//pokemonshowdown.com/images/pokemonshowdownbeta.png 1x, //pokemonshowdown.com/images/pokemonshowdownbeta@2x.png 2x" alt="Pok&eacute;mon Showdown" width="146" height="44" /> Home</a></li>
			<li><a class="button" href="//pokemonshowdown.com/dex/">Pok&eacute;dex</a></li>
			<li><a class="button cur" href="/">Replays</a></li>
			<li><a class="button" href="//pokemonshowdown.com/ladder/">Ladder</a></li>
			<li><a class="button nav-last" href="//pokemonshowdown.com/forums/">Forum</a></li>
			<li><a class="button greenbutton nav-first nav-last" href="//play.pokemonshowdown.com/">Play</a></li>
		</ul></div>
	</header>

	<div class="main" id="main">

		<noscript><section class="section">You need to enable JavaScript to use this page; sorry!</section></noscript>

	</div>

</div>

<script defer nomodule src="//play.pokemonshowdown.com/js/lib/ps-polyfill.js"></script>
<script defer src="//play.pokemonshowdown.com/js/lib/preact.min.js"></script>

<script defer src="//play.pokemonshowdown.com/config/config.js?2bddbc15"></script>
<script defer src="//play.pokemonshowdown.com/js/lib/jquery-1.11.0.min.js"></script>
<script defer src="//play.pokemonshowdown.com/js/lib/html-sanitizer-minified.js"></script>
<script defer src="//play.pokemonshowdown.com/js/battle-sound.js"></script>
<script defer src="//play.pokemonshowdown.com/js/battledata.js?0.7209276989879541"></script>
<script defer src="//play.pokemonshowdown.com/data/pokedex-mini.js?0.6111056340867951"></script>
<script defer src="//play.pokemonshowdown.com/data/pokedex-mini-bw.js?0.3532142036491459"></script>
<script defer src="//play.pokemonshowdown.com/data/graphics.js?0.24223875632456182"></script>
<script defer src="//play.pokemonshowdown.com/data/pokedex.js?0.38839984266356864"></script>
<script defer src="//play.pokemonshowdown.com/data/moves.js?0.21866028504024015"></script>
<script defer src="//play.pokemonshowdown.com/data/abilities.js?0.2005157953846628"></script>
<script defer src="//play.pokemonshowdown.com/data/items.js?0.9894211263848525"></script>
<script defer src="//play.pokemonshowdown.com/data/teambuilder-tables.js?0.6008791140282215"></script>
<script defer src="//play.pokemonshowdown.com/js/battle-tooltips.js?0.7580118955022959"></script>
<script defer src="//play.pokemonshowdown.com/js/battle.js?0.6057722274234274"></script>

<script defer src="js/utils.js?e31f9a17"></script>
<script defer src="js/replays-battle.js?7008c182"></script>

<!-- don't scrape this data! just add .json or .log after the URL!
Full API docs: https://github.com/smogon/pokemon-showdown-client/blob/master/WEB-API.md -->
<script type="text/plain" class="log" id="replaylog-smogtours-gen3ou-803249">
|inactive|Battle timer is ON: inactive players will automatically lose when time's up.
|t:|1730224810
|gametype|singles
|player|p1|AC77|karen|
|player|p2|wavyish|akari|
|teamsize|p1|6
|teamsize|p2|6
|gen|3
|tier|[Gen 3] OU
|rule|Sleep Clause Mod: Limit one foe put to sleep
|rule|Switch Priority Clause Mod: Faster Pokémon switch first
|rule|Species Clause: Limit one of each Pokémon
|rule|OHKO Clause: OHKO moves are banned
|rule|Evasion Items Clause: Evasion items are banned
|rule|Evasion Moves Clause: Evasion moves are banned
|rule|Endless Battle Clause: Forcing endless battles is banned
|rule|HP Percentage Mod: HP is shown in percentages
|rule|One Boost Passer Clause: Limit one Baton Passer that has a way to boost its stats
|rule|Freeze Clause Mod: Limit one foe frozen
|
|t:|1730224810
|start
|switch|p1a: Salamence|Salamence, F|100/100
|switch|p2a: wasian|Breloom, M|100/100
|-ability|p1a: Salamence|Intimidate|boost
|-unboost|p2a: wasian|atk|1
|turn|1
|inactive|AC77 also wants the timer to be on.
|c|☆AC77|hf
|c|☆wavyish|u2
|inactive|AC77 has 270 seconds left.
|
|t:|1730224843
|switch|p2a: heavy on my heart|Swampert, M|100/100
|move|p1a: Salamence|Fire Blast|p2a: heavy on my heart
|-resisted|p2a: heavy on my heart
|-damage|p2a: heavy on my heart|76/100
|
|-heal|p2a: heavy on my heart|83/100|[from] item: Leftovers
|upkeep
|turn|2
|inactive|wavyish has 270 seconds left.
|inactive|AC77 has 270 seconds left.
|
|t:|1730224886
|switch|p2a: shaboing|Zapdos|100/100
|move|p1a: Salamence|Hidden Power|p2a: shaboing
|-resisted|p2a: shaboing
|-damage|p2a: shaboing|87/100
|
|-heal|p2a: shaboing|94/100|[from] item: Leftovers
|upkeep
|turn|3
|inactive|wavyish has 270 seconds left.
|inactive|AC77 has 270 seconds left.
|
|t:|1730224901
|switch|p1a: Celebi|Celebi|100/100
|move|p2a: shaboing|Roar|p1a: Celebi
|drag|p1a: Gengar|Gengar, F|100/100
|
|-heal|p2a: shaboing|99/100|[from] item: Leftovers
|upkeep
|turn|4
|inactive|wavyish has 270 seconds left.
|inactive|AC77 has 270 seconds left.
|
|t:|1730224932
|switch|p2a: back goin brazy|Metagross|100/100
|move|p1a: Gengar|Will-O-Wisp|p2a: back goin brazy|[miss]
|-miss|p1a: Gengar|p2a: back goin brazy
|
|upkeep
|turn|5
|c|☆wavyish|mb
|inactive|wavyish has 270 seconds left.
|c|☆AC77|nw
|
|t:|1730224944
|-activate|p1a: Gengar|move: Pursuit
|move|p2a: back goin brazy|Pursuit|p1a: Gengar|[from]Pursuit
|-supereffective|p1a: Gengar
|-damage|p1a: Gengar|42/100
|switch|p1a: Skarmory|Skarmory, F|100/100
|
|upkeep
|turn|6
|
|t:|1730224951
|switch|p2a: shaboing|Zapdos|99/100
|move|p1a: Skarmory|Spikes|p2a: shaboing
|-sidestart|p2: wavyish|Spikes
|
|-heal|p2a: shaboing|100/100|[from] item: Leftovers
|upkeep
|turn|7
|
|t:|1730224957
|switch|p1a: Celebi|Celebi|100/100
|move|p2a: shaboing|Roar|p1a: Celebi
|drag|p1a: Gengar|Gengar, F|42/100
|
|-heal|p1a: Gengar|48/100|[from] item: Leftovers
|upkeep
|turn|8
|
|t:|1730224963
|switch|p1a: Celebi|Celebi|100/100
|move|p2a: shaboing|Thunderbolt|p1a: Celebi
|-resisted|p1a: Celebi
|-damage|p1a: Celebi|76/100
|
|-heal|p1a: Celebi|83/100|[from] item: Leftovers
|upkeep
|turn|9
|
|t:|1730224970
|move|p1a: Celebi|Leech Seed|p2a: shaboing
|-start|p2a: shaboing|move: Leech Seed
|move|p2a: shaboing|Baton Pass|p2a: shaboing
|
|t:|1730224972
|switch|p2a: persimmon|Charizard, M|100/100|[from] Baton Pass
|
|-damage|p2a: persimmon|88/100|[from] Leech Seed|[of] p1a: Celebi
|-heal|p1a: Celebi|92/100|[silent]
|-heal|p1a: Celebi|98/100|[from] item: Leftovers
|upkeep
|turn|10
|
|t:|1730224986
|switch|p2a: shaboing|Zapdos|100/100
|switch|p1a: Tyranitar|Tyranitar, F|100/100
|-weather|Sandstorm|[from] ability: Sand Stream|[of] p1a: Tyranitar
|
|-weather|Sandstorm|[upkeep]
|-damage|p2a: shaboing|94/100|[from] Sandstorm
|-heal|p2a: shaboing|100/100|[from] item: Leftovers
|upkeep
|turn|11
|
|t:|1730224992
|-singleturn|p1a: Tyranitar|move: Focus Punch
|move|p2a: shaboing|Baton Pass|p2a: shaboing
|
|t:|1730225002
|switch|p2a: heavy on my heart|Swampert, M|83/100|[from] Baton Pass
|-damage|p2a: heavy on my heart|70/100|[from] Spikes
|move|p1a: Tyranitar|Focus Punch|p2a: heavy on my heart
|-damage|p2a: heavy on my heart|8/100
|
|-weather|Sandstorm|[upkeep]
|-heal|p2a: heavy on my heart|15/100|[from] item: Leftovers
|upkeep
|turn|12
|
|t:|1730225012
|switch|p1a: Celebi|Celebi|98/100
|move|p2a: heavy on my heart|Surf|p1a: Celebi
|-resisted|p1a: Celebi
|-damage|p1a: Celebi|73/100
|
|-weather|Sandstorm|[upkeep]
|-damage|p1a: Celebi|67/100|[from] Sandstorm
|-heal|p1a: Celebi|73/100|[from] item: Leftovers
|-heal|p2a: heavy on my heart|21/100|[from] item: Leftovers
|upkeep
|turn|13
|
|t:|1730225016
|move|p2a: heavy on my heart|Protect|p2a: heavy on my heart
|-singleturn|p2a: heavy on my heart|Protect
|move|p1a: Celebi|Psychic|p2a: heavy on my heart
|-activate|p2a: heavy on my heart|Protect
|
|-weather|Sandstorm|[upkeep]
|-damage|p1a: Celebi|67/100|[from] Sandstorm
|-heal|p1a: Celebi|73/100|[from] item: Leftovers
|-heal|p2a: heavy on my heart|27/100|[from] item: Leftovers
|upkeep
|turn|14
|
|t:|1730225029
|switch|p2a: persimmon|Charizard, M|88/100
|move|p1a: Celebi|Psychic|p2a: persimmon
|-damage|p2a: persimmon|34/100
|
|-weather|Sandstorm|[upkeep]
|-damage|p2a: persimmon|28/100|[from] Sandstorm
|-damage|p1a: Celebi|67/100|[from] Sandstorm
|-heal|p2a: persimmon|34/100|[from] item: Leftovers
|-heal|p1a: Celebi|73/100|[from] item: Leftovers
|upkeep
|turn|15
|
|t:|1730225041
|switch|p1a: Salamence|Salamence, F|100/100
|-ability|p1a: Salamence|Intimidate|boost
|-unboost|p2a: persimmon|atk|1
|move|p2a: persimmon|Fire Blast|p1a: Salamence
|-resisted|p1a: Salamence
|-damage|p1a: Salamence|62/100
|
|-weather|Sandstorm|[upkeep]
|-damage|p2a: persimmon|28/100|[from] Sandstorm
|-damage|p1a: Salamence|56/100|[from] Sandstorm
|-heal|p2a: persimmon|34/100|[from] item: Leftovers
|-heal|p1a: Salamence|62/100|[from] item: Leftovers
|upkeep
|turn|16
|
|t:|1730225061
|switch|p1a: Tyranitar|Tyranitar, F|100/100
|move|p2a: persimmon|Dragon Claw|p1a: Tyranitar
|-damage|p1a: Tyranitar|78/100
|
|-weather|Sandstorm|[upkeep]
|-damage|p2a: persimmon|28/100|[from] Sandstorm
|-heal|p2a: persimmon|34/100|[from] item: Leftovers
|-heal|p1a: Tyranitar|84/100|[from] item: Leftovers
|upkeep
|turn|17
|
|t:|1730225067
|switch|p2a: heavy on my heart|Swampert, M|27/100
|-damage|p2a: heavy on my heart|15/100|[from] Spikes
|move|p1a: Tyranitar|Rock Slide|p2a: heavy on my heart
|-resisted|p2a: heavy on my heart
|-damage|p2a: heavy on my heart|0 fnt
|faint|p2a: heavy on my heart
|
|t:|1730225070
|switch|p2a: wasian|Breloom, M|100/100
|-damage|p2a: wasian|88/100|[from] Spikes
|
|-weather|Sandstorm|[upkeep]
|-damage|p2a: wasian|82/100|[from] Sandstorm
|-heal|p2a: wasian|88/100|[from] item: Leftovers
|-heal|p1a: Tyranitar|90/100|[from] item: Leftovers
|upkeep
|turn|18
|
|t:|1730225086
|switch|p1a: Skarmory|Skarmory, F|100/100
|move|p2a: wasian|Spore|p1a: Skarmory
|-status|p1a: Skarmory|slp|[from] move: Spore
|
|-weather|Sandstorm|[upkeep]
|-damage|p2a: wasian|82/100|[from] Sandstorm
|-heal|p2a: wasian|88/100|[from] item: Leftovers
|upkeep
|turn|19
|
|t:|1730225105
|-singleturn|p2a: wasian|move: Focus Punch
|switch|p1a: Gengar|Gengar, F|48/100
|move|p2a: wasian|Focus Punch|p1a: Gengar
|-immune|p1a: Gengar
|
|-weather|Sandstorm|[upkeep]
|-damage|p1a: Gengar|42/100|[from] Sandstorm
|-damage|p2a: wasian|82/100|[from] Sandstorm
|-heal|p1a: Gengar|48/100|[from] item: Leftovers
|-heal|p2a: wasian|88/100|[from] item: Leftovers
|upkeep
|turn|20
|
|t:|1730225123
|switch|p2a: back goin brazy|Metagross|100/100
|-damage|p2a: back goin brazy|88/100|[from] Spikes
|move|p1a: Gengar|Ice Punch|p2a: back goin brazy
|-resisted|p2a: back goin brazy
|-damage|p2a: back goin brazy|75/100
|
|-weather|Sandstorm|[upkeep]
|-damage|p1a: Gengar|42/100|[from] Sandstorm
|-heal|p1a: Gengar|48/100|[from] item: Leftovers
|-heal|p2a: back goin brazy|82/100|[from] item: Leftovers
|upkeep
|turn|21
|
|t:|1730225134
|move|p1a: Gengar|Will-O-Wisp|p2a: back goin brazy
|-status|p2a: back goin brazy|brn
|move|p2a: back goin brazy|Pursuit|p1a: Gengar
|-supereffective|p1a: Gengar
|-damage|p1a: Gengar|20/100
|
|-weather|Sandstorm|[upkeep]
|-damage|p1a: Gengar|14/100|[from] Sandstorm
|-heal|p1a: Gengar|20/100|[from] item: Leftovers
|-heal|p2a: back goin brazy|88/100 brn|[from] item: Leftovers
|-damage|p2a: back goin brazy|75/100 brn|[from] brn
|upkeep
|turn|22
|
|t:|1730225139
|move|p1a: Gengar|Thunderbolt|p2a: back goin brazy
|-damage|p2a: back goin brazy|46/100 brn
|move|p2a: back goin brazy|Pursuit|p1a: Gengar
|-supereffective|p1a: Gengar
|-damage|p1a: Gengar|0 fnt
|faint|p1a: Gengar
|inactive|AC77 has 270 seconds left.
|
|t:|1730225173
|switch|p1a: Salamence|Salamence, F|62/100
|-ability|p1a: Salamence|Intimidate|boost
|-fail|p2a: back goin brazy|unboost|[from] ability: Clear Body|[of] p2a: back goin brazy
|
|-weather|Sandstorm|[upkeep]
|-damage|p1a: Salamence|56/100|[from] Sandstorm
|-heal|p1a: Salamence|62/100|[from] item: Leftovers
|-heal|p2a: back goin brazy|52/100 brn|[from] item: Leftovers
|-damage|p2a: back goin brazy|40/100 brn|[from] brn
|upkeep
|turn|23
|
|t:|1730225182
|move|p1a: Salamence|Fire Blast|p2a: back goin brazy|[miss]
|-miss|p1a: Salamence|p2a: back goin brazy
|move|p2a: back goin brazy|Explosion|p1a: Salamence
|-damage|p1a: Salamence|0 fnt
|faint|p2a: back goin brazy
|faint|p1a: Salamence
|
|t:|1730225193
|switch|p1a: Tyranitar|Tyranitar, F|90/100
|switch|p2a: wasian|Breloom, M|88/100
|-damage|p2a: wasian|76/100|[from] Spikes
|
|-weather|Sandstorm|[upkeep]
|-damage|p2a: wasian|70/100|[from] Sandstorm
|-heal|p2a: wasian|76/100|[from] item: Leftovers
|-heal|p1a: Tyranitar|97/100|[from] item: Leftovers
|upkeep
|turn|24
|
|t:|1730225204
|-singleturn|p2a: wasian|move: Focus Punch
|switch|p1a: Celebi|Celebi|73/100
|move|p2a: wasian|Focus Punch|p1a: Celebi
|-resisted|p1a: Celebi
|-damage|p1a: Celebi|39/100
|
|-weather|Sandstorm|[upkeep]
|-damage|p1a: Celebi|33/100|[from] Sandstorm
|-damage|p2a: wasian|70/100|[from] Sandstorm
|-heal|p1a: Celebi|39/100|[from] item: Leftovers
|-heal|p2a: wasian|76/100|[from] item: Leftovers
|upkeep
|turn|25
|
|t:|1730225211
|switch|p2a: yea dat|Snorlax, F|100/100
|-damage|p2a: yea dat|88/100|[from] Spikes
|move|p1a: Celebi|Psychic|p2a: yea dat
|-damage|p2a: yea dat|65/100
|
|-weather|Sandstorm|[upkeep]
|-damage|p1a: Celebi|33/100|[from] Sandstorm
|-damage|p2a: yea dat|59/100|[from] Sandstorm
|-heal|p1a: Celebi|39/100|[from] item: Leftovers
|-heal|p2a: yea dat|65/100|[from] item: Leftovers
|upkeep
|turn|26
|
|t:|1730225225
|switch|p1a: Swampert|Swampert, M|100/100
|move|p2a: yea dat|Earthquake|p1a: Swampert
|-crit|p1a: Swampert
|-damage|p1a: Swampert|37/100
|
|-weather|Sandstorm|[upkeep]
|-damage|p2a: yea dat|59/100|[from] Sandstorm
|-heal|p1a: Swampert|43/100|[from] item: Leftovers
|-heal|p2a: yea dat|65/100|[from] item: Leftovers
|upkeep
|turn|27
|
|t:|1730225236
|switch|p2a: shaboing|Zapdos|100/100
|move|p1a: Swampert|Hydro Pump|p2a: shaboing
|-damage|p2a: shaboing|53/100
|
|-weather|Sandstorm|[upkeep]
|-damage|p2a: shaboing|47/100|[from] Sandstorm
|-heal|p2a: shaboing|53/100|[from] item: Leftovers
|-heal|p1a: Swampert|50/100|[from] item: Leftovers
|upkeep
|turn|28
|
|t:|1730225252
|switch|p1a: Tyranitar|Tyranitar, F|97/100
|move|p2a: shaboing|Thunderbolt|p1a: Tyranitar
|-damage|p1a: Tyranitar|49/100
|
|-weather|Sandstorm|[upkeep]
|-damage|p2a: shaboing|47/100|[from] Sandstorm
|-heal|p2a: shaboing|53/100|[from] item: Leftovers
|-heal|p1a: Tyranitar|55/100|[from] item: Leftovers
|upkeep
|turn|29
|
|t:|1730225274
|move|p2a: shaboing|Thunderbolt|p1a: Tyranitar
|-damage|p1a: Tyranitar|11/100
|move|p1a: Tyranitar|Rock Slide|p2a: shaboing
|-supereffective|p2a: shaboing
|-damage|p2a: shaboing|0 fnt
|faint|p2a: shaboing
|
|t:|1730225279
|switch|p2a: persimmon|Charizard, M|34/100
|
|-weather|Sandstorm|[upkeep]
|-damage|p2a: persimmon|28/100|[from] Sandstorm
|-heal|p2a: persimmon|34/100|[from] item: Leftovers
|-heal|p1a: Tyranitar|17/100|[from] item: Leftovers
|upkeep
|turn|30
|
|t:|1730225302
|switch|p1a: Swampert|Swampert, M|50/100
|move|p2a: persimmon|Dragon Claw|p1a: Swampert
|-damage|p1a: Swampert|23/100
|
|-weather|Sandstorm|[upkeep]
|-damage|p2a: persimmon|28/100|[from] Sandstorm
|-heal|p2a: persimmon|34/100|[from] item: Leftovers
|-heal|p1a: Swampert|29/100|[from] item: Leftovers
|upkeep
|turn|31
|
|t:|1730225307
|move|p2a: persimmon|Hidden Power|p1a: Swampert
|-supereffective|p1a: Swampert
|-damage|p1a: Swampert|0 fnt
|faint|p1a: Swampert
|
|t:|1730225309
|switch|p1a: Celebi|Celebi|39/100
|
|-weather|Sandstorm|[upkeep]
|-damage|p2a: persimmon|28/100|[from] Sandstorm
|-damage|p1a: Celebi|33/100|[from] Sandstorm
|-heal|p2a: persimmon|34/100|[from] item: Leftovers
|-heal|p1a: Celebi|39/100|[from] item: Leftovers
|upkeep
|turn|32
|
|t:|1730225316
|move|p2a: persimmon|Fire Blast|p1a: Celebi
|-supereffective|p1a: Celebi
|-damage|p1a: Celebi|0 fnt
|faint|p1a: Celebi
|
|t:|1730225319
|switch|p1a: Tyranitar|Tyranitar, F|17/100
|
|-weather|Sandstorm|[upkeep]
|-damage|p2a: persimmon|28/100|[from] Sandstorm
|-heal|p2a: persimmon|34/100|[from] item: Leftovers
|-heal|p1a: Tyranitar|23/100|[from] item: Leftovers
|upkeep
|turn|33
|
|t:|1730225322
|move|p2a: persimmon|Hidden Power|p1a: Tyranitar
|-supereffective|p1a: Tyranitar
|-damage|p1a: Tyranitar|0 fnt
|faint|p1a: Tyranitar
|
|t:|1730225325
|switch|p1a: Skarmory|Skarmory, F|100/100 slp
|
|-weather|Sandstorm|[upkeep]
|-damage|p2a: persimmon|28/100|[from] Sandstorm
|-heal|p2a: persimmon|34/100|[from] item: Leftovers
|upkeep
|turn|34
|
|t:|1730225328
|move|p2a: persimmon|Fire Blast|p1a: Skarmory
|-supereffective|p1a: Skarmory
|-crit|p1a: Skarmory
|-damage|p1a: Skarmory|0 fnt
|faint|p1a: Skarmory
|
|win|wavyish
|c|☆wavyish|ggs
|c|☆AC77|gg
|player|p2|

</script>
<script type="application/json" class="data" id="replaydata-smogtours-gen3ou-803249">
{"id":"smogtours-gen3ou-803249","format":"[Gen 3] OU","players":["AC77","wavyish"],"uploadtime":1730225328,"views":93,"formatid":"gen3ou","rating":null,"private":1,"password":null}
</script>

<script defer src="js/replays.js?9d40a366"></script>
